{"host":"nkolxg4se00n20yf","time":1608984264,"event":{"mods":["BaseMod","CatGirl Mod","Chen","Colored Map","Colored Powertips","Downfall","Friendly Minions","Infinite Spire","Kiyohime????","Marisa????????","Minty Spire (QoL Compilation)","StSLib","Td1madao Mod","The Administrix","The Cursed","The Exalted","The Hierophant","The Servant 0.9.4"],"gold_per_floor":[109,122,122,135,145,172,172,190,241,241,251,251,251,264,264,359,359,372,372,372,385,45,45,72,72,141,141,174,192,192,192],"floor_reached":30,"playtime":1215,"items_purged":[],"score":457,"play_id":"15b66093-dbb0-4e0a-a1ca-aeb99598df22","local_time":"20201226130424","is_ascension_mode":true,"campfire_choices":[{"floor":7,"key":"REST"},{"floor":10,"key":"REST"},{"floor":15,"key":"REST"},{"floor":23,"key":"REST"},{"data":"Machine Learning","floor":25,"key":"SMITH"},{"floor":27,"key":"REST"}],"circlet_count":0,"master_deck":["AscendersBane","Strike_B","Strike_B","Strike_B","Strike_B","Defend_B","Defend_B","Defend_B+1","Defend_B","Zap","Dualcast","Panacea","Gash","Auto Shields+1","Skim","Gash","Leap","Rebound","Rebound","Beam Cell","Machine Learning+1","Chill","Conserve Battery","All For One","Gash+1","Redo+1","Gash","Conserve Battery","Amplify","Genetic Algorithm"],"relics":["Cracked Core","Dream Catcher","Oddly Smooth Stone","Nuclear Battery","Ice Cream","Bromod:ArcaneGuardian","infinitespire:CheckeredPen","War Paint"],"acts_visited":["Exordium","TheCity"],"potions_floor_usage":[16,24,24,30],"damage_taken":[{"damage":0,"enemies":"Small Slimes","floor":1,"turns":3},{"damage":3,"enemies":"2 Louse","floor":2,"turns":3},{"damage":0,"enemies":"Cultist","floor":4,"turns":3},{"damage":23,"enemies":"Exordium Wildlife","floor":5,"turns":7},{"damage":27,"enemies":"Lagavulin","floor":6,"turns":8},{"damage":10,"enemies":"Large Slime","floor":8,"turns":7},{"damage":0,"enemies":"Red Slaver","floor":11,"turns":5},{"damage":10,"enemies":"Lots of Slimes","floor":14,"turns":5},{"damage":30,"enemies":"Hexaghost","floor":16,"turns":10},{"damage":2,"enemies":"Shell Parasite","floor":18,"turns":6},{"damage":12,"enemies":"Chosen","floor":21,"turns":4},{"damage":17,"enemies":"Book of Stabbing","floor":24,"turns":5},{"damage":39,"enemies":"Slavers","floor":28,"turns":5},{"damage":35,"enemies":"Snake Plant","floor":29,"turns":5},{"damage":1,"enemies":"Sentry and Sphere","floor":30,"turns":2}],"seed_played":"845244919350876046","potions_obtained":[{"floor":5,"key":"sneckomod:MuddlingPotion"},{"floor":6,"key":"Swift Potion"},{"floor":13,"key":"Fire Potion"},{"floor":16,"key":"hexamod:EctoCoolerPotion"},{"floor":21,"key":"DistilledChaos"},{"floor":29,"key":"BlessingOfTheForge"}],"is_trial":false,"path_per_floor":["M","M","?","M","M","E","R","M","T","R","M","?","?","M","R","B",null,"M","?","?","M","$","R","E","R","T","R","E","M","M"],"character_chosen":"DEFECT","items_purchased":["Ice Cream","Gash"],"campfire_rested":5,"item_purchase_floors":[22,22],"current_hp_per_floor":[68,65,65,65,42,15,37,27,27,49,49,49,49,39,61,31,64,62,62,62,50,50,72,55,55,55,75,36,1,0,0],"gold":192,"neow_bonus":"RANDOM_COLORLESS","is_daily":false,"chose_seed":false,"campfire_upgraded":1,"win_rate":0.0,"timestamp":1608984264,"path_taken":["M","M","?","M","M","E","R","M","T","R","M","?","?","?","R","BOSS","M","?","?","M","$","R","E","R","T","R","E","M","?"],"items_purchased_type":["Relic","Card"],"build_version":"2020-12-22","purchased_purges":0,"victory":false,"max_hp_per_floor":[75,75,75,75,75,75,75,75,75,75,75,75,75,75,75,75,75,75,75,75,75,75,75,75,75,75,75,75,75,75,75],"card_choices":[{"not_picked":["expansioncontent:GoopSpray","Forethought"],"picked":"Panacea","floor":0},{"not_picked":["Rebound","Skim"],"picked":"Gash","floor":1},{"not_picked":["Reinforced Body","Go for the Eyes"],"picked":"Auto Shields","floor":2},{"not_picked":["Barrage","Coolheaded"],"picked":"Skim","floor":4},{"not_picked":["Chaos","Streamline"],"picked":"Gash","floor":5},{"not_picked":["Stack","Skim"],"picked":"Leap","floor":6},{"not_picked":["Sweeping Beam","Rip and Tear"],"picked":"Rebound","floor":7},{"not_picked":["Turbo","Leap"],"picked":"Rebound","floor":8},{"not_picked":["Tempest","Steam"],"picked":"Beam Cell","floor":10},{"not_picked":["Leap","White Noise"],"picked":"Machine Learning","floor":11},{"not_picked":["Leap","Go for the Eyes"],"picked":"Chill","floor":14},{"not_picked":["Stack","Sweeping Beam"],"picked":"Conserve Battery","floor":15},{"not_picked":["Amplify","Electrodynamics"],"picked":"All For One","floor":16},{"not_picked":["Conserve Battery","Beam Cell"],"picked":"Gash+1","floor":18},{"not_picked":["Ball Lightning+1","Fusion"],"picked":"Redo+1","floor":21},{"not_picked":["Rebound","Heatsinks","Barrage"],"picked":"SKIP","floor":24},{"not_picked":["Ball Lightning","Doom and Gloom"],"picked":"Conserve Battery","floor":27},{"not_picked":["Skim","Tempest"],"picked":"Amplify","floor":28},{"not_picked":["Chill","Rebound"],"picked":"Genetic Algorithm","floor":29}],"player_experience":1052970,"relics_obtained":[{"floor":6,"key":"Dream Catcher"},{"floor":9,"key":"Oddly Smooth Stone"},{"floor":24,"key":"Bromod:ArcaneGuardian"},{"floor":26,"key":"infinitespire:CheckeredPen"},{"floor":28,"key":"War Paint"}],"event_choices":[{"damage_healed":0,"gold_gain":0,"player_choice":"Leave","damage_taken":0,"max_hp_gain":0,"max_hp_loss":0,"event_name":"The Cleric","floor":3,"gold_loss":0},{"damage_healed":0,"gold_gain":0,"player_choice":"Ignored","damage_taken":0,"max_hp_gain":0,"max_hp_loss":0,"event_name":"Golden Wing","floor":12,"gold_loss":0},{"damage_healed":0,"gold_gain":0,"player_choice":"Got Potions","damage_taken":0,"max_hp_gain":0,"max_hp_loss":0,"event_name":"Lab","floor":13,"gold_loss":0},{"damage_healed":0,"gold_gain":0,"player_choice":"Ignored","damage_taken":0,"max_hp_gain":0,"max_hp_loss":0,"event_name":"Beggar","floor":19,"gold_loss":0},{"damage_healed":0,"gold_gain":0,"player_choice":"Bought 0 Potions","damage_taken":0,"max_hp_gain":0,"max_hp_loss":0,"event_name":"The Woman in Blue","floor":20,"gold_loss":0}],"is_beta":false,"boss_relics":[{"not_picked":["FrozenCore","Velvet Choker"],"picked":"Nuclear Battery"}],"items_purged_floors":[],"is_endless":false,"potions_floor_spawned":[5,6,16,21,29],"killed_by":"Sentry and Sphere","ascension_level":12}}