{"host":"4nqeo0vu1vuav7gg","time":1608997823,"event":{"mods":["AchievementEnabler","BaseMod","Block Reminder","Colored Map","Colored Powertips","Highlight Path","Minty Spire (QoL Compilation)","Quick Restart","Rare Cards Sparkle","Relic Relevance Reorder","StSLib"],"gold_per_floor":[111,122,122,142,67,92,92,126,217,229,252,290,21,37,37,111,111,130,130,130,30,30,30,57,69,146,163,183,12,23,23,23,95,95,107,132,144,144,3,30,30,30,56,69,69,44,55,89,89,89],"floor_reached":51,"playtime":3168,"items_purged":["Strike_B","Writhe"],"score":1400,"play_id":"3ca03983-bef7-4450-b4dd-33b72c8e3d4d","local_time":"20201226165023","is_ascension_mode":true,"campfire_choices":[{"floor":7.0,"key":"REST"},{"data":"Double Energy","floor":10.0,"key":"SMITH"},{"floor":15,"key":"REST"},{"data":"Buffer","floor":23,"key":"SMITH"},{"floor":32,"key":"REST"},{"data":"Defragment","floor":41,"key":"SMITH"},{"data":"Capacitor","floor":45,"key":"SMITH"},{"data":"Capacitor","floor":49,"key":"SMITH"}],"circlet_count":0,"master_deck":["AscendersBane","Defend_B","Defend_B","Defend_B","Defend_B","Zap+1","Dualcast","Double Energy+1","Undo","Ball Lightning","Skim","Capacitor+1","Sunder","Biased Cognition","Tempest","Electrodynamics","Buffer+1","FTL","Ball Lightning+1","Coolheaded","Chill","Coolheaded","Shame","Reboot","Defragment+1","Sunder+1","Bandage Up","Loop","Turbo","Glacier+1","Turbo","Capacitor+1","Chill"],"relics":["FrozenCore","Nunchaku","Sozu","CaptainsWheel","Ginger","Orichalcum","Mercury Hourglass","PreservedInsect","Pantograph","DataDisk","Blood Vial","Bronze Scales","Gambling Chip","Bag of Preparation","Singing Bowl","MawBank"],"acts_visited":["Exordium","TheCity","TheBeyond"],"potions_floor_usage":[],"damage_taken":[{"damage":1.0,"enemies":"2 Louse","floor":1.0,"turns":3.0},{"damage":2.0,"enemies":"Small Slimes","floor":2.0,"turns":3.0},{"damage":0.0,"enemies":"Jaw Worm","floor":4.0,"turns":3.0},{"damage":28.0,"enemies":"Lagavulin","floor":6.0,"turns":6.0},{"damage":5.0,"enemies":"Gremlin Nob","floor":8.0,"turns":3.0},{"damage":1.0,"enemies":"2 Fungi Beasts","floor":11.0,"turns":3.0},{"damage":5.0,"enemies":"3 Sentries","floor":12.0,"turns":6.0},{"damage":10,"enemies":"Gremlin Gang","floor":14,"turns":2},{"damage":63,"enemies":"Hexaghost","floor":16,"turns":9},{"damage":0,"enemies":"Spheric Guardian","floor":18,"turns":1},{"damage":8,"enemies":"Book of Stabbing","floor":24,"turns":4},{"damage":12,"enemies":"2 Thieves","floor":25,"turns":3},{"damage":5,"enemies":"Snecko","floor":27,"turns":3},{"damage":39,"enemies":"Shelled Parasite and Fungi","floor":28,"turns":3},{"damage":0,"enemies":"Chosen and Byrds","floor":30,"turns":2},{"damage":17,"enemies":"Automaton","floor":33,"turns":9},{"damage":0,"enemies":"Orb Walker","floor":35,"turns":3},{"damage":0,"enemies":"Mind Bloom Boss Battle","floor":36,"turns":6},{"damage":0,"enemies":"3 Darklings","floor":37,"turns":3},{"damage":0,"enemies":"Nemesis","floor":40,"turns":7},{"damage":0,"enemies":"Writhing Mass","floor":44,"turns":4},{"damage":9,"enemies":"Maw","floor":47,"turns":8},{"damage":0,"enemies":"Reptomancer","floor":48,"turns":5},{"damage":13,"enemies":"Donu and Deca","floor":50,"turns":8}],"seed_played":"-900087160066809687","potions_obtained":[{"floor":1.0,"key":"GamblersBrew"},{"floor":2.0,"key":"Fruit Juice"},{"floor":4.0,"key":"Fruit Juice"}],"is_trial":false,"path_per_floor":["M","M","?","M","$","E","R","E","T","R","M","E","$","M","R","B",null,"M","?","?","$","?","R","E","M","T","M","M","$","M","?","R","B",null,"M","?","M","?","$","E","R","?","T","M","R","$","M","E","R","B",null],"character_chosen":"DEFECT","items_purchased":["Pantograph","Blood Vial","Loop","Turbo","Turbo"],"campfire_rested":3,"item_purchase_floors":[13,29,39,39,46],"current_hp_per_floor":[63,66,61,66,66,38,62,57,57,57,56,51,51,41,65,18,65,65,65,65,65,65,65,57,45,45,40,1,1,3,3,27,37,70,72,81,83,83,83,85,85,85,85,85,85,85,80,85,85,74],"gold":89,"neow_bonus":"UPGRADE_CARD","is_daily":false,"chose_seed":false,"campfire_upgraded":5,"win_rate":0.0,"timestamp":1608997823,"path_taken":["M","M","?","M","$","E","R","E","T","R","M","E","$","M","R","BOSS","M","?","?","$","?","R","E","?","T","?","M","?","M","?","R","BOSS","M","?","M","?","?","E","R","?","T","?","R","?","M","E","R","BOSS"],"items_purchased_type":["Relic","Relic","Card","Card","Card"],"build_version":"2020-12-22","purchased_purges":2,"victory":true,"max_hp_per_floor":[71,76,76,81,81,81,81,81,81,81,81,81,81,81,81,81,81,81,81,81,81,81,81,81,81,81,81,81,81,81,81,81,81,81,81,81,83,83,83,85,85,85,85,85,85,85,85,85,85,85],"card_choices":[{"not_picked":["Heatsinks","Cold Snap"],"picked":"Double Energy","floor":1.0},{"not_picked":["Hologram","Coolheaded"],"picked":"Undo","floor":2.0},{"not_picked":["Turbo","Go for the Eyes"],"picked":"Ball Lightning","floor":4.0},{"not_picked":["Sweeping Beam","Cold Snap"],"picked":"Skim","floor":6.0},{"not_picked":["Lockon","Rebound"],"picked":"Capacitor","floor":8.0},{"not_picked":["Go for the Eyes","Chill"],"picked":"Sunder","floor":11.0},{"not_picked":["Cold Snap","Scrape"],"picked":"Biased Cognition","floor":12.0},{"not_picked":["Steam","Hologram"],"picked":"Tempest","floor":14},{"not_picked":["Biased Cognition","Machine Learning"],"picked":"Electrodynamics","floor":16},{"not_picked":["Beam Cell","Steam","Blizzard"],"picked":"SKIP","floor":18},{"not_picked":["Sweeping Beam","Genetic Algorithm"],"picked":"Ball Lightning+1","floor":24},{"not_picked":["Ball Lightning","Lockon","Go for the Eyes"],"picked":"SKIP","floor":25},{"not_picked":["Hologram","Gash"],"picked":"Coolheaded","floor":27},{"not_picked":["Barrage","Blizzard"],"picked":"Chill","floor":28},{"not_picked":["Stack","Redo"],"picked":"Coolheaded","floor":30},{"not_picked":["Multi-Cast","Core Surge"],"picked":"Reboot","floor":33},{"not_picked":["Compile Driver","Tempest+1"],"picked":"Defragment","floor":35},{"not_picked":["Leap","Scrape"],"picked":"Sunder+1","floor":36},{"not_picked":["Lockon","Turbo","Undo+1"],"picked":"Singing Bowl","floor":37},{"not_picked":["Transmutation","Sadistic Nature"],"picked":"Bandage Up","floor":38},{"not_picked":["Compile Driver","Rip and Tear","Rebound"],"picked":"Singing Bowl","floor":40},{"not_picked":["Tempest","Gash"],"picked":"Glacier+1","floor":44},{"not_picked":["Recycle","Rebound"],"picked":"Capacitor","floor":47},{"not_picked":["Beam Cell","Force Field"],"picked":"Chill","floor":48}],"player_experience":1015918,"relics_obtained":[{"floor":6.0,"key":"Bag of Preparation"},{"floor":8.0,"key":"MawBank"},{"floor":12.0,"key":"PreservedInsect"},{"floor":24,"key":"DataDisk"},{"floor":26,"key":"Singing Bowl"},{"floor":36,"key":"Ginger"},{"floor":40,"key":"Orichalcum"},{"floor":43,"key":"Bronze Scales"},{"floor":48,"key":"Mercury Hourglass"}],"event_choices":[{"damage_healed":0.0,"max_hp_gain":0.0,"max_hp_loss":0.0,"gold_gain":0.0,"event_name":"Scrap Ooze","player_choice":"Success","floor":3.0,"gold_loss":0.0,"damage_taken":5.0,"relics_obtained":["Gambling Chip"]},{"damage_healed":0,"gold_gain":0,"cards_transformed":["Strike_B","Strike_B"],"player_choice":"Became Test Subject","damage_taken":0,"max_hp_gain":0,"max_hp_loss":0,"event_name":"Drug Dealer","floor":19,"gold_loss":0,"cards_obtained":["Buffer","FTL"]},{"damage_healed":0,"gold_gain":0,"player_choice":"Opened","damage_taken":0,"relics_obtained":["CaptainsWheel"],"max_hp_gain":0,"max_hp_loss":0,"event_name":"The Mausoleum","floor":20,"gold_loss":0,"cards_obtained":["Writhe"]},{"cards_removed":["Strike_B"],"damage_healed":0,"gold_gain":0,"player_choice":"Purged","damage_taken":0,"max_hp_gain":0,"max_hp_loss":0,"event_name":"Purifier","floor":22,"gold_loss":0},{"damage_healed":0,"gold_gain":0,"player_choice":"Stole Relic","damage_taken":0,"relics_obtained":["Nunchaku"],"max_hp_gain":0,"max_hp_loss":0,"event_name":"Addict","floor":31,"gold_loss":0,"cards_obtained":["Shame"]},{"damage_healed":0,"gold_gain":0,"player_choice":"Fight","damage_taken":0,"max_hp_gain":0,"max_hp_loss":0,"event_name":"MindBloom","floor":36,"gold_loss":0},{"damage_healed":0,"gold_gain":0,"player_choice":"Memory 1","damage_taken":0,"max_hp_gain":0,"max_hp_loss":0,"event_name":"SensoryStone","floor":38,"gold_loss":0},{"damage_healed":0,"gold_gain":0,"player_choice":"Got Potions","damage_taken":0,"max_hp_gain":0,"max_hp_loss":0,"event_name":"Lab","floor":42,"gold_loss":0}],"is_beta":false,"boss_relics":[{"not_picked":["SacredBark","Pandora\u0027s Box"],"picked":"Sozu"},{"not_picked":["SlaversCollar","Tiny House"],"picked":"FrozenCore"}],"items_purged_floors":[5,21],"is_endless":false,"potions_floor_spawned":[1,2,4,18,30,35,44,48],"ascension_level":17}}