{"host":"phniwng9zo19jwdb","time":1608970336,"event":{"mods":["AchievementEnabler","BaseMod","Colored Powertips","Faster Ascension Climbing","GifTheSpireLib","Minty Spire (QoL Compilation)","Permanent Neow","Quick Restart","Rare Cards Sparkle","StSLib"],"gold_per_floor":[113,113,2,15,31,57,57,92,92,92,105,29,29,29,29,100,100,119,133,133,133,146,175,175,200,200,211,211,244,244,244,244,316,316,333,333,1332,1383,1383,642,659,692,744,744,1,1,21,51,51,51],"floor_reached":51,"playtime":2078,"items_purged":["Pain","Normality","Normality"],"score":1854,"play_id":"eb3b1bbb-d207-452f-b2d6-5c5b8d74a5af","local_time":"20201226091216","is_ascension_mode":true,"campfire_choices":[{"data":"Skewer","floor":7.0,"key":"SMITH"},{"floor":13.0,"key":"REST"},{"data":"Tools of the Trade","floor":15.0,"key":"SMITH"},{"data":"Tactician","floor":24,"key":"SMITH"},{"data":"Neutralize","floor":28,"key":"SMITH"},{"data":"Footwork","floor":32,"key":"SMITH"},{"floor":44,"key":"REST"},{"data":"Jack Of All Trades","floor":46,"key":"SMITH"},{"floor":49,"key":"REST"}],"circlet_count":0,"master_deck":["AscendersBane","Strike_G+1","Strike_G+1","Strike_G+1","Strike_G+1","Strike_G+1","Defend_G+1","Defend_G+1","Defend_G+1","Defend_G+1","Defend_G+1","Survivor+1","Neutralize+1","Decay","Footwork","Skewer+1","Poisoned Stab","Footwork","Tools of the Trade+1","Backflip","Glass Knife","Adrenaline","Terror","Dagger Throw+1","Infinite Blades","Adrenaline","Footwork+1","Tactician+1","Tactician+1","Heel Hook","Envenom+1","Thinking Ahead","Sadistic Nature","Blind","Footwork+1","Panache","Reflex","Backflip","Dagger Throw","Dash","Jack Of All Trades+1","Backflip","Underhanded Strike+1"],"relics":["Ring of the Snake","StoneCalendar","WarpedTongs","Anchor","Mummified Hand","InkBottle","Nunchaku","Runic Pyramid","Bag of Marbles","Paper Crane","War Paint","Dream Catcher","White Beast Statue","SacredBark","The Specimen","Torii","ClockworkSouvenir","Bag of Preparation","Happy Flower","Medical Kit","Du-Vu Doll","Lantern"],"acts_visited":["Exordium","TheCity","TheBeyond"],"potions_floor_usage":[23,35,38,38,42,47,50,50],"damage_taken":[{"damage":5.0,"enemies":"Jaw Worm","floor":1.0,"turns":7.0},{"damage":0.0,"enemies":"Cultist","floor":4.0,"turns":4.0},{"damage":10.0,"enemies":"Small Slimes","floor":5.0,"turns":5.0},{"damage":19.0,"enemies":"Gremlin Nob","floor":6.0,"turns":4.0},{"damage":12.0,"enemies":"3 Sentries","floor":8.0,"turns":7.0},{"damage":0.0,"enemies":"Red Slaver","floor":11.0,"turns":3.0},{"damage":0.0,"enemies":"Slime Boss","floor":16.0,"turns":7.0},{"damage":0,"enemies":"Spheric Guardian","floor":18,"turns":3},{"damage":0,"enemies":"Chosen","floor":19,"turns":4},{"damage":7,"enemies":"3 Cultists","floor":22,"turns":5},{"damage":13,"enemies":"Slavers","floor":23,"turns":7},{"damage":4,"enemies":"Book of Stabbing","floor":25,"turns":6},{"damage":0,"enemies":"Chosen and Byrds","floor":27,"turns":6},{"damage":0,"enemies":"Slavers","floor":29,"turns":5},{"damage":0,"enemies":"Collector","floor":33,"turns":5},{"damage":0,"enemies":"Orb Walker","floor":35,"turns":3},{"damage":21,"enemies":"2 Orb Walkers","floor":38,"turns":5},{"damage":0,"enemies":"3 Shapes","floor":41,"turns":4},{"damage":0,"enemies":"Giant Head","floor":42,"turns":4},{"damage":0,"enemies":"Transient","floor":47,"turns":5},{"damage":0,"enemies":"Reptomancer","floor":48,"turns":4},{"damage":0,"enemies":"Donu and Deca","floor":50,"turns":3}],"seed_played":"-6322499599273449905","potions_obtained":[{"floor":4.0,"key":"AttackPotion"},{"floor":6.0,"key":"SpeedPotion"},{"floor":8.0,"key":"Weak Potion"},{"floor":18,"key":"Strength Potion"},{"floor":23,"key":"SmokeBomb"},{"floor":29,"key":"GhostInAJar"},{"floor":33,"key":"Dexterity Potion"},{"floor":35,"key":"PowerPotion"},{"floor":38,"key":"DuplicationPotion"},{"floor":41,"key":"Fire Potion"},{"floor":42,"key":"Poison Potion"},{"floor":47,"key":"SteroidPotion"},{"floor":48,"key":"DistilledChaos"}],"is_trial":false,"path_per_floor":["M","?","$","M","M","E","R","E","T","T","M","$","R","$","R","B",null,"M","M","?","?","M","E","R","E","T","M","R","E","?","?","R","B",null,"M","?","?","?","?","$","M","E","T","R","$","R","M","E","R","B",null],"character_chosen":"THE_SILENT","items_purchased":["Footwork","Glass Knife","Torii","ClockworkSouvenir","Panache","Medical Kit","Du-Vu Doll","Dagger Throw","Dash","Jack Of All Trades"],"campfire_rested":3,"item_purchase_floors":[3,12,40,40,40,45,45,45,45,45],"current_hp_per_floor":[54,54,54,54,44,25,25,13,13,13,13,13,32,32,32,32,58,58,58,58,58,51,38,38,34,34,34,34,34,34,34,34,34,58,58,48,48,27,27,27,27,27,27,46,46,46,46,46,65,65],"gold":51,"neow_bonus":"ONE_RARE_RELIC","is_daily":false,"chose_seed":false,"campfire_upgraded":6,"win_rate":0.0,"timestamp":1608970336,"path_taken":["M","?","$","M","?","E","R","E","T","?","M","$","R","?","R","BOSS","M","M","?","?","?","E","R","E","T","M","R","E","?","?","R","BOSS","M","?","?","?","?","$","M","E","T","R","$","R","?","E","R","BOSS"],"items_purchased_type":["Card","Card","Relic","Relic","Card","Relic","Relic","Card","Card","Card"],"build_version":"2020-12-22","purchased_purges":3,"victory":true,"max_hp_per_floor":[66,66,66,66,66,66,66,66,66,66,66,66,66,66,66,66,66,66,66,66,66,66,66,66,66,66,66,66,66,66,66,66,66,66,66,66,66,66,66,66,66,66,66,66,66,66,66,66,66,66],"card_choices":[{"not_picked":["Flechettes","Outmaneuver","Finisher"],"picked":"SKIP","floor":1.0},{"not_picked":["Slice","Quick Slash"],"picked":"Skewer","floor":4.0},{"not_picked":["Acrobatics","All Out Attack"],"picked":"Poisoned Stab","floor":5.0},{"not_picked":["Catalyst","Underhanded Strike"],"picked":"Footwork","floor":6.0},{"not_picked":["Poisoned Stab","Deflect"],"picked":"Tools of the Trade","floor":8.0},{"not_picked":["Bane","Calculated Gamble"],"picked":"Backflip","floor":11.0},{"not_picked":["Phantasmal Killer","Storm of Steel"],"picked":"Adrenaline","floor":16.0},{"not_picked":["Acrobatics+1","Sucker Punch"],"picked":"Terror","floor":18},{"not_picked":["Poisoned Stab","Dodge and Roll"],"picked":"Dagger Throw+1","floor":19},{"not_picked":["Endless Agony","Cloak And Dagger"],"picked":"Footwork","floor":22},{"not_picked":["Unload","Predator"],"picked":"Tactician","floor":23},{"not_picked":["Catalyst","Caltrops"],"picked":"Tactician","floor":25},{"not_picked":["Flying Knee","Dodge and Roll","Acrobatics"],"picked":"SKIP","floor":27},{"not_picked":["Flying Knee","Deflect"],"picked":"Heel Hook","floor":29},{"not_picked":["Night Terror","After Image"],"picked":"Envenom","floor":33},{"not_picked":["Expertise","Predator","Flying Knee"],"picked":"SKIP","floor":35},{"not_picked":["Good Instincts","Blind"],"picked":"Thinking Ahead","floor":36},{"not_picked":["Secret Weapon","Swift Strike"],"picked":"Sadistic Nature","floor":36},{"not_picked":["Discovery","Trip"],"picked":"Blind","floor":36},{"not_picked":["Sucker Punch+1","Dagger Spray"],"picked":"Footwork+1","floor":38},{"not_picked":["Blade Dance","Bane+1","Flying Knee"],"picked":"SKIP","floor":41},{"not_picked":["Eviscerate","Flechettes"],"picked":"Reflex","floor":42},{"not_picked":["Quick Slash","Bane"],"picked":"Backflip","floor":44},{"not_picked":["Quick Slash","Terror+1"],"picked":"Backflip","floor":47},{"not_picked":["Choke+1","Dodge and Roll","Slice"],"picked":"SKIP","floor":48},{"not_picked":["A Thousand Cuts","Flying Knee"],"picked":"Underhanded Strike+1","floor":49}],"player_experience":10503,"relics_obtained":[{"floor":6.0,"key":"Anchor"},{"floor":8.0,"key":"Mummified Hand"},{"floor":9.0,"key":"InkBottle"},{"floor":10.0,"key":"Nunchaku"},{"floor":23,"key":"Bag of Marbles"},{"floor":25,"key":"Paper Crane"},{"floor":26,"key":"War Paint"},{"floor":29,"key":"Dream Catcher"},{"floor":38,"key":"The Specimen"},{"floor":42,"key":"Bag of Preparation"},{"floor":43,"key":"Happy Flower"},{"floor":48,"key":"Lantern"}],"event_choices":[{"damage_healed":0.0,"max_hp_gain":0.0,"max_hp_loss":0.0,"gold_gain":0.0,"event_name":"Accursed Blacksmith","player_choice":"Rummage","floor":2.0,"gold_loss":0.0,"damage_taken":0.0,"relics_obtained":["WarpedTongs"],"cards_obtained":["Pain"]},{"damage_healed":0,"gold_gain":0,"player_choice":"Read","damage_taken":0,"max_hp_gain":0,"max_hp_loss":0,"event_name":"The Library","floor":20,"gold_loss":0,"cards_obtained":["Infinite Blades"]},{"damage_healed":0,"gold_gain":0,"player_choice":"Copied","damage_taken":0,"max_hp_gain":0,"max_hp_loss":0,"event_name":"Duplicator","floor":21,"gold_loss":0,"cards_obtained":["Adrenaline"]},{"damage_healed":0,"gold_gain":0,"player_choice":"Simplicity","damage_taken":0,"max_hp_gain":0,"max_hp_loss":0,"event_name":"Back to Basics","floor":30,"gold_loss":0,"cards_upgraded":["Strike_G","Strike_G","Strike_G","Strike_G","Strike_G","Defend_G","Defend_G","Defend_G","Defend_G","Defend_G"]},{"damage_healed":0,"gold_gain":0,"player_choice":"Opened","damage_taken":0,"relics_obtained":["White Beast Statue"],"max_hp_gain":0,"max_hp_loss":0,"event_name":"The Mausoleum","floor":31,"gold_loss":0},{"damage_healed":0,"gold_gain":0,"player_choice":"Memory 3","damage_taken":10,"max_hp_gain":0,"max_hp_loss":0,"event_name":"SensoryStone","floor":36,"gold_loss":0},{"damage_healed":0,"gold_gain":999,"player_choice":"Gold","damage_taken":0,"max_hp_gain":0,"max_hp_loss":0,"event_name":"MindBloom","floor":37,"gold_loss":0,"cards_obtained":["Normality","Normality"]},{"damage_healed":0,"gold_gain":0,"player_choice":"Fight","damage_taken":0,"max_hp_gain":0,"max_hp_loss":0,"event_name":"Mysterious Sphere","floor":38,"gold_loss":0},{"damage_healed":0,"gold_gain":0,"player_choice":"Upgraded","damage_taken":0,"max_hp_gain":0,"max_hp_loss":0,"event_name":"Upgrade Shrine","floor":39,"gold_loss":0,"cards_upgraded":["Envenom"]}],"is_beta":false,"boss_relics":[{"not_picked":["Fusion Hammer","Busted Crown"],"picked":"Runic Pyramid"},{"not_picked":["Velvet Choker","Coffee Dripper"],"picked":"SacredBark"}],"items_purged_floors":[3,40,45],"is_endless":false,"potions_floor_spawned":[4,6,8,18,23,29,33,35,38,41,42,47,48],"ascension_level":14}}