{"host":"q387i5o1hp66091u","time":1608958037,"event":{"mods":["2.2 Compatiblity","BaseMod","Minty Spire (QoL Compilation)","Rare Cards Sparkle"],"gold_per_floor":[99,99,99,99,99,99,99,99,99,99,99,99,99,69,69,69,69,9,9,9,9,9,9,9,9,9,9,9,9,9,9,9,9,9,9,9,9,9,9,9,9,9,9,9,9,9,9,9,9,9,9],"floor_reached":50,"playtime":3217,"items_purged":[],"score":632,"play_id":"6d5ff73b-8552-40f0-bc1f-d49c7cd7b0e7","local_time":"20201226134717","is_ascension_mode":true,"campfire_choices":[{"data":"Eruption","floor":6.0,"key":"SMITH"},{"data":"MentalFortress","floor":11.0,"key":"SMITH"},{"data":"Wireheading","floor":13.0,"key":"SMITH"},{"floor":15.0,"key":"REST"},{"data":"ClearTheMind","floor":23.0,"key":"SMITH"},{"floor":29.0,"key":"REST"},{"floor":32.0,"key":"REST"},{"data":"Crescendo","floor":40.0,"key":"SMITH"},{"floor":44.0,"key":"REST"},{"floor":49,"key":"REST"}],"circlet_count":0,"master_deck":["Strike_P","Strike_P","Strike_P","Strike_P","Defend_P","Defend_P","Defend_P","Defend_P","Eruption+1","Vigilance","Wireheading+1","MentalFortress+1","FlurryOfBlows","FlurryOfBlows","FlurryOfBlows","DeceiveReality","Evaluate","BattleHymn+1","TalkToTheHand","Wish","CurseOfTheBell","ClearTheMind+1","Consecrate+1","Eruption+1","Wallop+1","Pray+1","Halt","Conclude+1","DevaForm+1","InnerPeace","Adaptation+1","Tantrum+1","Alpha","Wallop+1","Fasting2+1","Perseverance","SashWhip+1","Crescendo+1","FearNoEvil+1","Collect+1","Parasite","Meditate","Parasite","Prostrate","Prostrate+1","Vengeance+1"],"relics":["Ectoplasm","CultistMask","MealTicket","Mercury Hourglass","Frozen Egg 2","Happy Flower","Calling Bell","Bag of Marbles","Molten Egg 2","Unceasing Top","Oddly Smooth Stone","Ice Cream","InkBottle","Cursed Key","TeardropLocket","PreservedInsect"],"acts_visited":["Exordium","TheCity","TheBeyond"],"potions_floor_usage":[45,45,45,47,48],"damage_taken":[{"damage":0.0,"enemies":"Small Slimes","floor":1.0,"turns":4.0},{"damage":0.0,"enemies":"Cultist","floor":2.0,"turns":2.0},{"damage":0.0,"enemies":"Jaw Worm","floor":3.0,"turns":4.0},{"damage":10.0,"enemies":"Lots of Slimes","floor":5.0,"turns":5.0},{"damage":14.0,"enemies":"Lagavulin","floor":7.0,"turns":6.0},{"damage":4.0,"enemies":"Exordium Thugs","floor":8.0,"turns":6.0},{"damage":0.0,"enemies":"Gremlin Nob","floor":10.0,"turns":2.0},{"damage":0.0,"enemies":"3 Sentries","floor":12.0,"turns":4.0},{"damage":10.0,"enemies":"Looter","floor":14.0,"turns":3.0},{"damage":4.0,"enemies":"Hexaghost","floor":16.0,"turns":6.0},{"damage":7.0,"enemies":"2 Thieves","floor":18.0,"turns":3.0},{"damage":2.0,"enemies":"Shell Parasite","floor":19.0,"turns":6.0},{"damage":21.0,"enemies":"Snake Plant","floor":21.0,"turns":3.0},{"damage":7.0,"enemies":"Chosen and Byrds","floor":24.0,"turns":3.0},{"damage":18.0,"enemies":"Slavers","floor":25.0,"turns":4.0},{"damage":4.0,"enemies":"Centurion and Healer","floor":27.0,"turns":4.0},{"damage":4.0,"enemies":"Sentry and Sphere","floor":28.0,"turns":4.0},{"damage":0.0,"enemies":"3 Cultists","floor":30.0,"turns":4.0},{"damage":0.0,"enemies":"Snecko","floor":31.0,"turns":2.0},{"damage":14.0,"enemies":"Automaton","floor":33.0,"turns":7.0},{"damage":17.0,"enemies":"3 Darklings","floor":35.0,"turns":5.0},{"damage":0.0,"enemies":"3 Shapes","floor":36.0,"turns":1.0},{"damage":3.0,"enemies":"Transient","floor":37.0,"turns":5.0},{"damage":14.0,"enemies":"Maw","floor":38.0,"turns":6.0},{"damage":5.0,"enemies":"3 Darklings","floor":39.0,"turns":3.0},{"damage":9.0,"enemies":"Jaw Worm Horde","floor":41.0,"turns":4.0},{"damage":3.0,"enemies":"Sphere and 2 Shapes","floor":42.0,"turns":5.0},{"damage":3,"enemies":"Nemesis","floor":45,"turns":3},{"damage":35,"enemies":"Writhing Mass","floor":46,"turns":7},{"damage":14,"enemies":"Jaw Worm Horde","floor":47,"turns":3},{"damage":0,"enemies":"Spire Growth","floor":48,"turns":4},{"damage":29,"enemies":"Donu and Deca","floor":50,"turns":2}],"seed_played":"554271061620615853","potions_obtained":[{"floor":3.0,"key":"Block Potion"},{"floor":5.0,"key":"FearPotion"},{"floor":7.0,"key":"SteroidPotion"},{"floor":10.0,"key":"PowerPotion"},{"floor":21.0,"key":"LiquidMemories"},{"floor":25.0,"key":"FearPotion"},{"floor":27.0,"key":"Ancient Potion"},{"floor":35.0,"key":"StancePotion"},{"floor":37.0,"key":"StancePotion"},{"floor":38.0,"key":"Regen Potion"},{"floor":41.0,"key":"Strength Potion"},{"floor":46,"key":"Regen Potion"},{"floor":47,"key":"LiquidMemories"}],"is_trial":false,"path_per_floor":["M","M","M","?","M","R","E","M","T","E","R","E","R","M","R","B",null,"M","M","?","M","T","R","M","E","T","M","M","R","M","M","R","B",null,"M","M","M","M","M","R","M","M","T","R","E","M","M","M","R","B"],"character_chosen":"WATCHER","items_purchased":[],"campfire_rested":5,"item_purchase_floors":[],"current_hp_per_floor":[72,72,72,72,62,62,48,44,44,44,44,44,44,34,55,51,72,65,63,63,42,42,42,35,17,17,13,9,30,30,30,51,37,72,55,55,52,38,33,33,24,21,21,42,48,13,8,8,29,0,0],"gold":9,"neow_bonus":"BOSS_RELIC","is_daily":false,"chose_seed":false,"campfire_upgraded":5,"win_rate":0.0,"timestamp":1608958037,"path_taken":["M","M","M","?","M","R","E","M","T","E","R","E","R","M","R","BOSS","M","?","?","?","?","R","M","E","T","M","M","R","?","M","R","BOSS","M","M","M","M","M","R","M","M","T","R","E","M","M","M","R","BOSS"],"items_purchased_type":[],"build_version":"2020-12-22","purchased_purges":0,"victory":false,"max_hp_per_floor":[72,72,72,72,72,72,72,72,72,72,72,72,72,72,72,72,72,72,72,72,72,72,72,72,72,72,72,72,72,72,72,72,72,72,72,72,72,72,72,72,72,72,72,72,72,72,72,72,72,72,72],"card_choices":[{"not_picked":["Consecrate","CutThroughFate"],"picked":"Wireheading","floor":1.0},{"not_picked":["Indignation","Collect"],"picked":"MentalFortress","floor":2.0},{"not_picked":["SashWhip","Halt"],"picked":"FlurryOfBlows","floor":3.0},{"not_picked":["EmptyFist","CutThroughFate"],"picked":"FlurryOfBlows","floor":5.0},{"not_picked":["Conclude","Collect"],"picked":"FlurryOfBlows","floor":7.0},{"not_picked":["Collect","Blasphemy"],"picked":"DeceiveReality","floor":8.0},{"not_picked":["JustLucky","Consecrate"],"picked":"Evaluate","floor":10.0},{"not_picked":["ThirdEye","JustLucky"],"picked":"BattleHymn+1","floor":12.0},{"not_picked":["Swivel","DeceiveReality"],"picked":"TalkToTheHand","floor":14.0},{"not_picked":["Scrawl","LessonLearned"],"picked":"Wish","floor":16.0},{"not_picked":["CrushJoints+1","Consecrate+1"],"picked":"ClearTheMind","floor":18.0},{"not_picked":["EmptyFist+1","JustLucky+1"],"picked":"Consecrate+1","floor":19.0},{"not_picked":["ThirdEye+1","FollowUp+1"],"picked":"Pray+1","floor":21.0},{"not_picked":["CrushJoints+1","Weave+1"],"picked":"Halt","floor":24.0},{"not_picked":["CrushJoints+1","Swivel"],"picked":"Conclude+1","floor":25.0},{"not_picked":["Worship","JustLucky+1"],"picked":"DevaForm+1","floor":27.0},{"not_picked":["BowlingBash+1","Conclude+1"],"picked":"InnerPeace","floor":28.0},{"not_picked":["SashWhip+1","EmptyFist+1"],"picked":"Adaptation+1","floor":30.0},{"not_picked":["Prostrate","FollowUp+1"],"picked":"Tantrum+1","floor":31.0},{"not_picked":["LessonLearned+1","DevaForm+1"],"picked":"Alpha","floor":33.0},{"not_picked":["BowlingBash+1","Vengeance"],"picked":"Wallop+1","floor":35.0},{"not_picked":["TalkToTheHand+1","EmptyBody"],"picked":"Fasting2+1","floor":36.0},{"not_picked":["FlyingSleeves+1","Evaluate"],"picked":"Perseverance","floor":37.0},{"not_picked":["Wireheading+1","JustLucky+1"],"picked":"SashWhip+1","floor":38.0},{"not_picked":["Consecrate+1","BattleHymn+1"],"picked":"Crescendo","floor":39.0},{"not_picked":["Crescendo+1","EmptyBody"],"picked":"FearNoEvil+1","floor":41.0},{"not_picked":["EmptyBody","EmptyMind+1"],"picked":"Collect+1","floor":42.0},{"not_picked":["SandsOfTime+1","Omniscience"],"picked":"Meditate","floor":45},{"not_picked":["CrushJoints+1","Worship+1"],"picked":"Prostrate","floor":46},{"not_picked":["Sanctity+1","FollowUp+1"],"picked":"Prostrate+1","floor":47},{"not_picked":["CrushJoints+1","JustLucky+1"],"picked":"Vengeance+1","floor":48}],"player_experience":559798,"relics_obtained":[{"floor":7.0,"key":"MealTicket"},{"floor":9.0,"key":"Mercury Hourglass"},{"floor":10.0,"key":"Frozen Egg 2"},{"floor":12.0,"key":"Happy Flower"},{"floor":17.0,"key":"Bag of Marbles"},{"floor":17.0,"key":"Molten Egg 2"},{"floor":17.0,"key":"Unceasing Top"},{"floor":22.0,"key":"Oddly Smooth Stone"},{"floor":25.0,"key":"Ice Cream"},{"floor":26.0,"key":"InkBottle"},{"floor":43.0,"key":"TeardropLocket"},{"floor":45,"key":"PreservedInsect"}],"event_choices":[{"damage_healed":0.0,"max_hp_gain":0.0,"max_hp_loss":0.0,"gold_gain":0.0,"event_name":"FaceTrader","player_choice":"Trade","floor":4.0,"gold_loss":0.0,"damage_taken":0.0,"relics_obtained":["CultistMask"]},{"damage_healed":0.0,"max_hp_gain":0.0,"max_hp_loss":0.0,"gold_gain":0.0,"event_name":"Match and Keep!","player_choice":"2 cards matched","floor":20.0,"gold_loss":0.0,"damage_taken":0.0,"cards_obtained":["Eruption","Wallop"]}],"is_beta":false,"boss_relics":[{"not_picked":["Velvet Choker","Empty Cage"],"picked":"Calling Bell"},{"not_picked":["Tiny House","Sozu"],"picked":"Cursed Key"}],"items_purged_floors":[],"is_endless":false,"potions_floor_spawned":[3,5,7,8,10,21,25,27,35,37,38,41,46,47],"killed_by":"Donu and Deca","ascension_level":1}}