{"host":"9kjfrj3pewitpdem","time":1608944169,"event":{"mods":["AchievementEnabler","BaseMod","Better Altar","Better Match","Better Note","Better Sensory Stone","Better Skull","Better Third Choice","BetterRewards","Colored Map","Colored Powertips","GifTheSpireLib","Hermit","Hero for Fun","Hubris","Jorbs\u0027s Wanderer Trilogy","Minty Spire (QoL Compilation)","Replay The Spire","StSLib","The Bladedancer","The Cursed","The Hierophant","The Runesmith","The Servant 0.9.4"],"gold_per_floor":[15,15,27,27,41,41,54,54,54,78,89,14,47,57,57,154,154,167,167,183,195,195,195,205,205,205,215,215,215],"floor_reached":28,"playtime":1162,"items_purged":["Burn"],"score":222,"play_id":"c99b5edd-fcf5-4b82-8b98-a340165f59d0","local_time":"20201226115609","is_ascension_mode":false,"campfire_choices":[{"data":"Sunlight","floor":6.0,"key":"SMITH"},{"data":"Potential","floor":8.0,"key":"SMITH"},{"floor":15.0,"key":"REST"},{"data":"TimeWarp","floor":23.0,"key":"SMITH"},{"floor":25,"key":"REST"}],"circlet_count":0,"master_deck":["Strike_S+1","Strike_S","Defend_S","Defend_S","Defend_S","KidneyShot","Exchange","Sunlight+1","Rearm","Potential+1","Rearm","Starlight","Dilation","FastForward+1","KillingDoll+1","Ricochet+1","TimeWarp+1","Potential+1","BottledTime+1","Poisoned Strike","Advance+1"],"relics":["Uniform","Iron Hammer","Potion Belt","Pear","Astrolabe","Kunai"],"acts_visited":["Exordium","TheCity"],"potions_floor_usage":[28],"damage_taken":[{"damage":6.0,"enemies":"Jaw Worm","floor":1.0,"turns":4.0},{"damage":0.0,"enemies":"Small Slimes","floor":3.0,"turns":2.0},{"damage":0.0,"enemies":"2 Louse","floor":5.0,"turns":1.0},{"damage":9.0,"enemies":"Large Slime","floor":7.0,"turns":3.0},{"damage":11.0,"enemies":"Blue Slaver","floor":11.0,"turns":3.0},{"damage":5.0,"enemies":"Replay:BlueRogue","floor":13.0,"turns":4.0},{"damage":1.0,"enemies":"Red Slaver","floor":14.0,"turns":4.0},{"damage":29.0,"enemies":"Fading Forest","floor":16.0,"turns":11.0},{"damage":4.0,"enemies":"Shell Parasite","floor":18.0,"turns":4.0},{"damage":12.0,"enemies":"Spheric Guardian","floor":20.0,"turns":4.0},{"damage":10.0,"enemies":"Snecko","floor":21.0,"turns":5.0},{"damage":32,"enemies":"Shelled Parasite and Fungi","floor":24,"turns":6},{"damage":3,"enemies":"3 Cultists","floor":27,"turns":3},{"damage":41,"enemies":"Slavers","floor":28,"turns":2}],"seed_played":"-5782070612365619254","potions_obtained":[{"floor":11.0,"key":"LifebloodPotion"},{"floor":13.0,"key":"Fire Potion"},{"floor":14.0,"key":"Dexterity Potion"},{"floor":18.0,"key":"Adrenaline Potion"},{"floor":19.0,"key":"FearPotion"},{"floor":19.0,"key":"DuplicationPotion"},{"floor":19.0,"key":"Ancient Potion"},{"floor":20.0,"key":"BlessingOfTheForge"},{"floor":27,"key":"Strength Potion"}],"is_trial":false,"path_per_floor":["M","?","M","?","M","R","M","R","T","T","M","$","E","M","R","B",null,"M","?","M","M","?","R","M","R","T","M","E"],"character_chosen":"THE_SERVANT","items_purchased":[],"campfire_rested":2,"item_purchase_floors":[],"current_hp_per_floor":[59,59,59,59,59,59,50,50,50,50,39,39,44,43,65,54,75,71,71,59,49,49,49,17,39,39,36,0,0],"gold":215,"neow_bonus":"THREE_RARE_CARDS","is_daily":false,"chose_seed":false,"campfire_upgraded":3,"win_rate":0.0,"timestamp":1608944169,"path_taken":["M","?","M","?","M","R","M","R","T","?","M","$","E","M","R","BOSS","M","?","M","M","?","R","M","R","T","M","E"],"items_purchased_type":[],"build_version":"2020-12-22","purchased_purges":1,"victory":false,"max_hp_per_floor":[65,65,65,65,65,65,65,65,65,65,65,65,75,75,75,75,75,75,75,75,75,75,75,75,75,75,75,75,75],"card_choices":[{"not_picked":["ForgedInTime","Duplication"],"picked":"Sunlight","floor":0.0},{"not_picked":["Rewind","Defy","Spin"],"picked":"SKIP","floor":1.0},{"not_picked":["ReturningBlade","Spin","RealityMarble"],"picked":"SKIP","floor":3.0},{"not_picked":["DoubleEdge","Rewind"],"picked":"Rearm","floor":5.0},{"not_picked":["Starlight","Replace"],"picked":"Potential","floor":7.0},{"not_picked":["FastForward","Snipe"],"picked":"Rearm","floor":11.0},{"not_picked":["Sabotage","Defy","Revamp"],"picked":"SKIP","floor":13.0},{"not_picked":["Snipe","WasteNot"],"picked":"Starlight","floor":14.0},{"not_picked":["FlawlessForm","Initiator"],"picked":"Dilation","floor":16.0},{"not_picked":["Rewind","Alleviate+1"],"picked":"TimeWarp","floor":18.0},{"not_picked":["Starlight","DoubleEdge"],"picked":"Potential+1","floor":20.0},{"not_picked":["Duplication","ShatteredReality"],"picked":"BottledTime+1","floor":21.0},{"not_picked":["WasteNot","Starlight","Gouge"],"picked":"SKIP","floor":24},{"not_picked":["Rearm+1","Replace+1"],"picked":"Advance+1","floor":27}],"player_experience":110601,"relics_obtained":[{"floor":9.0,"key":"Iron Hammer"},{"floor":10.0,"key":"Potion Belt"},{"floor":13.0,"key":"Pear"},{"floor":26,"key":"Kunai"}],"event_choices":[{"damage_healed":59.0,"max_hp_gain":0.0,"max_hp_loss":65.0,"gold_gain":0.0,"event_name":"betterThird:BetterShining","player_choice":"Embrace Burn","floor":2.0,"gold_loss":0.0,"damage_taken":0.0},{"damage_healed":0.0,"max_hp_gain":0.0,"max_hp_loss":0.0,"gold_gain":0.0,"event_name":"Lab","player_choice":"Got Potions","floor":19.0,"gold_loss":0.0,"damage_taken":0.0},{"cards_removed":["Dilation"],"damage_healed":0.0,"max_hp_gain":0.0,"max_hp_loss":0.0,"gold_gain":0.0,"event_name":"betterNote:BetterNote","player_choice":"Take \u0026 Give","floor":22.0,"gold_loss":0.0,"damage_taken":0.0,"cards_obtained":["Poisoned Strike"]}],"is_beta":false,"boss_relics":[{"not_picked":["SlaversCollar","Empty Cage"],"picked":"Astrolabe"}],"items_purged_floors":[12],"is_endless":false,"potions_floor_spawned":[11,13,14,18,20,27],"killed_by":"Slavers","ascension_level":0}}