{"host":"i09pxcjttd31eh4q","time":1608987039,"event":{"mods":["AchievementEnabler","BaseMod","Colored Map","Keyboard Shortcuts","Minty Spire (QoL Compilation)","StSLib","SuperFastMode"],"gold_per_floor":[20,33,46,6,18,51,51,51,51,26,52,72,72,90,90,90,90],"floor_reached":16,"playtime":411,"items_purged":[],"score":220,"play_id":"e2361fd6-0908-4971-98e9-93ed651f8090","local_time":"20201226215039","is_ascension_mode":true,"campfire_choices":[{"data":"Deadly Poison","floor":7.0,"key":"SMITH"},{"floor":13,"key":"REST"},{"data":"Dagger Spray","floor":15,"key":"SMITH"}],"circlet_count":0,"master_deck":["AscendersBane","Strike_G","Strike_G","Strike_G","Strike_G","Defend_G","Defend_G","Defend_G","Defend_G","Survivor","Neutralize","Tactician","Underhanded Strike","Deadly Poison+1","Dagger Spray+1","Tools of the Trade","Acrobatics","After Image","Escape Plan"],"relics":["Ring of the Snake","Ninja Scroll","WingedGreaves","Pocketwatch","Odd Mushroom"],"acts_visited":["Exordium"],"potions_floor_usage":[11,16],"damage_taken":[{"damage":7.0,"enemies":"Cultist","floor":1.0,"turns":5.0},{"damage":3.0,"enemies":"2 Louse","floor":2.0,"turns":4.0},{"damage":2.0,"enemies":"Jaw Worm","floor":3.0,"turns":4.0},{"damage":6.0,"enemies":"Looter","floor":4.0,"turns":4.0},{"damage":0.0,"enemies":"3 Louse","floor":5.0,"turns":3.0},{"damage":15.0,"enemies":"3 Sentries","floor":6.0,"turns":4.0},{"damage":20,"enemies":"Lagavulin","floor":11,"turns":5},{"damage":5,"enemies":"The Mushroom Lair","floor":12,"turns":4},{"damage":0,"enemies":"2 Fungi Beasts","floor":14,"turns":4},{"damage":0,"enemies":"Slime Boss","floor":16,"turns":5}],"seed_played":"-2971591326138651877","potions_obtained":[{"floor":1.0,"key":"PowerPotion"},{"floor":2.0,"key":"SteroidPotion"},{"floor":14,"key":"Fire Potion"}],"is_trial":false,"path_per_floor":["M","M","M","M","M","E","R","?","T","$","E","?","R","M","R","B"],"character_chosen":"THE_SILENT","items_purchased":["Acrobatics"],"campfire_rested":1,"item_purchase_floors":[10],"current_hp_per_floor":[52,49,47,41,41,26,26,26,26,26,6,1,20,20,20,20,20],"gold":90,"neow_bonus":"REMOVE_TWO","is_daily":false,"chose_seed":false,"campfire_upgraded":2,"win_rate":0.0,"timestamp":1608987039,"path_taken":["M","M","M","M","?","E","R","?","T","?","E","?","R","M","R","BOSS"],"items_purchased_type":["Card"],"build_version":"2020-12-22","purchased_purges":0,"victory":false,"max_hp_per_floor":[66,66,66,66,66,66,66,66,66,66,66,66,66,66,66,66,66],"card_choices":[{"not_picked":["Prepared","Cloak And Dagger"],"picked":"Tactician","floor":1.0},{"not_picked":["Deflect","Skewer"],"picked":"Underhanded Strike","floor":2.0},{"not_picked":["Quick Slash","Cloak And Dagger"],"picked":"Deadly Poison","floor":3.0},{"not_picked":["Skewer","Footwork"],"picked":"Dagger Spray","floor":4.0},{"not_picked":["Prepared","Dash"],"picked":"Tools of the Trade","floor":5.0},{"not_picked":["Riddle With Holes","Underhanded Strike","Endless Agony"],"picked":"SKIP","floor":6.0},{"not_picked":["Underhanded Strike","Slice"],"picked":"After Image","floor":11},{"not_picked":["Concentrate","Quick Slash"],"picked":"Escape Plan","floor":14}],"player_experience":775370,"relics_obtained":[{"floor":6.0,"key":"Ninja Scroll"},{"floor":9.0,"key":"WingedGreaves"},{"floor":11,"key":"Pocketwatch"},{"floor":12,"key":"Odd Mushroom"}],"event_choices":[{"damage_healed":0.0,"max_hp_gain":0.0,"max_hp_loss":0.0,"gold_gain":0.0,"event_name":"Dead Adventurer","player_choice":"Searched \u00270\u0027 times","floor":8.0,"gold_loss":0.0,"damage_taken":0.0},{"damage_healed":0,"gold_gain":0,"player_choice":"Fought Mushrooms","damage_taken":0,"max_hp_gain":0,"max_hp_loss":0,"event_name":"Mushrooms","floor":12,"gold_loss":0}],"is_beta":false,"boss_relics":[],"items_purged_floors":[],"is_endless":false,"potions_floor_spawned":[1,2,3,5,14],"killed_by":"Slime Boss","ascension_level":20}}