{"host":"ya062ahhhuj9au1o","time":1608956157,"event":{"mods":["BaseMod","Better Third Choice","Filter the Spire","Hermit","Minty Spire (QoL Compilation)","Random Character Button","Robot Space Explorer","Somnambulant","StSLib","The Bug Knight","The Cursed","The Servant 0.9.4"],"gold_per_floor":[112,129,129,40,115,115,129,152,152,152,177,201,201,224,224,319,319,335,355,10,10,10,10,30,68,139,139,178,78,78,93,93,93,93],"floor_reached":33,"playtime":3031,"items_purged":["TheCursedMod:Defend_TheCursed","TheCursedMod:Defend_TheCursed"],"score":734,"play_id":"3baf096d-35e7-4bda-8c2d-c0cae5797c0a","local_time":"20201225231557","is_ascension_mode":true,"campfire_choices":[{"data":"TheCursedMod:CleanUpWorkshop","floor":6.0,"key":"SMITH"},{"data":"TheCursedMod:WearCloak","floor":10.0,"key":"SMITH"},{"data":"TheCursedMod:TacticalStrike","floor":13.0,"key":"SMITH"},{"data":"TheCursedMod:CircleOfCorruption","floor":15.0,"key":"SMITH"},{"data":"TheCursedMod:SpitefulPlan","floor":23.0,"key":"SMITH"},{"data":"TheCursedMod:StingEye","floor":30,"key":"SMITH"},{"data":"TheCursedMod:ReleasedStrength","floor":32,"key":"SMITH"}],"circlet_count":0,"master_deck":["AscendersBane","TheCursedMod:Strike_TheCursed","TheCursedMod:Strike_TheCursed","TheCursedMod:Strike_TheCursed","TheCursedMod:Strike_TheCursed","TheCursedMod:Defend_TheCursed+1","TheCursedMod:Defend_TheCursed","TheCursedMod:CursedWand","TheCursedMod:CleanUpWorkshop+1","TheCursedMod:Dregs","Parasite","TheCursedMod:SurpriseAttack","TheCursedMod:ReleasedStrength+1","TheCursedMod:Hemoplague","TheCursedMod:CircleOfCorruption+1","TheCursedMod:WearCloak+1","TheCursedMod:TacticalStrike+1","TheCursedMod:WearCloak+1","TheCursedMod:CircleOfAbyss","CurseOfTheBell","TheCursedMod:StingEye+1","Shame","TheCursedMod:SpitefulPlan+1","TheCursedMod:SoulReap"],"relics":["TheCursedMod:BlackMagic101","Bird Faced Urn","Golden Idol","Meat on the Bone","Bag of Marbles","Calling Bell","Lantern","HornCleat","Mango","StrikeDummy","Darkstone Periapt","War Paint","Singing Bowl","Ornamental Fan","CeramicFish"],"acts_visited":["Exordium","TheCity"],"potions_floor_usage":[28,31,33,33,33],"damage_taken":[{"damage":14.0,"enemies":"Small Slimes","floor":1.0,"turns":5.0},{"damage":7.0,"enemies":"Jaw Worm","floor":2.0,"turns":5.0},{"damage":1.0,"enemies":"2 Louse","floor":7.0,"turns":4.0},{"damage":8.0,"enemies":"Looter","floor":8.0,"turns":3.0},{"damage":13.0,"enemies":"Gremlin Gang","floor":12.0,"turns":5.0},{"damage":2.0,"enemies":"Large Slime","floor":14.0,"turns":5.0},{"damage":38.0,"enemies":"Hexaghost","floor":16.0,"turns":10.0},{"damage":4.0,"enemies":"Shell Parasite","floor":18.0,"turns":5.0},{"damage":3.0,"enemies":"2 Thieves","floor":19.0,"turns":5.0},{"damage":3.0,"enemies":"Snake Plant","floor":24.0,"turns":3.0},{"damage":0.0,"enemies":"HollowMod:Nosk","floor":25.0,"turns":6.0},{"damage":0,"enemies":"Gremlin Leader","floor":28,"turns":5},{"damage":0,"enemies":"Centurion and Healer","floor":31,"turns":5},{"damage":116,"enemies":"Collector","floor":33,"turns":9}],"seed_played":"-718596855037587845","potions_obtained":[{"floor":1.0,"key":"Energy Potion"},{"floor":2.0,"key":"LiquidMemories"},{"floor":8.0,"key":"LiquidMemories"},{"floor":16.0,"key":"LiquidBronze"},{"floor":24.0,"key":"Strength Potion"},{"floor":25.0,"key":"EntropicBrew"},{"floor":28,"key":"SkillPotion"}],"is_trial":false,"path_per_floor":["M","M","?","$","?","R","M","M","T","R","T","M","R","M","R","B",null,"M","M","$","?","?","R","M","E","T","T","E","$","R","M","R","B"],"character_chosen":"THE_CURSED","items_purchased":["TheCursedMod:Hemoplague","StrikeDummy"],"campfire_rested":0,"item_purchase_floors":[4,20],"current_hp_per_floor":[50,43,43,43,32,32,33,27,27,27,27,28,28,40,40,16,66,64,63,63,69,69,69,70,74,74,74,84,84,84,88,88,0,0],"gold":93,"neow_bonus":"ONE_RARE_RELIC","is_daily":false,"chose_seed":false,"campfire_upgraded":7,"win_rate":0.0,"timestamp":1608956157,"path_taken":["M","M","?","$","?","R","M","M","T","R","?","M","R","M","R","BOSS","M","M","$","?","?","R","M","E","T","?","E","$","R","?","R","BOSS"],"items_purchased_type":["Card","Relic"],"build_version":"2020-12-22","purchased_purges":2,"victory":false,"max_hp_per_floor":[71,71,64,64,64,64,64,64,64,64,64,64,64,64,64,64,78,78,78,78,84,84,84,84,84,84,84,86,86,86,88,88,88,88],"card_choices":[{"not_picked":["TheCursedMod:CircleOfAmplification","TheCursedMod:WearCloak"],"picked":"TheCursedMod:SurpriseAttack","floor":1.0},{"not_picked":["TheCursedMod:CursedBlade","TheCursedMod:CursedAmulet"],"picked":"TheCursedMod:ReleasedStrength","floor":2.0},{"not_picked":["TheCursedMod:CursedMace","TheCursedMod:WearCloak"],"picked":"TheCursedMod:CircleOfCorruption","floor":7.0},{"not_picked":["TheCursedMod:ReleasedStrength","TheCursedMod:TacticalStrike"],"picked":"TheCursedMod:WearCloak","floor":8.0},{"not_picked":["TheCursedMod:CursedBlade","TheCursedMod:ReleasedKnowledge"],"picked":"TheCursedMod:TacticalStrike","floor":12.0},{"not_picked":["TheCursedMod:Stigma","TheCursedMod:UltimatePain"],"picked":"TheCursedMod:WearCloak","floor":14.0},{"not_picked":["TheCursedMod:ForbiddenAlchemy","TheCursedMod:ParallelWorld"],"picked":"TheCursedMod:CircleOfAbyss","floor":16.0},{"not_picked":["TheCursedMod:VitalStrike+1","TheCursedMod:FuryStrike"],"picked":"TheCursedMod:StingEye","floor":18.0},{"not_picked":["TheCursedMod:CircleOfCorruption","TheCursedMod:ManaBullet","TheCursedMod:Obscuration"],"picked":"SKIP","floor":19.0},{"not_picked":["TheCursedMod:CursedBoomerang","TheCursedMod:RapidMovement","TheCursedMod:DoubleShield+1"],"picked":"SKIP","floor":24.0},{"not_picked":["TheCursedMod:CursedBoomerang","TheCursedMod:WearCloak"],"picked":"TheCursedMod:SoulReap","floor":25.0},{"not_picked":["TheCursedMod:CursedArmor","TheCursedMod:CursedShiv","TheCursedMod:CursedMace"],"picked":"Singing Bowl","floor":28},{"not_picked":["TheCursedMod:WearCloak","TheCursedMod:CursedAmulet","TheCursedMod:SpreadPlague+1"],"picked":"Singing Bowl","floor":31}],"player_experience":1668582,"relics_obtained":[{"floor":9.0,"key":"Meat on the Bone"},{"floor":11.0,"key":"Bag of Marbles"},{"floor":17.0,"key":"Lantern"},{"floor":17.0,"key":"HornCleat"},{"floor":17.0,"key":"Mango"},{"floor":25.0,"key":"War Paint"},{"floor":26.0,"key":"Singing Bowl"},{"floor":27.0,"key":"Ornamental Fan"},{"floor":28,"key":"CeramicFish"}],"event_choices":[{"damage_healed":0.0,"max_hp_gain":0.0,"max_hp_loss":7.0,"gold_gain":0.0,"event_name":"Golden Idol","player_choice":"Lose Max HP","floor":3.0,"gold_loss":0.0,"damage_taken":0.0,"relics_obtained":["Golden Idol"]},{"damage_healed":0.0,"max_hp_gain":0.0,"max_hp_loss":0.0,"gold_gain":75.0,"event_name":"betterThird:BetterGoop","player_choice":"Gold","floor":5.0,"gold_loss":0.0,"damage_taken":11.0},{"damage_healed":0.0,"max_hp_gain":0.0,"max_hp_loss":0.0,"gold_gain":0.0,"event_name":"Addict","player_choice":"Stole Relic","floor":21.0,"gold_loss":0.0,"damage_taken":0.0,"relics_obtained":["Darkstone Periapt"],"cards_obtained":["Shame"]},{"damage_healed":0.0,"max_hp_gain":0.0,"max_hp_loss":0.0,"gold_gain":0.0,"event_name":"The Library","player_choice":"Read","floor":22.0,"gold_loss":0.0,"damage_taken":0.0,"cards_obtained":["TheCursedMod:SpitefulPlan"]}],"is_beta":false,"boss_relics":[{"not_picked":["Empty Cage","Black Star"],"picked":"Calling Bell"}],"items_purged_floors":[20,29],"is_endless":false,"potions_floor_spawned":[1,2,8,16,24,25,28],"killed_by":"Collector","ascension_level":19}}