{"host":"mmqs5ul2bvb60kyc","time":1608941326,"event":{"mods":["BaseMod","Minty Spire (QoL Compilation)","StSLib"],"gold_per_floor":[114,114,129,144,159,159,189,189,189,219,294,324,324,339,339,439,439,454,454,177,276,42,42,72,72,122,161,59,98,113,143,143,252,252,267,263,298,307,332,371,371,401,401,401,440,215,215,245,245,245],"floor_reached":51,"playtime":2874,"items_purged":[],"score":1376,"play_id":"bb65fb2b-8fe3-441b-a258-aa1d423ca9a0","local_time":"20201226080846","daily_mods":["Draft","Hoarder","Elite Swarm"],"is_ascension_mode":false,"campfire_choices":[{"data":"Armaments","floor":6.0,"key":"SMITH"},{"data":"Limit Break","floor":8.0,"key":"SMITH"},{"data":"Limit Break","floor":13.0,"key":"SMITH"},{"floor":15.0,"key":"REST"},{"data":"Apotheosis","floor":23.0,"key":"SMITH"},{"data":"Apotheosis","floor":25.0,"key":"SMITH"},{"data":"Apotheosis","floor":32.0,"key":"SMITH"},{"data":"1","floor":41,"key":"LIFT"},{"data":"2","floor":44,"key":"LIFT"},{"data":"3","floor":47,"key":"LIFT"},{"floor":49,"key":"REST"}],"circlet_count":0,"master_deck":["Warcry","Warcry","Warcry","Pommel Strike","Pommel Strike","Pommel Strike","Flame Barrier","Flame Barrier","Flame Barrier","Iron Wave","Iron Wave","Iron Wave","Bloodletting","Bloodletting","Bloodletting","Cleave","Cleave","Cleave","Cleave","Cleave","Cleave","Shrug It Off","Shrug It Off","Shrug It Off","Seeing Red","Seeing Red","Seeing Red","Armaments","Armaments","Armaments+1","Seeing Red","Seeing Red","Seeing Red","Dropkick","Dropkick","Dropkick","Iron Wave","Iron Wave","Iron Wave","Disarm","Disarm","Disarm","Rupture","Rupture","Rupture","Decay","Decay","Decay","Shrug It Off","Shrug It Off","Shrug It Off","Limit Break","Limit Break+1","Limit Break+1","Fiend Fire","Fiend Fire","Fiend Fire","Impervious","Impervious","Impervious","Metallicize","Metallicize","Metallicize","Impervious","Impervious","Impervious","Sword Boomerang+1","Sword Boomerang","Sword Boomerang","J.A.X.","J.A.X.","J.A.X.","Dark Embrace","Dark Embrace","Dark Embrace","Secret Technique","Secret Technique","Secret Technique","Apotheosis+1","Apotheosis+1","Apotheosis+1","Flash of Steel","Flash of Steel","Flash of Steel+1","Barricade","Barricade","Barricade","Corruption","Corruption","Corruption","Inflame","Inflame","Inflame","Brutality","Brutality","Brutality","Exhume","Exhume","Exhume","True Grit","True Grit","True Grit","Discovery","Discovery","Discovery","Brutality","Brutality","Brutality","Demon Form","Demon Form","Demon Form"],"relics":["Burning Blood","Vajra","Pear","Potion Belt","InkBottle","Black Star","Membership Card","ClockworkSouvenir","Red Skull","Centennial Puzzle","CeramicFish","HornCleat","Magic Flower","Bag of Preparation","CaptainsWheel","Blue Candle","Bronze Scales","Orichalcum","Busted Crown","Girya","Anchor","Du-Vu Doll","Torii","Whetstone","Lizard Tail","Strawberry","Charon\u0027s Ashes","Bag of Marbles","Bottled Lightning","OrangePellets","White Beast Statue","Mummified Hand"],"acts_visited":["Exordium","TheCity","TheBeyond"],"potions_floor_usage":[50,50],"damage_taken":[{"damage":0.0,"enemies":"Small Slimes","floor":1.0,"turns":3.0},{"damage":0.0,"enemies":"Cultist","floor":3.0,"turns":3.0},{"damage":0.0,"enemies":"2 Louse","floor":4.0,"turns":1.0},{"damage":14.0,"enemies":"Large Slime","floor":5.0,"turns":7.0},{"damage":15.0,"enemies":"3 Sentries","floor":7.0,"turns":6.0},{"damage":14.0,"enemies":"Gremlin Nob","floor":10.0,"turns":4.0},{"damage":25.0,"enemies":"Lagavulin","floor":12.0,"turns":6.0},{"damage":9.0,"enemies":"Exordium Wildlife","floor":14.0,"turns":4.0},{"damage":11.0,"enemies":"Slime Boss","floor":16.0,"turns":9.0},{"damage":16.0,"enemies":"Shell Parasite","floor":18.0,"turns":5.0},{"damage":6.0,"enemies":"Gremlin Leader","floor":24.0,"turns":8.0},{"damage":9.0,"enemies":"Book of Stabbing","floor":27.0,"turns":8.0},{"damage":34.0,"enemies":"Slavers","floor":29.0,"turns":6.0},{"damage":8.0,"enemies":"Spheric Guardian","floor":30.0,"turns":5.0},{"damage":5.0,"enemies":"Book of Stabbing","floor":31.0,"turns":4.0},{"damage":9.0,"enemies":"Champ","floor":33.0,"turns":6.0},{"damage":10.0,"enemies":"3 Darklings","floor":35.0,"turns":2.0},{"damage":32.0,"enemies":"2 Orb Walkers","floor":37.0,"turns":3.0},{"damage":15,"enemies":"Reptomancer","floor":40,"turns":6},{"damage":12,"enemies":"Nemesis","floor":42,"turns":7},{"damage":13,"enemies":"Reptomancer","floor":45,"turns":4},{"damage":5,"enemies":"Giant Head","floor":48,"turns":3},{"damage":11,"enemies":"Donu and Deca","floor":50,"turns":3}],"seed_played":"-567031674859551473","potions_obtained":[{"floor":4.0,"key":"SteroidPotion"},{"floor":5.0,"key":"ColorlessPotion"},{"floor":7.0,"key":"Energy Potion"},{"floor":14.0,"key":"FearPotion"},{"floor":16.0,"key":"Regen Potion"},{"floor":27.0,"key":"LiquidMemories"},{"floor":30.0,"key":"SkillPotion"},{"floor":31.0,"key":"Swift Potion"},{"floor":42,"key":"Strength Potion"}],"is_trial":false,"path_per_floor":["M","?","M","M","M","R","E","R","T","E","?","E","R","M","R","B",null,"M","?","$","?","$","R","E","R","T","E","$","E","M","E","R","B",null,"M","$","?","?","T","E","R","E","T","R","E","$","R","E","R","B",null],"character_chosen":"IRONCLAD","items_purchased":["Membership Card","Dark Embrace","Secret Technique","Apotheosis","ClockworkSouvenir","SteroidPotion","Flash of Steel","Inflame","Bag of Preparation","True Grit","Bottled Lightning","OrangePellets","BloodPotion"],"campfire_rested":2,"item_purchase_floors":[20,20,20,22,22,22,22,28,28,36,46,46,46],"current_hp_per_floor":[80,80,80,80,72,72,63,63,73,65,54,35,35,32,59,54,90,80,80,80,80,80,80,80,80,80,77,77,76,77,81,81,81,90,89,89,66,66,66,60,60,57,64,64,60,60,60,64,93,91],"gold":245,"neow_bonus":"","is_daily":true,"chose_seed":false,"campfire_upgraded":6,"win_rate":0.0,"timestamp":1608941326,"path_taken":["M","?","M","M","?","R","E","R","T","E","?","E","R","M","R","BOSS","M","?","$","?","$","R","E","R","T","E","?","E","M","E","R","BOSS","M","$","?","?","?","E","R","E","T","R","E","$","R","E","R","BOSS"],"items_purchased_type":["Relic","Card","Card","Card","Relic","Potion","Card","Card","Relic","Card","Relic","Relic","Potion"],"build_version":"2020-12-22","purchased_purges":0,"victory":true,"max_hp_per_floor":[80,80,80,80,80,80,80,80,90,90,90,90,90,90,90,90,90,90,90,90,90,90,90,90,90,90,90,90,90,90,90,90,90,90,90,90,90,90,90,90,90,90,97,97,97,97,97,97,97,97],"card_choices":[{"not_picked":["Havoc","Iron Wave"],"picked":"Warcry","floor":0.0},{"not_picked":["Reckless Charge","Seeing Red"],"picked":"Pommel Strike","floor":0.0},{"not_picked":["Searing Blow","Thunderclap"],"picked":"Flame Barrier","floor":0.0},{"not_picked":["Sentinel","Heavy Blade"],"picked":"Iron Wave","floor":0.0},{"not_picked":["Clothesline","Heavy Blade"],"picked":"Bloodletting","floor":0.0},{"not_picked":["Dual Wield","Heavy Blade"],"picked":"Cleave","floor":0.0},{"not_picked":["Heavy Blade","Clash"],"picked":"Cleave","floor":0.0},{"not_picked":["Power Through","Flex"],"picked":"Shrug It Off","floor":0.0},{"not_picked":["Heavy Blade","Combust"],"picked":"Seeing Red","floor":0.0},{"not_picked":["Clash","Sword Boomerang"],"picked":"Armaments","floor":0.0},{"not_picked":["Thunderclap","Perfected Strike"],"picked":"Seeing Red","floor":0.0},{"not_picked":["Wild Strike","Dual Wield"],"picked":"Dropkick","floor":0.0},{"not_picked":["Cleave","Havoc"],"picked":"Iron Wave","floor":0.0},{"not_picked":["Havoc","Body Slam"],"picked":"Disarm","floor":0.0},{"not_picked":["Armaments","Clash"],"picked":"Rupture","floor":0.0},{"not_picked":["Thunderclap","Combust","Sentinel"],"picked":"SKIP","floor":1.0},{"not_picked":["Entrench","Heavy Blade"],"picked":"Shrug It Off","floor":3.0},{"not_picked":["Shrug It Off","Seeing Red","Heavy Blade"],"picked":"SKIP","floor":4.0},{"not_picked":["Clothesline","Searing Blow","Heavy Blade"],"picked":"SKIP","floor":5.0},{"not_picked":["Impervious","Exhume"],"picked":"Limit Break","floor":7.0},{"not_picked":["Offering","Reaper"],"picked":"Fiend Fire","floor":10.0},{"not_picked":["Limit Break","Reaper"],"picked":"Impervious","floor":12.0},{"not_picked":["Anger","Sever Soul"],"picked":"Metallicize","floor":14.0},{"not_picked":["Immolate","Bludgeon"],"picked":"Impervious","floor":16.0},{"not_picked":["Disarm","Dual Wield+1","Sword Boomerang"],"picked":"SKIP","floor":18.0},{"not_picked":["Disarm","Dual Wield+1"],"picked":"Sword Boomerang","floor":18.0},{"not_picked":["Impervious","Offering"],"picked":"Barricade","floor":24.0},{"not_picked":["Exhume","Juggernaut"],"picked":"Corruption","floor":27.0},{"not_picked":["Offering","Immolate"],"picked":"Brutality","floor":29.0},{"not_picked":["Infernal Blade","Perfected Strike","Reckless Charge"],"picked":"SKIP","floor":30.0},{"not_picked":["Reaper","Bludgeon","Immolate"],"picked":"SKIP","floor":31.0},{"not_picked":["Fiend Fire","Bludgeon"],"picked":"Exhume","floor":33.0},{"not_picked":["Anger+1"],"picked":"SKIP","floor":35.0},{"not_picked":[],"picked":"Discovery","floor":38},{"not_picked":[],"picked":"Brutality","floor":40},{"not_picked":["Offering"],"picked":"SKIP","floor":42},{"not_picked":[],"picked":"Demon Form","floor":45},{"not_picked":["Offering"],"picked":"SKIP","floor":48}],"player_experience":212313,"relics_obtained":[{"floor":7.0,"key":"Vajra"},{"floor":9.0,"key":"Pear"},{"floor":10.0,"key":"Potion Belt"},{"floor":12.0,"key":"InkBottle"},{"floor":24.0,"key":"Red Skull"},{"floor":24.0,"key":"Centennial Puzzle"},{"floor":26.0,"key":"CeramicFish"},{"floor":27.0,"key":"HornCleat"},{"floor":27.0,"key":"Magic Flower"},{"floor":29.0,"key":"CaptainsWheel"},{"floor":29.0,"key":"Blue Candle"},{"floor":31.0,"key":"Bronze Scales"},{"floor":31.0,"key":"Orichalcum"},{"floor":37.0,"key":"Girya"},{"floor":39,"key":"Anchor"},{"floor":40,"key":"Du-Vu Doll"},{"floor":40,"key":"Torii"},{"floor":42,"key":"Whetstone"},{"floor":42,"key":"Lizard Tail"},{"floor":43,"key":"Strawberry"},{"floor":45,"key":"Charon\u0027s Ashes"},{"floor":45,"key":"Bag of Marbles"},{"floor":48,"key":"White Beast Statue"},{"floor":48,"key":"Mummified Hand"}],"event_choices":[{"damage_healed":0.0,"max_hp_gain":0.0,"max_hp_loss":0.0,"gold_gain":0.0,"event_name":"Wheel of Change","player_choice":"Cursed","floor":2.0,"gold_loss":0.0,"damage_taken":0.0,"cards_obtained":["Decay"]},{"damage_healed":0.0,"max_hp_gain":0.0,"max_hp_loss":0.0,"gold_gain":75.0,"event_name":"World of Goop","player_choice":"Gather Gold","floor":11.0,"gold_loss":0.0,"damage_taken":11.0},{"damage_healed":0.0,"max_hp_gain":0.0,"max_hp_loss":0.0,"gold_gain":0.0,"event_name":"Drug Dealer","player_choice":"Obtain J.A.X.","floor":19.0,"gold_loss":0.0,"damage_taken":0.0,"cards_obtained":["J.A.X."]},{"damage_healed":0.0,"max_hp_gain":0.0,"max_hp_loss":0.0,"gold_gain":99.0,"event_name":"Nest","player_choice":"Stole From Cult","floor":21.0,"gold_loss":0.0,"damage_taken":0.0},{"damage_healed":0.0,"max_hp_gain":0.0,"max_hp_loss":0.0,"gold_gain":0.0,"event_name":"Mysterious Sphere","player_choice":"Fight","floor":37.0,"gold_loss":0.0,"damage_taken":0.0},{"damage_healed":0,"gold_gain":0,"player_choice":"Memory 1","damage_taken":0,"max_hp_gain":0,"max_hp_loss":0,"event_name":"SensoryStone","floor":38,"gold_loss":0}],"is_beta":false,"boss_relics":[{"not_picked":["SacredBark","Astrolabe"],"picked":"Black Star"},{"not_picked":["Cursed Key","Coffee Dripper"],"picked":"Busted Crown"}],"items_purged_floors":[],"is_endless":false,"potions_floor_spawned":[4,5,7,14,16,27,30,31,37,42,45,48],"ascension_level":0}}