{"host":"uyrebrj0204enqpc","time":1608950694,"event":{"mods":["Act Like it!","BaseMod","Block Reminder","Challenge The Spire","Colored Map","Colored Powertips","DeckTracker","Downfall","GifTheSpireLib","HexUI Lib","Highlight Path","Hubris","Minty Spire (QoL Compilation)","Pale of the Ancients","Quick Restart","Random Character Button","Relic Stats","Replay The Spire","Shop Mod","StSLib","The Blue Laboratory","The Bug Knight","The Cursed","The Marked"],"gold_per_floor":[536,172,284,401,518,518,358,167,283,393,504,504,361,261,381,496,616,727],"floor_reached":19,"playtime":1548,"items_purged":["TheCursedMod:Defend_TheCursed","TheCursedMod:Strike_TheCursed","TheCursedMod:Strike_TheCursed","TheCursedMod:Strike_TheCursed","TheCursedMod:Strike_TheCursed","TheCursedMod:Defend_TheCursed"],"score":2690,"play_id":"07b0ae1d-d442-453f-a742-5b5418be9e40","local_time":"20201225214454","daily_mods":["challengethespire:Bronze Difficulty","challengethespire:Boss Rush","Uncertain Future"],"is_ascension_mode":false,"campfire_choices":[],"circlet_count":0,"master_deck":["TheCursedMod:Defend_TheCursed+1","TheCursedMod:Defend_TheCursed+1","TheCursedMod:CursedWand","TheCursedMod:CleanUpWorkshop","TheCursedMod:Dregs","TheCursedMod:LuckyCharm+1","TheCursedMod:LuckyCharm+1","TheCursedMod:SpitefulPlan+1","TheCursedMod:CursedBlade+1","TheCursedMod:CursedShiv+1","TheCursedMod:CursedBlade+1","TheCursedMod:Obscuration+1","TheCursedMod:FleshFromBone+1","TheCursedMod:VoidForm+1","TheCursedMod:HellfireBreathing+1","TheCursedMod:SpitefulPlan+1","TheCursedMod:CollectTribute+1","TheCursedMod:Evocation+1","TheCursedMod:RapidMovement+1","TheCursedMod:LuckyCharm+1","TheCursedMod:LuckyCharm+1","TheCursedMod:HellfireBreathing+1","TheCursedMod:CollectTribute+1","TheCursedMod:ReleasedStrength+1","TheCursedMod:FleshFromBone+1","TheCursedMod:AshesToAshes+1"],"relics":["TheCursedMod:BlackMagic101","The Courier","Molten Egg 2","Toxic Egg 2","Frozen Egg 2","Bag of Preparation","Simple Rune","ClockworkSouvenir","White Beast Statue","Lantern","Strawberry","sneckomod:SneckoTalon","Membership Card","Happy Flower","hubris:MedicalManual","hubris:MysteriousPyramids","Pantograph","Eternal Feather","Nunchaku","HollowMod:QueensCombRelic","TheCursedMod:Tack"],"acts_visited":["Exordium"],"potions_floor_usage":[5,15,16,17,18],"damage_taken":[{"damage":12,"enemies":"The Guardian","floor":3,"turns":17},{"damage":0,"enemies":"Hexaghost","floor":4,"turns":18},{"damage":0,"enemies":"Slime Boss","floor":5,"turns":6},{"damage":0,"enemies":"Automaton","floor":9,"turns":8},{"damage":0,"enemies":"Collector","floor":10,"turns":6},{"damage":0,"enemies":"Champ","floor":11,"turns":8},{"damage":14,"enemies":"Awakened One","floor":15,"turns":8},{"damage":16,"enemies":"Time Eater","floor":16,"turns":9},{"damage":12,"enemies":"Donu and Deca","floor":17,"turns":8},{"damage":49,"enemies":"The Heart","floor":18,"turns":10}],"seed_played":"-5148592036554897684","potions_obtained":[{"floor":4,"key":"blueLaboratory:BottleOfVodka"},{"floor":5,"key":"blueLaboratory:PyrophylliteBrew"},{"floor":9,"key":"Swift Potion"},{"floor":10,"key":"blueLaboratory:FruitPunch"},{"floor":15,"key":"TheCursedMod:DregsPotion"},{"floor":16,"key":"hexamod:EctoCoolerPotion"},{"floor":17,"key":"ColorlessPotion"},{"floor":18,"key":"blueLaboratory:HorrorPotion"}],"is_trial":true,"path_per_floor":["$","$","M","M","M","T","$","$","M","M","M","T","$","$","M","M","M","M",null],"character_chosen":"THE_CURSED","items_purchased":["TheCursedMod:LuckyCharm+1","TheCursedMod:LuckyCharm+1","TheCursedMod:SpitefulPlan+1","TheCursedMod:CursedBlade+1","TheCursedMod:CursedShiv+1","TheCursedMod:CursedBlade+1","Bag of Preparation","TheCursedMod:Obscuration+1","Simple Rune","ClockworkSouvenir","TheCursedMod:SpitefulPlan+1","Membership Card","TheCursedMod:LuckyCharm+1","TheCursedMod:HellfireBreathing+1"],"campfire_rested":0,"item_purchase_floors":[1,1,1,1,1,1,1,2,2,2,7,8,13,13],"current_hp_per_floor":[75,75,63,63,70,70,70,70,70,70,70,70,70,70,68,66,54,5],"gold":727,"neow_bonus":"","is_daily":false,"chose_seed":false,"campfire_upgraded":0,"win_rate":0.0,"timestamp":1608950694,"path_taken":["$","$","M","M","M","T","$","$","M","M","M","T","$","$","M","M","M","M"],"items_purchased_type":["Card","Card","Card","Card","Card","Card","Relic","Card","Relic","Relic","Card","Relic","Card","Card"],"build_version":"2020-12-22","purchased_purges":6,"victory":true,"max_hp_per_floor":[75,75,75,75,82,82,82,82,82,82,82,82,82,82,82,82,54,54],"relic_stats":{"Nunchaku":[2],"Happy Flower":[16],"counters":[10,97],"Pantograph":42,"Eternal Feather":0,"Bag of Preparation":[20],"obtain_stats":[{"TheCursedMod:BlackMagic101":0,"HollowMod:QueensCombRelic":17,"Lantern":4,"Happy Flower":9,"TheCursedMod:Tack":18,"Eternal Feather":15,"The Courier":0,"hubris:MedicalManual":10,"Bag of Preparation":1,"Frozen Egg 2":0,"hubris:MysteriousPyramids":11,"sneckomod:SneckoTalon":6,"White Beast Statue":3,"ClockworkSouvenir":2,"Nunchaku":16,"Strawberry":5,"Pantograph":12,"Molten Egg 2":0,"Simple Rune":2,"Membership Card":8,"Toxic Egg 2":0},{"TheCursedMod:BlackMagic101":0,"HollowMod:QueensCombRelic":9,"Lantern":2,"Happy Flower":4,"TheCursedMod:Tack":10,"Eternal Feather":7,"The Courier":0,"hubris:MedicalManual":5,"Bag of Preparation":0,"Frozen Egg 2":0,"hubris:MysteriousPyramids":6,"sneckomod:SneckoTalon":3,"White Beast Statue":1,"ClockworkSouvenir":0,"Nunchaku":8,"Strawberry":3,"Pantograph":6,"Molten Egg 2":0,"Simple Rune":0,"Membership Card":3,"Toxic Egg 2":0},{"TheCursedMod:BlackMagic101":0,"HollowMod:QueensCombRelic":87,"Lantern":35,"Happy Flower":49,"TheCursedMod:Tack":97,"Eternal Feather":71,"The Courier":0,"hubris:MedicalManual":55,"Bag of Preparation":0,"Frozen Egg 2":0,"hubris:MysteriousPyramids":63,"sneckomod:SneckoTalon":41,"White Beast Statue":17,"ClockworkSouvenir":0,"Nunchaku":79,"Strawberry":41,"Pantograph":63,"Molten Egg 2":0,"Simple Rune":0,"Membership Card":41,"Toxic Egg 2":0}]},"card_choices":[],"player_experience":917730,"relics_obtained":[{"floor":3,"key":"White Beast Statue"},{"floor":4,"key":"Lantern"},{"floor":5,"key":"Strawberry"},{"floor":9,"key":"Happy Flower"},{"floor":10,"key":"hubris:MedicalManual"},{"floor":11,"key":"hubris:MysteriousPyramids"},{"floor":15,"key":"Eternal Feather"},{"floor":16,"key":"Nunchaku"},{"floor":17,"key":"HollowMod:QueensCombRelic"},{"floor":18,"key":"TheCursedMod:Tack"}],"event_choices":[],"is_beta":false,"boss_relics":[{"not_picked":["Snecko Heart","Runic Dome"],"picked":"sneckomod:SneckoTalon"},{"not_picked":["Empty Cage","hubris:VirtuousBlindfold"],"picked":"Pantograph"}],"items_purged_floors":[1,2,7,8,13,14],"is_endless":false,"potions_floor_spawned":[4,5,9,10,11,15,16,17,18],"ascension_level":0}}