{"host":"0m7uut7ws4kj19nt","time":1608960341,"event":{"mods":["AchievementEnabler","BaseMod","Minty Spire (QoL Compilation)","Replay The Spire","StSLib","The Cursed","The Necromancer"],"gold_per_floor":[111,121,131,150,150,180,255,255,255,283,300,300,332,352,352,452,452,469,487,501,501,80,114,114,124,124,149,149,179,189,214,214,309,309,327,345,18,64,64,92,92,124,174,174,174,206,206,261,261,261,261,261,56,83,83],"floor_reached":56,"playtime":3964,"items_purged":["ReplayTheSpireMod:Splinters"],"score":1239,"play_id":"1ce29c72-bbd3-464f-b21e-f970d18f37b9","local_time":"20201226122541","is_ascension_mode":true,"campfire_choices":[{"data":"TheCursedMod:CircleOfCorruption","floor":8.0,"key":"SMITH"},{"data":"TheCursedMod:CircleOfBlood","floor":15.0,"key":"SMITH"},{"data":"TheCursedMod:CollectTribute","floor":24.0,"key":"SMITH"},{"data":"TheCursedMod:Stretching","floor":28,"key":"SMITH"},{"data":"TheCursedMod:DarkBarrier","floor":32,"key":"SMITH"},{"data":"TheCursedMod:HellsGateOpen","floor":41,"key":"SMITH"},{"floor":44,"key":"REST"},{"floor":47,"key":"RECALL"},{"data":"Normality","floor":49,"key":"PURGE"},{"data":"TheCursedMod:CleanUpWorkshop","floor":52,"key":"SMITH"}],"circlet_count":0,"master_deck":["TheCursedMod:Strike_TheCursed","TheCursedMod:Strike_TheCursed","TheCursedMod:Strike_TheCursed","TheCursedMod:Defend_TheCursed","TheCursedMod:Defend_TheCursed","TheCursedMod:Defend_TheCursed","TheCursedMod:CursedWand","TheCursedMod:CleanUpWorkshop+1","TheCursedMod:Dregs","TheCursedMod:CircleOfCorruption+1","TheCursedMod:WearCloak","TheCursedMod:SoulReap","TheCursedMod:NeowsMight","TheCursedMod:DemonSword","TheCursedMod:CircleOfBlood+1","Pain","TheCursedMod:Stretching+1","TheCursedMod:CollectTribute","TheCursedMod:Evocation","TheCursedMod:ManaBullet","TheCursedMod:AbyssShockwave+1","TheCursedMod:CircleOfCorruption+1","TheCursedMod:CursedAmulet","TheCursedMod:HellsGateOpen+1","TheCursedMod:CollectTribute+1","TheCursedMod:LuckyCharm+1","TheCursedMod:CursedStaff+1","TheCursedMod:DarkBarrier+1","TheCursedMod:VoidForm","TheCursedMod:SmokeScreen+1","TheCursedMod:Obscuration+1","TheCursedMod:ParallelWorld","TheCursedMod:RapidMovement","TheCursedMod:CircleOfFlame+1","TheCursedMod:AshesToAshes+1","TheCursedMod:Wield+1","Writhe","TheCursedMod:SpitefulPlan","TheCursedMod:HellfireBreathing+1","TheCursedMod:Evocation","TheCursedMod:Neurasthenia"],"relics":["TheCursedMod:BlackMagic101","Vajra","Chameleon Ring","WarpedTongs","Replay:Bottled Flurry","Empty Cage","Nloth\u0027s Gift","Eternal Feather","Replay:WaspNest","Du-Vu Doll","Ancient Tea Set","Mirror","Black Star","Membership Card","PreservedInsect","WingedGreaves","ReplayTheSpireMod:Ring of Challenge","ReplayTheSpireMod:Ring of Collecting","Replay:Wax Seal","Molten Egg 2","Juzu Bracelet","ReplayTheSpireMod:Shallot","Ring of Panic","Replay:Baseball","Iron Hammer","Lantern","TheCursedMod:BloodyHarpoon","Shuriken","Gremlin Food","Pet Ghost"],"acts_visited":["Exordium","TheCity","TheBeyond","TheEnding"],"potions_floor_usage":[31,38,40,42,54],"damage_taken":[{"damage":4.0,"enemies":"Small Slimes","floor":1.0,"turns":4.0},{"damage":1.0,"enemies":"Cultist","floor":2.0,"turns":3.0},{"damage":0.0,"enemies":"2 Louse","floor":3.0,"turns":2.0},{"damage":13.0,"enemies":"Lots of Slimes","floor":4.0,"turns":6.0},{"damage":10.0,"enemies":"Replay:BlueRogue","floor":6.0,"turns":7.0},{"damage":13.0,"enemies":"Lagavulin","floor":10.0,"turns":5.0},{"damage":0.0,"enemies":"Exordium Wildlife","floor":11.0,"turns":2.0},{"damage":16.0,"enemies":"3 Sentries","floor":13.0,"turns":9.0},{"damage":7.0,"enemies":"Red Slaver","floor":14.0,"turns":3.0},{"damage":58.0,"enemies":"Slime Boss","floor":16.0,"turns":10.0},{"damage":4.0,"enemies":"2 Thieves","floor":18.0,"turns":3.0},{"damage":1.0,"enemies":"Chosen","floor":19.0,"turns":5.0},{"damage":10.0,"enemies":"Sentry and Sphere","floor":20.0,"turns":2.0},{"damage":16.0,"enemies":"Book of Stabbing","floor":23.0,"turns":6.0},{"damage":18,"enemies":"Shelled Parasite and Fungi","floor":25,"turns":3},{"damage":10,"enemies":"Replay:Snechameleon","floor":27,"turns":4},{"damage":12,"enemies":"Book of Stabbing","floor":29,"turns":4},{"damage":23,"enemies":"Centurion and Healer","floor":30,"turns":4},{"damage":30,"enemies":"Gremlin Leader","floor":31,"turns":7},{"damage":7,"enemies":"Automaton","floor":33,"turns":7},{"damage":18,"enemies":"Orb Walker","floor":35,"turns":2},{"damage":25,"enemies":"3 Shapes","floor":36,"turns":5},{"damage":9,"enemies":"2 Orb Walkers","floor":38,"turns":4},{"damage":28,"enemies":"Giant Head","floor":40,"turns":6},{"damage":54,"enemies":"Reptomancer","floor":42,"turns":4},{"damage":11,"enemies":"Nemesis","floor":46,"turns":7},{"damage":14,"enemies":"Replay:Hell Engine","floor":50,"turns":7},{"damage":27,"enemies":"Shield and Spear","floor":54,"turns":4},{"damage":34,"enemies":"The Heart","floor":55,"turns":7}],"seed_played":"-7262462793291727903","potions_obtained":[{"floor":1.0,"key":"TheCursedMod:DregsPotion"},{"floor":3.0,"key":"Regen Potion"},{"floor":6.0,"key":"Strength Potion"},{"floor":16.0,"key":"GamblersBrew"},{"floor":18.0,"key":"LifebloodPotion"},{"floor":19.0,"key":"Death Potion"},{"floor":25,"key":"PowerPotion"},{"floor":30,"key":"Energy Potion"},{"floor":35,"key":"Block Potion"},{"floor":36,"key":"Ancient Potion"},{"floor":38,"key":"TheCursedMod:DregsPotion"},{"floor":42,"key":"FearPotion"},{"floor":48,"key":"AttackPotion"}],"is_trial":false,"path_per_floor":["M","M","M","M","$","E","?","R","T","E","M","?","E","M","R","B",null,"M","M","M","?","$","E","R","M","T","E","R","E","M","E","R","B",null,"M","M","$","?","?","E","R","E","T","R","?","E","R","?","R","B",null,"R","$","E","B",null],"character_chosen":"THE_CURSED","items_purchased":["TheCursedMod:CircleOfCorruption+1","TheCursedMod:CursedAmulet","TheCursedMod:HellsGateOpen","Eternal Feather","Membership Card","PreservedInsect","TheCursedMod:ParallelWorld","TheCursedMod:RapidMovement","Shuriken","TheCursedMod:Evocation"],"campfire_rested":1,"item_purchase_floors":[22,22,22,22,37,37,37,37,53,53],"current_hp_per_floor":[78,77,77,78,78,72,64,64,64,59,59,59,57,50,50,24,82,79,82,78,78,78,70,82,72,72,80,82,70,51,36,51,56,82,64,43,43,42,42,31,52,10,10,55,76,78,82,82,82,74,82,82,82,59,29],"gold":83,"neow_bonus":"TEN_PERCENT_HP_BONUS","is_daily":false,"chose_seed":false,"campfire_upgraded":7,"win_rate":0.0,"timestamp":1608960341,"path_taken":["M","M","M","M","$","E","?","R","T","E","?","?","E","M","R","BOSS","M","M","?","?","$","E","R","M","T","E","R","E","M","E","R","BOSS","M","M","$","?","?","E","R","E","T","R","?","E","R","?","R","BOSS","R","$","E","BOSS"],"items_purchased_type":["Card","Card","Card","Relic","Relic","Relic","Card","Card","Relic","Card"],"build_version":"2020-12-22","purchased_purges":1,"victory":true,"max_hp_per_floor":[82,82,82,82,82,82,82,82,82,82,82,82,82,82,82,82,82,82,82,82,82,82,82,82,82,82,82,82,82,82,82,82,82,82,82,82,82,82,82,82,82,82,82,82,82,82,82,82,82,82,82,82,82,82,82],"card_choices":[{"not_picked":["TheCursedMod:Stigma","TheCursedMod:WearCloak"],"picked":"TheCursedMod:CircleOfCorruption","floor":1.0},{"not_picked":["TheCursedMod:SurpriseAttack","TheCursedMod:FuryStrike"],"picked":"TheCursedMod:WearCloak","floor":2.0},{"not_picked":["TheCursedMod:VitalStrike","TheCursedMod:StingEye"],"picked":"TheCursedMod:SoulReap","floor":3.0},{"not_picked":["TheCursedMod:Wield","TheCursedMod:CursedAmulet"],"picked":"TheCursedMod:NeowsMight","floor":4.0},{"not_picked":["TheCursedMod:StingEye","TheCursedMod:Obscuration","TheCursedMod:VitalStrike"],"picked":"SKIP","floor":6.0},{"not_picked":["TheCursedMod:CursedBlade","TheCursedMod:SurpriseAttack"],"picked":"TheCursedMod:DemonSword","floor":10.0},{"not_picked":["TheCursedMod:CursedBoomerang","TheCursedMod:CircleOfWindfury"],"picked":"TheCursedMod:CircleOfBlood","floor":11.0},{"not_picked":["TheCursedMod:SaltUponWound","TheCursedMod:TacticalStrike"],"picked":"TheCursedMod:Stretching","floor":13.0},{"not_picked":["TheCursedMod:Hemoplague","TheCursedMod:TacticalStrike","TheCursedMod:Stigma"],"picked":"SKIP","floor":14.0},{"not_picked":["TheCursedMod:CursedRelics","TheCursedMod:AntiAging"],"picked":"TheCursedMod:CollectTribute","floor":16.0},{"not_picked":["TheCursedMod:Obscuration","TheCursedMod:CursedMace+1"],"picked":"TheCursedMod:Evocation","floor":18.0},{"not_picked":["TheCursedMod:RavingStaff","TheCursedMod:SpreadPlague+1"],"picked":"TheCursedMod:ManaBullet","floor":19.0},{"not_picked":["TheCursedMod:Stigma","TheCursedMod:CircleOfAmplification+1"],"picked":"TheCursedMod:AbyssShockwave+1","floor":20.0},{"not_picked":["TheCursedMod:EmpowerCircles","TheCursedMod:Stretching+1"],"picked":"TheCursedMod:CollectTribute","floor":23.0},{"not_picked":["TheCursedMod:RapidMovement","TheCursedMod:ManaBullet"],"picked":"TheCursedMod:LuckyCharm+1","floor":25},{"not_picked":["TheCursedMod:CircleOfBlood","TheCursedMod:Stigma","TheCursedMod:CircleOfWindfury"],"picked":"SKIP","floor":27},{"not_picked":["TheCursedMod:CircleOfBlood+1","TheCursedMod:CircleOfFocus+1"],"picked":"TheCursedMod:CursedStaff+1","floor":29},{"not_picked":["TheCursedMod:VitalStrike+1","TheCursedMod:CircleOfCorruption","TheCursedMod:RavingStaff"],"picked":"SKIP","floor":30},{"not_picked":["TheCursedMod:CursedBlade","TheCursedMod:CircleOfWindfury"],"picked":"TheCursedMod:DarkBarrier","floor":31},{"not_picked":["TheCursedMod:CircleOfAbyss","TheCursedMod:NeowsMight"],"picked":"TheCursedMod:VoidForm","floor":33},{"not_picked":["TheCursedMod:RavingStaff+1","TheCursedMod:SaltUponWound+1"],"picked":"TheCursedMod:SmokeScreen+1","floor":35},{"not_picked":["TheCursedMod:CursedBlade","TheCursedMod:AshesToAshes"],"picked":"TheCursedMod:Obscuration+1","floor":36},{"not_picked":["TheCursedMod:CursedShiv","TheCursedMod:SurpriseAttack"],"picked":"TheCursedMod:CircleOfFlame+1","floor":38},{"not_picked":["TheCursedMod:SoulReap+1","TheCursedMod:Stigma+1"],"picked":"TheCursedMod:AshesToAshes+1","floor":40},{"not_picked":["TheCursedMod:StingEye+1","TheCursedMod:ShockAndAwe+1"],"picked":"TheCursedMod:Wield+1","floor":42},{"not_picked":["TheCursedMod:SoulReap+1","TheCursedMod:CircleOfAmplification"],"picked":"TheCursedMod:SpitefulPlan","floor":46},{"not_picked":["TheCursedMod:SpreadPlague+1","TheCursedMod:Torture+1"],"picked":"TheCursedMod:HellfireBreathing+1","floor":48},{"not_picked":["TheCursedMod:ForbiddenAlchemy","TheCursedMod:TroublousMinions+1"],"picked":"TheCursedMod:Neurasthenia","floor":54}],"player_experience":111032,"relics_obtained":[{"floor":6.0,"key":"Vajra"},{"floor":9.0,"key":"Blue Doll"},{"floor":10.0,"key":"Chameleon Ring"},{"floor":13.0,"key":"Replay:Bottled Flurry"},{"floor":23.0,"key":"Replay:WaspNest"},{"floor":27,"key":"Du-Vu Doll"},{"floor":29,"key":"Ancient Tea Set"},{"floor":31,"key":"Mirror"},{"floor":38,"key":"WingedGreaves"},{"floor":39,"key":"ReplayTheSpireMod:Ring of Challenge"},{"floor":39,"key":"ReplayTheSpireMod:Ring of Collecting"},{"floor":40,"key":"Replay:Wax Seal"},{"floor":40,"key":"Molten Egg 2"},{"floor":42,"key":"Juzu Bracelet"},{"floor":42,"key":"ReplayTheSpireMod:Shallot"},{"floor":43,"key":"Ring of Panic"},{"floor":43,"key":"Replay:Baseball"},{"floor":46,"key":"Iron Hammer"},{"floor":46,"key":"Lantern"},{"floor":48,"key":"TheCursedMod:BloodyHarpoon"},{"floor":54,"key":"Gremlin Food"},{"floor":54,"key":"Pet Ghost"}],"event_choices":[{"damage_healed":0.0,"max_hp_gain":0.0,"max_hp_loss":0.0,"gold_gain":75.0,"event_name":"FaceTrader","player_choice":"Touch","floor":7.0,"gold_loss":0.0,"damage_taken":8.0},{"damage_healed":0.0,"max_hp_gain":0.0,"max_hp_loss":0.0,"gold_gain":0.0,"event_name":"Accursed Blacksmith","player_choice":"Rummage","floor":12.0,"gold_loss":0.0,"damage_taken":0.0,"relics_obtained":["WarpedTongs"],"cards_obtained":["Pain"]},{"damage_healed":0.0,"max_hp_gain":0.0,"max_hp_loss":0.0,"gold_gain":0.0,"event_name":"N\u0027loth","player_choice":"Traded Relic","floor":21.0,"relics_lost":["Blue Doll"],"gold_loss":0.0,"damage_taken":0.0,"relics_obtained":["Nloth\u0027s Gift"]},{"damage_healed":0,"gold_gain":0,"player_choice":"Fight","damage_taken":0,"max_hp_gain":0,"max_hp_loss":0,"event_name":"Mysterious Sphere","floor":38,"gold_loss":0},{"damage_healed":21,"gold_gain":0,"player_choice":"Writhe","damage_taken":0,"max_hp_gain":0,"max_hp_loss":0,"event_name":"Winding Halls","floor":45,"gold_loss":0,"cards_obtained":["Writhe"]}],"is_beta":false,"boss_relics":[{"not_picked":["Snecko Heart","Velvet Choker"],"picked":"Empty Cage"},{"not_picked":["Replay:Grab Bag","ChewingGum"],"picked":"Black Star"}],"items_purged_floors":[53],"is_endless":false,"potions_floor_spawned":[1,3,6,16,18,19,25,30,35,36,38,42],"ascension_level":2}}