{"host":"ilrepnd391jk07a9","time":1608985129,"event":{"mods":["Aspiration","BaseMod","Better Altar","Better Note","Better Skull","Better Third Choice","BetterRewards","Colored Powertips","DeckTracker","Defuse TimeMaze Blight","Downfall","GifTheSpireLib","Gremlin Skip","Halation","Highlight Path","Hubris","Minty Spire (QoL Compilation)","Quick Restart","Relic Stats","Replay The Spire","StSLib","Stuff the Spire","everything is the same but u backflip on backflip","vexMod"],"gold_per_floor":[99,99,99,99,99,99,99,127,146,164,164,89,108,141,155,256,256,256,256,275,275,325,325,325,392,392,392,171,186,217,227,238,343,343,268,282,296,296,123,123,204,230,230,240,240,240,240],"floor_reached":45,"playtime":3110,"items_purged":["Guardian:Strike_Guardian","Guardian:Orbwalk+1"],"score":543,"play_id":"6a512a45-71db-4220-9dfd-376df031d96d","local_time":"20201227011849","is_ascension_mode":true,"campfire_choices":[{"data":"Guardian:TwinSlam","floor":1.0,"key":"SMITH"},{"data":"Guardian:BaubleBeam","floor":6.0,"key":"SMITH"},{"floor":12.0,"key":"REST"},{"data":"Guardian:CurlUp","floor":18.0,"key":"SMITH"},{"data":"Guardian:Orbwalk","floor":23.0,"key":"SMITH"},{"floor":26.0,"key":"RECALL"},{"data":"Guardian:VentSteam","floor":35,"key":"SMITH"},{"data":"Guardian:FloatingOrbs","floor":40,"key":"SMITH"}],"circlet_count":0,"master_deck":["Guardian:Strike_Guardian","Guardian:Strike_Guardian","Guardian:Defend_Guardian","Guardian:Defend_Guardian","Guardian:Defend_Guardian","Guardian:Defend_Guardian","Guardian:CurlUp+1","Guardian:TwinSlam+1","Guardian:Clone+1","Guardian:Incinerate","Guardian:BaubleBeam+1","Guardian:FloatingOrbs+1","Guardian:VentSteam+1","Guardian:Planning+1","Guardian:BronzeArmor+1","Guardian:Harden+1","Guardian:FierceBash+1","Guardian:DonusPower+1","Guardian:ShieldCharger+1","Guardian:TemporalShield+1","Guardian:Emergency+1","Guardian:Recover+1","Guardian:Suspension+1","Guardian:FuturePlans","Guardian:FuturePlans","Guardian:BronzeOrb+1"],"relics":["Guardian:ModeShifter","downfall:HeartsMalice","Pen Nib","downfall:HeartBlessingBlue","StoneCalendar","vexMod:MysteryBossChallenge","StuffTheSpire:RunicHypercube","downfall:KnowingSkull","Snack Pack","Toxic Egg 2","InkBottle","vexMod:ImprovementManual","downfall:HeartBlessingRed","halation:PinkSoulGem","Replay:Bottled Flurry","StuffTheSpire:Expresso","halation:PapillonHeart"],"acts_visited":["Exordium","TheCity","TheBeyond"],"potions_floor_usage":[29,29,29,31,33,37,42],"damage_taken":[{"damage":0.0,"enemies":"2 Louse","floor":2.0,"turns":1.0},{"damage":0.0,"enemies":"Small Slimes","floor":4.0,"turns":1.0},{"damage":0.0,"enemies":"Cultist","floor":5.0,"turns":1.0},{"damage":24.0,"enemies":"3 Sentries","floor":8.0,"turns":8.0},{"damage":32.0,"enemies":"Exordium Wildlife","floor":9.0,"turns":6.0},{"damage":11.0,"enemies":"Blue Slaver","floor":10.0,"turns":3.0},{"damage":6.0,"enemies":"2 Fungi Beasts","floor":13.0,"turns":3.0},{"damage":12.0,"enemies":"Lagavulin","floor":14.0,"turns":5.0},{"damage":13.0,"enemies":"3 Louse","floor":15.0,"turns":3.0},{"damage":17.0,"enemies":"downfall:Ironclad","floor":16.0,"turns":9.0},{"damage":0.0,"enemies":"Chosen","floor":19.0,"turns":1.0},{"damage":0.0,"enemies":"Snake Plant","floor":20.0,"turns":3.0},{"damage":12.0,"enemies":"3 Cultists","floor":22.0,"turns":5.0},{"damage":11,"enemies":"downfall:FleeingMerchant","floor":28,"turns":4},{"damage":11,"enemies":"Shelled Parasite and Fungi","floor":29,"turns":4},{"damage":7,"enemies":"Gremlin Leader","floor":30,"turns":8},{"damage":10,"enemies":"Snecko","floor":31,"turns":4},{"damage":0,"enemies":"3 Cultists","floor":32,"turns":3},{"damage":17,"enemies":"downfall:Watcher","floor":33,"turns":7},{"damage":16,"enemies":"Orb Walker","floor":36,"turns":2},{"damage":20,"enemies":"3 Darklings","floor":37,"turns":7},{"damage":0,"enemies":"downfall:FleeingMerchant","floor":39,"turns":4},{"damage":89,"enemies":"Giant Head","floor":42,"turns":8},{"damage":19,"enemies":"Sphere and 2 Shapes","floor":44,"turns":5},{"damage":31,"enemies":"Nemesis","floor":45,"turns":2}],"seed_played":"-2336181287091878507","potions_obtained":[{"floor":8.0,"key":"Fire Potion"},{"floor":13.0,"key":"Toxic Potion"},{"floor":16.0,"key":"champ:CounterPotion"},{"floor":25.0,"key":"FairyPotion"},{"floor":29,"key":"Fruit Juice"},{"floor":30,"key":"AttackPotion"},{"floor":33,"key":"Adrenaline Potion"},{"floor":37,"key":"Block Potion"},{"floor":42,"key":"FearPotion"},{"floor":44,"key":"sneckomod:MuddlingPotion"}],"is_trial":false,"path_per_floor":["R","M","?","M","M","R","T","E","M","M","?","R","M","E","M","B",null,"R","M","M","?","M","R","T","?","R","?","$","M","E","M","M","B",null,"R","M","M","?","$","R","T","E","?","M","E"],"character_chosen":"GUARDIAN","items_purchased":["Guardian:Gem_Red","Guardian:Gem_Fragmented","Guardian:FuturePlans"],"campfire_rested":1,"item_purchase_floors":[28,28,39],"current_hp_per_floor":[80,80,80,80,80,80,80,56,24,13,13,50,44,32,19,2,90,90,90,90,82,70,70,70,34,34,34,25,16,19,11,15,9,95,95,79,59,59,61,61,61,28,28,17,0,0,0],"gold":240,"neow_bonus":"THREE_ENEMY_KILL","is_daily":false,"chose_seed":false,"campfire_upgraded":6,"win_rate":0.0,"timestamp":1608985129,"path_taken":["R","M","?","M","M","R","T","E","M","M","?","R","M","E","M","BOSS","R","M","M","?","?","R","T","?","R","?","$","M","E","M","M","BOSS","R","M","M","?","$","R","T","E","?","M","E"],"items_purchased_type":["Card","Card","Card"],"build_version":"2020-12-22","purchased_purges":2,"victory":false,"max_hp_per_floor":[80,80,80,80,80,80,80,80,80,80,80,90,90,90,90,90,90,90,90,90,90,90,90,90,90,90,90,90,90,90,90,90,95,95,95,95,95,95,95,95,95,95,90,90,90,90,90],"relic_stats":{"counters":[25,104],"StoneCalendar":[178],"Pen Nib":[19],"obtain_stats":[{"halation:PapillonHeart":43,"StuffTheSpire:RunicHypercube":17,"downfall:HeartBlessingRed":35,"Guardian:ModeShifter":0,"vexMod:MysteryBossChallenge":17,"StuffTheSpire:Expresso":42,"downfall:HeartsMalice":0,"StoneCalendar":14,"Pen Nib":8,"downfall:BrokenWingStatue":3,"downfall:HeartBlessingBlue":12,"downfall:KnowingSkull":21,"Snack Pack":24,"Replay:Bottled Flurry":41,"Toxic Egg 2":25,"halation:PinkSoulGem":38,"InkBottle":30,"vexMod:ImprovementManual":34},{"halation:PapillonHeart":23,"StuffTheSpire:RunicHypercube":10,"downfall:HeartBlessingRed":19,"Guardian:ModeShifter":0,"vexMod:MysteryBossChallenge":10,"StuffTheSpire:Expresso":23,"downfall:HeartsMalice":0,"StoneCalendar":8,"Pen Nib":4,"downfall:BrokenWingStatue":1,"downfall:HeartBlessingBlue":6,"downfall:KnowingSkull":12,"Snack Pack":13,"Replay:Bottled Flurry":22,"Toxic Egg 2":13,"halation:PinkSoulGem":21,"InkBottle":16,"vexMod:ImprovementManual":19},{"halation:PapillonHeart":97,"StuffTheSpire:RunicHypercube":37,"downfall:HeartBlessingRed":76,"Guardian:ModeShifter":0,"vexMod:MysteryBossChallenge":37,"StuffTheSpire:Expresso":97,"downfall:HeartsMalice":0,"StoneCalendar":25,"Pen Nib":8,"downfall:BrokenWingStatue":0,"downfall:HeartBlessingBlue":17,"downfall:KnowingSkull":41,"Snack Pack":46,"Replay:Bottled Flurry":89,"Toxic Egg 2":46,"halation:PinkSoulGem":85,"InkBottle":62,"vexMod:ImprovementManual":76}],"InkBottle":[23]},"card_choices":[{"not_picked":["Guardian:Emergency","Guardian:Gem_Red"],"picked":"Guardian:Clone","floor":2.0},{"not_picked":["Guardian:TemporalStrike","Guardian:CrystalBeam"],"picked":"Guardian:Incinerate","floor":4.0},{"not_picked":["Guardian:ShieldCharger","Guardian:EvasiveProtocol"],"picked":"Guardian:BaubleBeam","floor":5.0},{"not_picked":["Guardian:RollAttack","Guardian:SentryBeam"],"picked":"Guardian:FloatingOrbs","floor":8.0},{"not_picked":["Guardian:WalkerClaw","Guardian:PolyBeam"],"picked":"Guardian:VentSteam","floor":9.0},{"not_picked":["Guardian:ChargeCore","Guardian:WalkerClaw"],"picked":"Guardian:Planning","floor":10.0},{"not_picked":["Guardian:Incinerate","Guardian:TimeSifter"],"picked":"Guardian:Gem_Lightblue","floor":13.0},{"not_picked":["Guardian:Gem_Cyan","Guardian:BronzeOrb"],"picked":"Guardian:BronzeArmor","floor":14.0},{"not_picked":["Guardian:PrimingBeam","Guardian:GuardianWhirl"],"picked":"Guardian:Harden","floor":15.0},{"not_picked":["Guardian:GemFire","Guardian:CompilePackage"],"picked":"Guardian:FierceBash","floor":16.0},{"not_picked":["Guardian:BronzeArmor","Guardian:Planning"],"picked":"Guardian:Gem_Yellow","floor":19.0},{"not_picked":["Guardian:ChargeUp","Guardian:EvasiveProtocol+1"],"picked":"Guardian:Orbwalk","floor":20.0},{"not_picked":["Guardian:WalkerClaw","Guardian:Incinerate","Guardian:CrystalBeam"],"picked":"SKIP","floor":22.0},{"not_picked":["Guardian:ExploitGems+1","Guardian:Reroute"],"picked":"Guardian:DonusPower+1","floor":25.0},{"not_picked":["Guardian:HyperBeam_Guardian","Guardian:RollAttack"],"picked":"Guardian:ShieldCharger+1","floor":28},{"not_picked":["Guardian:RollAttack+1","Guardian:RefractedBeam+1","Guardian:ShieldCharger+1"],"picked":"SKIP","floor":29},{"not_picked":["Guardian:Gem_Lightblue","Guardian:Planning+1"],"picked":"Guardian:TemporalShield+1","floor":30},{"not_picked":["Guardian:ArmoredProtocol","Guardian:ShieldSpikes+1"],"picked":"Guardian:Gem_White","floor":31},{"not_picked":["Guardian:Gem_Green","Guardian:PrismaticBeam"],"picked":"Guardian:Emergency+1","floor":32},{"not_picked":["Guardian:Gem_Green","Guardian:Clone+1","Guardian:PrismaticBarrier+1"],"picked":"SKIP","floor":36},{"not_picked":["Guardian:PrismaticBeam+1","Guardian:Gem_Red"],"picked":"Guardian:Recover+1","floor":37},{"not_picked":["Guardian:WalkerClaw+1","Guardian:Gem_Fragmented"],"picked":"Guardian:Suspension+1","floor":39},{"not_picked":["Guardian:Gem_Red","Guardian:PrimingBeam+1"],"picked":"Guardian:BronzeOrb+1","floor":42},{"not_picked":["Guardian:MultiBeam+1","Guardian:Reroute+1","Guardian:TemporalShield+1"],"picked":"SKIP","floor":44}],"player_experience":827242,"relics_obtained":[{"floor":8.0,"key":"Pen Nib"},{"floor":14.0,"key":"StoneCalendar"},{"floor":24.0,"key":"Snack Pack"},{"floor":25.0,"key":"Toxic Egg 2"},{"floor":30,"key":"InkBottle"},{"floor":41,"key":"Replay:Bottled Flurry"},{"floor":42,"key":"StuffTheSpire:Expresso"}],"event_choices":[],"is_beta":false,"boss_relics":[{"not_picked":["vexMod:EndlessSickness","Kintsugi"],"picked":"vexMod:MysteryBossChallenge"},{"not_picked":["halation:LoveArrow","SlaversCollar"],"picked":"vexMod:ImprovementManual"}],"items_purged_floors":[28,39],"is_endless":false,"potions_floor_spawned":[8,13,16,29,30,33,37,42,44],"killed_by":"Nemesis","ascension_level":2}}