{"host":"Ansgar","time":1608962498,"event":{"mods":["AchievementEnabler","BaseMod","Colored Map","Highlight Path","Minty Spire (QoL Compilation)","Relic Stats","StSLib"],"gold_per_floor":[111,124,49,49,68,99,99,133,133,146,15,15,15,40,40,118,118,132,143,1,51,68,68,68],"floor_reached":23,"playtime":1706,"items_purged":["Strike_B","Strike_B"],"score":418,"play_id":"b43e9a67-772c-4aa9-aada-12611e3e2ea1","local_time":"20201226070138","is_ascension_mode":true,"campfire_choices":[{"floor":7,"key":"REST"},{"data":"Defragment","floor":12,"key":"SMITH"},{"data":"Genetic Algorithm","floor":15,"key":"SMITH"}],"circlet_count":0,"master_deck":["AscendersBane","Strike_B","Defend_B+1","Defend_B+1","Defend_B","Defend_B","Zap","Dualcast","Genetic Algorithm+1","Cold Snap","White Noise","Defragment+1","All For One","Cold Snap","Streamline","Force Field","Biased Cognition","Turbo","Leap+1","Defragment"],"relics":["Cracked Core","Vajra","Regal Pillow","Eternal Feather","HornCleat","Boot","Runic Pyramid"],"acts_visited":["Exordium","TheCity"],"potions_floor_usage":[6,8,19,23],"damage_taken":[{"damage":0,"enemies":"2 Louse","floor":1,"turns":2},{"damage":11,"enemies":"Jaw Worm","floor":2,"turns":4},{"damage":0,"enemies":"Small Slimes","floor":5,"turns":4},{"damage":6,"enemies":"Gremlin Nob","floor":6,"turns":3},{"damage":12,"enemies":"Lagavulin","floor":8,"turns":7},{"damage":0,"enemies":"Red Slaver","floor":10,"turns":3},{"damage":4,"enemies":"3 Sentries","floor":14,"turns":4},{"damage":14,"enemies":"The Guardian","floor":16,"turns":12},{"damage":8,"enemies":"Chosen","floor":18,"turns":5},{"damage":1,"enemies":"Spheric Guardian","floor":19,"turns":4},{"damage":5,"enemies":"Shelled Parasite and Fungi","floor":22,"turns":4},{"damage":82,"enemies":"Gremlin Leader","floor":23,"turns":10}],"seed_played":"-9130561468246442350","potions_obtained":[{"floor":1,"key":"SpeedPotion"},{"floor":2,"key":"Dexterity Potion"},{"floor":5,"key":"Strength Potion"},{"floor":14,"key":"Weak Potion"},{"floor":18,"key":"ColorlessPotion"}],"is_trial":false,"path_per_floor":["M","M","?","?","M","E","R","E","T","M","$","R","?","E","R","B",null,"M","M","$","?","M","E"],"character_chosen":"DEFECT","items_purchased":["Streamline","Defragment"],"campfire_rested":1,"item_purchase_floors":[11,20],"current_hp_per_floor":[64,53,53,32,32,26,62,50,50,50,50,59,59,55,64,50,66,58,57,57,57,52,0,0],"gold":68,"neow_bonus":"RANDOM_COMMON_RELIC","is_daily":false,"chose_seed":false,"campfire_upgraded":2,"win_rate":0.0,"timestamp":1608962498,"path_taken":["M","M","?","?","M","E","R","E","T","M","?","R","?","E","R","BOSS","M","M","$","?","?","E"],"items_purchased_type":["Card","Card"],"build_version":"2020-12-18","purchased_purges":2,"victory":false,"max_hp_per_floor":[71,71,71,71,71,71,71,71,71,71,71,71,71,71,71,71,71,71,71,71,71,71,71,71],"relic_stats":{"Regal Pillow":15,"counters":[12,62],"Eternal Feather":18,"Boot":[5],"obtain_stats":[{"Regal Pillow":6,"HornCleat":9,"Vajra":0,"Eternal Feather":8,"Cracked Core":0,"Boot":14,"Runic Pyramid":17},{"Regal Pillow":4,"HornCleat":5,"Vajra":0,"Eternal Feather":5,"Cracked Core":0,"Boot":7,"Runic Pyramid":8},{"Regal Pillow":13,"HornCleat":20,"Vajra":0,"Eternal Feather":20,"Cracked Core":0,"Boot":27,"Runic Pyramid":39}]},"card_choices":[{"not_picked":["Steam","Chill"],"picked":"Genetic Algorithm","floor":1},{"not_picked":["Streamline","Coolheaded"],"picked":"Cold Snap","floor":2},{"not_picked":["Force Field","Stack"],"picked":"White Noise","floor":5},{"not_picked":["Melter","Lockon"],"picked":"Defragment","floor":6},{"not_picked":["Redo","Turbo"],"picked":"All For One","floor":8},{"not_picked":["Steam","Ball Lightning"],"picked":"Cold Snap","floor":10},{"not_picked":["Cold Snap","Blizzard"],"picked":"Force Field","floor":14},{"not_picked":["Machine Learning","Meteor Strike"],"picked":"Biased Cognition","floor":16},{"not_picked":["Beam Cell","Barrage"],"picked":"Turbo","floor":18},{"not_picked":["Sweeping Beam","Barrage"],"picked":"Leap+1","floor":19},{"not_picked":["Cold Snap","Reprogram","Barrage"],"picked":"SKIP","floor":22}],"player_experience":1218400,"relics_obtained":[{"floor":6,"key":"Regal Pillow"},{"floor":8,"key":"Eternal Feather"},{"floor":9,"key":"HornCleat"},{"floor":14,"key":"Boot"}],"event_choices":[{"cards_removed":["Strike_B"],"damage_healed":0,"gold_gain":0,"player_choice":"Card Removal","damage_taken":0,"max_hp_gain":0,"max_hp_loss":0,"event_name":"The Cleric","floor":3,"gold_loss":75},{"damage_healed":0,"gold_gain":0,"player_choice":"Entered Light","damage_taken":21,"max_hp_gain":0,"max_hp_loss":0,"event_name":"Shining Light","floor":4,"gold_loss":0,"cards_upgraded":["Defend_B","Defend_B"]},{"damage_healed":0,"gold_gain":0,"player_choice":"Ignored","damage_taken":0,"max_hp_gain":0,"max_hp_loss":0,"event_name":"Liars Game","floor":13,"gold_loss":0},{"damage_healed":0,"gold_gain":50,"player_choice":"Pray","damage_taken":0,"max_hp_gain":0,"max_hp_loss":0,"event_name":"Golden Shrine","floor":21,"gold_loss":0}],"is_beta":true,"boss_relics":[{"not_picked":["Astrolabe","Ectoplasm"],"picked":"Runic Pyramid"}],"items_purged_floors":[11,20],"is_endless":false,"potions_floor_spawned":[1,2,5,14,18],"killed_by":"Gremlin Leader","ascension_level":20}}