{"host":"03a85bwj0a5skoit","time":1608986402,"event":{"mods":["BaseMod","Block Reminder","Minty Spire (QoL Compilation)","Relic Stats","StSLib"],"gold_per_floor":[119,119,136,149,74,104,104,137,137,137,137,153,170,190,190,267,267,287,287,287,306,306,306,306],"floor_reached":23,"playtime":607,"items_purged":[],"score":477,"play_id":"5041f81e-1c42-4c81-826c-aa6d33f4d3fb","local_time":"20201226231002","is_ascension_mode":true,"campfire_choices":[{"data":"Defragment","floor":11,"key":"SMITH"},{"floor":15,"key":"REST"}],"circlet_count":0,"master_deck":["AscendersBane","Defend_B","Defend_B","Defend_B","Defend_B","Zap","Dualcast","Defragment+1","Redo","Ball Lightning","Gash","Undo","Cold Snap","Hologram","Fission","Coolheaded","Ghostly","Ghostly","Ghostly","Bite","Bite","Bite","Bite","Bite","Self Repair"],"relics":["Cracked Core","NeowsBlessing","Pear","Kunai","InkBottle","The Courier","Cursed Key"],"acts_visited":["Exordium","TheCity"],"potions_floor_usage":[6,6,8,16,23,23],"damage_taken":[{"damage":0,"enemies":"Cultist","floor":1,"turns":1},{"damage":0,"enemies":"Jaw Worm","floor":3,"turns":1},{"damage":0,"enemies":"2 Louse","floor":4,"turns":1},{"damage":0,"enemies":"Gremlin Nob","floor":6,"turns":3},{"damage":25,"enemies":"Lagavulin","floor":8,"turns":5},{"damage":1,"enemies":"2 Fungi Beasts","floor":12,"turns":3},{"damage":14,"enemies":"Exordium Wildlife","floor":13,"turns":3},{"damage":0,"enemies":"Blue Slaver","floor":14,"turns":3},{"damage":6,"enemies":"Slime Boss","floor":16,"turns":7},{"damage":9,"enemies":"Chosen","floor":18,"turns":5},{"damage":0,"enemies":"Shell Parasite","floor":21,"turns":8},{"damage":52,"enemies":"Gremlin Leader","floor":23,"turns":8}],"seed_played":"4087271005183446688","potions_obtained":[{"floor":2,"key":"Fire Potion"},{"floor":2,"key":"Block Potion"},{"floor":6,"key":"AttackPotion"},{"floor":8,"key":"EssenceOfDarkness"},{"floor":12,"key":"Explosive Potion"},{"floor":21,"key":"Dexterity Potion"}],"is_trial":false,"path_per_floor":["M","?","M","M","?","E","?","E","T","?","R","M","M","M","R","B",null,"M","?","?","M","T","E"],"character_chosen":"DEFECT","items_purchased":[],"campfire_rested":1,"item_purchase_floors":[],"current_hp_per_floor":[64,64,64,64,64,74,48,23,23,23,23,22,8,8,32,26,67,58,40,28,28,28,0,0],"gold":306,"neow_bonus":"THREE_ENEMY_KILL","is_daily":false,"chose_seed":false,"campfire_upgraded":1,"win_rate":0.0,"timestamp":1608986402,"path_taken":["M","?","?","M","?","E","?","E","T","?","R","?","M","M","R","BOSS","M","?","?","M","?","E"],"items_purchased_type":[],"build_version":"2020-12-22","purchased_purges":0,"victory":false,"max_hp_per_floor":[71,71,71,71,71,81,81,81,81,81,81,81,81,81,81,81,81,81,40,28,28,28,28,28],"relic_stats":{"counters":[12,48],"Kunai":[6],"Cursed Key":0,"obtain_stats":[{"Pear":6,"NeowsBlessing":0,"The Courier":9,"Kunai":7,"Cracked Core":0,"Cursed Key":17,"InkBottle":8},{"Pear":4,"NeowsBlessing":0,"The Courier":5,"Kunai":4,"Cracked Core":0,"Cursed Key":9,"InkBottle":5},{"Pear":6,"NeowsBlessing":0,"The Courier":11,"Kunai":6,"Cracked Core":0,"Cursed Key":27,"InkBottle":11}],"InkBottle":[11]},"card_choices":[{"not_picked":["Ball Lightning","Steam"],"picked":"Defragment","floor":1},{"not_picked":["Go for the Eyes","Stack","Auto Shields"],"picked":"SKIP","floor":3},{"not_picked":["Rip and Tear","Leap"],"picked":"Redo","floor":4},{"not_picked":["Static Discharge","Rebound"],"picked":"Ball Lightning","floor":6},{"not_picked":["Machine Learning","White Noise"],"picked":"Gash","floor":8},{"not_picked":["Streamline","Storm"],"picked":"Undo","floor":12},{"not_picked":["Leap","Redo"],"picked":"Cold Snap","floor":13},{"not_picked":["Force Field","Ball Lightning"],"picked":"Hologram","floor":14},{"not_picked":["Hyperbeam","Meteor Strike"],"picked":"Fission","floor":16},{"not_picked":["Tempest","Lockon"],"picked":"Coolheaded","floor":18},{"not_picked":["Conserve Battery+1","Rebound"],"picked":"Self Repair","floor":21}],"player_experience":2320017,"relics_obtained":[{"floor":6,"key":"Pear"},{"floor":8,"key":"InkBottle"},{"floor":9,"key":"The Courier"}],"event_choices":[{"damage_healed":0,"gold_gain":0,"player_choice":"Got Potions","damage_taken":0,"max_hp_gain":0,"max_hp_loss":0,"event_name":"Lab","floor":2,"gold_loss":0},{"cards_removed":["Strike_B"],"damage_healed":0,"gold_gain":0,"player_choice":"Card Removal","damage_taken":0,"max_hp_gain":0,"max_hp_loss":0,"event_name":"The Cleric","floor":5,"gold_loss":75},{"damage_healed":0,"gold_gain":0,"player_choice":"Success","damage_taken":26,"relics_obtained":["Kunai"],"max_hp_gain":0,"max_hp_loss":0,"event_name":"Scrap Ooze","floor":7,"gold_loss":0},{"damage_healed":0,"gold_gain":0,"player_choice":"Ignored","damage_taken":0,"max_hp_gain":0,"max_hp_loss":0,"event_name":"Shining Light","floor":10,"gold_loss":0},{"damage_healed":0,"gold_gain":0,"player_choice":"Became a Ghost","damage_taken":0,"max_hp_gain":0,"max_hp_loss":41,"event_name":"Ghosts","floor":19,"gold_loss":0,"cards_obtained":["Ghostly","Ghostly","Ghostly"]},{"damage_healed":0,"gold_gain":0,"player_choice":"Became a vampire","damage_taken":0,"max_hp_gain":0,"max_hp_loss":12,"event_name":"Vampires","floor":20,"gold_loss":0,"cards_obtained":["Bite","Bite","Bite","Bite","Bite"]}],"is_beta":false,"boss_relics":[{"not_picked":["Snecko Eye","FrozenCore"],"picked":"Cursed Key"}],"items_purged_floors":[],"is_endless":false,"potions_floor_spawned":[3,6,8,12,13,21],"killed_by":"Gremlin Leader","ascension_level":20}}