{"host":"cdsckls8bq3ibwt8","time":1608943031,"event":{"mods":["AchievementEnabler","BaseMod","Better Third Choice","Downfall","Hermit","Minty Spire (QoL Compilation)","Rare Cards Sparkle","Relic Stats","Replay The Spire","StSLib","The Cursed","The Disciple"],"gold_per_floor":[113,113,113,13,13,13,64,77,77,92,11,77,136,172,172,268,268,331,341,73,86,155,189,220,220,270,313,401,316,357,426,426,522,522,583,583,805,170,235,274,274,274,274,362,374,469,506,557,64,128,128,128,128],"floor_reached":52,"playtime":3037,"items_purged":["Amnesia","Strike_R","Injury","Strike_R"],"score":1755,"play_id":"8a0ad792-9554-47c8-bdfd-e24d5b737248","local_time":"20201225163711","is_ascension_mode":true,"campfire_choices":[{"data":"Bash","floor":6.0,"key":"SMITH"},{"data":"Demon Form","floor":15.0,"key":"SMITH"},{"floor":25.0,"key":"REST"},{"data":"ReplayTheSpireMod:Limb From Limb","floor":32.0,"key":"SMITH"},{"floor":41.0,"key":"DIG"},{"floor":51,"key":"RECALL"}],"circlet_count":0,"master_deck":["AscendersBane","Strike_R+1","Strike_R+1","Strike_R","Defend_R","Defend_R","Defend_R","Defend_R","Bash+1","Shrug It Off","Clothesline","Demon Form+1","Flame Barrier","Twin Strike","Ghostly Armor","Flex","Shrug It Off","Iron Wave+1","Limit Break","ReplayTheSpireMod:Limb From Limb+1","Heavy Blade+1","Shrug It Off","Shrug It Off","Reaper","ReplayTheSpireMod:Muscle Training+1","Mayhem","expansioncontent:QuickStudy","Dramatic Entrance","Sword Boomerang+1","Sword Boomerang","Pot Of Greed","Pot Of Greed","Pot Of Greed","Battle Trance","Enlightenment","Dark Embrace+1"],"relics":["Burning Blood","Bird Faced Urn","ReplayTheSpireMod:Ring of Challenge","Ring of Misfortune","Golden Idol","Eternal Feather","White Beast Statue","Nunchaku","Ooze Armor","PreservedInsect","Lantern","TungstenRod","Red Mask","Replay:Mystery Machine","Mirror","Vajra","Whetstone","Cursed Key","Toolbox","Blood Vial","Replay:Rubber Ducky","Shovel","InkBottle","MawBank","Question Card","Grinning Jar","Frozen Egg 2","Oddly Smooth Stone"],"acts_visited":["TheCity","TheBeyond"],"potions_floor_usage":[46,47,48,48,52],"damage_taken":[{"damage":7.0,"enemies":"Cultist","floor":1.0,"turns":4.0},{"damage":9.0,"enemies":"Lagavulin","floor":7.0,"turns":7.0},{"damage":0.0,"enemies":"Small Slimes","floor":8.0,"turns":3.0},{"damage":4.0,"enemies":"Jaw Worm","floor":10.0,"turns":5.0},{"damage":1.0,"enemies":"Blue Slaver","floor":12.0,"turns":5.0},{"damage":29.0,"enemies":"Exordium Wildlife","floor":13.0,"turns":7.0},{"damage":10.0,"enemies":"Gremlin Nob","floor":14.0,"turns":4.0},{"damage":16.0,"enemies":"The Guardian","floor":16.0,"turns":10.0},{"damage":11.0,"enemies":"Spheric Guardian","floor":18.0,"turns":6.0},{"damage":20.0,"enemies":"2 Thieves","floor":19.0,"turns":5.0},{"damage":5.0,"enemies":"Snake Plant","floor":21.0,"turns":3.0},{"damage":17.0,"enemies":"Shelled Parasite and Fungi","floor":22.0,"turns":5.0},{"damage":21.0,"enemies":"Slavers","floor":23.0,"turns":5.0},{"damage":15.0,"enemies":"Snecko","floor":24.0,"turns":4.0},{"damage":8.0,"enemies":"Masked Bandits","floor":27.0,"turns":3.0},{"damage":19.0,"enemies":"Book of Stabbing","floor":28.0,"turns":4.0},{"damage":5.0,"enemies":"Gremlin Leader","floor":30.0,"turns":4.0},{"damage":11.0,"enemies":"Centurion and Healer","floor":31.0,"turns":5.0},{"damage":2.0,"enemies":"Pondfish","floor":33.0,"turns":9.0},{"damage":47.0,"enemies":"3 Darklings","floor":35.0,"turns":6.0},{"damage":0.0,"enemies":"3 Shapes","floor":39.0,"turns":6.0},{"damage":20.0,"enemies":"Reptomancer","floor":40.0,"turns":6.0},{"damage":50.0,"enemies":"Giant Head","floor":44.0,"turns":6.0},{"damage":29,"enemies":"R_Hoarder","floor":46,"turns":9},{"damage":17,"enemies":"Sphere and 2 Shapes","floor":47,"turns":5},{"damage":17,"enemies":"Reptomancer","floor":48,"turns":5},{"damage":44,"enemies":"4 Shapes","floor":50,"turns":3},{"damage":82,"enemies":"Time Eater","floor":52,"turns":10}],"seed_played":"-4666753489009488209","potions_obtained":[{"floor":1.0,"key":"DistilledChaos"},{"floor":7.0,"key":"ElixirPotion"},{"floor":10.0,"key":"BlessingOfTheForge"},{"floor":12.0,"key":"Strength Potion"},{"floor":14.0,"key":"PowerPotion"},{"floor":16.0,"key":"SpeedPotion"},{"floor":18.0,"key":"Languid Potion"},{"floor":19.0,"key":"Cursed Concoction"},{"floor":21.0,"key":"LiquidMemories"},{"floor":22.0,"key":"Swift Potion"},{"floor":23.0,"key":"LiquidMemories"},{"floor":24.0,"key":"Death Potion"},{"floor":27.0,"key":"Explosive Potion"},{"floor":28.0,"key":"Swift Potion"},{"floor":30.0,"key":"Venom Potion"},{"floor":31.0,"key":"Dexterity Potion"},{"floor":33.0,"key":"Venom Potion"},{"floor":35.0,"key":"Regen Potion"},{"floor":39.0,"key":"Languid Potion"},{"floor":40.0,"key":"Fruit Juice"},{"floor":44.0,"key":"SteroidPotion"},{"floor":46,"key":"Languid Potion"},{"floor":47,"key":"BloodPotion"},{"floor":48,"key":"Explosive Potion"},{"floor":50,"key":"ElixirPotion"}],"is_trial":false,"path_per_floor":["M","?","?","$","?","R","E","M","T","M","$","M","M","E","R","B",null,"M","M","$","M","M","E","M","R","T","?","E","?","E","M","R","B",null,"M","?","?","$","M","E","R","PTL","PTL","E","T","E","M","E","$","M","R","B"],"character_chosen":"IRONCLAD","items_purchased":["Clothesline","Ghostly Armor","Lantern","Toolbox","Blood Vial","Replay:Rubber Ducky","Enlightenment","Oddly Smooth Stone","Dark Embrace+1"],"campfire_rested":1,"item_purchase_floors":[4,11,20,38,38,38,49,49,49],"current_hp_per_floor":[67,67,67,67,47,47,44,52,52,54,54,61,40,36,48,40,61,58,48,48,51,42,29,22,54,54,52,41,41,44,41,56,62,67,48,39,39,39,68,68,68,68,68,50,50,35,51,58,58,73,73,0,0],"gold":128,"neow_bonus":"ONE_RARE_RELIC","is_daily":false,"chose_seed":false,"campfire_upgraded":3,"win_rate":0.0,"timestamp":1608943031,"path_taken":["M","?","?","$","?","R","E","M","T","M","?","?","M","E","R","BOSS","M","M","$","M","M","E","M","R","T","?","E","?","E","M","R","BOSS","M","?","?","$","M","E","R","PTL","PTL","E","T","E","M","E","?","M","R","BOSS"],"items_purchased_type":["Card","Card","Relic","Relic","Relic","Relic","Card","Relic","Card"],"build_version":"2020-12-22","purchased_purges":4,"victory":false,"max_hp_per_floor":[68,68,68,68,68,68,68,68,68,68,68,68,68,68,68,68,68,68,68,68,68,68,68,68,68,68,68,68,68,68,68,68,68,68,68,68,68,68,68,68,68,68,68,73,73,73,73,73,73,73,73,73,73],"relic_stats":{"counters":[28,154],"Golden Idol":172,"Eternal Feather":39,"PreservedInsect":475,"Whetstone":["Heavy Blade","Iron Wave"],"Cursed Key":0,"MawBank":60,"Question Card":4,"Burning Blood":151,"Blood Vial":10,"Nunchaku":[18],"Shovel":1,"Bird Faced Urn":[66],"obtain_stats":[{"Lantern":20,"Vajra":29,"Whetstone":30,"Replay:Mystery Machine":28,"Cursed Key":34,"Burning Blood":0,"Replay:Rubber Ducky":38,"Blood Vial":38,"Nunchaku":14,"Shovel":40,"Toolbox":38,"Red Mask":27,"InkBottle":41,"Golden Idol":3,"Oddly Smooth Stone":49,"Eternal Feather":7,"PreservedInsect":18,"Frozen Egg 2":48,"MawBank":44,"Question Card":44,"White Beast Statue":9,"Ooze Armor":17,"Bird Faced Urn":0,"Ring of Misfortune":2,"ReplayTheSpireMod:Ring of Challenge":2,"Grinning Jar":46,"Mirror":28,"TungstenRod":23},{"Lantern":10,"Vajra":16,"Whetstone":17,"Replay:Mystery Machine":16,"Cursed Key":19,"Burning Blood":0,"Replay:Rubber Ducky":20,"Blood Vial":20,"Nunchaku":7,"Shovel":22,"Toolbox":20,"Red Mask":15,"InkBottle":22,"Golden Idol":1,"Oddly Smooth Stone":26,"Eternal Feather":2,"PreservedInsect":9,"Frozen Egg 2":26,"MawBank":23,"Question Card":23,"White Beast Statue":3,"Ooze Armor":8,"Bird Faced Urn":0,"Ring of Misfortune":1,"ReplayTheSpireMod:Ring of Challenge":1,"Grinning Jar":24,"Mirror":16,"TungstenRod":13},{"Lantern":56,"Vajra":80,"Whetstone":84,"Replay:Mystery Machine":80,"Cursed Key":98,"Burning Blood":0,"Replay:Rubber Ducky":104,"Blood Vial":104,"Nunchaku":35,"Shovel":116,"Toolbox":104,"Red Mask":76,"InkBottle":116,"Golden Idol":4,"Oddly Smooth Stone":141,"Eternal Feather":11,"PreservedInsect":51,"Frozen Egg 2":141,"MawBank":122,"Question Card":122,"White Beast Statue":14,"Ooze Armor":45,"Bird Faced Urn":0,"Ring of Misfortune":4,"ReplayTheSpireMod:Ring of Challenge":4,"Grinning Jar":131,"Mirror":80,"TungstenRod":69}],"TungstenRod":61,"InkBottle":[16]},"card_choices":[{"not_picked":["Body Slam","Seeing Red"],"picked":"Shrug It Off","floor":1.0},{"not_picked":["Searing Blow","Barricade"],"picked":"Demon Form","floor":7.0},{"not_picked":["ReplayTheSpireMod:Limb From Limb","Rupture"],"picked":"Flame Barrier","floor":8.0},{"not_picked":["Shockwave","Carnage"],"picked":"Twin Strike","floor":10.0},{"not_picked":["Havoc","Pommel Strike"],"picked":"Flex","floor":12.0},{"not_picked":["Cleave","Sentinel"],"picked":"Shrug It Off","floor":13.0},{"not_picked":["Anger","Clothesline"],"picked":"Iron Wave","floor":14.0},{"not_picked":["Juggernaut","Berserk"],"picked":"Limit Break","floor":16.0},{"not_picked":["Shockwave","ReplayReversal"],"picked":"ReplayTheSpireMod:Limb From Limb","floor":18.0},{"not_picked":["Iron Wave","Spot Weakness"],"picked":"Heavy Blade","floor":19.0},{"not_picked":["Abandon","Bloodletting"],"picked":"Shrug It Off","floor":21.0},{"not_picked":["Run Through","Heavy Blade+1","Replay:Undeath\u0027s Touch"],"picked":"SKIP","floor":22.0},{"not_picked":["Dual Wield","Wild Strike","Armaments"],"picked":"SKIP","floor":23.0},{"not_picked":["Headbutt+1","Wild Strike","Pommel Strike"],"picked":"SKIP","floor":24.0},{"not_picked":["Clothesline","Exhume"],"picked":"Shrug It Off","floor":27.0},{"not_picked":["Infernal Blade","Clothesline","Flex"],"picked":"SKIP","floor":28.0},{"not_picked":["Thunderclap","Life Link","Heavy Blade"],"picked":"SKIP","floor":30.0},{"not_picked":["Pommel Strike","Headbutt+1","Iron Wave"],"picked":"SKIP","floor":31.0},{"not_picked":["Limit Break","Offering"],"picked":"Reaper","floor":33.0},{"not_picked":["Havoc","Iron Wave+1"],"picked":"ReplayTheSpireMod:Muscle Training+1","floor":35.0},{"not_picked":["expansioncontent:Hexaburn","Swift Strike"],"picked":"Mayhem","floor":36.0},{"not_picked":["Panacea","expansioncontent:DecasProtection"],"picked":"expansioncontent:QuickStudy","floor":36.0},{"not_picked":["expansioncontent:LastStand","Secret Technique"],"picked":"Dramatic Entrance","floor":36.0},{"not_picked":["Fire Breathing","Clothesline+1"],"picked":"Sword Boomerang+1","floor":39.0},{"not_picked":["Heavy Blade","Replay:Undeath\u0027s Touch","True Grit"],"picked":"SKIP","floor":40.0},{"not_picked":["Shrug It Off","Defy Death"],"picked":"Sword Boomerang","floor":44.0},{"not_picked":["Fiend Fire","ReplayTheSpireMod:Corrosion Curse","Anger+1","Abandon+1"],"picked":"SKIP","floor":46},{"not_picked":["Clothesline","Heavy Blade","Replay:Undeath\u0027s Touch","Metallicize"],"picked":"SKIP","floor":47},{"not_picked":["Havoc","Demon Form+1","Rampage+1"],"picked":"Battle Trance","floor":48},{"not_picked":["Pommel Strike","Body Slam","Iron Wave","Run Through"],"picked":"SKIP","floor":50}],"player_experience":362228,"relics_obtained":[{"floor":2.0,"key":"ReplayTheSpireMod:Ring of Challenge"},{"floor":2.0,"key":"Ring of Misfortune"},{"floor":7.0,"key":"Eternal Feather"},{"floor":9.0,"key":"White Beast Statue"},{"floor":14.0,"key":"Nunchaku"},{"floor":18.0,"key":"PreservedInsect"},{"floor":23.0,"key":"TungstenRod"},{"floor":27.0,"key":"Red Mask"},{"floor":28.0,"key":"Replay:Mystery Machine"},{"floor":28.0,"key":"Mirror"},{"floor":30.0,"key":"Whetstone"},{"floor":40.0,"key":"Shovel"},{"floor":41.0,"key":"InkBottle"},{"floor":44.0,"key":"MawBank"},{"floor":44.0,"key":"Question Card"},{"floor":46,"key":"Grinning Jar"},{"floor":48,"key":"Frozen Egg 2"}],"event_choices":[{"damage_healed":0.0,"max_hp_gain":0.0,"max_hp_loss":0.0,"gold_gain":0.0,"event_name":"Golden Idol","player_choice":"Take Wound","floor":3.0,"gold_loss":0.0,"damage_taken":0.0,"relics_obtained":["Golden Idol"],"cards_obtained":["Injury"]},{"damage_healed":67.0,"max_hp_gain":0.0,"max_hp_loss":68.0,"gold_gain":0.0,"event_name":"betterThird:BetterShining","player_choice":"Upgrade","floor":5.0,"gold_loss":0.0,"damage_taken":20.0,"cards_upgraded":["Strike_R","Strike_R"]},{"damage_healed":0.0,"max_hp_gain":0.0,"max_hp_loss":0.0,"gold_gain":0.0,"event_name":"Masked Bandits","player_choice":"Fought Bandits","floor":27.0,"gold_loss":0.0,"damage_taken":0.0},{"damage_healed":0.0,"max_hp_gain":0.0,"max_hp_loss":0.0,"gold_gain":0.0,"event_name":"Addict","player_choice":"Obtained Relic","floor":29.0,"gold_loss":85.0,"damage_taken":0.0,"relics_obtained":["Vajra"]},{"damage_healed":0.0,"max_hp_gain":0.0,"max_hp_loss":0.0,"gold_gain":0.0,"event_name":"SensoryStone","player_choice":"Memory 3","floor":36.0,"gold_loss":0.0,"damage_taken":10.0},{"damage_healed":0.0,"max_hp_gain":0.0,"max_hp_loss":0.0,"gold_gain":222.0,"event_name":"Tomb of Lord Red Mask","player_choice":"Wore Mask","floor":37.0,"gold_loss":0.0,"damage_taken":0.0}],"is_beta":false,"boss_relics":[{"not_picked":["Pandora\u0027s Box","Calling Bell"],"picked":"Ooze Armor"},{"not_picked":["Runic Dome","Astrolabe"],"picked":"Cursed Key"}],"items_purged_floors":[4,20,38,49],"is_endless":false,"potions_floor_spawned":[1,7,10,12,13,14,16,18,19,21,22,23,24,27,28,30,31,33,35,39,40,44,46,47,48,50],"killed_by":"Time Eater","ascension_level":20}}