{"host":"qjr2x8lg4bxz99yh","time":1608951209,"event":{"mods":["Act Like it!","BaseMod","Colored Powertips","Downfall","Friendly Minions","Hallownest","Hermit","Minty Spire (QoL Compilation)","Replay The Spire","StSLib","The Bug Knight","The Cursed","The Disciple","The Hierophant","The Jungle","The Necromancer","The Runesmith","everything is the same but u backflip on backflip"],"gold_per_floor":[115,128,147,162,44,59,69,134,134,150,150,150,166,183,183,283,283,293,55,55,46,21,21,34,47,102,102,102],"floor_reached":27,"playtime":2381,"items_purged":[],"score":211,"play_id":"403c72b9-dc15-46a0-8c4f-b09ca4d0745b","local_time":"20201225205329","is_ascension_mode":false,"campfire_choices":[{"floor":11,"key":"REST"},{"floor":15,"key":"REST"},{"floor":23,"key":"REST"}],"circlet_count":0,"master_deck":["hermit:Strike_Hermit","hermit:Strike_Hermit","hermit:Strike_Hermit","hermit:Strike_Hermit","hermit:Defend_Hermit","hermit:Defend_Hermit","hermit:Defend_Hermit","hermit:Defend_Hermit","hermit:Snapshot","hermit:Covet","hermit:FlashPowder","hermit:Feint","hermit:Showdown","hermit:TakeAim","hermit:BodyArmor","expansioncontent:PolyBeam","hermit:Desperado","hermit:NoHoldsBarred","SwitchThreat","hermit:Vantage","hermit:Brawl","hermit:Dive","hermit:Snipe","hermit:Virtue","hermit:Reprieve","hermit:Headshot+1","hermit:Shortfuse","hermit:GoldenBullet","hermit:ShadowCloak","hermit:Dive","hermit:Roughhouse","hermit:Headshot","hermit:Coalescence","hermit:Ricochet+1"],"relics":["hermit:Momento","TungstenRod","ReplayTheSpireMod:CursedCoin","Bottled Tornado","Nunchaku","Replay:Bronze Core","ReplayTheSpireMod:Ninjato","Bag of Preparation"],"acts_visited":["Exordium","TheCity"],"potions_floor_usage":[7,16,16,24],"damage_taken":[{"damage":2,"enemies":"2 Louse","floor":1,"turns":3},{"damage":5,"enemies":"Cultist","floor":2,"turns":3},{"damage":1,"enemies":"Small Slimes","floor":3,"turns":4},{"damage":4,"enemies":"2 Fungi Beasts","floor":4,"turns":4},{"damage":3,"enemies":"Exordium Wildlife","floor":6,"turns":5},{"damage":5,"enemies":"Blue Slaver","floor":7,"turns":3},{"damage":3,"enemies":"2 Fungi Beasts","floor":10,"turns":5},{"damage":5,"enemies":"Looter","floor":13,"turns":4},{"damage":3,"enemies":"Lots of Slimes","floor":14,"turns":5},{"damage":48,"enemies":"Hexaghost","floor":16,"turns":14},{"damage":7,"enemies":"3 Byrds","floor":18,"turns":7},{"damage":30,"enemies":"2 Thieves","floor":21,"turns":6},{"damage":30,"enemies":"Sentry and Sphere","floor":24,"turns":8},{"damage":26,"enemies":"Snake Plant","floor":25,"turns":6},{"damage":14,"enemies":"Shelled Parasite and Fungi","floor":27,"turns":6}],"seed_played":"7373959680003809780","potions_obtained":[{"floor":1,"key":"Energy Potion"},{"floor":3,"key":"ColorlessPotion"},{"floor":4,"key":"Strength Potion"},{"floor":10,"key":"SpeedPotion"},{"floor":21,"key":"Strength Potion"}],"is_trial":false,"path_per_floor":["M","M","M","M","$","M","M","$","T","M","R","?","M","M","R","B",null,"M","$","T","M","$","R","M","M","T","M"],"character_chosen":"HERMIT","items_purchased":["hermit:BodyArmor","expansioncontent:PolyBeam","ReplayTheSpireMod:CursedCoin","hermit:Vantage","hermit:Brawl","hermit:Shortfuse","hermit:GoldenBullet","hermit:ShadowCloak","hermit:Dive","hermit:Headshot"],"campfire_rested":3,"item_purchase_floors":[5,5,8,8,8,19,19,19,19,22],"current_hp_per_floor":[52,47,46,42,42,39,34,34,34,31,53,53,48,45,67,19,75,68,68,68,38,38,60,30,4,4,0,0],"gold":102,"neow_bonus":"ONE_RARE_RELIC","is_daily":false,"chose_seed":false,"campfire_upgraded":0,"win_rate":0.0,"timestamp":1608951209,"path_taken":["M","M","M","M","$","M","M","$","T","M","R","?","?","M","R","BOSS","M","$","?","M","$","R","M","M","T","M"],"items_purchased_type":["Card","Card","Relic","Card","Card","Card","Card","Card","Card","Card"],"build_version":"2020-12-22","purchased_purges":0,"victory":false,"max_hp_per_floor":[75,75,75,75,75,75,75,75,75,75,75,75,75,75,75,75,75,75,75,75,75,75,75,75,75,75,75,75],"card_choices":[{"not_picked":["hermit:Roulette","hermit:CalledShot"],"picked":"hermit:FlashPowder","floor":1},{"not_picked":["hermit:Headshot","hermit:HoleUp"],"picked":"hermit:Feint","floor":2},{"not_picked":["hermit:Roulette","hermit:Desperado"],"picked":"hermit:Showdown","floor":3},{"not_picked":["hermit:Showdown","hermit:Brawl"],"picked":"hermit:TakeAim","floor":4},{"not_picked":["hermit:Gambit","hermit:BodyArmor"],"picked":"hermit:Desperado","floor":6},{"not_picked":["hermit:ItchyTrigger","hermit:Desperado"],"picked":"hermit:NoHoldsBarred","floor":7},{"not_picked":["hermit:LowProfile","hermit:FullyLoaded"],"picked":"hermit:Dive","floor":10},{"not_picked":["hermit:Dive","hermit:Coalescence"],"picked":"hermit:Snipe","floor":13},{"not_picked":["hermit:Snipe","hermit:Desperado"],"picked":"hermit:Virtue","floor":14},{"not_picked":["hermit:Dissolve","hermit:Magnum"],"picked":"hermit:Reprieve","floor":16},{"not_picked":["hermit:LowProfile","hermit:BodyArmor"],"picked":"hermit:Headshot+1","floor":18},{"not_picked":["hermit:Gestalt","hermit:Roulette"],"picked":"hermit:Roughhouse","floor":21},{"not_picked":["hermit:ItchyTrigger","hermit:Feint"],"picked":"hermit:Coalescence","floor":24},{"not_picked":["hermit:Vantage","hermit:CalledShot+1"],"picked":"hermit:Ricochet+1","floor":25}],"player_experience":51522,"relics_obtained":[{"floor":9,"key":"Bottled Tornado"},{"floor":20,"key":"ReplayTheSpireMod:Ninjato"},{"floor":26,"key":"Bag of Preparation"}],"event_choices":[{"damage_healed":0,"gold_gain":0,"player_choice":"Gave Potion","damage_taken":0,"relics_obtained":["Nunchaku"],"max_hp_gain":0,"max_hp_loss":0,"event_name":"WeMeetAgain","floor":12,"gold_loss":0}],"is_beta":false,"boss_relics":[{"not_picked":["Replay:Wanted Poster","Runic Pyramid"],"picked":"Replay:Bronze Core"}],"items_purged_floors":[],"is_endless":false,"potions_floor_spawned":[1,3,4,10,21],"killed_by":"Shelled Parasite and Fungi","ascension_level":0}}