{"host":"no0bdlpxzp7bzzks","time":1608970249,"event":{"mods":["BaseMod","Better Match","Block Reminder","Colored Map","Curses Come First","DeckTracker","Filter the Spire","Highlight Path","Key Reminder","Minty Spire (QoL Compilation)","Permanent Neow","Relic Sorter","Relic Stats","StSLib","The Construct"],"gold_per_floor":[115,132,132,148,1,33,33,51,51,51,51,80,80,80,80,175,175,194,211,62,73,73,73,73],"floor_reached":23,"playtime":2334,"items_purged":[],"score":209,"play_id":"67fcce1c-a29f-4932-8a0a-fac89ebab044","local_time":"20201226021049","is_ascension_mode":true,"campfire_choices":[{"data":"construct:Backup","floor":7.0,"key":"SMITH"},{"data":"construct:ForceCore","floor":13.0,"key":"SMITH"},{"data":"construct:ForceCore+1","floor":15.0,"key":"SMITH"}],"circlet_count":0,"master_deck":["construct:Strike_Gold","construct:Strike_Gold","construct:Strike_Gold","construct:Strike_Gold","construct:Defend_Gold","construct:Defend_Gold","construct:Defend_Gold","construct:Defend_Gold","construct:AttackMode","construct:DefenseMode","construct:VentSteam","construct:Backup+2","construct:Accumulate","construct:Autoturret","construct:ForceCore+2","construct:ClockworkEgg"],"relics":["construct:ClockworkPhoenix","Juzu Bracelet","Meat on the Bone","keyreminder:keyreminder","construct:FoamFinger","Bottled Lightning","SlaversCollar","Medical Kit"],"acts_visited":["Exordium","TheCity"],"potions_floor_usage":[23],"damage_taken":[{"damage":2.0,"enemies":"2 Louse","floor":1.0,"turns":3.0},{"damage":4.0,"enemies":"Cultist","floor":2.0,"turns":3.0},{"damage":5.0,"enemies":"Small Slimes","floor":4.0,"turns":4.0},{"damage":44.0,"enemies":"Lagavulin","floor":6.0,"turns":7.0},{"damage":11.0,"enemies":"3 Louse","floor":8.0,"turns":4.0},{"damage":32.0,"enemies":"Gremlin Nob","floor":12.0,"turns":4.0},{"damage":11.0,"enemies":"Hexaghost","floor":16.0,"turns":9.0},{"damage":0.0,"enemies":"Chosen","floor":18.0,"turns":4.0},{"damage":21.0,"enemies":"Spheric Guardian","floor":19.0,"turns":10.0},{"damage":31,"enemies":"Centurion and Healer","floor":21,"turns":13},{"damage":32,"enemies":"Book of Stabbing","floor":23,"turns":5}],"seed_played":"4763015421675974276","potions_obtained":[{"floor":1.0,"key":"Dexterity Potion"},{"floor":6.0,"key":"Explosive Potion"},{"floor":8.0,"key":"Regen Potion"},{"floor":12.0,"key":"SteroidPotion"},{"floor":14.0,"key":"DistilledChaos"},{"floor":14.0,"key":"construct:ShiftPotion"},{"floor":14.0,"key":"LiquidMemories"},{"floor":19.0,"key":"SteroidPotion"}],"is_trial":false,"path_per_floor":["M","M","$","M","$","E","R","M","T","?","?","E","R","?","R","B",null,"M","M","$","M","?","E"],"character_chosen":"THE_CONSTRUCT_MOD","items_purchased":["Juzu Bracelet","Medical Kit"],"campfire_rested":0,"item_purchase_floors":[5,20],"current_hp_per_floor":[83,79,79,74,74,30,30,31,31,31,31,23,23,23,23,24,85,85,64,64,45,29,0,0],"gold":73,"neow_bonus":"REMOVE_CARD","is_daily":false,"chose_seed":false,"campfire_upgraded":3,"win_rate":0.0,"timestamp":1608970249,"path_taken":["M","M","$","M","$","E","R","M","T","?","?","E","R","?","R","BOSS","M","M","$","M","?","E"],"items_purchased_type":["Relic","Relic"],"build_version":"2020-12-22","purchased_purges":0,"victory":false,"max_hp_per_floor":[85,85,85,85,85,85,85,85,85,85,85,85,85,85,85,85,85,85,85,85,85,90,90,90],"relic_stats":{"counters":[11,64],"Juzu Bracelet":2,"Medical Kit":[3],"obtain_stats":[{"keyreminder:keyreminder":6,"SlaversCollar":17,"construct:FoamFinger":9,"Juzu Bracelet":5,"Bottled Lightning":12,"construct:ClockworkPhoenix":0,"Medical Kit":20,"Meat on the Bone":6},{"keyreminder:keyreminder":4,"SlaversCollar":7,"construct:FoamFinger":5,"Juzu Bracelet":3,"Bottled Lightning":6,"construct:ClockworkPhoenix":0,"Medical Kit":9,"Meat on the Bone":4},{"keyreminder:keyreminder":17,"SlaversCollar":34,"construct:FoamFinger":21,"Juzu Bracelet":10,"Bottled Lightning":25,"construct:ClockworkPhoenix":0,"Medical Kit":47,"Meat on the Bone":17}],"Meat on the Bone":48},"card_choices":[{"not_picked":["construct:FlameCore","construct:FlakBarrage"],"picked":"construct:VentSteam","floor":1.0},{"not_picked":["construct:HeavyBolt","construct:Analyze"],"picked":"construct:Backup","floor":2.0},{"not_picked":["construct:Analyze","construct:Antimatter"],"picked":"construct:Accumulate","floor":4.0},{"not_picked":["construct:Backfire","construct:SyphonStrike","construct:HeavyBolt"],"picked":"SKIP","floor":6.0},{"not_picked":["construct:Accumulate","construct:SuppressiveFire"],"picked":"construct:Autoturret","floor":8.0},{"not_picked":["construct:HeavyBolt","construct:Chainstrike"],"picked":"construct:ForceCore","floor":12.0},{"not_picked":["construct:ShieldGenerator","construct:BatteryCore"],"picked":"construct:ClockworkEgg","floor":16.0},{"not_picked":["construct:Forcefield","construct:FierceBash","construct:Accumulate"],"picked":"SKIP","floor":18.0},{"not_picked":["construct:Backfire","construct:Versatility","construct:Overcharge"],"picked":"SKIP","floor":19.0},{"not_picked":["construct:ClusterMines","construct:HeavyBolt","construct:SuppressiveFire"],"picked":"SKIP","floor":21}],"player_experience":109398,"relics_obtained":[{"floor":6.0,"key":"Meat on the Bone"},{"floor":9.0,"key":"construct:FoamFinger"},{"floor":12.0,"key":"Bottled Lightning"}],"event_choices":[{"cards_removed":["construct:Strike_Gold"],"damage_healed":0.0,"max_hp_gain":0.0,"max_hp_loss":0.0,"gold_gain":0.0,"event_name":"Bonfire Elementals","player_choice":"Offered Basic","floor":10.0,"gold_loss":0.0,"damage_taken":0.0},{"damage_healed":0.0,"max_hp_gain":0.0,"max_hp_loss":0.0,"gold_gain":0.0,"event_name":"Living Wall","player_choice":"Grow","floor":11.0,"gold_loss":0.0,"damage_taken":0.0,"cards_upgraded":["construct:Backup"]},{"damage_healed":0.0,"max_hp_gain":0.0,"max_hp_loss":0.0,"gold_gain":0.0,"event_name":"Lab","player_choice":"Got Potions","floor":14.0,"gold_loss":0.0,"damage_taken":0.0},{"damage_healed":0,"gold_gain":0,"player_choice":"Shed Blood","damage_taken":21,"max_hp_gain":5,"max_hp_loss":0,"event_name":"Forgotten Altar","floor":22,"gold_loss":0}],"is_beta":false,"boss_relics":[{"not_picked":["Runic Pyramid","Cursed Key"],"picked":"SlaversCollar"}],"items_purged_floors":[],"is_endless":false,"potions_floor_spawned":[1,6,8,12,19],"killed_by":"Book of Stabbing","ascension_level":1}}