{"host":"08sn1703g14rasc1","time":1608970918,"event":{"mods":["AchievementEnabler","BaseMod","Colored Map","Colored Powertips","Hermit","Minty Spire (QoL Compilation)","StSLib"],"gold_per_floor":[11,11,11,71,86,86,119,119,165,165,215,265,334,375,375,375,375],"floor_reached":16,"playtime":409,"items_purged":[],"score":143,"play_id":"53051e3a-d700-4feb-afdf-c6925f49fc8b","local_time":"20201226002158","is_ascension_mode":true,"campfire_choices":[{"data":"hermit:CursedWeapon","floor":6,"key":"SMITH"},{"floor":8,"key":"REST"},{"floor":10,"key":"REST"},{"floor":15,"key":"REST"}],"circlet_count":0,"master_deck":["hermit:Strike_Hermit","hermit:Strike_Hermit","hermit:Strike_Hermit","hermit:Strike_Hermit","hermit:Defend_Hermit","hermit:Defend_Hermit","hermit:Defend_Hermit","hermit:Defend_Hermit","hermit:Snapshot","hermit:Covet","Sadistic Nature","hermit:HighCaliber","hermit:CursedWeapon+1","hermit:ItchyTrigger","Injury","hermit:Virtue+1","hermit:TakeAim"],"relics":["hermit:Momento","SsserpentHead","Toxic Egg 2","Regal Pillow","Golden Idol","hermit:Spyglass","Letter Opener"],"acts_visited":["Exordium"],"potions_floor_usage":[],"damage_taken":[{"damage":9,"enemies":"Small Slimes","floor":1,"turns":4},{"damage":1,"enemies":"Cultist","floor":4,"turns":3},{"damage":63,"enemies":"Lagavulin","floor":7,"turns":8},{"damage":4,"enemies":"2 Louse","floor":13,"turns":3},{"damage":47,"enemies":"3 Sentries","floor":14,"turns":10},{"damage":60,"enemies":"Slime Boss","floor":16,"turns":9}],"seed_played":"-5626806810461080476","potions_obtained":[{"floor":4,"key":"Swift Potion"}],"is_trial":false,"path_per_floor":["M","$","?","M","?","R","E","R","T","R","?","?","M","E","R","B"],"character_chosen":"HERMIT","items_purchased":[],"campfire_rested":3,"item_purchase_floors":[],"current_hp_per_floor":[59,59,59,58,75,75,12,34,34,71,71,71,67,20,57,0,0],"gold":375,"neow_bonus":"RANDOM_COLORLESS_2","is_daily":false,"chose_seed":false,"campfire_upgraded":1,"win_rate":0.0,"timestamp":1608970918,"path_taken":["M","$","?","?","?","R","E","R","T","R","?","?","?","E","R","BOSS"],"items_purchased_type":[],"build_version":"2020-12-22","purchased_purges":0,"victory":false,"max_hp_per_floor":[75,75,75,75,75,75,75,75,75,75,75,75,75,75,75,75,75],"card_choices":[{"not_picked":["Mayhem","Thinking Ahead"],"picked":"Sadistic Nature","floor":0},{"not_picked":["hermit:Desperado","hermit:Misfire"],"picked":"hermit:HighCaliber","floor":1},{"not_picked":["hermit:Shortfuse","hermit:CalledShot"],"picked":"hermit:CursedWeapon","floor":4},{"not_picked":["hermit:Grudge","hermit:Headshot"],"picked":"hermit:ItchyTrigger","floor":7},{"not_picked":["hermit:Malice","hermit:Spite"],"picked":"hermit:Virtue+1","floor":13},{"not_picked":["hermit:TrackingShot","hermit:DeadMansHand+1"],"picked":"hermit:TakeAim","floor":14}],"player_experience":438049,"relics_obtained":[{"floor":7,"key":"Toxic Egg 2"},{"floor":9,"key":"Regal Pillow"},{"floor":14,"key":"Letter Opener"}],"event_choices":[{"damage_healed":0,"gold_gain":0,"player_choice":"Trade","damage_taken":0,"relics_obtained":["SsserpentHead"],"max_hp_gain":0,"max_hp_loss":0,"event_name":"FaceTrader","floor":3,"gold_loss":0},{"damage_healed":18,"gold_gain":0,"player_choice":"Healed","damage_taken":0,"max_hp_gain":0,"max_hp_loss":0,"event_name":"The Cleric","floor":5,"gold_loss":35},{"damage_healed":0,"gold_gain":0,"player_choice":"Take Wound","damage_taken":0,"relics_obtained":["Golden Idol"],"max_hp_gain":0,"max_hp_loss":0,"event_name":"Golden Idol","floor":11,"gold_loss":0,"cards_obtained":["Injury"]},{"damage_healed":0,"gold_gain":0,"player_choice":"Gave Potion","damage_taken":0,"relics_obtained":["hermit:Spyglass"],"max_hp_gain":0,"max_hp_loss":0,"event_name":"WeMeetAgain","floor":12,"gold_loss":0}],"is_beta":false,"boss_relics":[],"items_purged_floors":[],"is_endless":false,"potions_floor_spawned":[4],"killed_by":"Slime Boss","ascension_level":7}}