{"host":"rmsq46plbpwfbxcc","time":1608960815,"event":{"mods":["AchievementEnabler","BaseMod","Colored Map","DeckTracker","Minty Spire (QoL Compilation)","Permanent Neow","SuperFastMode"],"gold_per_floor":[113,128,203,216,8,8,34,63,111,111,146,96,46,62,62,62,62],"floor_reached":16,"playtime":411,"items_purged":["Strike_G","Defend_G"],"score":200,"play_id":"d1c25e07-8f48-4ee8-bdd5-3ef8cedd6281","local_time":"20201226143335","is_ascension_mode":true,"campfire_choices":[{"data":"Blade Dance","floor":6.0,"key":"SMITH"},{"floor":10.0,"key":"REST"},{"data":"Accuracy","floor":15.0,"key":"SMITH"}],"circlet_count":0,"master_deck":["AscendersBane","Strike_G","Strike_G","Strike_G","Strike_G","Defend_G","Defend_G","Defend_G","Defend_G","Survivor","Neutralize","Blade Dance+1","Tactician","Accuracy+1","Finisher","A Thousand Cuts"],"relics":["Black Star","Anchor","Toy Ornithopter","Art of War","Odd Mushroom","Regal Pillow","Orichalcum","Smiling Mask"],"acts_visited":["Exordium"],"potions_floor_usage":[],"damage_taken":[{"damage":1.0,"enemies":"Small Slimes","floor":1.0,"turns":4.0},{"damage":1.0,"enemies":"2 Louse","floor":2.0,"turns":2.0},{"damage":0.0,"enemies":"Jaw Worm","floor":4.0,"turns":5.0},{"damage":23.0,"enemies":"Gremlin Nob","floor":7.0,"turns":5.0},{"damage":18.0,"enemies":"The Mushroom Lair","floor":8.0,"turns":6.0},{"damage":14.0,"enemies":"Lagavulin","floor":11.0,"turns":8.0},{"damage":8.0,"enemies":"Lots of Slimes","floor":14.0,"turns":5.0},{"damage":18,"enemies":"Hexaghost","floor":16,"turns":9}],"seed_played":"-3031711399781183847","potions_obtained":[{"floor":2.0,"key":"AttackPotion"}],"is_trial":false,"path_per_floor":["M","M","?","M","$","R","E","?","T","R","E","$","$","M","R","B"],"character_chosen":"THE_SILENT","items_purchased":["Accuracy","Anchor"],"campfire_rested":1,"item_purchase_floors":[5,5],"current_hp_per_floor":[58,57,46,46,46,46,23,5,5,39,25,25,25,17,17,0,0],"gold":62,"neow_bonus":"BOSS_RELIC","is_daily":false,"chose_seed":false,"campfire_upgraded":2,"win_rate":0.0,"timestamp":1608960815,"path_taken":["M","M","?","M","$","R","E","?","T","R","E","?","$","M","R","BOSS"],"items_purchased_type":["Card","Relic"],"build_version":"2020-12-22","purchased_purges":2,"victory":false,"max_hp_per_floor":[66,66,66,66,66,66,66,66,66,66,66,66,66,66,66,66,66],"card_choices":[{"not_picked":["Slice","Dagger Throw"],"picked":"Blade Dance","floor":1.0},{"not_picked":["Dagger Throw","Slice","Underhanded Strike"],"picked":"SKIP","floor":2.0},{"not_picked":["Setup","Outmaneuver"],"picked":"Tactician","floor":4.0},{"not_picked":["Catalyst","Dagger Throw"],"picked":"Finisher","floor":7.0},{"not_picked":["Bane","Flechettes","Setup"],"picked":"SKIP","floor":11.0},{"not_picked":["Accuracy","Bane"],"picked":"A Thousand Cuts","floor":14.0}],"player_experience":1381681,"relics_obtained":[{"floor":7.0,"key":"Toy Ornithopter"},{"floor":7.0,"key":"Art of War"},{"floor":8.0,"key":"Odd Mushroom"},{"floor":9.0,"key":"Regal Pillow"},{"floor":11.0,"key":"Orichalcum"},{"floor":11.0,"key":"Smiling Mask"}],"event_choices":[{"damage_healed":0.0,"max_hp_gain":0.0,"max_hp_loss":0.0,"gold_gain":75.0,"event_name":"World of Goop","player_choice":"Gather Gold","floor":3.0,"gold_loss":0.0,"damage_taken":11.0},{"damage_healed":0.0,"max_hp_gain":0.0,"max_hp_loss":0.0,"gold_gain":0.0,"event_name":"Mushrooms","player_choice":"Fought Mushrooms","floor":8.0,"gold_loss":0.0,"damage_taken":0.0}],"is_beta":false,"boss_relics":[],"items_purged_floors":[12,13],"is_endless":false,"potions_floor_spawned":[2],"killed_by":"Hexaghost","ascension_level":17}}