{"host":"6pgtslebjnyv5xmi","time":1608987372,"event":{"mods":["AchievementEnabler","BaseMod","Colored Map","Minty Spire (QoL Compilation)","Rare Cards Sparkle","StSLib","SuperFastMode","Td1madao Mod","everything is the same but u backflip on backflip"],"gold_per_floor":[13,13,25,25,42,42,60,77,77,88,103,35,55,55,55,157,157,173,184,109,128,53,53,53,16,16,29,40,40,55,74,74,171,171,181,19,34,34,34,34,34],"floor_reached":40,"playtime":1510,"items_purged":["Strike_R"],"score":563,"play_id":"8390bec3-2f90-44a9-8327-47cf49eb8eb3","local_time":"20201226215612","is_ascension_mode":true,"campfire_choices":[{"data":"Intimidate","floor":6.0,"key":"SMITH"},{"data":"Fire Breathing","floor":15.0,"key":"SMITH"},{"data":"Immolate","floor":23.0,"key":"SMITH"},{"data":"Evolve","floor":29.0,"key":"SMITH"},{"data":"Feel No Pain","floor":32.0,"key":"SMITH"}],"circlet_count":0,"master_deck":["Strike_R","Defend_R","Defend_R","Defend_R","Defend_R","Bash","Uppercut","Wild Strike","Iron Wave","Intimidate+1","Fire Breathing+1","Ghostly Armor","Feel No Pain+1","Immolate+1","Wild Strike+1","Fire Breathing+1","Armaments+1","Ghostly","Ghostly","Ghostly","Ghostly","Ghostly","Evolve+1","Shame","Wild Strike+1","Fiend Fire","Fiend Fire","Madness","Madness"],"relics":["Burning Blood","CaptainsWheel","Potion Belt","HornCleat","Cursed Key","Meat on the Bone","Black Star"],"acts_visited":["Exordium","TheCity","TheBeyond"],"potions_floor_usage":[33,33,40],"damage_taken":[{"damage":1.0,"enemies":"Cultist","floor":1.0,"turns":4.0},{"damage":2.0,"enemies":"Small Slimes","floor":3.0,"turns":4.0},{"damage":2.0,"enemies":"Jaw Worm","floor":5.0,"turns":3.0},{"damage":18.0,"enemies":"Gremlin Gang","floor":7.0,"turns":5.0},{"damage":5.0,"enemies":"Red Slaver","floor":8.0,"turns":4.0},{"damage":0.0,"enemies":"2 Fungi Beasts","floor":10.0,"turns":4.0},{"damage":1.0,"enemies":"Blue Slaver","floor":11.0,"turns":4.0},{"damage":7.0,"enemies":"3 Louse","floor":13.0,"turns":4.0},{"damage":2.0,"enemies":"Slime Boss","floor":16.0,"turns":6.0},{"damage":2.0,"enemies":"2 Thieves","floor":18.0,"turns":4.0},{"damage":6.0,"enemies":"Shell Parasite","floor":19.0,"turns":6.0},{"damage":4.0,"enemies":"3 Cultists","floor":21.0,"turns":5.0},{"damage":7.0,"enemies":"Shelled Parasite and Fungi","floor":27.0,"turns":7.0},{"damage":12.0,"enemies":"Centurion and Healer","floor":28.0,"turns":6.0},{"damage":0.0,"enemies":"Sentry and Sphere","floor":30.0,"turns":6.0},{"damage":0.0,"enemies":"3 Cultists","floor":31.0,"turns":5.0},{"damage":17,"enemies":"Automaton","floor":33,"turns":9},{"damage":5,"enemies":"Orb Walker","floor":35,"turns":4},{"damage":1,"enemies":"3 Darklings","floor":37,"turns":5},{"damage":41,"enemies":"Giant Head","floor":40,"turns":6}],"seed_played":"-4995973400973160223","potions_obtained":[{"floor":1.0,"key":"BlessingOfTheForge"},{"floor":3.0,"key":"Energy Potion"},{"floor":7.0,"key":"Weak Potion"},{"floor":11.0,"key":"GamblersBrew"},{"floor":14.0,"key":"FearPotion"},{"floor":14.0,"key":"Fire Potion"},{"floor":19.0,"key":"Weak Potion"},{"floor":21.0,"key":"LiquidBronze"},{"floor":28.0,"key":"Block Potion"},{"floor":31.0,"key":"Regen Potion"},{"floor":35,"key":"AttackPotion"},{"floor":37,"key":"SpeedPotion"}],"is_trial":false,"path_per_floor":["M","T","M","?","M","R","M","M","T","M","M","$","M","?","R","B",null,"M","M","$","M","?","R","?","$","T","M","M","R","M","M","R","B",null,"M","$","M","?","?","E"],"character_chosen":"IRONCLAD","items_purchased":["Feel No Pain","Evolve","Fiend Fire"],"campfire_rested":0,"item_purchase_floors":[12,25,36],"current_hp_per_floor":[77,77,80,80,80,80,68,69,69,75,80,80,79,79,79,80,80,80,80,80,80,80,80,40,40,40,39,33,33,39,40,40,29,37,38,38,40,40,35,0,0],"gold":34,"neow_bonus":"ONE_RARE_RELIC","is_daily":false,"chose_seed":false,"campfire_upgraded":5,"win_rate":0.0,"timestamp":1608987372,"path_taken":["M","?","M","?","M","R","M","M","T","M","?","$","M","?","R","BOSS","M","?","?","?","?","R","?","$","T","M","M","R","M","M","R","BOSS","M","$","M","?","?","E"],"items_purchased_type":["Card","Card","Card"],"build_version":"2020-12-22","purchased_purges":1,"victory":false,"max_hp_per_floor":[80,80,80,80,80,80,80,80,80,80,80,80,80,80,80,80,80,80,80,80,80,80,80,40,40,40,40,40,40,40,40,40,40,40,40,40,40,40,40,40,40],"card_choices":[{"not_picked":["Heavy Blade","Iron Wave"],"picked":"Uppercut","floor":1.0},{"not_picked":["Clash","Headbutt"],"picked":"Wild Strike","floor":3.0},{"not_picked":["Bloodletting","Rampage"],"picked":"Intimidate","floor":5.0},{"not_picked":["Pommel Strike","Inflame"],"picked":"Fire Breathing","floor":7.0},{"not_picked":["Thunderclap","Armaments"],"picked":"Ghostly Armor","floor":8.0},{"not_picked":["Disarm","Thunderclap","Flex"],"picked":"SKIP","floor":10.0},{"not_picked":["Combust","Blood for Blood","Thunderclap"],"picked":"SKIP","floor":11.0},{"not_picked":["Warcry","Combust","True Grit"],"picked":"SKIP","floor":13.0},{"not_picked":["Bludgeon","Limit Break"],"picked":"Immolate","floor":16.0},{"not_picked":["Pommel Strike","Iron Wave+1"],"picked":"Wild Strike+1","floor":18.0},{"not_picked":["Dual Wield","Pommel Strike"],"picked":"Fire Breathing+1","floor":19.0},{"not_picked":["True Grit","Cleave+1"],"picked":"Armaments+1","floor":21.0},{"not_picked":["Clash","Twin Strike","Sword Boomerang+1"],"picked":"SKIP","floor":27.0},{"not_picked":["Clothesline+1","Berserk"],"picked":"Wild Strike+1","floor":28.0},{"not_picked":["Havoc","Warcry+1","Shrug It Off"],"picked":"SKIP","floor":30.0},{"not_picked":["Body Slam","Rampage","Havoc+1"],"picked":"SKIP","floor":31.0},{"not_picked":["Double Tap","Berserk"],"picked":"Fiend Fire","floor":33},{"not_picked":["Uppercut+1","Cleave","Whirlwind"],"picked":"SKIP","floor":35},{"not_picked":["Sword Boomerang","Pommel Strike","Infernal Blade+1"],"picked":"SKIP","floor":37}],"player_experience":489907,"relics_obtained":[{"floor":2.0,"key":"Potion Belt"},{"floor":9.0,"key":"HornCleat"},{"floor":26.0,"key":"Meat on the Bone"}],"event_choices":[{"damage_healed":0.0,"max_hp_gain":0.0,"max_hp_loss":0.0,"gold_gain":0.0,"cards_transformed":["Strike_R"],"event_name":"Transmorgrifier","player_choice":"Transformed","floor":4.0,"gold_loss":0.0,"damage_taken":0.0,"cards_obtained":["Iron Wave"]},{"damage_healed":0.0,"max_hp_gain":0.0,"max_hp_loss":0.0,"gold_gain":0.0,"event_name":"Lab","player_choice":"Got Potions","floor":14.0,"gold_loss":0.0,"damage_taken":0.0},{"cards_removed":["Strike_R"],"damage_healed":0.0,"max_hp_gain":0.0,"max_hp_loss":0.0,"gold_gain":0.0,"event_name":"Beggar","player_choice":"Gave Gold","floor":22.0,"gold_loss":75.0,"damage_taken":0.0},{"damage_healed":0.0,"max_hp_gain":0.0,"max_hp_loss":40.0,"gold_gain":0.0,"event_name":"Ghosts","player_choice":"Became a Ghost","floor":24.0,"gold_loss":0.0,"damage_taken":0.0,"cards_obtained":["Ghostly","Ghostly","Ghostly","Ghostly","Ghostly"]},{"cards_removed":["Strike_R"],"damage_healed":0,"gold_gain":0,"player_choice":"Removed Attack","damage_taken":0,"max_hp_gain":0,"max_hp_loss":0,"event_name":"Falling","floor":38,"gold_loss":0},{"damage_healed":0,"gold_gain":0,"player_choice":"Embrace Madness","damage_taken":5,"max_hp_gain":0,"max_hp_loss":0,"event_name":"Winding Halls","floor":39,"gold_loss":0,"cards_obtained":["Madness","Madness"]}],"is_beta":false,"boss_relics":[{"not_picked":["Pandora\u0027s Box","Runic Dome"],"picked":"Cursed Key"},{"not_picked":["Coffee Dripper","SlaversCollar"],"picked":"Black Star"}],"items_purged_floors":[20],"is_endless":false,"potions_floor_spawned":[1,3,7,11,19,21,28,31,35,37],"killed_by":"Giant Head","ascension_level":8}}