{"host":"dojadh45vvs5q3bn","time":1608999189,"event":{"mods":["Abigail Mod","Act Like it!","Bartender","BaseMod","Colored Powertips","Friendly Minions","Gensokyo","GungeonMod","Minty Spire (QoL Compilation)","Prisma Mod","StSLib","The Alterego","The Animator","The Senshi"],"gold_per_floor":[114,134,134,146,164,190,203,203,203,219,236,269,285,299,299,400,400,413,413,413,433,433,467,477,506,506,506,158,257,272,89,89,186,186,201,221,221,8,22,56,56,106,106,106,106,106,135,150,150,150],"floor_reached":51,"playtime":3131,"items_purged":[],"score":934,"play_id":"30db0bde-8d7c-4202-bbc5-62131fc9dde6","local_time":"20201226171309","is_ascension_mode":false,"campfire_choices":[{"data":"OpoOpo_Form","floor":15,"key":"SMITH"},{"data":"Power_Up_Punch","floor":27,"key":"SMITH"},{"data":"Apotheosis","floor":32,"key":"SMITH"},{"data":"Sadistic Nature","floor":41,"key":"SMITH"},{"data":"Alacrity","floor":46,"key":"SMITH"},{"floor":49,"key":"RECALL"}],"circlet_count":0,"master_deck":["Strike_Bartender","Strike_Bartender","Defend_Bartender","Defend_Bartender","Defend_Bartender+1","Defend_Bartender","Somersault","Ripple+1","Hook+1","Sucker_Punch","Power_Up_Punch+1","OpoOpo_Form+1","Fading_Blow","Bicycle_Kick","Glare","Ball_Of_Ice","Ball_Of_Ice","Moonsault_Kick","Rising_Crane","Ripple","Alacrity+1","Rope_A_Dope","Momentum","Raptor_Form","Sucker_Punch","Ripple+1","Apotheosis+1","Liquid_Armor","Sucker_Punch+1","Fading_Blow+1","Ball_Of_Ice","Sadistic Nature+1","With_A_Twist+1","Momentum+1","Power_Up_Punch","Bandage Up","Alacrity","OpoOpo_Form+1"],"relics":["Sneakers","Matryoshka","Orichalcum","Meat on the Bone","DemoMod:WhiteGuonStone","War Paint","PreservedInsect","Silver_Glasses","Nilry\u0027s Codex","DemoMod:GlassGuonStoneRelic","Omamori","Vajra","DemoMod:ClearGuonStone","Lee\u0027s Waffle","Bag of Preparation","Empty Cage","Boot","Prayer Wheel","DemoMod:OrangeGuonStone","DemoMod:PoisonVial"],"acts_visited":["Exordium","TheCity","TheBeyond"],"potions_floor_usage":[6,12,16,16,25,33,36,39,50,50,50],"damage_taken":[{"damage":0,"enemies":"Small Slimes","floor":1,"turns":4},{"damage":0,"enemies":"Cultist","floor":2,"turns":4},{"damage":0,"enemies":"Jaw Worm","floor":4,"turns":3},{"damage":0,"enemies":"Exordium Wildlife","floor":5,"turns":2},{"damage":5,"enemies":"3 Sentries","floor":6,"turns":6},{"damage":1,"enemies":"3 Louse","floor":7,"turns":3},{"damage":0,"enemies":"Looter","floor":10,"turns":2},{"damage":0,"enemies":"Large Slime","floor":11,"turns":6},{"damage":3,"enemies":"Lagavulin","floor":12,"turns":5},{"damage":0,"enemies":"2 Fungi Beasts","floor":13,"turns":3},{"damage":0,"enemies":"3 Louse","floor":14,"turns":4},{"damage":9,"enemies":"Hexaghost","floor":16,"turns":13},{"damage":0,"enemies":"Spheric Guardian","floor":18,"turns":4},{"damage":11,"enemies":"2 Thieves","floor":21,"turns":3},{"damage":3,"enemies":"Slavers","floor":23,"turns":3},{"damage":0,"enemies":"Sentry and Sphere","floor":24,"turns":6},{"damage":0,"enemies":"Gremlin Leader","floor":25,"turns":6},{"damage":0,"enemies":"Shelled Parasite and Fungi","floor":30,"turns":5},{"damage":0,"enemies":"Collector","floor":33,"turns":9},{"damage":0,"enemies":"Orb Walker","floor":35,"turns":3},{"damage":0,"enemies":"3 Darklings","floor":36,"turns":6},{"damage":55,"enemies":"4 Shapes","floor":39,"turns":7},{"damage":0,"enemies":"Giant Head","floor":40,"turns":5},{"damage":0,"enemies":"Mind Bloom Boss Battle","floor":42,"turns":4},{"damage":0,"enemies":"Reptomancer","floor":47,"turns":4},{"damage":0,"enemies":"Maw","floor":48,"turns":4},{"damage":0,"enemies":"Awakened One","floor":50,"turns":8}],"seed_played":"-736851243335332367","potions_obtained":[{"floor":1,"key":"DistilledChaos"},{"floor":2,"key":"SmokeBomb"},{"floor":7,"key":"Swift Potion"},{"floor":10,"key":"Ancient Potion"},{"floor":14,"key":"BlessingOfTheForge"},{"floor":16,"key":"Explosive Potion"},{"floor":33,"key":"SteroidPotion"},{"floor":39,"key":"CultistPotion"},{"floor":40,"key":"DuplicationPotion"},{"floor":42,"key":"DemoMod:LeadSkinPotion"}],"is_trial":false,"path_per_floor":["M","M","?","M","M","E","M","T","T","M","M","E","M","M","R","B",null,"M","?","?","M","?","E","M","E","T","R","$","?","M","$","R","B",null,"M","M","?","$","M","E","R","?","T","?","?","R","E","M","R","B",null],"character_chosen":"BARTENDER","items_purchased":["Lee\u0027s Waffle","Bag of Preparation","Sucker_Punch","Apotheosis","Ball_Of_Ice","Sadistic Nature"],"campfire_rested":0,"item_purchase_floors":[28,28,28,31,38,38],"current_hp_per_floor":[77,77,77,77,77,72,71,71,71,71,71,68,68,68,68,59,77,77,61,61,50,50,47,47,47,47,47,84,84,84,84,84,84,84,84,84,80,80,37,49,49,49,49,49,49,49,53,57,57,63],"gold":150,"neow_bonus":"TEN_PERCENT_HP_BONUS","is_daily":false,"chose_seed":false,"campfire_upgraded":5,"win_rate":0.0,"timestamp":1608999189,"path_taken":["M","M","?","M","M","E","?","?","T","M","M","E","M","M","R","BOSS","M","?","?","M","?","E","M","E","T","R","$","?","M","$","R","BOSS","M","M","?","$","M","E","R","?","T","?","?","R","E","M","R","BOSS"],"items_purchased_type":["Relic","Relic","Card","Card","Card","Card"],"build_version":"2020-12-22","purchased_purges":0,"victory":true,"max_hp_per_floor":[77,77,77,77,77,77,77,77,77,77,77,77,77,77,77,77,77,77,77,77,77,77,77,77,77,77,77,84,84,84,84,84,84,84,84,84,80,80,80,80,80,80,80,80,80,80,80,80,80,80],"card_choices":[{"not_picked":["Dart","Stick_and_Move"],"picked":"Ripple","floor":1},{"not_picked":["Greased_Lightning","Snap_Punch"],"picked":"Hook","floor":2},{"not_picked":["Rising_Crane","Meditate"],"picked":"Sucker_Punch","floor":4},{"not_picked":["ThreeSidedStar","Feint"],"picked":"Power_Up_Punch","floor":5},{"not_picked":["Torment","With_A_Twist"],"picked":"OpoOpo_Form","floor":6},{"not_picked":["Training_Dummy","Meditate"],"picked":"Press_Forward","floor":7},{"not_picked":["Dancing_Jab","Spirits_Within"],"picked":"Fading_Blow","floor":10},{"not_picked":["OpoOpo_Form","Elbow_Slash"],"picked":"Bicycle_Kick","floor":11},{"not_picked":["Hook","RockBreaker"],"picked":"Glare","floor":12},{"not_picked":["Training_Dummy","Well_Drinks"],"picked":"Ball_Of_Ice","floor":13},{"not_picked":["Axe_Heel_Kick","Step_Of_The_Wind"],"picked":"Ball_Of_Ice","floor":14},{"not_picked":["Spirits_Within","Patience"],"picked":"Moonsault_Kick","floor":16},{"not_picked":["Dart","Foot_Thrust"],"picked":"Rising_Crane","floor":18},{"not_picked":["Sucker_Punch","Scoop"],"picked":"Ripple","floor":21},{"not_picked":["Meditate","Dancing_Jab+1"],"picked":"Rope_A_Dope","floor":23},{"not_picked":["Center_Self","High_Tide"],"picked":"Momentum","floor":24},{"not_picked":["Fading_Blow","Dancing_Jab"],"picked":"Raptor_Form","floor":25},{"not_picked":["Insight_B","Dancing_Jab"],"picked":"Ripple+1","floor":30},{"not_picked":["High_Tide","Moonsault_Kick"],"picked":"Liquid_Armor","floor":33},{"not_picked":["Mirage+1","Power_Up_Punch+1"],"picked":"Sucker_Punch+1","floor":35},{"not_picked":["Step_Of_The_Wind+1","Bloodbath_Bartender"],"picked":"Fading_Blow+1","floor":36},{"not_picked":["Tornado_Kick+1","On_The_Rocks+1"],"picked":"With_A_Twist+1","floor":39},{"not_picked":["Cross+1","Rising_Crane+1"],"picked":"Momentum+1","floor":40},{"not_picked":["Free_Pour","Dart"],"picked":"Power_Up_Punch","floor":42},{"not_picked":["Apotheosis","Dramatic Entrance"],"picked":"Bandage Up","floor":45},{"not_picked":["Wall_of_Ice+1","Glare+1"],"picked":"Alacrity","floor":47},{"not_picked":["Power_Up_Punch","Ripple"],"picked":"OpoOpo_Form+1","floor":48},{"not_picked":["Rope_A_Dope+1","Hook+1","Rising_Crane+1"],"picked":"SKIP","floor":48}],"player_experience":457245,"relics_obtained":[{"floor":6,"key":"Matryoshka"},{"floor":8,"key":"Orichalcum"},{"floor":8,"key":"Meat on the Bone"},{"floor":9,"key":"DemoMod:WhiteGuonStone"},{"floor":9,"key":"War Paint"},{"floor":12,"key":"PreservedInsect"},{"floor":19,"key":"Nilry\u0027s Codex"},{"floor":23,"key":"Omamori"},{"floor":25,"key":"Vajra"},{"floor":26,"key":"DemoMod:ClearGuonStone"},{"floor":40,"key":"Boot"},{"floor":42,"key":"Prayer Wheel"},{"floor":43,"key":"DemoMod:OrangeGuonStone"},{"floor":47,"key":"DemoMod:PoisonVial"}],"event_choices":[{"damage_healed":0,"gold_gain":0,"player_choice":"Forge","damage_taken":0,"max_hp_gain":0,"max_hp_loss":0,"event_name":"Accursed Blacksmith","floor":3,"gold_loss":0,"cards_upgraded":["Hook"]},{"damage_healed":0,"gold_gain":0,"player_choice":"Obtained Book","damage_taken":16,"max_hp_gain":0,"max_hp_loss":0,"event_name":"Cursed Tome","floor":19,"gold_loss":0},{"damage_healed":0,"gold_gain":0,"player_choice":"Ignored","damage_taken":0,"max_hp_gain":0,"max_hp_loss":0,"event_name":"Vampires","floor":20,"gold_loss":0},{"damage_healed":0,"gold_gain":0,"player_choice":"Read","damage_taken":0,"max_hp_gain":0,"max_hp_loss":0,"event_name":"The Library","floor":22,"gold_loss":0,"cards_obtained":["Alacrity"]},{"damage_healed":0,"gold_gain":99,"player_choice":"Stole From Cult","damage_taken":0,"max_hp_gain":0,"max_hp_loss":0,"event_name":"Nest","floor":29,"gold_loss":0},{"damage_healed":0,"gold_gain":0,"player_choice":"Max HP","damage_taken":0,"max_hp_gain":0,"max_hp_loss":4,"event_name":"Winding Halls","floor":37,"gold_loss":0},{"damage_healed":0,"gold_gain":0,"player_choice":"Fight","damage_taken":0,"max_hp_gain":0,"max_hp_loss":0,"event_name":"MindBloom","floor":42,"gold_loss":0},{"cards_removed":["Press_Forward"],"damage_healed":0,"gold_gain":0,"player_choice":"Removed Skill","damage_taken":0,"max_hp_gain":0,"max_hp_loss":0,"event_name":"Falling","floor":44,"gold_loss":0},{"damage_healed":0,"gold_gain":0,"player_choice":"Memory 1","damage_taken":0,"max_hp_gain":0,"max_hp_loss":0,"event_name":"SensoryStone","floor":45,"gold_loss":0}],"is_beta":false,"boss_relics":[{"not_picked":["DemoMod:WaxWing","Runic Dome"],"picked":"Silver_Glasses"},{"not_picked":["Snecko Eye","Cursed Key"],"picked":"Empty Cage"}],"items_purged_floors":[],"is_endless":false,"potions_floor_spawned":[1,2,7,10,14,16,18,21,33,39,40,42,48],"ascension_level":0}}