{"host":"uyrebrj0204enqpc","time":1608986157,"event":{"mods":["Act Like it!","Bard","BaseMod","Block Reminder","Challenge The Spire","Colored Map","Colored Powertips","DeckTracker","Downfall","GifTheSpireLib","HexUI Lib","Highlight Path","Hubris","Minty Spire (QoL Compilation)","Pale of the Ancients","Quick Restart","Random Character Button","Relic Sorter","Relic Stats","Replay The Spire","Shop Mod","StSLib","The Blue Laboratory","The Bug Knight","The Cursed","The Marked","Wandering Minibosses"],"gold_per_floor":[109,384,401,420,45,45,45],"floor_reached":6,"playtime":313,"items_purged":["TheCursedMod:Defend_TheCursed"],"score":40,"play_id":"6f3df5f9-35dd-40f4-a4f8-0fd344ef4962","local_time":"20201226073557","is_ascension_mode":true,"campfire_choices":[],"circlet_count":0,"master_deck":["TheCursedMod:Strike_TheCursed","TheCursedMod:Strike_TheCursed","TheCursedMod:Strike_TheCursed","TheCursedMod:Strike_TheCursed","TheCursedMod:Defend_TheCursed","TheCursedMod:Defend_TheCursed","TheCursedMod:Defend_TheCursed","TheCursedMod:CursedWand","TheCursedMod:CleanUpWorkshop","TheCursedMod:Dregs","TheCursedMod:EmpowerCircles","TheCursedMod:PrepareRite","Regret","TheCursedMod:CircleOfFlame","TheCursedMod:CircleOfBlood"],"relics":["TheCursedMod:BlackMagic101","Replay:PocketPolymizer"],"acts_visited":["Exordium"],"potions_floor_usage":[],"damage_taken":[{"damage":2,"enemies":"Jaw Worm","floor":1,"turns":5},{"damage":26,"enemies":"Cultist","floor":3,"turns":5},{"damage":5,"enemies":"Small Slimes","floor":4,"turns":5},{"damage":28,"enemies":"HollowMod:MossKnight","floor":6,"turns":7}],"seed_played":"-7096268561717929137","potions_obtained":[{"floor":3,"key":"blueLaboratory:FruitPunch"}],"is_trial":false,"path_per_floor":["M","?","M","M","$","E"],"character_chosen":"THE_CURSED","items_purchased":["Replay:PocketPolymizer"],"campfire_rested":0,"item_purchase_floors":[5],"current_hp_per_floor":[73,73,47,42,42,14,14],"gold":45,"neow_bonus":"THREE_CARDS","is_daily":false,"chose_seed":false,"campfire_upgraded":0,"win_rate":0.0,"timestamp":1608986157,"path_taken":["M","?","?","?","?","E"],"items_purchased_type":["Relic"],"build_version":"2020-12-22","purchased_purges":1,"victory":false,"max_hp_per_floor":[75,75,75,75,75,75,75],"relic_stats":{"counters":[4,22],"obtain_stats":[{"TheCursedMod:BlackMagic101":0,"Replay:PocketPolymizer":5},{"TheCursedMod:BlackMagic101":0,"Replay:PocketPolymizer":3},{"TheCursedMod:BlackMagic101":0,"Replay:PocketPolymizer":15}]},"card_choices":[{"not_picked":["TheCursedMod:Obscuration","TheCursedMod:SaltUponWound"],"picked":"TheCursedMod:EmpowerCircles","floor":0},{"not_picked":["TheCursedMod:Torture","TheCursedMod:CursedAmulet"],"picked":"TheCursedMod:PrepareRite","floor":1},{"not_picked":["TheCursedMod:RapidMovement","TheCursedMod:HellsGateOpen"],"picked":"TheCursedMod:CircleOfFlame","floor":3},{"not_picked":["TheCursedMod:CursedBlade","TheCursedMod:TacticalStrike"],"picked":"TheCursedMod:CircleOfBlood","floor":4}],"player_experience":926196,"relics_obtained":[],"event_choices":[{"damage_healed":0,"gold_gain":275,"player_choice":"Desecrate","damage_taken":0,"max_hp_gain":0,"max_hp_loss":0,"event_name":"Golden Shrine","floor":2,"gold_loss":0,"cards_obtained":["Regret"]}],"is_beta":false,"boss_relics":[],"items_purged_floors":[5],"is_endless":false,"potions_floor_spawned":[3],"killed_by":"HollowMod:MossKnight","ascension_level":2}}