{"host":"g53g9qlo34vrqi92","time":1608969090,"event":{"mods":["Aspiration","Bard","BaseMod","Beaked The Cultist","BetterRewards","Colored Map","Conspire","Energized Spire","Fiend Mod","GifTheSpireLib","Googly Eyes","Gremlin Skip","Halation","Hermit","Hubris","Infinite Spire","Jedi Mod","Minty Spire (QoL Compilation)","Permanent Neow","Quick Restart","Relic Filter","Replay The Spire","Spikes Relics","StSLib","Stuff the Spire","Synergy Search","The Bladedancer","The Bug Knight","The Construct","The Cursed","The Factory","The Forsaken","The Jungle","The Necromancer","The Spell Scribe","The Trickster","Trackpad","slay the spire mod where everything is the same but ironclad has a cowboy hat","vexMod"],"gold_per_floor":[111,130,145,162,162,162,178,178,231,247,247,266,9,34,34,139,139,139,139],"floor_reached":18,"playtime":948,"items_purged":[],"score":189,"play_id":"4a132a05-2a1c-476e-8844-c65a278dacbf","local_time":"20201225235130","is_ascension_mode":false,"campfire_choices":[{"floor":6.0,"key":"REST"},{"floor":8.0,"key":"REST"},{"floor":15.0,"key":"DIG"}],"circlet_count":0,"master_deck":["Strike_P","Strike_P","Strike_P","Defend_P","Defend_P","Defend_P","Eruption","Vigilance","Replay:AtTheReady+1","Replay:AtTheReady","Protect+1","ReachHeaven","Replay:ManipulateFuture","BattleHymn","Replay:ManipulateFuture","FlurryOfBlows","FlurryOfBlows","Collect","MentalFortress","CutThroughFate","SashWhip","jedi:nirvanicrebirth"],"relics":["PureWater","Blue Doll","Replay:Multitool","Potion Belt","conspire:DeflatedDodgeball","ShockBauble","Centennial Puzzle","Velvet Choker"],"acts_visited":["Exordium","TheCity"],"potions_floor_usage":[],"damage_taken":[{"damage":0.0,"enemies":"2 Louse","floor":1.0,"turns":2.0},{"damage":0.0,"enemies":"Cultist","floor":2.0,"turns":3.0},{"damage":0.0,"enemies":"Small Slimes","floor":3.0,"turns":2.0},{"damage":8.0,"enemies":"Red Slaver","floor":4.0,"turns":3.0},{"damage":10.0,"enemies":"3 Louse","floor":7.0,"turns":4.0},{"damage":0.0,"enemies":"Exordium Wildlife","floor":10.0,"turns":2.0},{"damage":0.0,"enemies":"Red Slaver","floor":12.0,"turns":3.0},{"damage":0.0,"enemies":"Lagavulin","floor":14.0,"turns":5.0},{"damage":47.0,"enemies":"The Guardian","floor":16.0,"turns":8.0},{"damage":0,"enemies":"Chosen","floor":18,"turns":1}],"seed_played":"6872459794089671783","potions_obtained":[{"floor":2.0,"key":"Elixir"},{"floor":7.0,"key":"SkillPotion"},{"floor":14.0,"key":"EssenceOfSteel"},{"floor":16.0,"key":"Languid Potion"}],"is_trial":false,"path_per_floor":["M","M","M","M","?","R","M","R","T","M","R","M","$","E","R_BF","B",null,"M"],"character_chosen":"WATCHER","items_purchased":["Blue Doll","Replay:AtTheReady","Protect+1","Potion Belt","Replay:ManipulateFuture","conspire:DeflatedDodgeball"],"campfire_rested":2,"item_purchase_floors":[0,0,0,0,0,13],"current_hp_per_floor":[40,40,40,32,32,53,43,64,64,64,72,72,72,72,72,25,72,72,72],"gold":139,"neow_bonus":"","is_daily":false,"chose_seed":false,"campfire_upgraded":0,"win_rate":0.0,"timestamp":1608969090,"path_taken":["M","M","M","M","?","R","M","R","T","?","R","M","$","E","R_BF","BOSS","M"],"items_purchased_type":["Relic","Card","Card","Relic","Card","Relic"],"build_version":"2020-12-22","purchased_purges":0,"victory":false,"max_hp_per_floor":[72,72,72,72,72,72,72,72,72,72,72,72,72,72,72,72,72,72,72],"card_choices":[{"not_picked":["Nirvana","ClearTheMind"],"picked":"BattleHymn","floor":1.0},{"not_picked":["Conclude","Consecrate"],"picked":"Replay:ManipulateFuture","floor":2.0},{"not_picked":["ClearTheMind","Replay:Hum"],"picked":"FlurryOfBlows","floor":3.0},{"not_picked":["ClearTheMind","BattleHymn"],"picked":"FlurryOfBlows","floor":4.0},{"not_picked":["Halt","BowlingBash"],"picked":"MentalFortress","floor":7.0},{"not_picked":["Study","Vengeance"],"picked":"CutThroughFate","floor":10.0},{"not_picked":["Indignation","InnerPeace"],"picked":"SashWhip","floor":12.0},{"not_picked":["Conclude","FlyingSleeves","Meditate"],"picked":"SKIP","floor":14.0},{"not_picked":["Establishment","Replay:AllIn"],"picked":"jedi:nirvanicrebirth","floor":16.0}],"player_experience":1082868,"relics_obtained":[{"floor":14.0,"key":"ShockBauble"},{"floor":15.0,"key":"Centennial Puzzle"}],"event_choices":[{"damage_healed":0.0,"max_hp_gain":0.0,"max_hp_loss":0.0,"gold_gain":0.0,"cards_transformed":["Strike_P"],"event_name":"Transmorgrifier","player_choice":"Transformed","floor":5.0,"gold_loss":0.0,"damage_taken":0.0,"cards_obtained":["Collect"]}],"is_beta":false,"boss_relics":[{"not_picked":["halation:PlatinumPhoenix","Sozu"],"picked":"Velvet Choker"}],"items_purged_floors":[],"is_endless":false,"potions_floor_spawned":[2,7,14,16],"killed_by":"Chosen","ascension_level":0}}