{"host":"qxeepl7ydvsgmfdb","time":1608994876,"event":{"mods":["AchievementEnabler","BaseMod","Colored Powertips","Minty Spire (QoL Compilation)","Quick Restart","slay the spire mod where everything is the same but ironclad has a cowboy hat"],"gold_per_floor":[118,137,312,312,312,341,358,376,376,389,389,399,427,427,427,427,427],"floor_reached":16,"playtime":445,"items_purged":[],"score":178,"play_id":"38d8bc48-7dcf-43e6-8cdd-cfefbf80b1f8","local_time":"20201226100116","is_ascension_mode":true,"campfire_choices":[{"floor":11.0,"key":"REST"},{"floor":15.0,"key":"REST"}],"circlet_count":0,"master_deck":["Strike_G","Strike_G","Strike_G","Strike_G","Strike_G","Defend_G","Defend_G","Defend_G","Defend_G","Defend_G","Survivor","Neutralize","Blade Dance","Backflip","All Out Attack","Deflect","Poisoned Stab","Venomology"],"relics":["Ring of the Snake","NeowsBlessing","Orichalcum","Paper Crane","Bag of Marbles","Prayer Wheel"],"acts_visited":["Exordium"],"potions_floor_usage":[16,16],"damage_taken":[{"damage":0.0,"enemies":"2 Louse","floor":1.0,"turns":1.0},{"damage":0.0,"enemies":"Small Slimes","floor":2.0,"turns":1.0},{"damage":0.0,"enemies":"3 Sentries","floor":6.0,"turns":1.0},{"damage":0.0,"enemies":"Cultist","floor":7.0,"turns":3.0},{"damage":6.0,"enemies":"Red Slaver","floor":8.0,"turns":3.0},{"damage":0.0,"enemies":"Large Slime","floor":10.0,"turns":5.0},{"damage":0.0,"enemies":"Lots of Slimes","floor":12.0,"turns":3.0},{"damage":26.0,"enemies":"Gremlin Nob","floor":13.0,"turns":5.0},{"damage":71,"enemies":"Slime Boss","floor":16,"turns":12}],"seed_played":"-8456971593684476486","potions_obtained":[{"floor":2.0,"key":"Regen Potion"},{"floor":6.0,"key":"Poison Potion"},{"floor":10.0,"key":"SmokeBomb"}],"is_trial":false,"path_per_floor":["M","M","?","?","?","E","M","M","T","M","R","M","E","?","R","B"],"character_chosen":"THE_SILENT","items_purchased":[],"campfire_rested":2,"item_purchase_floors":[],"current_hp_per_floor":[63,63,63,56,38,38,38,32,32,32,53,53,27,27,48,0,0],"gold":427,"neow_bonus":"THREE_ENEMY_KILL","is_daily":false,"chose_seed":false,"campfire_upgraded":0,"win_rate":0.0,"timestamp":1608994876,"path_taken":["M","M","?","?","?","E","M","M","T","M","R","M","E","?","R","BOSS"],"items_purchased_type":[],"build_version":"2020-12-22","purchased_purges":0,"victory":false,"max_hp_per_floor":[70,70,70,70,70,70,70,70,70,70,70,70,70,70,70,70,70],"card_choices":[{"not_picked":["Cloak And Dagger","Dagger Throw"],"picked":"Blade Dance","floor":1.0},{"not_picked":["Bane","Crippling Poison"],"picked":"Backflip","floor":2.0},{"not_picked":["Bane","Accuracy"],"picked":"All Out Attack","floor":6.0},{"not_picked":["Outmaneuver","Dagger Throw"],"picked":"Deflect","floor":7.0},{"not_picked":["Storm of Steel","Concentrate","Crippling Poison"],"picked":"SKIP","floor":8.0},{"not_picked":["Prepared","Bane"],"picked":"Poisoned Stab","floor":10.0},{"not_picked":["Underhanded Strike","Setup","Outmaneuver"],"picked":"SKIP","floor":12.0},{"not_picked":["Skewer","Accuracy"],"picked":"Venomology","floor":13.0}],"player_experience":388367,"relics_obtained":[{"floor":6.0,"key":"Paper Crane"},{"floor":9.0,"key":"Bag of Marbles"},{"floor":13.0,"key":"Prayer Wheel"}],"event_choices":[{"damage_healed":0.0,"max_hp_gain":0.0,"max_hp_loss":0.0,"gold_gain":175.0,"event_name":"Liars Game","player_choice":"AGREE","floor":3.0,"gold_loss":0.0,"damage_taken":0.0,"cards_obtained":["Doubt"]},{"cards_removed":["Doubt"],"damage_healed":0.0,"max_hp_gain":0.0,"max_hp_loss":0.0,"gold_gain":0.0,"event_name":"Golden Wing","player_choice":"Card Removal","floor":4.0,"gold_loss":0.0,"damage_taken":7.0},{"damage_healed":0.0,"max_hp_gain":0.0,"max_hp_loss":0.0,"gold_gain":0.0,"event_name":"Scrap Ooze","player_choice":"Success","floor":5.0,"gold_loss":0.0,"damage_taken":18.0,"relics_obtained":["Orichalcum"]},{"damage_healed":0.0,"max_hp_gain":0.0,"max_hp_loss":0.0,"gold_gain":0.0,"event_name":"The Woman in Blue","player_choice":"Bought 0 Potions","floor":14.0,"gold_loss":0.0,"damage_taken":0.0}],"is_beta":false,"boss_relics":[],"items_purged_floors":[],"is_endless":false,"potions_floor_spawned":[2,6,10],"killed_by":"Slime Boss","ascension_level":6}}