{"host":"auv68s8i97pkmhwr","time":1608964171,"event":{"mods":["AchievementEnabler","BaseMod","Best Route Mod","Bestiary","Better Altar","Better Match","Better Note","Better Sensory Stone","Better Skull","Better Third Choice","Better Vampires","BetterRewards","Block Reminder","Colored Map","Colored Powertips","Displayed Cursed Tome","Minty Spire (QoL Compilation)","StSLib","SuperFastMode","Uncapped","Unceasing Turn Reminder"],"gold_per_floor":[112,112,124,138,88,122,122,154,154,189,5,37,37,57,57,157,157,171,271,291,291,301,330,330,358,385,402,430,430,464,477,477,579,579,599,418,431,444,444,476,476,509,509,520,570,587,198,228,228,228,228,228,125,152,152],"floor_reached":56,"playtime":2047,"items_purged":["Strike_R","Strike_R","Strike_R"],"score":2740,"play_id":"90c2b872-18f2-4359-bf31-34f30b58fb61","local_time":"20201226142931","is_ascension_mode":true,"campfire_choices":[{"data":"Twin Strike","floor":7,"key":"SMITH"},{"data":"Bash","floor":13,"key":"SMITH"},{"data":"Wild Strike","floor":15,"key":"SMITH"},{"data":"Whirlwind","floor":29,"key":"SMITH"},{"data":"Sword Boomerang","floor":32,"key":"SMITH"},{"floor":49,"key":"RECALL"},{"data":"Disarm","floor":52,"key":"SMITH"}],"circlet_count":0,"master_deck":["AscendersBane","Defend_R","Defend_R","Defend_R","Defend_R","Bash+1","Disarm+1","Twin Strike+1","Wild Strike+1","Second Wind+1","Barricade+1","Metallicize+1","True Grit+1","Exhume+1","Power Through+1","Whirlwind+1","Shrug It Off+1","Feel No Pain+1","Shrug It Off+1","Offering+1","Body Slam+1","Panache+1","Impervious+1","Metallicize+1","Fire Breathing+1","Metallicize+1","Sword Boomerang+1"],"relics":["Burning Blood","Torii","Omamori","Mango","Gambling Chip","Happy Flower","Champion Belt","Frozen Egg 2","Turnip","StrikeDummy","Toxic Egg 2","Pantograph","Sundial","Medical Kit","Vajra","Cursed Key","Oddly Smooth Stone","Ice Cream","Calipers","Kunai","Sozu","Charon\u0027s Ashes","Orichalcum","Molten Egg 2","Incense Burner","Mummified Hand","Anchor","Art of War","Bag of Preparation"],"acts_visited":["Exordium","TheCity","TheBeyond","TheEnding"],"potions_floor_usage":[20,23,27,48],"damage_taken":[{"damage":1,"enemies":"Cultist","floor":1,"turns":3},{"damage":0,"enemies":"Small Slimes","floor":3,"turns":5},{"damage":1,"enemies":"2 Louse","floor":4,"turns":3},{"damage":26,"enemies":"3 Sentries","floor":6,"turns":13},{"damage":14,"enemies":"Lagavulin","floor":8,"turns":5},{"damage":12,"enemies":"3 Sentries","floor":10,"turns":9},{"damage":1,"enemies":"Gremlin Nob","floor":12,"turns":4},{"damage":16,"enemies":"Exordium Wildlife","floor":14,"turns":5},{"damage":34,"enemies":"Slime Boss","floor":16,"turns":9},{"damage":18,"enemies":"Spheric Guardian","floor":18,"turns":4},{"damage":0,"enemies":"3 Byrds","floor":20,"turns":7},{"damage":7,"enemies":"Snecko","floor":22,"turns":6},{"damage":22,"enemies":"Slavers","floor":23,"turns":8},{"damage":3,"enemies":"Book of Stabbing","floor":25,"turns":7},{"damage":14,"enemies":"Shelled Parasite and Fungi","floor":27,"turns":5},{"damage":18,"enemies":"Slavers","floor":28,"turns":7},{"damage":0,"enemies":"Book of Stabbing","floor":30,"turns":7},{"damage":0,"enemies":"Chosen and Byrds","floor":31,"turns":10},{"damage":0,"enemies":"Champ","floor":33,"turns":13},{"damage":6,"enemies":"3 Darklings","floor":35,"turns":3},{"damage":0,"enemies":"Orb Walker","floor":37,"turns":3},{"damage":6,"enemies":"4 Shapes","floor":38,"turns":4},{"damage":7,"enemies":"Nemesis","floor":40,"turns":5},{"damage":6,"enemies":"Giant Head","floor":42,"turns":6},{"damage":6,"enemies":"Spire Growth","floor":44,"turns":3},{"damage":6,"enemies":"Mind Bloom Boss Battle","floor":45,"turns":6},{"damage":12,"enemies":"Writhing Mass","floor":46,"turns":4},{"damage":6,"enemies":"Reptomancer","floor":48,"turns":5},{"damage":6,"enemies":"Time Eater","floor":50,"turns":8},{"damage":1,"enemies":"Shield and Spear","floor":54,"turns":8},{"damage":1,"enemies":"The Heart","floor":55,"turns":9}],"seed_played":"-3636532259604205486","potions_obtained":[{"floor":1,"key":"Strength Potion"},{"floor":6,"key":"BloodPotion"},{"floor":14,"key":"ElixirPotion"},{"floor":16,"key":"Fruit Juice"},{"floor":20,"key":"Strength Potion"},{"floor":25,"key":"Ancient Potion"},{"floor":33,"key":"EssenceOfSteel"}],"is_trial":false,"path_per_floor":["M","?","M","M","?","E","R","E","T","E","$","E","R","M","R","B",null,"M","?","M","?","M","E","?","E","T","M","E","R","E","M","R","B",null,"M","$","M","M","?","E","?","E","T","M","?","M","$","E","R","B",null,"R","$","E","B",null],"character_chosen":"IRONCLAD","items_purchased":["Omamori","Happy Flower","Disarm","Frozen Egg 2","Medical Kit","Metallicize+1","Panache+1","Mummified Hand","Anchor","Metallicize+1","Sword Boomerang+1"],"campfire_rested":0,"item_purchase_floors":[0,0,0,0,11,11,36,47,47,53,53],"current_hp_per_floor":[91,91,94,94,94,74,74,66,66,60,60,65,65,55,55,52,84,72,72,83,83,82,66,66,69,69,61,49,49,55,61,61,92,97,97,97,99,99,94,93,93,93,93,93,94,88,88,88,88,94,94,94,94,94,94],"gold":152,"neow_bonus":"","is_daily":false,"chose_seed":false,"campfire_upgraded":6,"win_rate":0.0,"timestamp":1608964171,"path_taken":["M","?","M","M","?","E","R","E","T","E","$","E","R","M","R","BOSS","M","?","M","?","?","E","?","E","T","M","E","R","E","M","R","BOSS","M","$","M","M","?","E","?","E","T","M","?","M","$","E","R","BOSS","R","$","E","BOSS"],"items_purchased_type":["Relic","Relic","Card","Relic","Relic","Card","Card","Relic","Relic","Card","Card"],"build_version":"2020-12-22","purchased_purges":3,"victory":true,"max_hp_per_floor":[94,94,94,94,94,94,94,94,94,94,94,94,94,94,94,94,94,94,94,99,99,99,99,99,99,99,99,99,99,99,99,99,99,99,99,99,99,99,94,94,94,94,94,94,94,94,94,94,94,94,94,94,94,94,94],"card_choices":[{"not_picked":["Body Slam","Flex","Bloodletting"],"picked":"SKIP","floor":1},{"not_picked":["Havoc","Flame Barrier"],"picked":"Twin Strike","floor":3},{"not_picked":["Reckless Charge","Iron Wave","Seeing Red"],"picked":"SKIP","floor":4},{"not_picked":["Pommel Strike","Warcry"],"picked":"Wild Strike","floor":6},{"not_picked":["Impervious+1","Wild Strike"],"picked":"Second Wind+1","floor":8},{"not_picked":["Clash","Sentinel+1"],"picked":"Barricade+1","floor":10},{"not_picked":["Sword Boomerang","Carnage"],"picked":"True Grit+1","floor":12},{"not_picked":["Anger","Havoc+1","Blood for Blood"],"picked":"SKIP","floor":14},{"not_picked":["Bludgeon","Corruption+1"],"picked":"Exhume+1","floor":16},{"not_picked":["Iron Wave+1","Perfected Strike"],"picked":"Power Through+1","floor":18},{"not_picked":["Warcry+1","Carnage"],"picked":"Sword Boomerang","floor":20},{"not_picked":["Headbutt","Sever Soul","Iron Wave"],"picked":"SKIP","floor":22},{"not_picked":["True Grit+1","Warcry+1"],"picked":"Whirlwind","floor":23},{"not_picked":["Shockwave+1","Havoc+1"],"picked":"Shrug It Off+1","floor":25},{"not_picked":["Power Through+1","Twin Strike"],"picked":"Feel No Pain+1","floor":27},{"not_picked":["Sword Boomerang","Flex+1"],"picked":"Shrug It Off+1","floor":28},{"not_picked":["Iron Wave+1","Rage+1","Wild Strike"],"picked":"SKIP","floor":30},{"not_picked":["Second Wind+1","Wild Strike","Whirlwind"],"picked":"SKIP","floor":31},{"not_picked":["Exhume+1","Brutality+1"],"picked":"Offering+1","floor":33},{"not_picked":["Cleave+1","Entrench+1"],"picked":"Body Slam+1","floor":35},{"not_picked":["Perfected Strike+1","Burning Pact+1","Sword Boomerang"],"picked":"SKIP","floor":37},{"not_picked":["Thunderclap","Perfected Strike+1","Rage+1"],"picked":"SKIP","floor":38},{"not_picked":["Shrug It Off+1","Warcry+1"],"picked":"Impervious+1","floor":40},{"not_picked":["Seeing Red+1","Havoc+1","Whirlwind+1"],"picked":"SKIP","floor":42},{"not_picked":["Pommel Strike+1","Armaments+1","Dropkick+1"],"picked":"SKIP","floor":44},{"not_picked":["Seeing Red+1","Shrug It Off+1"],"picked":"Metallicize+1","floor":46},{"not_picked":["Evolve+1","Fiend Fire+1"],"picked":"Fire Breathing+1","floor":48},{"not_picked":["Anger+1","Heavy Blade+1","Second Wind+1"],"picked":"SKIP","floor":54}],"player_experience":1251666,"relics_obtained":[{"floor":6,"key":"StrikeDummy"},{"floor":8,"key":"Toxic Egg 2"},{"floor":9,"key":"Pantograph"},{"floor":10,"key":"Sundial"},{"floor":12,"key":"Vajra"},{"floor":23,"key":"Oddly Smooth Stone"},{"floor":25,"key":"Ice Cream"},{"floor":28,"key":"Calipers"},{"floor":30,"key":"Kunai"},{"floor":40,"key":"Charon\u0027s Ashes"},{"floor":42,"key":"Orichalcum"},{"floor":43,"key":"Molten Egg 2"},{"floor":45,"key":"Incense Burner"},{"floor":48,"key":"Art of War"},{"floor":54,"key":"Bag of Preparation"}],"event_choices":[{"damage_healed":0,"gold_gain":1,"player_choice":"1","damage_taken":0,"max_hp_gain":0,"max_hp_loss":0,"event_name":"betterStone:BetterStone","floor":2,"gold_loss":0},{"cards_removed":["Strike_R"],"damage_healed":0,"gold_gain":0,"player_choice":"Card Removal","damage_taken":0,"max_hp_gain":0,"max_hp_loss":0,"event_name":"The Cleric","floor":5,"gold_loss":50},{"damage_healed":0,"gold_gain":100,"player_choice":"Pray","damage_taken":0,"max_hp_gain":0,"max_hp_loss":0,"event_name":"Golden Shrine","floor":19,"gold_loss":0},{"cards_removed":["Strike_R"],"damage_healed":0,"gold_gain":0,"player_choice":"Card Removal","damage_taken":0,"max_hp_gain":0,"max_hp_loss":0,"event_name":"Wheel of Change","floor":21,"gold_loss":0},{"damage_healed":0,"gold_gain":0,"player_choice":"Ignored","damage_taken":0,"max_hp_gain":0,"max_hp_loss":0,"event_name":"betterNote:BetterNote","floor":24,"gold_loss":0,"cards_obtained":["Ball Lightning"]},{"damage_healed":0,"gold_gain":0,"player_choice":"Max HP","damage_taken":0,"max_hp_gain":0,"max_hp_loss":5,"event_name":"Winding Halls","floor":39,"gold_loss":0},{"cards_removed":["Sword Boomerang"],"damage_healed":0,"gold_gain":0,"player_choice":"Removed Attack","damage_taken":0,"max_hp_gain":0,"max_hp_loss":0,"event_name":"Falling","floor":41,"gold_loss":0},{"damage_healed":0,"gold_gain":0,"player_choice":"Fight","damage_taken":0,"max_hp_gain":0,"max_hp_loss":0,"event_name":"MindBloom","floor":45,"gold_loss":0}],"is_beta":false,"boss_relics":[{"not_picked":["Ectoplasm","Pandora\u0027s Box"],"picked":"Cursed Key"},{"not_picked":["Empty Cage","Busted Crown"],"picked":"Sozu"}],"items_purged_floors":[0,0,0],"is_endless":false,"potions_floor_spawned":[1,6,14,16,20,22,25,33,35,37,42,48],"ascension_level":10}}