{"host":"4ql3fbq4ff03iluc","time":1608948516,"event":{"mods":["BaseMod","Minty Spire (QoL Compilation)","Rare Cards Sparkle","StSLib"],"gold_per_floor":[360,378,378,156,156,156,173,204,231,244,194,219,236,250,250,250,250],"floor_reached":16,"playtime":450,"items_purged":["Strike_R"],"score":179,"play_id":"7a188e19-61bc-4ebf-96d7-8db9e17d1279","local_time":"20201225180836","is_ascension_mode":true,"campfire_choices":[{"data":"Immolate","floor":6,"key":"SMITH"},{"data":"Spot Weakness","floor":15,"key":"SMITH"}],"circlet_count":0,"master_deck":["AscendersBane","Strike_R+1","Strike_R","Strike_R","Defend_R+1","Defend_R","Defend_R","Defend_R","Bash","Clothesline","Twin Strike","Immolate+1","Thunderclap","Battle Trance","Fire Breathing","Spot Weakness+1"],"relics":["Burning Blood","Anchor","Juzu Bracelet","Nunchaku"],"acts_visited":["Exordium"],"potions_floor_usage":[12],"damage_taken":[{"damage":7,"enemies":"Small Slimes","floor":1,"turns":3},{"damage":18,"enemies":"Jaw Worm","floor":2,"turns":4},{"damage":0,"enemies":"2 Louse","floor":7,"turns":1},{"damage":22,"enemies":"3 Sentries","floor":8,"turns":4},{"damage":0,"enemies":"Blue Slaver","floor":10,"turns":3},{"damage":14,"enemies":"Lagavulin","floor":12,"turns":5},{"damage":0,"enemies":"3 Louse","floor":13,"turns":3},{"damage":1,"enemies":"Looter","floor":14,"turns":3},{"damage":37,"enemies":"The Guardian","floor":16,"turns":8}],"seed_played":"3416011062823333834","potions_obtained":[{"floor":10,"key":"DistilledChaos"},{"floor":12,"key":"FearPotion"}],"is_trial":false,"path_per_floor":["M","M","?","$","?","R","M","E","T","M","?","E","M","M","R","B"],"character_chosen":"IRONCLAD","items_purchased":["Immolate"],"campfire_rested":0,"item_purchase_floors":[4],"current_hp_per_floor":[71,59,52,52,36,36,42,26,26,32,32,24,30,35,35,0,0],"gold":250,"neow_bonus":"TWO_FIFTY_GOLD","is_daily":false,"chose_seed":false,"campfire_upgraded":2,"win_rate":0.0,"timestamp":1608948516,"path_taken":["M","M","?","$","?","R","M","E","T","M","?","E","M","M","R","BOSS"],"items_purchased_type":["Card"],"build_version":"2020-12-22","purchased_purges":1,"victory":false,"max_hp_per_floor":[80,80,80,80,80,80,80,80,80,80,80,80,80,80,80,80,80],"card_choices":[{"not_picked":["Warcry","Iron Wave"],"picked":"Clothesline","floor":1},{"not_picked":["Headbutt","Rupture"],"picked":"Twin Strike","floor":2},{"not_picked":["Heavy Blade","Flex"],"picked":"Thunderclap","floor":7},{"not_picked":["Exhume","Entrench","Perfected Strike"],"picked":"SKIP","floor":8},{"not_picked":["Entrench","Feel No Pain"],"picked":"Battle Trance","floor":10},{"not_picked":["Dropkick","Sword Boomerang","Warcry"],"picked":"SKIP","floor":12},{"not_picked":["Iron Wave","Heavy Blade"],"picked":"Fire Breathing","floor":13},{"not_picked":["Dropkick","True Grit"],"picked":"Spot Weakness","floor":14}],"player_experience":620632,"relics_obtained":[{"floor":8,"key":"Anchor"},{"floor":9,"key":"Juzu Bracelet"},{"floor":12,"key":"Nunchaku"}],"event_choices":[{"cards_removed":["Regret"],"damage_healed":0,"gold_gain":0,"player_choice":"Card Removal","damage_taken":7,"max_hp_gain":0,"max_hp_loss":0,"event_name":"Golden Wing","floor":3,"gold_loss":0},{"damage_healed":0,"gold_gain":0,"player_choice":"Entered Light","damage_taken":16,"max_hp_gain":0,"max_hp_loss":0,"event_name":"Shining Light","floor":5,"gold_loss":0,"cards_upgraded":["Strike_R","Defend_R"]},{"cards_removed":["Strike_R"],"damage_healed":0,"gold_gain":0,"player_choice":"Card Removal","damage_taken":0,"max_hp_gain":0,"max_hp_loss":0,"event_name":"The Cleric","floor":11,"gold_loss":50}],"is_beta":false,"boss_relics":[],"items_purged_floors":[4],"is_endless":false,"potions_floor_spawned":[10,12],"killed_by":"The Guardian","ascension_level":12}}