{"host":"f6tqpspb2ou2a4h5","time":1608972905,"event":{"mods":["2.2 Compatiblity","Ascension Unlocker","BaseMod","Colored Map","DeckTracker","Hermit","Highlight Path","KOR Keyword Fix","Keyboard Shortcuts","Minty Spire (QoL Compilation)","Permanent Neow","Quick Restart","Random Character Button","StSLib","SuperFastMode","The Poker Player","everything is the same but u backflip on backflip"],"gold_per_floor":[113,128,147,2,2,2,29,42,124,150,150,177,177,196,196,315,315,329,329,348,361,381,381,400,400,427,427,461,485,485,510,510,639,639,664,96,159,159,159,202,227,270,296,320,320,335,369,390,390,390],"floor_reached":51,"playtime":2582,"items_purged":["Defend_B","Strike_B"],"score":917,"play_id":"561a689a-ea87-45e0-b929-b53f820b86ba","local_time":"20201226175505","is_ascension_mode":true,"campfire_choices":[{"data":"Defragment","floor":6.0,"key":"SMITH"},{"data":"Dualcast","floor":11.0,"key":"SMITH"},{"data":"Zap","floor":15.0,"key":"SMITH"},{"data":"Self Repair","floor":23.0,"key":"SMITH"},{"data":"Blizzard","floor":25.0,"key":"SMITH"},{"data":"Buffer","floor":27.0,"key":"SMITH"},{"data":"Self Repair","floor":30.0,"key":"SMITH"},{"data":"Storm","floor":32.0,"key":"SMITH"},{"data":"Parasite","floor":49,"key":"PURGE"}],"circlet_count":0,"master_deck":["Strike_B+1","Defend_B","Defend_B","Defend_B","Zap+1","Dualcast+1","Rip and Tear","White Noise+1","Glacier","Defragment+1","Doom and Gloom","All For One","Blizzard+1","Storm+1","Self Repair+1","Core Surge","Gash","Go for the Eyes+1","FTL+1","Cold Snap+1","Buffer+1","Self Repair+1","Biased Cognition","Consume","Defragment+1","Heatsinks","Beam Cell+1","Scrape+1","Stack+1","Rebound","Hologram","Coolheaded+1"],"relics":["Cracked Core","Calipers","Ornamental Fan","Bag of Marbles","Mummified Hand","Golden Idol","Coffee Dripper","Whetstone","Eternal Feather","Bronze Scales","Black Star","DollysMirror","Kunai","Peace Pipe","StoneCalendar","Pocketwatch","Dream Catcher","Nunchaku","MealTicket","Darkstone Periapt","Mango"],"acts_visited":["Exordium","TheCity","TheBeyond"],"potions_floor_usage":[44,47,50,50],"damage_taken":[{"damage":1.0,"enemies":"Jaw Worm","floor":1.0,"turns":4.0},{"damage":0.0,"enemies":"Cultist","floor":2.0,"turns":2.0},{"damage":2.0,"enemies":"2 Louse","floor":3.0,"turns":2.0},{"damage":6.0,"enemies":"3 Sentries","floor":7.0,"turns":8.0},{"damage":2.0,"enemies":"Blue Slaver","floor":8.0,"turns":4.0},{"damage":5.0,"enemies":"Gremlin Nob","floor":10.0,"turns":5.0},{"damage":4.0,"enemies":"3 Sentries","floor":12.0,"turns":6.0},{"damage":0.0,"enemies":"Exordium Thugs","floor":14.0,"turns":4.0},{"damage":12.0,"enemies":"The Guardian","floor":16.0,"turns":10.0},{"damage":0.0,"enemies":"Chosen","floor":18.0,"turns":4.0},{"damage":11.0,"enemies":"Shell Parasite","floor":20.0,"turns":3.0},{"damage":0.0,"enemies":"3 Cultists","floor":21.0,"turns":2.0},{"damage":22.0,"enemies":"Snake Plant","floor":22.0,"turns":4.0},{"damage":15.0,"enemies":"Snecko","floor":24.0,"turns":6.0},{"damage":0.0,"enemies":"Book of Stabbing","floor":28.0,"turns":4.0},{"damage":5.0,"enemies":"Chosen and Byrds","floor":31.0,"turns":3.0},{"damage":0.0,"enemies":"Collector","floor":33.0,"turns":7.0},{"damage":1.0,"enemies":"3 Shapes","floor":35.0,"turns":4.0},{"damage":0.0,"enemies":"Mind Bloom Boss Battle","floor":37.0,"turns":5.0},{"damage":32.0,"enemies":"Nemesis","floor":40.0,"turns":4.0},{"damage":10.0,"enemies":"3 Darklings","floor":41.0,"turns":2.0},{"damage":4,"enemies":"Reptomancer","floor":42,"turns":4},{"damage":6,"enemies":"Writhing Mass","floor":44,"turns":3},{"damage":0,"enemies":"Spire Growth","floor":46,"turns":3},{"damage":7,"enemies":"Nemesis","floor":47,"turns":5},{"damage":37,"enemies":"Jaw Worm Horde","floor":48,"turns":4},{"damage":37,"enemies":"Awakened One","floor":50,"turns":13}],"seed_played":"4276232195027571019","potions_obtained":[{"floor":1.0,"key":"SkillPotion"},{"floor":8.0,"key":"Ancient Potion"},{"floor":14.0,"key":"SkillPotion"},{"floor":16.0,"key":"Ancient Potion"},{"floor":18.0,"key":"Fire Potion"},{"floor":19.0,"key":"SteroidPotion"},{"floor":21.0,"key":"LiquidMemories"},{"floor":35.0,"key":"AttackPotion"},{"floor":41.0,"key":"FocusPotion"},{"floor":44,"key":"Dexterity Potion"},{"floor":47,"key":"Fruit Juice"}],"is_trial":false,"path_per_floor":["M","M","M","$","?","R","E","M","T","E","R","E","?","M","R","B",null,"M","?","M","M","M","R","M","R","T","R","E","T","R","M","R","B",null,"M","$","?","?","?","E","M","E","T","M","?","M","E","M","R","B",null],"character_chosen":"DEFECT","items_purchased":["Defragment","DollysMirror","Kunai","Heatsinks"],"campfire_rested":0,"item_purchase_floors":[4,36,36,36],"current_hp_per_floor":[67,67,65,65,65,65,59,57,57,52,52,48,48,48,48,43,63,63,63,59,59,44,44,39,39,39,39,39,39,51,56,63,63,63,63,63,63,60,60,48,58,60,60,60,60,60,79,62,76,49],"gold":390,"neow_bonus":"REMOVE_TWO","is_daily":false,"chose_seed":false,"campfire_upgraded":8,"win_rate":0.0,"timestamp":1608972905,"path_taken":["M","M","M","$","?","R","E","?","T","E","R","E","?","M","R","BOSS","M","?","M","M","M","R","?","R","T","R","E","?","R","M","R","BOSS","M","$","?","?","?","E","M","E","T","?","?","M","E","M","R","BOSS"],"items_purchased_type":["Card","Relic","Relic","Card"],"build_version":"2020-12-22","purchased_purges":2,"victory":true,"max_hp_per_floor":[68,68,68,68,68,68,68,68,68,68,68,68,63,63,63,63,63,63,63,63,63,63,63,63,63,63,63,63,63,63,63,63,63,63,63,63,63,60,60,60,60,60,60,60,60,60,79,79,76,76],"card_choices":[{"not_picked":["Stack","Barrage"],"picked":"Rip and Tear","floor":1.0},{"not_picked":["Leap","Rebound"],"picked":"White Noise","floor":2.0},{"not_picked":["Chill","Turbo"],"picked":"Glacier","floor":3.0},{"not_picked":["Force Field","Leap"],"picked":"Doom and Gloom","floor":7.0},{"not_picked":["Steam Power","Turbo"],"picked":"All For One","floor":8.0},{"not_picked":["Sweeping Beam","Leap"],"picked":"Blizzard","floor":10.0},{"not_picked":["Doom and Gloom","Coolheaded"],"picked":"Storm","floor":12.0},{"not_picked":["Stack","Hologram"],"picked":"Self Repair","floor":14.0},{"not_picked":["Machine Learning","Fission"],"picked":"Core Surge","floor":16.0},{"not_picked":["Conserve Battery+1","Beam Cell"],"picked":"Gash","floor":18.0},{"not_picked":["Force Field","Beam Cell"],"picked":"Go for the Eyes","floor":20.0},{"not_picked":["Streamline+1","Beam Cell"],"picked":"FTL+1","floor":21.0},{"not_picked":["Redo","Rip and Tear"],"picked":"Cold Snap+1","floor":22.0},{"not_picked":["Storm","Compile Driver"],"picked":"Buffer","floor":24.0},{"not_picked":["Darkness","Barrage"],"picked":"Self Repair","floor":28.0},{"not_picked":["Rebound","Ball Lightning+1","Undo+1"],"picked":"SKIP","floor":31.0},{"not_picked":["Rainbow","Core Surge"],"picked":"Biased Cognition","floor":33.0},{"not_picked":["Ball Lightning+1","Turbo+1"],"picked":"Consume","floor":35.0},{"not_picked":["Ball Lightning","Cold Snap"],"picked":"Beam Cell+1","floor":37.0},{"not_picked":["Redo","Stack"],"picked":"Scrape+1","floor":40.0},{"not_picked":["Undo","Go for the Eyes","Genetic Algorithm"],"picked":"SKIP","floor":41.0},{"not_picked":["Undo","Go for the Eyes","Genetic Algorithm"],"picked":"SKIP","floor":41.0},{"not_picked":["Doom and Gloom","Machine Learning","Compile Driver"],"picked":"SKIP","floor":42},{"not_picked":["Go for the Eyes","Gash"],"picked":"Stack+1","floor":44},{"not_picked":["Turbo+1","Go for the Eyes+1"],"picked":"Rebound","floor":46},{"not_picked":["Steam+1","Loop"],"picked":"Hologram","floor":47},{"not_picked":["Cold Snap+1","Beam Cell+1"],"picked":"Coolheaded+1","floor":48}],"player_experience":65960,"relics_obtained":[{"floor":7.0,"key":"Calipers"},{"floor":9.0,"key":"Ornamental Fan"},{"floor":10.0,"key":"Bag of Marbles"},{"floor":12.0,"key":"Mummified Hand"},{"floor":26.0,"key":"Whetstone"},{"floor":28.0,"key":"Eternal Feather"},{"floor":29.0,"key":"Bronze Scales"},{"floor":37.0,"key":"Peace Pipe"},{"floor":40.0,"key":"StoneCalendar"},{"floor":40.0,"key":"Pocketwatch"},{"floor":42,"key":"Dream Catcher"},{"floor":42,"key":"Nunchaku"},{"floor":43,"key":"MealTicket"},{"floor":47,"key":"Darkstone Periapt"},{"floor":47,"key":"Mango"}],"event_choices":[{"damage_healed":0.0,"max_hp_gain":0.0,"max_hp_loss":0.0,"gold_gain":0.0,"event_name":"Upgrade Shrine","player_choice":"Upgraded","floor":5.0,"gold_loss":0.0,"damage_taken":0.0,"cards_upgraded":["White Noise"]},{"damage_healed":0.0,"max_hp_gain":0.0,"max_hp_loss":5.0,"gold_gain":0.0,"event_name":"Golden Idol","player_choice":"Lose Max HP","floor":13.0,"gold_loss":0.0,"damage_taken":0.0,"relics_obtained":["Golden Idol"]},{"damage_healed":0.0,"max_hp_gain":0.0,"max_hp_loss":0.0,"gold_gain":0.0,"event_name":"Lab","player_choice":"Got Potions","floor":19.0,"gold_loss":0.0,"damage_taken":0.0},{"damage_healed":0.0,"max_hp_gain":0.0,"max_hp_loss":0.0,"gold_gain":0.0,"event_name":"MindBloom","player_choice":"Fight","floor":37.0,"gold_loss":0.0,"damage_taken":0.0},{"damage_healed":0.0,"max_hp_gain":0.0,"max_hp_loss":3.0,"gold_gain":0.0,"event_name":"Winding Halls","player_choice":"Max HP","floor":38.0,"gold_loss":0.0,"damage_taken":0.0},{"damage_healed":0.0,"max_hp_gain":0.0,"max_hp_loss":0.0,"gold_gain":0.0,"event_name":"SecretPortal","player_choice":"Ignored","floor":39.0,"gold_loss":0.0,"damage_taken":0.0},{"damage_healed":0,"gold_gain":0,"player_choice":"Ignored","damage_taken":0,"max_hp_gain":0,"max_hp_loss":0,"event_name":"NoteForYourself","floor":45,"gold_loss":0}],"is_beta":false,"boss_relics":[{"not_picked":["Velvet Choker","Runic Dome"],"picked":"Coffee Dripper"},{"not_picked":["SlaversCollar","Cursed Key"],"picked":"Black Star"}],"items_purged_floors":[4,36],"is_endless":false,"potions_floor_spawned":[1,8,14,16,18,21,28,35,41,44,47],"ascension_level":1}}