{"host":"o4h0rmbndwm6mjyo","time":1608986962,"event":{"mods":["BaseMod","Colored Map","Colored Powertips","DeckTracker","Googly Eyes","Minty Spire (QoL Compilation)","Rare Cards Sparkle","Synergy Search"],"gold_per_floor":[112,122,133,147,159,175,201,201,227,243,318,318,336,66,66,140,140,156,81,100,80,91,91,118,118,143,143,163,195,207,207],"floor_reached":30,"playtime":1660,"items_purged":["Strike_G"],"score":518,"play_id":"8eb09853-b4ad-4120-8adc-cf37eeda1eab","local_time":"20201226134922","is_ascension_mode":true,"campfire_choices":[{"data":"Bouncing Flask","floor":8.0,"key":"SMITH"},{"floor":12.0,"key":"REST"},{"data":"Bouncing Flask","floor":15.0,"key":"SMITH"},{"floor":23.0,"key":"REST"},{"floor":25,"key":"REST"},{"floor":27,"key":"REST"}],"circlet_count":0,"master_deck":["AscendersBane","Strike_G","Strike_G","Strike_G","Strike_G","Defend_G","Defend_G","Defend_G","Defend_G","Defend_G","Survivor","Neutralize","Dramatic Entrance","Deadly Poison","Bouncing Flask+1","Deadly Poison","Well Laid Plans","Deadly Poison","All Out Attack","Venomology","Bouncing Flask+1","Deadly Poison","Corpse Explosion","Bouncing Flask","Backflip"],"relics":["Ring of the Snake","Toy Ornithopter","Art of War","Anchor","Busted Crown","InkBottle","Dream Catcher","MawBank"],"acts_visited":["Exordium","TheCity"],"potions_floor_usage":[29,29],"damage_taken":[{"damage":2.0,"enemies":"Cultist","floor":1.0,"turns":4.0},{"damage":0.0,"enemies":"Jaw Worm","floor":2.0,"turns":4.0},{"damage":0.0,"enemies":"Small Slimes","floor":3.0,"turns":2.0},{"damage":0.0,"enemies":"3 Louse","floor":4.0,"turns":1.0},{"damage":3.0,"enemies":"Looter","floor":5.0,"turns":3.0},{"damage":0.0,"enemies":"Gremlin Gang","floor":6.0,"turns":2.0},{"damage":34.0,"enemies":"Lagavulin","floor":7.0,"turns":6.0},{"damage":7.0,"enemies":"3 Louse","floor":10.0,"turns":2.0},{"damage":0.0,"enemies":"Lots of Slimes","floor":13.0,"turns":1.0},{"damage":19.0,"enemies":"Hexaghost","floor":16.0,"turns":7.0},{"damage":32.0,"enemies":"Spheric Guardian","floor":18.0,"turns":5.0},{"damage":14.0,"enemies":"3 Byrds","floor":20.0,"turns":3.0},{"damage":8.0,"enemies":"Centurion and Healer","floor":22.0,"turns":5.0},{"damage":33.0,"enemies":"Book of Stabbing","floor":24.0,"turns":5.0},{"damage":13,"enemies":"Sentry and Sphere","floor":28,"turns":3},{"damage":28,"enemies":"Slavers","floor":29,"turns":4},{"damage":30,"enemies":"Shelled Parasite and Fungi","floor":30,"turns":3}],"seed_played":"3480154572429839369","potions_obtained":[{"floor":3.0,"key":"Explosive Potion"},{"floor":5.0,"key":"Explosive Potion"},{"floor":7.0,"key":"Strength Potion"},{"floor":10.0,"key":"BlessingOfTheForge"},{"floor":21.0,"key":"Swift Potion"},{"floor":24,"key":"Block Potion"}],"is_trial":false,"path_per_floor":["M","M","M","M","M","M","E","R","T","M","?","R","M","$","R","B",null,"M","$","M","?","M","R","E","R","T","R","M","E","M"],"character_chosen":"THE_SILENT","items_purchased":["Bouncing Flask","Deadly Poison","Anchor"],"campfire_rested":4,"item_purchase_floors":[14,14,14],"current_hp_per_floor":[57,57,57,57,54,54,20,20,20,13,13,32,32,32,32,18,54,41,41,32,32,29,48,20,39,39,58,45,27,0,0],"gold":207,"neow_bonus":"RANDOM_COLORLESS","is_daily":false,"chose_seed":false,"campfire_upgraded":2,"win_rate":0.0,"timestamp":1608986962,"path_taken":["M","M","?","M","M","M","E","R","T","M","?","R","M","$","R","BOSS","M","$","M","?","M","R","E","R","T","R","M","E","M"],"items_purchased_type":["Card","Card","Relic"],"build_version":"2020-12-22","purchased_purges":1,"victory":false,"max_hp_per_floor":[66,66,66,66,66,66,66,66,66,66,66,66,66,66,66,66,66,66,66,66,66,66,66,66,66,66,66,66,66,66,66],"card_choices":[{"not_picked":["Impatience","Finesse"],"picked":"Dramatic Entrance","floor":0.0},{"not_picked":["Deflect","Riddle With Holes"],"picked":"Deadly Poison","floor":1.0},{"not_picked":["All Out Attack","Endless Agony"],"picked":"Bouncing Flask","floor":2.0},{"not_picked":["Bane","Infinite Blades"],"picked":"Deadly Poison","floor":3.0},{"not_picked":["Outmaneuver","Tactician","Blade Dance"],"picked":"SKIP","floor":4.0},{"not_picked":["Dagger Throw","Expertise","Blade Dance"],"picked":"SKIP","floor":5.0},{"not_picked":["Underhanded Strike","Expertise"],"picked":"Well Laid Plans","floor":6.0},{"not_picked":["Backflip","Riddle With Holes"],"picked":"Deadly Poison","floor":7.0},{"not_picked":["Reflex","Endless Agony"],"picked":"All Out Attack","floor":10.0},{"not_picked":["Cloak And Dagger","PiercingWail"],"picked":"Venomology","floor":13.0},{"not_picked":["Venomology","Wraith Form v2"],"picked":"Corpse Explosion","floor":16.0},{"not_picked":["Cloak And Dagger"],"picked":"SKIP","floor":18.0},{"not_picked":[],"picked":"Bouncing Flask","floor":20.0},{"not_picked":[],"picked":"Backflip","floor":22.0},{"not_picked":["Eviscerate"],"picked":"SKIP","floor":24},{"not_picked":["Backflip"],"picked":"SKIP","floor":28},{"not_picked":["Quick Slash"],"picked":"SKIP","floor":29}],"player_experience":2129996,"relics_obtained":[{"floor":7.0,"key":"Toy Ornithopter"},{"floor":9.0,"key":"Art of War"},{"floor":24,"key":"InkBottle"},{"floor":26,"key":"Dream Catcher"},{"floor":29,"key":"MawBank"}],"event_choices":[{"damage_healed":0.0,"max_hp_gain":0.0,"max_hp_loss":0.0,"gold_gain":75.0,"event_name":"Golden Wing","player_choice":"Gained Gold","floor":11.0,"gold_loss":0.0,"damage_taken":0.0},{"damage_healed":0.0,"max_hp_gain":0.0,"max_hp_loss":0.0,"gold_gain":0.0,"event_name":"The Woman in Blue","player_choice":"Bought 1 Potion","floor":21.0,"gold_loss":0.0,"damage_taken":0.0}],"is_beta":false,"boss_relics":[{"not_picked":["WristBlade","Coffee Dripper"],"picked":"Busted Crown"}],"items_purged_floors":[19],"is_endless":false,"potions_floor_spawned":[3,5,7,10,16,20,24],"killed_by":"Shelled Parasite and Fungi","ascension_level":16}}