{"host":"8u7tvcybuv0u72fd","time":1608963188,"event":{"mods":["BaseMod","BetterRewards","Colored Map","Colored Powertips","Minty Spire (QoL Compilation)","Quick Restart","Shop Mod"],"gold_per_floor":[116,291,291,291,306,306,339,339,409,409,437,33,48,65,65,166,166,180,180,17,36,47,47,47,63,89,108,208,233,249,259,259,358,358,368,386,37,54,71,71,71,71,71,83,83,133,186,202,202,202,202,202,49,83,83],"floor_reached":56,"playtime":3375,"items_purged":["Strike_R"],"score":1654,"play_id":"6ac8b3b3-6a53-4eb8-8296-5898fb68abc1","local_time":"20201226011308","is_ascension_mode":false,"campfire_choices":[{"data":"Bash","floor":6.0,"key":"SMITH"},{"floor":8.0,"key":"DIG"},{"floor":15.0,"key":"DIG"},{"data":"Apotheosis","floor":23.0,"key":"SMITH"},{"floor":32.0,"key":"DIG"},{"floor":40.0,"key":"DIG"},{"floor":45.0,"key":"DIG"},{"floor":49.0,"key":"RECALL"},{"floor":52.0,"key":"DIG"}],"circlet_count":0,"master_deck":["Strike_R","Strike_R","Strike_R","Strike_R","Defend_R","Defend_R","Defend_R","Defend_R","Bash+1","Feed+1","Seeing Red","Thunderclap","Apotheosis+1","Bandage Up","Shrug It Off","Juggernaut","Headbutt","Body Slam+1","Iron Wave+1","RitualDagger+1","Ghostly Armor+1","Exhume","Mind Blast+1","Writhe","True Grit+1"],"relics":["Burning Blood","Blue Candle","Membership Card","Mercury Hourglass","Shovel","Pear","Akabeko","Mummified Hand","Art of War","Red Skull","Sundial","Bottled Lightning","Runic Pyramid","Molten Egg 2","Blood Vial","Strawberry","Calipers","Matryoshka","Juzu Bracelet","Boot","Busted Crown","Lee\u0027s Waffle","Magic Flower","Pantograph","Mango","Toxic Egg 2","Self Forming Clay","Incense Burner","Turnip","Bottled Flame","Bronze Scales","Anchor","Oddly Smooth Stone"],"acts_visited":["Exordium","TheCity","TheBeyond","TheEnding"],"potions_floor_usage":[55,55],"damage_taken":[{"damage":6.0,"enemies":"Jaw Worm","floor":1.0,"turns":3.0},{"damage":0.0,"enemies":"Small Slimes","floor":5.0,"turns":3.0},{"damage":34.0,"enemies":"Lagavulin","floor":7.0,"turns":6.0},{"damage":14.0,"enemies":"Gremlin Nob","floor":11.0,"turns":3.0},{"damage":0.0,"enemies":"2 Louse","floor":13.0,"turns":1.0},{"damage":0.0,"enemies":"Red Slaver","floor":14.0,"turns":1.0},{"damage":37.0,"enemies":"Hexaghost","floor":16.0,"turns":10.0},{"damage":0.0,"enemies":"Spheric Guardian","floor":18.0,"turns":3.0},{"damage":2.0,"enemies":"Chosen","floor":21.0,"turns":3.0},{"damage":3.0,"enemies":"Snake Plant","floor":22.0,"turns":4.0},{"damage":20.0,"enemies":"Centurion and Healer","floor":25.0,"turns":4.0},{"damage":0.0,"enemies":"Snecko","floor":27.0,"turns":3.0},{"damage":9.0,"enemies":"Colosseum Slavers","floor":28.0,"turns":3.0},{"damage":10.0,"enemies":"Colosseum Nobs","floor":28.0,"turns":3.0},{"damage":17.0,"enemies":"Book of Stabbing","floor":29.0,"turns":4.0},{"damage":2.0,"enemies":"Snake Plant","floor":30.0,"turns":2.0},{"damage":11.0,"enemies":"3 Cultists","floor":31.0,"turns":4.0},{"damage":70.0,"enemies":"Champ","floor":33.0,"turns":11.0},{"damage":35.0,"enemies":"3 Darklings","floor":35.0,"turns":4.0},{"damage":2.0,"enemies":"3 Shapes","floor":36.0,"turns":3.0},{"damage":17.0,"enemies":"Jaw Worm Horde","floor":38.0,"turns":5.0},{"damage":23.0,"enemies":"Maw","floor":39.0,"turns":6.0},{"damage":28.0,"enemies":"4 Shapes","floor":44.0,"turns":6.0},{"damage":0.0,"enemies":"Mind Bloom Boss Battle","floor":46.0,"turns":5.0},{"damage":48.0,"enemies":"2 Orb Walkers","floor":47.0,"turns":5.0},{"damage":2.0,"enemies":"Jaw Worm Horde","floor":48.0,"turns":3.0},{"damage":37.0,"enemies":"Time Eater","floor":50.0,"turns":8.0},{"damage":1,"enemies":"Shield and Spear","floor":54,"turns":4},{"damage":90,"enemies":"The Heart","floor":55,"turns":8}],"seed_played":"730946494956007579","potions_obtained":[{"floor":7.0,"key":"BlessingOfTheForge"},{"floor":16.0,"key":"PowerPotion"},{"floor":28.0,"key":"PowerPotion"},{"floor":29.0,"key":"DuplicationPotion"},{"floor":36.0,"key":"Strength Potion"},{"floor":47.0,"key":"Strength Potion"}],"is_trial":false,"path_per_floor":["M","?","?","?","M","R","E","R","T","?","E","$","M","M","R","B",null,"M","T","$","M","M","R","?","M","T","M","?","E","M","M","R","B",null,"M","M","$","M","M","R","?","?","T","M","R","?","?","M","R","B",null,"R","$","E","B",null],"character_chosen":"IRONCLAD","items_purchased":["Feed","Blue Candle","Membership Card","Mercury Hourglass","Fruit Juice","FearPotion","Explosive Potion","Apotheosis","Bandage Up","Red Skull","Sundial","Body Slam+1","Blood Vial","Dexterity Potion","Ancient Potion","Lee\u0027s Waffle","Magic Flower","Pantograph","Bronze Scales","Anchor"],"campfire_rested":0,"item_purchase_floors":[0,0,0,0,0,0,12,12,12,12,12,20,20,20,20,37,37,37,53,53],"current_hp_per_floor":[54,54,47,47,56,56,38,38,38,38,30,30,40,46,46,25,109,113,113,113,113,117,117,111,109,116,124,132,127,132,136,136,78,136,113,127,151,159,159,173,173,173,173,177,177,177,162,172,172,171,181,181,181,181,109],"gold":83,"neow_bonus":"","is_daily":false,"chose_seed":false,"campfire_upgraded":2,"win_rate":0.0,"timestamp":1608963188,"path_taken":["M","?","?","?","?","R","E","R","T","?","E","$","M","M","R","BOSS","M","?","$","M","M","R","?","M","T","M","?","E","M","M","R","BOSS","M","M","$","M","M","R","?","?","T","M","R","?","?","M","R","BOSS","R","$","E","BOSS"],"items_purchased_type":["Card","Relic","Relic","Relic","Potion","Potion","Potion","Card","Card","Relic","Relic","Card","Relic","Potion","Potion","Relic","Relic","Relic","Relic","Relic"],"build_version":"2020-12-22","purchased_purges":1,"victory":true,"max_hp_per_floor":[88,88,88,88,91,91,101,101,101,101,101,101,105,105,105,109,109,113,113,113,113,117,117,117,121,128,128,132,132,132,136,136,136,136,136,144,151,159,159,173,173,173,173,177,177,177,181,181,181,181,181,181,181,181,181],"card_choices":[{"not_picked":["Thunderclap","Dropkick","Twin Strike"],"picked":"SKIP","floor":1.0},{"not_picked":["Metallicize","Armaments"],"picked":"Seeing Red","floor":5.0},{"not_picked":["Pommel Strike","Intimidate"],"picked":"Thunderclap","floor":7.0},{"not_picked":["Clothesline","Clash","Sword Boomerang"],"picked":"SKIP","floor":11.0},{"not_picked":["Clash","Searing Blow","Entrench"],"picked":"SKIP","floor":13.0},{"not_picked":["Sentinel","Shockwave"],"picked":"Shrug It Off","floor":14.0},{"not_picked":["Demon Form","Reaper"],"picked":"Juggernaut","floor":16.0},{"not_picked":["Fire Breathing+1","Combust"],"picked":"Headbutt","floor":18.0},{"not_picked":["Wild Strike+1","Armaments+1","Reckless Charge+1"],"picked":"SKIP","floor":21.0},{"not_picked":["Entrench+1","Spot Weakness"],"picked":"Iron Wave+1","floor":22.0},{"not_picked":["Combust","Flex","Juggernaut"],"picked":"SKIP","floor":25.0},{"not_picked":["Evolve","Perfected Strike+1","Burning Pact"],"picked":"SKIP","floor":27.0},{"not_picked":["Evolve","Perfected Strike+1","Burning Pact"],"picked":"SKIP","floor":27.0},{"not_picked":["Sword Boomerang+1","Reaper+1","Havoc"],"picked":"SKIP","floor":29.0},{"not_picked":["Twin Strike+1","Pommel Strike+1"],"picked":"Ghostly Armor+1","floor":30.0},{"not_picked":["Power Through","Armaments","Clash+1"],"picked":"SKIP","floor":31.0},{"not_picked":["Reaper+1","Corruption"],"picked":"Exhume","floor":33.0},{"not_picked":["Armaments+1"],"picked":"SKIP","floor":35.0},{"not_picked":["Twin Strike+1"],"picked":"SKIP","floor":36.0},{"not_picked":["Heavy Blade+1"],"picked":"SKIP","floor":38.0},{"not_picked":["Cleave+1"],"picked":"SKIP","floor":39.0},{"not_picked":[],"picked":"Mind Blast+1","floor":41.0},{"not_picked":["Havoc+1"],"picked":"SKIP","floor":44.0},{"not_picked":[],"picked":"True Grit+1","floor":47.0},{"not_picked":["Evolve"],"picked":"SKIP","floor":48.0},{"not_picked":["Headbutt+1"],"picked":"SKIP","floor":54}],"player_experience":1221006,"relics_obtained":[{"floor":7.0,"key":"Pear"},{"floor":8.0,"key":"Akabeko"},{"floor":9.0,"key":"Mummified Hand"},{"floor":11.0,"key":"Art of War"},{"floor":15.0,"key":"Bottled Lightning"},{"floor":19.0,"key":"Molten Egg 2"},{"floor":26.0,"key":"Strawberry"},{"floor":28.0,"key":"Calipers"},{"floor":28.0,"key":"Matryoshka"},{"floor":29.0,"key":"Juzu Bracelet"},{"floor":32.0,"key":"Boot"},{"floor":40.0,"key":"Mango"},{"floor":43.0,"key":"Toxic Egg 2"},{"floor":45.0,"key":"Self Forming Clay"},{"floor":46.0,"key":"Incense Burner"},{"floor":47.0,"key":"Turnip"},{"floor":52.0,"key":"Bottled Flame"},{"floor":54,"key":"Oddly Smooth Stone"}],"event_choices":[{"damage_healed":0.0,"max_hp_gain":0.0,"max_hp_loss":0.0,"gold_gain":175.0,"event_name":"Liars Game","player_choice":"AGREE","floor":2.0,"gold_loss":0.0,"damage_taken":0.0,"cards_obtained":["Doubt"]},{"cards_removed":["Doubt"],"damage_healed":0.0,"max_hp_gain":0.0,"max_hp_loss":0.0,"gold_gain":0.0,"event_name":"Golden Wing","player_choice":"Card Removal","floor":3.0,"gold_loss":0.0,"damage_taken":7.0},{"damage_healed":0.0,"max_hp_gain":0.0,"max_hp_loss":0.0,"gold_gain":0.0,"event_name":"NoteForYourself","player_choice":"Ignored","floor":4.0,"gold_loss":0.0,"damage_taken":0.0},{"damage_healed":0.0,"max_hp_gain":0.0,"max_hp_loss":0.0,"gold_gain":0.0,"event_name":"Accursed Blacksmith","player_choice":"Forge","floor":10.0,"gold_loss":0.0,"damage_taken":0.0,"cards_upgraded":["Feed"]},{"damage_healed":0.0,"max_hp_gain":0.0,"max_hp_loss":0.0,"gold_gain":0.0,"event_name":"Nest","player_choice":"Joined the Cult","floor":24.0,"gold_loss":0.0,"damage_taken":6.0,"cards_obtained":["RitualDagger"]},{"damage_healed":0.0,"max_hp_gain":0.0,"max_hp_loss":0.0,"gold_gain":0.0,"event_name":"Colosseum","player_choice":"Fight","floor":28.0,"gold_loss":0.0,"damage_taken":0.0},{"damage_healed":0.0,"max_hp_gain":0.0,"max_hp_loss":0.0,"gold_gain":0.0,"event_name":"Colosseum","player_choice":"Fought Nobs","floor":28.0,"gold_loss":0.0,"damage_taken":0.0},{"damage_healed":0.0,"max_hp_gain":0.0,"max_hp_loss":0.0,"gold_gain":0.0,"event_name":"SensoryStone","player_choice":"Memory 1","floor":41.0,"gold_loss":0.0,"damage_taken":0.0},{"damage_healed":43.0,"max_hp_gain":0.0,"max_hp_loss":0.0,"gold_gain":0.0,"event_name":"Winding Halls","player_choice":"Writhe","floor":42.0,"gold_loss":0.0,"damage_taken":0.0,"cards_obtained":["Writhe"]},{"damage_healed":0.0,"max_hp_gain":0.0,"max_hp_loss":0.0,"gold_gain":0.0,"event_name":"MindBloom","player_choice":"Fight","floor":46.0,"gold_loss":0.0,"damage_taken":0.0},{"damage_healed":0.0,"max_hp_gain":0.0,"max_hp_loss":0.0,"gold_gain":0.0,"event_name":"Mysterious Sphere","player_choice":"Fight","floor":47.0,"gold_loss":0.0,"damage_taken":0.0}],"is_beta":false,"boss_relics":[{"not_picked":["Pandora\u0027s Box","Astrolabe"],"picked":"Runic Pyramid"},{"not_picked":["Calling Bell","Fusion Hammer"],"picked":"Busted Crown"}],"items_purged_floors":[12],"is_endless":false,"potions_floor_spawned":[7,16,21,28,28,29,36,44,46,47],"ascension_level":0}}