{"host":"sxnl403xm2xmiyj1","time":1608963375,"event":{"mods":["AchievementEnabler","BaseMod","Colored Map","Keyboard Shortcuts","Minty Spire (QoL Compilation)","Quick Restart","StSLib","SuperFastMode"],"gold_per_floor":[116,116,191,202,216,216,241,241,241,253,288,288,288,288],"floor_reached":13,"playtime":180,"items_purged":[],"score":148,"play_id":"8fe90e30-73a6-4d69-8e4b-fcfc19ca6c58","local_time":"20201226151615","is_ascension_mode":true,"campfire_choices":[{"data":"Noxious Fumes","floor":6.0,"key":"SMITH"},{"data":"Bandage Up","floor":8.0,"key":"SMITH"},{"data":"Neutralize","floor":12,"key":"SMITH"}],"circlet_count":0,"master_deck":["Strike_G","Strike_G","Strike_G","Strike_G","Strike_G","Defend_G","Defend_G","Defend_G","Defend_G","Defend_G","Survivor","Neutralize+1","Bandage Up+1","Dagger Spray","Noxious Fumes+1","Acrobatics","Blur","Deadly Poison","Bane"],"relics":["Ring of the Snake","Question Card","The Courier","Letter Opener"],"acts_visited":["Exordium"],"potions_floor_usage":[11,11],"damage_taken":[{"damage":5.0,"enemies":"Small Slimes","floor":1.0,"turns":5.0},{"damage":3.0,"enemies":"2 Louse","floor":4.0,"turns":2.0},{"damage":11.0,"enemies":"Cultist","floor":5.0,"turns":4.0},{"damage":49.0,"enemies":"Gremlin Nob","floor":7.0,"turns":6.0},{"damage":0.0,"enemies":"Exordium Wildlife","floor":10.0,"turns":3.0},{"damage":0,"enemies":"Lagavulin","floor":11,"turns":8},{"damage":12,"enemies":"Gremlin Nob","floor":13,"turns":3}],"seed_played":"-8082307783853193297","potions_obtained":[{"floor":1.0,"key":"Energy Potion"},{"floor":7.0,"key":"SkillPotion"},{"floor":10.0,"key":"SpeedPotion"}],"is_trial":false,"path_per_floor":["M","?","?","M","M","R","E","R","T","M","E","R","E"],"character_chosen":"THE_SILENT","items_purchased":[],"campfire_rested":0,"item_purchase_floors":[],"current_hp_per_floor":[67,67,56,57,50,50,1,1,1,7,13,13,7,7],"gold":288,"neow_bonus":"RANDOM_COLORLESS","is_daily":false,"chose_seed":false,"campfire_upgraded":3,"win_rate":0.0,"timestamp":1608963375,"path_taken":["M","?","?","M","M","R","E","R","T","M","E","R","E"],"items_purchased_type":[],"build_version":"2020-12-22","purchased_purges":0,"victory":false,"max_hp_per_floor":[70,70,70,70,70,70,70,70,70,70,70,70,70,70],"card_choices":[{"not_picked":["Blind","Discovery"],"picked":"Bandage Up","floor":0.0},{"not_picked":["Accuracy","Flying Knee"],"picked":"Dagger Spray","floor":1.0},{"not_picked":["Dagger Throw","Predator"],"picked":"Noxious Fumes","floor":4.0},{"not_picked":["Infinite Blades","Prepared"],"picked":"Acrobatics","floor":5.0},{"not_picked":["Concentrate","Acrobatics"],"picked":"Blur","floor":7.0},{"not_picked":["Setup","Sucker Punch","Bane"],"picked":"Deadly Poison","floor":10.0},{"not_picked":["Quick Slash","Infinite Blades","Calculated Gamble"],"picked":"Bane","floor":11}],"player_experience":122294,"relics_obtained":[{"floor":7.0,"key":"Question Card"},{"floor":9.0,"key":"The Courier"},{"floor":11,"key":"Letter Opener"}],"event_choices":[{"damage_healed":0.0,"max_hp_gain":0.0,"max_hp_loss":0.0,"gold_gain":0.0,"event_name":"Liars Game","player_choice":"Ignored","floor":2.0,"gold_loss":0.0,"damage_taken":0.0},{"damage_healed":0.0,"max_hp_gain":0.0,"max_hp_loss":0.0,"gold_gain":75.0,"event_name":"World of Goop","player_choice":"Gather Gold","floor":3.0,"gold_loss":0.0,"damage_taken":11.0}],"is_beta":false,"boss_relics":[],"items_purged_floors":[],"is_endless":false,"potions_floor_spawned":[1,7,10],"killed_by":"Gremlin Nob","ascension_level":5}}