{"host":"aaqofma31c3gm2hj","time":1608996490,"event":{"mods":["BaseMod","Minty Spire (QoL Compilation)","Replay The Spire","Spicy Shops","StSLib"],"gold_per_floor":[118,131,186,18,18,18,49,49,49,67,83,98,98,114,114,114,114],"floor_reached":16,"playtime":256,"items_purged":[],"score":254,"play_id":"63747105-6869-463c-b836-cf0a8313213b","local_time":"20201226232810","is_ascension_mode":true,"campfire_choices":[{"data":"Consume","floor":6.0,"key":"SMITH"},{"data":"Chaos","floor":8.0,"key":"SMITH"},{"data":"Dualcast","floor":8.0,"key":"SMITH"},{"data":"Coolheaded","floor":13.0,"key":"SMITH"},{"data":"Turbo","floor":13.0,"key":"SMITH"},{"floor":15.0,"key":"DIG"}],"circlet_count":0,"master_deck":["AscendersBane","Strike_B","Strike_B+1","Strike_B+1","Strike_B","Defend_B","Defend_B","Defend_B","Defend_B","Zap","Dualcast+1","Consume+1","Ball Lightning","Chaos+1","Turbo+1","Panic Button","Coolheaded+1"],"relics":["Cracked Core","NeowsBlessing","Whetstone","Medical Kit","Replay:Arrowhead","Symbiotic Virus","Happy Flower"],"acts_visited":["Exordium"],"potions_floor_usage":[16],"damage_taken":[{"damage":0.0,"enemies":"2 Louse","floor":1.0,"turns":1.0},{"damage":0.0,"enemies":"Small Slimes","floor":2.0,"turns":1.0},{"damage":0.0,"enemies":"Gremlin Nob","floor":7.0,"turns":1.0},{"damage":7.0,"enemies":"Jaw Worm","floor":10.0,"turns":2.0},{"damage":9.0,"enemies":"Exordium Wildlife","floor":11.0,"turns":3.0},{"damage":4.0,"enemies":"Large Slime","floor":12.0,"turns":3.0},{"damage":0.0,"enemies":"2 Fungi Beasts","floor":14.0,"turns":2.0},{"damage":24,"enemies":"The Guardian","floor":16,"turns":6}],"seed_played":"7262160896330825021","potions_obtained":[{"floor":2.0,"key":"FearPotion"},{"floor":3.0,"key":"Dexterity Potion"},{"floor":3.0,"key":"SkillPotion"}],"is_trial":false,"path_per_floor":["M","M","?","$","?","R","E","R","T","M","M","M","R","M","R","B"],"character_chosen":"DEFECT","items_purchased":["Medical Kit"],"campfire_rested":0,"item_purchase_floors":[4],"current_hp_per_floor":[64,64,41,41,46,46,46,46,46,39,30,26,26,26,26,2,2],"gold":114,"neow_bonus":"THREE_ENEMY_KILL","is_daily":false,"chose_seed":false,"campfire_upgraded":5,"win_rate":0.0,"timestamp":1608996490,"path_taken":["M","M","?","$","?","R","E","R","T","M","M","M","R","M","R","BOSS"],"items_purchased_type":["Relic"],"build_version":"2020-12-22","purchased_purges":0,"victory":false,"max_hp_per_floor":[71,71,71,71,76,76,76,76,76,76,76,76,76,76,76,76,76],"card_choices":[{"not_picked":["Sweeping Beam","Stack","Barrage"],"picked":"SKIP","floor":1.0},{"not_picked":["Leap","Sweeping Beam"],"picked":"Consume","floor":2.0},{"not_picked":["Static Discharge","Stack"],"picked":"Ball Lightning","floor":3.0},{"not_picked":["Rainbow","Stack"],"picked":"Chaos","floor":7.0},{"not_picked":["Reinforced Body","Darkness"],"picked":"Turbo","floor":10.0},{"not_picked":["FTL","Doom and Gloom"],"picked":"Panic Button","floor":11.0},{"not_picked":["ReplaySort","Cold Snap"],"picked":"Coolheaded","floor":12.0},{"not_picked":["Conserve Battery","Chill","Gash"],"picked":"SKIP","floor":14.0}],"player_experience":540638,"relics_obtained":[{"floor":3.0,"key":"Whetstone"},{"floor":7.0,"key":"Replay:Arrowhead"},{"floor":9.0,"key":"Symbiotic Virus"},{"floor":15.0,"key":"Happy Flower"}],"event_choices":[{"damage_healed":0.0,"max_hp_gain":5.0,"max_hp_loss":0.0,"gold_gain":0.0,"event_name":"Big Fish","player_choice":"Donut","floor":5.0,"gold_loss":0.0,"damage_taken":0.0}],"is_beta":false,"boss_relics":[],"items_purged_floors":[],"is_endless":false,"potions_floor_spawned":[2,7,10],"killed_by":"The Guardian","ascension_level":20}}