{"host":"16je3t89sok2dgub","time":1608954508,"event":{"mods":["BaseMod","Better Altar","Better Match","Better Sensory Stone","Better Skull","Better Third Choice","Colored Map","Downfall","Hermit","Minty Spire (QoL Compilation)","Permanent Neow","Relic Stats","StSLib","The Mystic","The Poker Player","Trackpad"],"gold_per_floor":[99,119,119,135,135,150,150,162,87,113,38,102,102,12,26,126,126,126,138,138,155,140,240,289,300,225,225,225,62,62,62,73,73,73],"floor_reached":33,"playtime":2216,"items_purged":["sneckomod:Strike"],"score":304,"play_id":"9933cc09-5970-416a-8319-8cb475351cb8","local_time":"20201225214828","is_ascension_mode":true,"campfire_choices":[{"floor":1,"key":"RECALL"},{"data":"sneckomod:WideSting","floor":9,"key":"SMITH"},{"floor":11,"key":"REST"},{"floor":13,"key":"REST"},{"data":"sneckomod:UnknownRareSkill","floor":18,"key":"SMITH"},{"floor":26,"key":"REST"},{"data":"sneckomod:TailWhip","floor":28,"key":"SMITH"},{"data":"sneckomod:IronFang","floor":30,"key":"SMITH"}],"circlet_count":0,"master_deck":["sneckomod:Defend","sneckomod:Defend","sneckomod:Defend","sneckomod:TailWhip+1","sneckomod:Unknown","sneckomod:Unknown","Discovery","sneckomod:UnknownUncommonAttack","sneckomod:DiceBlock","sneckomod:WideSting+1","sneckomod:UnknownVulnerable","sneckomod:UnknownBlock","sneckomod:UnknownClassRED","sneckomod:IronFang+1","sneckomod:UnknownRareSkill+1","sneckomod:Cheat","sneckomod:UnknownUncommonSkill","RitualDagger","sneckomod:UnknownWeak","J.A.X.","sneckomod:UnknownClassDEFAULT_GRAY_COLOR","sneckomod:UnknownColorless","sneckomod:Unknown0Cost","sneckomod:SnakeSap+1"],"relics":["sneckomod:SneckoSoul","Shuriken","downfall:HeartBlessingRed","trackpad:Compendium","downfall:HeartBlessingGreen","sneckomod:LoadedDie","Cursed Key","MutagenicStrength","downfall:HeartBlessingBlue","Anchor"],"acts_visited":["Exordium","TheCity"],"potions_floor_usage":[33,33,33],"damage_taken":[{"damage":0,"enemies":"2 Louse","floor":2,"turns":2},{"damage":0,"enemies":"Cultist","floor":4,"turns":2},{"damage":9,"enemies":"Small Slimes","floor":6,"turns":2},{"damage":19,"enemies":"Exordium Wildlife","floor":8,"turns":3},{"damage":37,"enemies":"3 Sentries","floor":10,"turns":9},{"damage":19,"enemies":"Gremlin Nob","floor":12,"turns":4},{"damage":0,"enemies":"downfall:FleeingMerchant","floor":14,"turns":4},{"damage":8,"enemies":"Large Slime","floor":15,"turns":4},{"damage":21,"enemies":"downfall:Watcher","floor":16,"turns":8},{"damage":14,"enemies":"Shell Parasite","floor":19,"turns":5},{"damage":25,"enemies":"Spheric Guardian","floor":21,"turns":4},{"damage":10,"enemies":"downfall:FleeingMerchant","floor":22,"turns":4},{"damage":10,"enemies":"downfall:Augmenter","floor":23,"turns":5},{"damage":8,"enemies":"Cultist and Chosen","floor":25,"turns":6},{"damage":23,"enemies":"downfall:FleeingMerchant","floor":29,"turns":6},{"damage":3,"enemies":"Chosen and Byrds","floor":32,"turns":4},{"damage":87,"enemies":"downfall:Ironclad","floor":33,"turns":10}],"seed_played":"1252705837333064987","potions_obtained":[{"floor":2,"key":"EssenceOfSteel"},{"floor":8,"key":"Dexterity Potion"},{"floor":10,"key":"sneckomod:OffclassReductionPotion"}],"is_trial":false,"path_per_floor":["R","M","?","M","?","M","T","M","R","E","R","?","R","$","M","B",null,"R","M","?","M","$","?","T","M","R","?","R","$","R","T","M","B"],"character_chosen":"THE_SNECKO","items_purchased":["Anchor"],"campfire_rested":3,"item_purchase_floors":[29],"current_hp_per_floor":[90,91,91,91,91,82,82,64,64,28,55,37,65,65,58,37,95,95,82,76,64,54,47,47,44,87,87,87,84,84,84,81,0,0],"gold":73,"neow_bonus":"RANDOM_COLORLESS","is_daily":false,"chose_seed":false,"campfire_upgraded":4,"win_rate":0.0,"timestamp":1608954508,"path_taken":["R","M","?","?","?","M","T","M","R","E","R","?","R","?","M","BOSS","R","M","?","M","$","?","T","M","R","?","R","$","R","?","M","BOSS"],"items_purchased_type":["Relic"],"build_version":"2020-12-22","purchased_purges":1,"victory":false,"max_hp_per_floor":[90,91,91,91,91,91,91,92,92,93,93,94,94,94,95,95,95,95,96,96,97,97,100,100,100,110,110,110,110,110,110,110,110,110],"relic_stats":{"counters":[17,82],"Shuriken":[22],"Cursed Key":1,"obtain_stats":[{"Anchor":29,"downfall:HeartBlessingRed":9,"sneckomod:LoadedDie":12,"Shuriken":7,"downfall:HeartBlessingBlue":26,"MutagenicStrength":23,"downfall:HeartBlessingGreen":11,"trackpad:Compendium":10,"sneckomod:SneckoSoul":0,"Cursed Key":17},{"Anchor":15,"downfall:HeartBlessingRed":4,"sneckomod:LoadedDie":6,"Shuriken":3,"downfall:HeartBlessingBlue":14,"MutagenicStrength":13,"downfall:HeartBlessingGreen":5,"trackpad:Compendium":5,"sneckomod:SneckoSoul":0,"Cursed Key":9},{"Anchor":68,"downfall:HeartBlessingRed":9,"sneckomod:LoadedDie":22,"Shuriken":6,"downfall:HeartBlessingBlue":62,"MutagenicStrength":56,"downfall:HeartBlessingGreen":18,"trackpad:Compendium":18,"sneckomod:SneckoSoul":0,"Cursed Key":38}]},"card_choices":[{"not_picked":["expansioncontent:TimeRipple","expansioncontent:GuardianWhirl"],"picked":"Discovery","floor":0},{"not_picked":["sneckomod:UnknownVulnerable","sneckomod:DefensiveFlair"],"picked":"sneckomod:UnknownUncommonAttack","floor":2},{"not_picked":["sneckomod:UnknownStrike","sneckomod:Nope"],"picked":"sneckomod:DiceBlock","floor":4},{"not_picked":["sneckomod:Unknown1Cost","sneckomod:RainOfDice"],"picked":"sneckomod:WideSting","floor":6},{"not_picked":["sneckomod:UnknownClassDEFAULT_GRAY_COLOR","sneckomod:SoulDraw"],"picked":"sneckomod:UnknownVulnerable","floor":8},{"not_picked":["sneckomod:QuickMove","sneckomod:UnknownDexterity"],"picked":"sneckomod:UnknownBlock","floor":10},{"not_picked":["sneckomod:UnknownClassHEXA_GHOST_PURPLE","sneckomod:Rotation"],"picked":"sneckomod:UnknownClassRED","floor":12},{"not_picked":["sneckomod:Unknown2Cost","sneckomod:UnknownClassBLUE"],"picked":"sneckomod:IronFang","floor":14},{"not_picked":["sneckomod:UnknownDexterity","sneckomod:RainOfDice"],"picked":"sneckomod:UnknownRareSkill","floor":15},{"not_picked":["sneckomod:Transmogrify","sneckomod:SoulExchange"],"picked":"sneckomod:Cheat","floor":16},{"not_picked":["sneckomod:UnknownWeak","sneckomod:MixItUp"],"picked":"sneckomod:UnknownUncommonSkill","floor":19},{"not_picked":["sneckomod:UnknownClassDEFAULT_GRAY_COLOR","sneckomod:UnknownStrike"],"picked":"sneckomod:UnknownWeak","floor":21},{"not_picked":["sneckomod:QuickMove+1","sneckomod:UnknownExhaust+1","sneckomod:UnknownVulnerable+1"],"picked":"SKIP","floor":22},{"not_picked":[],"picked":"J.A.X.","floor":23},{"not_picked":["sneckomod:CheapStock","sneckomod:SerpentIdol"],"picked":"sneckomod:Unknown0Cost","floor":23},{"not_picked":["sneckomod:UnknownEthereal","sneckomod:DiceCrush","sneckomod:UnknownClassSLIMEBOUND"],"picked":"SKIP","floor":25},{"not_picked":["sneckomod:UnknownRareAttack","sneckomod:Unknown1Cost"],"picked":"sneckomod:SnakeSap+1","floor":29},{"not_picked":["sneckomod:UnknownCommonAttack","sneckomod:UnknownDexterity","sneckomod:UnknownVulnerable"],"picked":"SKIP","floor":32}],"player_experience":379801,"relics_obtained":[{"floor":7,"key":"Shuriken"},{"floor":10,"key":"trackpad:Compendium"},{"floor":12,"key":"sneckomod:LoadedDie"},{"floor":23,"key":"MutagenicStrength"}],"event_choices":[{"cards_removed":["sneckomod:Strike"],"damage_healed":0,"gold_gain":0,"player_choice":"Purged","damage_taken":0,"max_hp_gain":0,"max_hp_loss":0,"event_name":"Purifier","floor":3,"gold_loss":0}],"is_beta":false,"boss_relics":[{"not_picked":["sneckomod:SuperSneckoSoul","Snecko Eye"],"picked":"Cursed Key"}],"items_purged_floors":[14],"is_endless":false,"potions_floor_spawned":[2,8,10,25,32],"killed_by":"downfall:Ironclad","ascension_level":3}}