{"host":"5f8ute538gzudddu","time":1608947640,"event":{"mods":["BaseMod","Highlight Path","Minty Spire (QoL Compilation)","Relic Stats","StSLib"],"gold_per_floor":[117,42,54,54,64,64,93,111,138,138,168,168,181,181,181,259,259,278,16,16,29,39,39,39,39],"floor_reached":24,"playtime":1073,"items_purged":["Defend_P","Parasite"],"score":512,"play_id":"baedb05a-3d8f-46af-b578-832c23ec9960","local_time":"20201225175400","is_ascension_mode":true,"campfire_choices":[{"data":"Eruption","floor":6.0,"key":"SMITH"},{"data":"Pray","floor":10.0,"key":"SMITH"},{"data":"Indignation","floor":12.0,"key":"SMITH"},{"data":"Vigilance","floor":15,"key":"SMITH"},{"floor":23,"key":"REST"}],"circlet_count":0,"master_deck":["AscendersBane","Strike_P","Strike_P","Strike_P","Strike_P","Defend_P","Defend_P","Defend_P","Eruption+1","Vigilance+1","Ragnarok+1","Indignation+1","Pray+1","Brilliance","Halt","ThirdEye","Devotion","BowlingBash","EmptyBody","Protect"],"relics":["PureWater","Dream Catcher","Strawberry","Nunchaku","Runic Dome","PreservedInsect"],"acts_visited":["Exordium","TheCity"],"potions_floor_usage":[21,22],"damage_taken":[{"damage":0.0,"enemies":"Cultist","floor":1.0,"turns":2.0},{"damage":3.0,"enemies":"2 Louse","floor":3.0,"turns":3.0},{"damage":0.0,"enemies":"Small Slimes","floor":5.0,"turns":2.0},{"damage":20.0,"enemies":"3 Sentries","floor":7.0,"turns":5.0},{"damage":0.0,"enemies":"Exordium Wildlife","floor":8.0,"turns":2.0},{"damage":22.0,"enemies":"Lagavulin","floor":11.0,"turns":6.0},{"damage":22.0,"enemies":"Exordium Thugs","floor":13.0,"turns":3.0},{"damage":0,"enemies":"Slime Boss","floor":16,"turns":5},{"damage":0,"enemies":"Chosen","floor":18,"turns":3},{"damage":25,"enemies":"Shell Parasite","floor":21,"turns":6},{"damage":6,"enemies":"Centurion and Healer","floor":22,"turns":3},{"damage":28,"enemies":"Book of Stabbing","floor":24,"turns":2}],"seed_played":"6617397930645092582","potions_obtained":[{"floor":1.0,"key":"ColorlessPotion"},{"floor":5.0,"key":"EssenceOfSteel"},{"floor":8.0,"key":"BlessingOfTheForge"},{"floor":16,"key":"EssenceOfSteel"},{"floor":18,"key":"AttackPotion"}],"is_trial":false,"path_per_floor":["M","$","M","?","M","R","E","M","T","R","E","R","M","?","R","B",null,"M","$","?","M","M","R","E"],"character_chosen":"WATCHER","items_purchased":["PreservedInsect"],"campfire_rested":1,"item_purchase_floors":[19],"current_hp_per_floor":[61,61,58,58,58,58,38,38,45,45,23,23,1,18,18,18,56,56,56,38,13,7,28,0,0],"gold":39,"neow_bonus":"THREE_RARE_CARDS","is_daily":false,"chose_seed":false,"campfire_upgraded":4,"win_rate":0.0,"timestamp":1608947640,"path_taken":["M","$","M","?","M","R","E","M","T","R","E","R","?","?","R","BOSS","M","$","?","M","M","R","E"],"items_purchased_type":["Relic"],"build_version":"2020-12-22","purchased_purges":2,"victory":false,"max_hp_per_floor":[62,62,62,62,62,62,62,62,69,69,69,69,69,69,69,69,69,69,66,71,71,71,71,71,71],"relic_stats":{"Dream Catcher":1,"Nunchaku":[3],"counters":[12,42],"PreservedInsect":43,"obtain_stats":[{"Runic Dome":17,"Dream Catcher":7,"Nunchaku":11,"Strawberry":9,"PreservedInsect":19,"PureWater":0},{"Runic Dome":8,"Dream Catcher":4,"Nunchaku":6,"Strawberry":5,"PreservedInsect":9,"PureWater":0},{"Runic Dome":28,"Dream Catcher":12,"Nunchaku":20,"Strawberry":14,"PreservedInsect":31,"PureWater":0}]},"card_choices":[{"not_picked":["DeusExMachina","Scrawl"],"picked":"Ragnarok","floor":0.0},{"not_picked":["Evaluate","Weave"],"picked":"Indignation","floor":1.0},{"not_picked":["Halt","SashWhip","Evaluate"],"picked":"SKIP","floor":3.0},{"not_picked":["WindmillStrike","WheelKick"],"picked":"Pray","floor":5.0},{"not_picked":["EmptyBody","Consecrate"],"picked":"Brilliance","floor":7.0},{"not_picked":["Crescendo","EmptyBody"],"picked":"Halt","floor":8.0},{"not_picked":["PathToVictory","InnerPeace"],"picked":"ThirdEye","floor":11.0},{"not_picked":["ReachHeaven","CarveReality","FlurryOfBlows"],"picked":"SKIP","floor":13.0},{"not_picked":["Establishment","Blasphemy"],"picked":"Devotion","floor":16},{"not_picked":["Protect","FlurryOfBlows+1"],"picked":"BowlingBash","floor":18},{"not_picked":["CutThroughFate","JustLucky","FlurryOfBlows"],"picked":"SKIP","floor":21},{"not_picked":["Wallop","Nirvana"],"picked":"EmptyBody","floor":22},{"not_picked":["SashWhip","CutThroughFate"],"picked":"Protect","floor":23}],"player_experience":911355,"relics_obtained":[{"floor":7.0,"key":"Dream Catcher"},{"floor":9.0,"key":"Strawberry"},{"floor":11.0,"key":"Nunchaku"}],"event_choices":[{"damage_healed":0.0,"max_hp_gain":0.0,"max_hp_loss":0.0,"gold_gain":0.0,"event_name":"Upgrade Shrine","player_choice":"Upgraded","floor":4.0,"gold_loss":0.0,"damage_taken":0.0,"cards_upgraded":["Ragnarok"]},{"damage_healed":17,"gold_gain":0,"player_choice":"Healed and dodged fight","damage_taken":0,"max_hp_gain":0,"max_hp_loss":0,"event_name":"Mushrooms","floor":14,"gold_loss":0,"cards_obtained":["Parasite"]},{"damage_healed":0,"gold_gain":0,"player_choice":"Shed Blood","damage_taken":23,"max_hp_gain":5,"max_hp_loss":0,"event_name":"Forgotten Altar","floor":20,"gold_loss":0}],"is_beta":false,"boss_relics":[{"not_picked":["Fusion Hammer","Runic Pyramid"],"picked":"Runic Dome"}],"items_purged_floors":[2,19],"is_endless":false,"potions_floor_spawned":[1,5,8,11,16,18],"killed_by":"Book of Stabbing","ascension_level":20}}