{"host":"hfvpa4llnnjpeawn","time":1608965954,"event":{"mods":["2.2 Compatiblity","AchievementEnabler","Act Like it!","Aspiration","Bard","BaseMod","Beaked The Cultist","Better Sensory Stone","Better Skull","Better Third Choice","BetterRewards","CapriCore","Conspire","Downfall","Elementarium","Energized Spire","Hubris","Infinite Spire","Jorbs\u0027s Wanderer Trilogy","Minty Spire (QoL Compilation)","Replay The Spire","Shade Mod","Spicy Shops","StSLib","The Bladedancer","The Factory","The Gatherer","The Jungle","Waifu the Spire","Wandering Minibosses"],"gold_per_floor":[99,116,116,128,11,11,35,48,73,73,106,106,39,54,69,169,169,169,179,179,197,44,61,88,102,202,202,228,228,228,257,274,371,371,371,381,397,497,516,55,55,70,86,86,86,25,42,42,42,52,67,67],"floor_reached":53,"playtime":4788,"items_purged":["Hallucinations"],"score":695,"play_id":"fa7eaca2-574b-422f-9ffe-e2e3d7e334b4","local_time":"20201226015914","is_ascension_mode":true,"campfire_choices":[{"data":"1","floor":10,"key":"LIFT"},{"data":"2","floor":18,"key":"LIFT"},{"floor":27,"key":"REST"},{"data":"3","floor":29,"key":"LIFT"},{"floor":35,"key":"RECALL"},{"floor":49,"key":"REST"}],"circlet_count":0,"master_deck":["conspire:GhostlyStrike","conspire:GhostlyStrike","conspire:GhostlyStrike","conspire:GhostlyDefend","champ:Execute","champ:Taunt","champ:Aggression","champ:PerfectedStrike","expansioncontent:QuickStudy","champ:RisingSlash","champ:Circumvent","champ:BringItOn","champ:FlashCut","champ:ShieldWall","champ:RecklessLeap","hubris:Sniper","Grand Finale","Calculated Gamble","champ:FocusedDefense","champ:IronFortress+1","champ:MurderStrike","champ:DefensiveShout","champ:HoldFirm","champ:Haymaker","hubris:Fate","champ:PreciseThrust+1","champ:Lariat","champ:EnchantCrown","champ:CrookedStrike","champ:Backstep+1","champ:CrownThrow","champ:GutPunch+1","champ:FanOfKnives","champ:VampiricStrike","Secret Weapon","champ:RecklessLeap+1","stsjorbsmod:Amnesia","Overencumbered","infinitespire:NeuralNetwork"],"relics":["hubris:ScarierMask","aspiration:ChemicalBlood","Girya","infinitespire:ShieldingShard","Ring of Chaos","aspiration:SecretTechniqueScroll","champ:DefensiveTrainingManual","champ:BlackKnightHelmet","Mercury Hourglass","hubris:SlimyHat","aspiration:Stabinomicon","aspiration:PoetsPen_weak","Potion Belt","hubris:GlazedTorus","Replay:Baseball","ReplayTheSpireMod:CursedCoin","hubris:Reverence","Replay:WaspNest","ReplayTheSpireMod:ShopPack"],"acts_visited":["Exordium","TheCity","TheBeyond"],"potions_floor_usage":[9,9,11,13,16,16,16,16,21,22,22,22,26,26,31,31,33,39,42,42,47,47,50,50,50,50,52,52],"damage_taken":[{"damage":7,"enemies":"conspire:RoseBush","floor":2,"turns":3},{"damage":0,"enemies":"2 Louse","floor":4,"turns":1},{"damage":15,"enemies":"downfall:FleeingMerchant","floor":5,"turns":4},{"damage":5,"enemies":"Jaw Worm","floor":8,"turns":3},{"damage":29,"enemies":"Lagavulin","floor":9,"turns":4},{"damage":4,"enemies":"Gremlin Nob","floor":11,"turns":3},{"damage":16,"enemies":"downfall:FleeingMerchant","floor":13,"turns":4},{"damage":0,"enemies":"2 Fungi Beasts","floor":14,"turns":2},{"damage":21,"enemies":"Lots of Slimes","floor":15,"turns":4},{"damage":44,"enemies":"downfall:Defect","floor":16,"turns":5},{"damage":19,"enemies":"Chosen","floor":19,"turns":4},{"damage":29,"enemies":"conspire:HollyBat","floor":21,"turns":10},{"damage":10,"enemies":"downfall:FleeingMerchant","floor":22,"turns":4},{"damage":0,"enemies":"Snake Plant","floor":23,"turns":2},{"damage":0,"enemies":"Chosen and Byrds","floor":25,"turns":2},{"damage":31,"enemies":"Chosen and Byrds","floor":26,"turns":6},{"damage":11,"enemies":"Nightmare","floor":28,"turns":6},{"damage":0,"enemies":"Book of Stabbing","floor":31,"turns":5},{"damage":15,"enemies":"Centurion and Healer","floor":32,"turns":4},{"damage":0,"enemies":"downfall:Silent","floor":33,"turns":2},{"damage":0,"enemies":"Orb Walker","floor":36,"turns":1},{"damage":0,"enemies":"3 Darklings","floor":37,"turns":3},{"damage":0,"enemies":"downfall:LadyInBlue","floor":38,"turns":3},{"damage":54,"enemies":"Transient","floor":39,"turns":5},{"damage":16,"enemies":"downfall:FleeingMerchant","floor":40,"turns":4},{"damage":9,"enemies":"Jaw Worm Horde","floor":42,"turns":1},{"damage":0,"enemies":"3 Darklings","floor":43,"turns":3},{"damage":22,"enemies":"Maw","floor":47,"turns":5},{"damage":22,"enemies":"Transient","floor":50,"turns":5},{"damage":24,"enemies":"Writhing Mass","floor":51,"turns":4},{"damage":73,"enemies":"downfall:Ironclad","floor":52,"turns":10}],"seed_played":"3563267939949914343","potions_obtained":[{"floor":2,"key":"Milkshake"},{"floor":8,"key":"Dexterity Potion"},{"floor":9,"key":"SkillPotion"},{"floor":11,"key":"EssenceOfSteel"},{"floor":15,"key":"champ:CounterPotion"},{"floor":16,"key":"Venom Potion"},{"floor":21,"key":"Slimebound:ThreeZeroPotion"},{"floor":28,"key":"LiquidBronze"},{"floor":38,"key":"Strength Potion"},{"floor":39,"key":"Weak Potion"},{"floor":42,"key":"BlessingOfTheForge"},{"floor":47,"key":"SteroidPotion"},{"floor":51,"key":"champ:OpenerPotion"}],"is_trial":false,"path_per_floor":["R","M","?","M","$","?","T","M","E","R","E","?","$","M","M","B",null,"R","M","AVR","M","$","M","T","M","?","R","NM","R","?","E","M","B",null,"R","M","M","?","M","$","T","M","M","PTL","PTL","$","M","?","R","M","M","B",null],"character_chosen":"THE_CHAMP","items_purchased":["champ:BringItOn","BlessingOfTheForge","champ:IronFortress+1","champ:EnchantCrown","hubris:GlazedTorus","Replay:Baseball","ReplayTheSpireMod:CursedCoin","hubris:Reverence","Secret Weapon","ReplayTheSpireMod:ShopPack"],"campfire_rested":2,"item_purchase_floors":[5,5,13,22,40,40,40,40,40,46],"current_hp_per_floor":[90,88,88,88,83,83,83,83,54,54,54,54,53,53,47,28,90,90,90,90,61,56,61,61,61,56,83,87,87,69,79,79,79,100,100,100,100,100,49,33,33,42,47,47,47,47,50,50,80,94,100,76],"gold":67,"neow_bonus":"BOSS_RELIC","is_daily":false,"chose_seed":false,"campfire_upgraded":0,"win_rate":0.0,"timestamp":1608965954,"path_taken":["R","M","?","M","$","?","T","M","E","R","E","?","$","M","M","BOSS","R","M","AVR","M","$","M","T","M","?","R","NM","R","?","E","M","BOSS","R","M","M","?","?","$","T","M","M","PTL","PTL","?","M","?","R","M","M","BOSS"],"items_purchased_type":["Card","Potion","Card","Card","Relic","Relic","Relic","Relic","Card","Relic"],"build_version":"2020-12-22","purchased_purges":1,"victory":true,"max_hp_per_floor":[90,90,90,90,90,90,90,90,90,90,90,90,90,90,90,90,90,90,90,90,90,90,90,90,90,90,90,90,90,95,100,100,100,100,100,100,100,100,100,100,100,100,100,100,100,100,100,100,100,100,100,100],"card_choices":[{"not_picked":["champ:Backstep","champ:BerserkersShout"],"picked":"champ:PerfectedStrike","floor":2},{"not_picked":["Magnetism","Secret Weapon"],"picked":"expansioncontent:QuickStudy","floor":3},{"not_picked":["champ:EnGarde","champ:HeartStrike"],"picked":"champ:RisingSlash","floor":4},{"not_picked":["champ:CrookedStrike","champ:RisingSlash"],"picked":"champ:Circumvent","floor":5},{"not_picked":["champ:BerserkersShout","champ:Balance"],"picked":"champ:FlashCut","floor":8},{"not_picked":["champ:BerserkerStyle","champ:HeartStrike"],"picked":"champ:ShieldWall","floor":9},{"not_picked":["champ:FightOn","champ:EnGarde"],"picked":"champ:RecklessLeap","floor":11},{"not_picked":["champ:Haymaker","champ:Circumvent"],"picked":"champ:FocusedDefense","floor":13},{"not_picked":["champ:Riposte","champ:DefensiveShout"],"picked":"champ:MurderStrike","floor":14},{"not_picked":["champ:BerserkersShout","champ:FocusedBerserking"],"picked":"champ:DefensiveShout","floor":15},{"not_picked":["champ:CrownThrow","champ:CheapShot"],"picked":"champ:HoldFirm","floor":16},{"not_picked":["champ:Backstep","champ:TornadoPunch"],"picked":"champ:Haymaker","floor":19},{"not_picked":["champ:FightOn","champ:EnGarde"],"picked":"champ:PreciseThrust+1","floor":21},{"not_picked":["champ:AdrenalArmor","champ:FocusedBerserking"],"picked":"champ:Lariat","floor":22},{"not_picked":["champ:AdrenalArmor+1","champ:DefensiveShout"],"picked":"champ:CrookedStrike","floor":23},{"not_picked":["champ:HeavySlash","champ:FlashCut","champ:GutPunch"],"picked":"SKIP","floor":25},{"not_picked":["champ:AdrenalArmor+1","champ:PerfectedStrike+1"],"picked":"champ:Backstep+1","floor":26},{"not_picked":["champ:ViciousMockery","champ:BladeFlurry+1","champ:EnchantCrown"],"picked":"SKIP","floor":28},{"not_picked":["champ:ShieldWall+1","champ:Aggression","champ:Circumvent"],"picked":"SKIP","floor":31},{"not_picked":["champ:GladiatorStyle+1","champ:FocusedBerserking","champ:Control"],"picked":"SKIP","floor":32},{"not_picked":["champ:EnchantCrown","champ:EnchantShield"],"picked":"champ:CrownThrow","floor":33},{"not_picked":["champ:AdrenalArmor","champ:BringItOn"],"picked":"champ:GutPunch+1","floor":36},{"not_picked":["champ:AdrenalArmor+1","champ:GutPunch"],"picked":"champ:FanOfKnives","floor":37},{"not_picked":["champ:ShieldWall","champ:Lariat+1"],"picked":"champ:VampiricStrike","floor":38},{"not_picked":["champ:BerserkersShout+1","champ:CrookedStrike+1","champ:FlashCut+1"],"picked":"SKIP","floor":39},{"not_picked":["champ:FocusedBerserking+1","champ:CalledShot","champ:StanceDance+1"],"picked":"SKIP","floor":40},{"not_picked":["champ:StanceDance","champ:Balance+1"],"picked":"champ:RecklessLeap+1","floor":42},{"not_picked":["champ:BerserkersShout+1","champ:FlashCut+1","champ:Circumvent"],"picked":"SKIP","floor":43},{"not_picked":["champ:Circumvent","champ:DefensiveStyle","champ:ArenaPreparation+1"],"picked":"SKIP","floor":47},{"not_picked":["ReplayTheSpireMod:Haul","infinitespire:SevenWalls"],"picked":"infinitespire:NeuralNetwork","floor":48},{"not_picked":["champ:BerserkersShout+1","champ:EnragedBash+1","champ:Riposte+1"],"picked":"SKIP","floor":50},{"not_picked":["champ:DefensiveStyle","champ:Haymaker+1","champ:Backstep"],"picked":"SKIP","floor":51}],"player_experience":348753,"relics_obtained":[{"floor":7,"key":"aspiration:ChemicalBlood"},{"floor":9,"key":"Girya"},{"floor":11,"key":"infinitespire:ShieldingShard"},{"floor":24,"key":"champ:DefensiveTrainingManual"},{"floor":26,"key":"champ:BlackKnightHelmet"},{"floor":26,"key":"Mercury Hourglass"},{"floor":28,"key":"hubris:SlimyHat"},{"floor":31,"key":"aspiration:Stabinomicon"},{"floor":38,"key":"Potion Belt"},{"floor":41,"key":"Replay:WaspNest"}],"event_choices":[{"damage_healed":0,"gold_gain":1,"player_choice":"1","damage_taken":0,"max_hp_gain":0,"max_hp_loss":0,"event_name":"betterStone:BetterStone","floor":3,"gold_loss":0},{"damage_healed":0,"gold_gain":0,"player_choice":"Agree","damage_taken":0,"max_hp_gain":0,"max_hp_loss":0,"event_name":"conspire:LoneGhost","floor":6,"gold_loss":0}],"is_beta":false,"boss_relics":[{"not_picked":["energizedSpire:SpiderWeb","Fusion Hammer"],"picked":"Ring of Chaos"},{"not_picked":["ReplayTheSpireMod:SealedPack","Replay:Drink Me"],"picked":"aspiration:PoetsPen_weak"}],"items_purged_floors":[40],"is_endless":false,"potions_floor_spawned":[2,8,9,11,16,19,21,28,38,39,42,47,51],"ascension_level":2}}