{"host":"i09pxcjttd31eh4q","time":1608991054,"event":{"mods":["AchievementEnabler","BaseMod","Colored Map","Keyboard Shortcuts","Minty Spire (QoL Compilation)","StSLib","SuperFastMode"],"gold_per_floor":[112,162,177,177,177,177,202,212,238,266,284,284,298,298,298,397,397,410,431,455,155,155,155,205,205,205,224,224,248,122,145,145,241,241,260,278,293,312,335,335,378,378,378,378,378,417,430,471,471,471,471],"floor_reached":50,"playtime":1874,"items_purged":["Strike_G","Defend_G"],"score":1338,"play_id":"83c41102-dd5c-4ce9-b321-5f8b21b3f018","local_time":"20201226225734","is_ascension_mode":true,"campfire_choices":[{"data":"Neutralize","floor":6.0,"key":"SMITH"},{"floor":12.0,"key":"REST"},{"data":"Bouncing Flask","floor":15.0,"key":"SMITH"},{"data":"Prepared","floor":23.0,"key":"SMITH"},{"data":"Well Laid Plans","floor":25.0,"key":"SMITH"},{"data":"Footwork","floor":28.0,"key":"SMITH"},{"floor":32.0,"key":"REST"},{"data":"Catalyst","floor":40.0,"key":"SMITH"},{"data":"Tools of the Trade","floor":42.0,"key":"SMITH"},{"floor":45.0,"key":"RECALL"},{"floor":49,"key":"REST"}],"circlet_count":0,"master_deck":["AscendersBane","Defend_G","Defend_G","Survivor+1","Neutralize+1","Crippling Poison+1","Prepared+1","Deadly Poison","Footwork+1","Bouncing Flask+1","Tools of the Trade+1","Burst+1","Escape Plan+1","Wraith Form v2+1","Footwork+1","Well Laid Plans+1","PiercingWail+1","Backflip","Leg Sweep","Catalyst+1"],"relics":["Ring of the Snake","NeowsBlessing","Oddly Smooth Stone","Smiling Mask","Anchor","Golden Idol","Astrolabe","Medical Kit","Paper Crane","Empty Cage","Pen Nib","Torii","Ancient Tea Set"],"acts_visited":["Exordium","TheCity","TheBeyond"],"potions_floor_usage":[],"damage_taken":[{"damage":0.0,"enemies":"2 Louse","floor":1.0,"turns":1.0},{"damage":0.0,"enemies":"Cultist","floor":3.0,"turns":1.0},{"damage":0.0,"enemies":"Gremlin Nob","floor":7.0,"turns":1.0},{"damage":3.0,"enemies":"Jaw Worm","floor":8.0,"turns":3.0},{"damage":6.0,"enemies":"Lagavulin","floor":10.0,"turns":7.0},{"damage":15.0,"enemies":"Large Slime","floor":11.0,"turns":8.0},{"damage":0.0,"enemies":"2 Fungi Beasts","floor":13.0,"turns":3.0},{"damage":12.0,"enemies":"Hexaghost","floor":16.0,"turns":9.0},{"damage":2.0,"enemies":"Spheric Guardian","floor":18.0,"turns":4.0},{"damage":8.0,"enemies":"3 Byrds","floor":19.0,"turns":5.0},{"damage":14.0,"enemies":"3 Cultists","floor":20.0,"turns":5.0},{"damage":1.0,"enemies":"Snecko","floor":27.0,"turns":7.0},{"damage":6.0,"enemies":"Sentry and Sphere","floor":29.0,"turns":6.0},{"damage":0.0,"enemies":"Snake Plant","floor":31.0,"turns":5.0},{"damage":0.0,"enemies":"Champ","floor":33.0,"turns":13.0},{"damage":1.0,"enemies":"Orb Walker","floor":35.0,"turns":6.0},{"damage":0.0,"enemies":"3 Shapes","floor":36.0,"turns":6.0},{"damage":6.0,"enemies":"Sphere and 2 Shapes","floor":37.0,"turns":4.0},{"damage":26.0,"enemies":"Writhing Mass","floor":38.0,"turns":9.0},{"damage":3.0,"enemies":"Jaw Worm Horde","floor":39.0,"turns":4.0},{"damage":1.0,"enemies":"Nemesis","floor":41.0,"turns":9.0},{"damage":3.0,"enemies":"Giant Head","floor":46.0,"turns":5.0},{"damage":0.0,"enemies":"Maw","floor":47.0,"turns":5.0},{"damage":0.0,"enemies":"Reptomancer","floor":48.0,"turns":6.0},{"damage":28,"enemies":"Awakened One","floor":50,"turns":15}],"seed_played":"-7483019255876685607","potions_obtained":[{"floor":3.0,"key":"Poison Potion"},{"floor":7.0,"key":"Block Potion"},{"floor":10.0,"key":"BlessingOfTheForge"},{"floor":20.0,"key":"SkillPotion"},{"floor":29.0,"key":"SkillPotion"},{"floor":33.0,"key":"Energy Potion"},{"floor":37.0,"key":"AttackPotion"},{"floor":46.0,"key":"SteroidPotion"},{"floor":48.0,"key":"BlessingOfTheForge"}],"is_trial":false,"path_per_floor":["M","?","M","?","?","R","E","M","T","E","M","R","M","?","R","B",null,"M","M","M","$","?","R","?","R","T","M","R","M","$","M","R","B",null,"M","M","M","M","M","R","E","R","T","?","R","E","M","E","R","B"],"character_chosen":"THE_SILENT","items_purchased":["Well Laid Plans","Medical Kit","Leg Sweep"],"campfire_rested":3,"item_purchase_floors":[21,21,30],"current_hp_per_floor":[59,59,59,39,32,32,32,29,29,23,8,27,27,27,27,15,49,47,39,25,25,25,25,25,25,25,24,24,18,18,18,36,36,54,53,53,47,21,18,18,17,17,17,17,17,14,14,14,32,4,4],"gold":471,"neow_bonus":"THREE_ENEMY_KILL","is_daily":false,"chose_seed":false,"campfire_upgraded":7,"win_rate":0.0,"timestamp":1608991054,"path_taken":["M","?","?","?","?","R","E","M","T","E","M","R","M","?","R","BOSS","M","M","M","$","?","R","?","R","T","M","R","M","$","M","R","BOSS","M","M","?","M","M","R","E","R","T","?","R","E","M","E","R","BOSS"],"items_purchased_type":["Card","Relic","Card"],"build_version":"2020-12-22","purchased_purges":2,"victory":false,"max_hp_per_floor":[66,66,66,66,66,66,66,66,66,66,66,66,66,60,60,60,60,60,60,60,60,60,60,60,60,60,60,60,60,60,60,60,60,60,60,60,60,60,60,60,60,60,60,60,60,60,60,60,60,60,60],"card_choices":[{"not_picked":["Outmaneuver","Endless Agony"],"picked":"Crippling Poison","floor":1.0},{"not_picked":["Crippling Poison","Dodge and Roll"],"picked":"Prepared","floor":3.0},{"not_picked":["Flechettes","A Thousand Cuts"],"picked":"Deadly Poison","floor":7.0},{"not_picked":["Cloak And Dagger","Sucker Punch","Poisoned Stab"],"picked":"SKIP","floor":8.0},{"not_picked":["Prepared","Choke"],"picked":"Footwork","floor":10.0},{"not_picked":["Footwork","Choke","Dash"],"picked":"SKIP","floor":11.0},{"not_picked":["Slice","Calculated Gamble"],"picked":"Bouncing Flask","floor":13.0},{"not_picked":["Night Terror","A Thousand Cuts"],"picked":"Tools of the Trade","floor":16.0},{"not_picked":["Underhanded Strike","Outmaneuver"],"picked":"Footwork+1","floor":18.0},{"not_picked":["Distraction","Endless Agony","Deflect"],"picked":"SKIP","floor":19.0},{"not_picked":["Quick Slash","Deflect","Envenom"],"picked":"SKIP","floor":20.0},{"not_picked":["Blade Dance","Outmaneuver"],"picked":"PiercingWail+1","floor":27.0},{"not_picked":["Poisoned Stab","Bullet Time"],"picked":"Backflip","floor":29.0},{"not_picked":["Bouncing Flask","Cloak And Dagger","Dagger Spray"],"picked":"SKIP","floor":31.0},{"not_picked":["Dagger Spray+1","Dodge and Roll","Prepared"],"picked":"SKIP","floor":35.0},{"not_picked":["Infinite Blades","Leg Sweep","Deflect+1"],"picked":"SKIP","floor":36.0},{"not_picked":["Quick Slash","Slice","Masterful Stab+1"],"picked":"SKIP","floor":37.0},{"not_picked":["Dagger Spray","Bouncing Flask","Blade Dance+1"],"picked":"SKIP","floor":38.0},{"not_picked":["Deflect","PiercingWail+1"],"picked":"Catalyst","floor":39.0},{"not_picked":["Infinite Blades","After Image","PiercingWail"],"picked":"SKIP","floor":41.0},{"not_picked":["After Image","Eviscerate","Outmaneuver"],"picked":"SKIP","floor":46.0},{"not_picked":["Deflect","Finisher","Infinite Blades"],"picked":"SKIP","floor":47.0},{"not_picked":["Heel Hook","Masterful Stab","Well Laid Plans"],"picked":"SKIP","floor":48.0}],"player_experience":777187,"relics_obtained":[{"floor":7.0,"key":"Oddly Smooth Stone"},{"floor":9.0,"key":"Smiling Mask"},{"floor":10.0,"key":"Anchor"},{"floor":26.0,"key":"Paper Crane"},{"floor":41.0,"key":"Pen Nib"},{"floor":46.0,"key":"Torii"},{"floor":48.0,"key":"Ancient Tea Set"}],"event_choices":[{"damage_healed":0.0,"max_hp_gain":0.0,"max_hp_loss":0.0,"gold_gain":50.0,"event_name":"Golden Shrine","player_choice":"Pray","floor":2.0,"gold_loss":0.0,"damage_taken":0.0},{"damage_healed":0.0,"max_hp_gain":0.0,"max_hp_loss":0.0,"gold_gain":0.0,"event_name":"Shining Light","player_choice":"Entered Light","floor":4.0,"gold_loss":0.0,"damage_taken":20.0,"cards_upgraded":["Crippling Poison","Survivor"]},{"cards_removed":["Strike_G"],"damage_healed":0.0,"max_hp_gain":0.0,"max_hp_loss":0.0,"gold_gain":0.0,"event_name":"Golden Wing","player_choice":"Card Removal","floor":5.0,"gold_loss":0.0,"damage_taken":7.0},{"damage_healed":0.0,"max_hp_gain":0.0,"max_hp_loss":6.0,"gold_gain":0.0,"event_name":"Golden Idol","player_choice":"Lose Max HP","floor":14.0,"gold_loss":0.0,"damage_taken":0.0,"relics_obtained":["Golden Idol"]},{"damage_healed":0.0,"max_hp_gain":0.0,"max_hp_loss":0.0,"gold_gain":0.0,"event_name":"Cursed Tome","player_choice":"Ignored","floor":22.0,"gold_loss":0.0,"damage_taken":0.0},{"damage_healed":0.0,"max_hp_gain":0.0,"max_hp_loss":0.0,"gold_gain":50.0,"event_name":"Golden Shrine","player_choice":"Pray","floor":24.0,"gold_loss":0.0,"damage_taken":0.0},{"damage_healed":0.0,"max_hp_gain":0.0,"max_hp_loss":0.0,"gold_gain":0.0,"event_name":"Tomb of Lord Red Mask","player_choice":"Ignored","floor":44.0,"gold_loss":0.0,"damage_taken":0.0}],"is_beta":false,"boss_relics":[{"not_picked":["Ring of the Serpent","Philosopher\u0027s Stone"],"picked":"Astrolabe"},{"not_picked":["Tiny House","Black Star"],"picked":"Empty Cage"}],"items_purged_floors":[21,30],"is_endless":false,"potions_floor_spawned":[3,7,10,20,29,33,37,46,48],"killed_by":"Awakened One","ascension_level":20}}