{"host":"4edbuligkc8x13l4","time":1608958659,"event":{"mods":["BaseMod","Minty Spire (QoL Compilation)","StSLib","SuperFastMode"],"gold_per_floor":[118,129,148,68,88,88,105,105,105,30,47,73,89,89,89,162,162,175,225,125,125,125],"floor_reached":21,"playtime":526,"items_purged":["Strike_R","Strike_R"],"score":344,"play_id":"a3565bd8-6f3a-4972-8f87-2a80ec99326e","local_time":"20201226125739","is_ascension_mode":true,"campfire_choices":[{"data":"Flex","floor":6,"key":"SMITH"},{"data":"Double Tap","floor":15,"key":"SMITH"}],"circlet_count":0,"master_deck":["AscendersBane","Strike_R","Strike_R","Strike_R","Defend_R","Defend_R","Defend_R","Defend_R","Bash","Metallicize","Flex","Sword Boomerang","Flex+1","Pommel Strike","Double Tap+1","Havoc+1","Demon Form","Armaments"],"relics":["Burning Blood","NeowsBlessing","Self Forming Clay","Matryoshka","Sozu"],"acts_visited":["Exordium","TheCity"],"potions_floor_usage":[16,16],"damage_taken":[{"damage":0,"enemies":"2 Louse","floor":1,"turns":1},{"damage":0,"enemies":"Cultist","floor":2,"turns":1},{"damage":0,"enemies":"Jaw Worm","floor":3,"turns":1},{"damage":20,"enemies":"Large Slime","floor":5,"turns":7},{"damage":1,"enemies":"2 Fungi Beasts","floor":7,"turns":2},{"damage":17,"enemies":"Exordium Thugs","floor":11,"turns":3},{"damage":33,"enemies":"3 Sentries","floor":12,"turns":12},{"damage":3,"enemies":"Looter","floor":13,"turns":3},{"damage":16,"enemies":"The Guardian","floor":16,"turns":8},{"damage":40,"enemies":"2 Thieves","floor":18,"turns":4},{"damage":43,"enemies":"Masked Bandits","floor":21,"turns":3}],"seed_played":"6881907356379399956","potions_obtained":[{"floor":1,"key":"BlessingOfTheForge"},{"floor":12,"key":"Block Potion"},{"floor":16,"key":"CultistPotion"}],"is_trial":false,"path_per_floor":["M","M","M","$","M","R","M","?","T","$","M","E","M","?","R","B",null,"M","?","$","?"],"character_chosen":"IRONCLAD","items_purchased":["Sword Boomerang","Flex"],"campfire_rested":0,"item_purchase_floors":[4,4],"current_hp_per_floor":[74,75,75,75,61,61,66,75,75,75,64,37,40,40,40,30,64,30,30,30,0,0],"gold":125,"neow_bonus":"THREE_ENEMY_KILL","is_daily":false,"chose_seed":false,"campfire_upgraded":2,"win_rate":0.0,"timestamp":1608958659,"path_taken":["M","M","M","$","M","R","M","?","T","?","M","E","?","?","R","BOSS","M","?","$","?"],"items_purchased_type":["Card","Card"],"build_version":"2020-12-22","purchased_purges":2,"victory":false,"max_hp_per_floor":[75,75,75,75,75,75,75,75,75,75,75,75,75,75,75,75,75,75,75,75,75,75],"card_choices":[{"not_picked":["Heavy Blade","Clash"],"picked":"Metallicize","floor":1},{"not_picked":["Perfected Strike","Dual Wield"],"picked":"Flex","floor":2},{"not_picked":["Fire Breathing","Thunderclap","Blood for Blood"],"picked":"SKIP","floor":3},{"not_picked":["Headbutt","Carnage","Shrug It Off"],"picked":"SKIP","floor":5},{"not_picked":["Cleave","Heavy Blade"],"picked":"Pommel Strike","floor":7},{"not_picked":["Inflame","Cleave"],"picked":"Double Tap","floor":11},{"not_picked":["Warcry","Power Through"],"picked":"Havoc","floor":12},{"not_picked":["Flex","Clothesline","Blood for Blood"],"picked":"SKIP","floor":13},{"not_picked":["Impervious","Brutality"],"picked":"Demon Form","floor":16},{"not_picked":["Combust","Blood for Blood"],"picked":"Armaments","floor":18}],"player_experience":919294,"relics_obtained":[{"floor":9,"key":"Self Forming Clay"},{"floor":12,"key":"Matryoshka"}],"event_choices":[{"damage_healed":9,"gold_gain":0,"player_choice":"Full Heal","damage_taken":0,"max_hp_gain":0,"max_hp_loss":0,"event_name":"Wheel of Change","floor":8,"gold_loss":0},{"damage_healed":0,"gold_gain":0,"player_choice":"Grow","damage_taken":0,"max_hp_gain":0,"max_hp_loss":0,"event_name":"Living Wall","floor":14,"gold_loss":0,"cards_upgraded":["Havoc"]},{"damage_healed":0,"gold_gain":50,"player_choice":"Stole From Cult","damage_taken":0,"max_hp_gain":0,"max_hp_loss":0,"event_name":"Nest","floor":19,"gold_loss":0},{"damage_healed":0,"gold_gain":0,"player_choice":"Fought Bandits","damage_taken":0,"max_hp_gain":0,"max_hp_loss":0,"event_name":"Masked Bandits","floor":21,"gold_loss":0}],"is_beta":false,"boss_relics":[{"not_picked":["Black Star","Astrolabe"],"picked":"Sozu"}],"items_purged_floors":[10,20],"is_endless":false,"potions_floor_spawned":[1,12,16],"killed_by":"Masked Bandits","ascension_level":18}}