{"host":"u9xtr94typ21duox","time":1608995974,"event":{"mods":["BaseMod","Key Reminder","KinomotoSakuraMod(木之本樱)","LagranYue(拉格朗・月)","Marisa（F雨　魔理沙）","Minty Spire (QoL Compilation)","Reimu（博丽灵梦）","Remilia（蕾米莉亚）","Replay The Spire","StSLib","Td1madao Mod","The Administrix","The Bladedancer","The Bug Knight","The Construct","The Cursed","The Gatherer","The Runesmith","The Servant 0.9.4","WarShipGirlsR/战舰少女R mod","Youmu（魂魄妖梦）","vexMod"],"gold_per_floor":[111,36,36,62,74,74,102,102,128,140,152,179,191,273,285,420,432,468,460,497,321,339,339,373,373,396,414,428,428,439,451,451,556,556,571,581,5,53,65,96,112,112,138,138,150,150,162,181,181,181,181,181,7,36,36,36],"floor_reached":55,"playtime":2952,"items_purged":["Pain","Runesmith:Strike_RS","Runesmith:Strike_RS"],"score":819,"play_id":"daecbab6-97c4-4c93-8ef0-e536d015fb90","local_time":"20201226231934","is_ascension_mode":false,"campfire_choices":[{"data":"Runesmith:Grindstone","floor":6,"key":"SMITH"},{"data":"Runesmith:LithiumIon","floor":11,"key":"SMITH"},{"data":"Runesmith:CraftFirestone","floor":13,"key":"SMITH"},{"data":"Runesmith:Fortify","floor":15,"key":"SMITH"},{"data":"Runesmith:Grindstone","floor":23,"key":"SMITH"},{"data":"Runesmith:BackupBattery","floor":25,"key":"SMITH"},{"floor":32,"key":"DIG"},{"data":"Runesmith:PoweredAnvil","floor":44,"key":"SMITH"},{"floor":49,"key":"RECALL"},{"data":"Runesmith:BackupBattery+1","floor":52,"key":"SMITH"}],"circlet_count":0,"master_deck":["Runesmith:Strike_RS","Runesmith:Strike_RS","Runesmith:Defend_RS","Runesmith:Defend_RS","Runesmith:Defend_RS","Runesmith:Defend_RS","Runesmith:CraftFirestone+1","Runesmith:Fortify+1","Runesmith:CraftProtectio","Runesmith:EarthShield","Runesmith:BackupBattery+2","Runesmith:Grindstone+1","Runesmith:LithiumIon+1","Runesmith:Duplicate","Runesmith:Augment","Runesmith:CraftMedicinae","Runesmith:Grindstone+1","Runesmith:Superposition","Runesmith:CraftMedicinae","Runesmith:EarthShield","Runesmith:GoWithTheFlow","Runesmith:GrandSlam","Runesmith:PoweredAnvil+1","Runesmith:PoweredAnvil+1","Runesmith:CraftObretio+1","Madness","Madness","Runesmith:GrandSlam","Runesmith:Repurpose","Runesmith:Repurpose+1"],"relics":["Runesmith:BrokenRuby","LagranYue:RandomDrawCardRelic","NeowsBlessing","Anchor","Mango","Bloody Idol","MawBank","WarpedTongs","vexMod:CursedCompass","Potion Belt","Vajra","LagranYue:MagicReflectiveArmorRelic","vexMod:TanglingVine","Divine Protection","Gambling Chip","Gremlin Food","Bag of Marbles","Blood Vial"],"acts_visited":["Exordium","TheCity","TheBeyond","TheEnding"],"potions_floor_usage":[36,41,55,55,55,55,55],"damage_taken":[{"damage":0,"enemies":"Jaw Worm","floor":1,"turns":1},{"damage":0,"enemies":"2 Louse","floor":5,"turns":1},{"damage":0,"enemies":"Replay:BlueRogue","floor":7,"turns":1},{"damage":2,"enemies":"Cultist","floor":12,"turns":5},{"damage":25,"enemies":"Slime Boss","floor":16,"turns":11},{"damage":4,"enemies":"Chosen","floor":18,"turns":6},{"damage":9,"enemies":"Shell Parasite","floor":20,"turns":9},{"damage":0,"enemies":"Shelled Parasite and Fungi","floor":22,"turns":6},{"damage":0,"enemies":"HollowMod:Nosk","floor":24,"turns":16},{"damage":14,"enemies":"3 Cultists","floor":27,"turns":9},{"damage":18,"enemies":"Centurion and Healer","floor":28,"turns":10},{"damage":8,"enemies":"Snecko","floor":30,"turns":9},{"damage":8,"enemies":"Snake Plant","floor":31,"turns":7},{"damage":8,"enemies":"Automaton","floor":33,"turns":14},{"damage":0,"enemies":"Orb Walker","floor":35,"turns":6},{"damage":0,"enemies":"3 Shapes","floor":36,"turns":6},{"damage":49,"enemies":"2 Orb Walkers","floor":38,"turns":17},{"damage":0,"enemies":"Writhing Mass","floor":39,"turns":11},{"damage":0,"enemies":"Giant Head","floor":40,"turns":12},{"damage":20,"enemies":"4 Shapes","floor":41,"turns":21},{"damage":0,"enemies":"Jaw Worm Horde","floor":45,"turns":6},{"damage":0,"enemies":"Writhing Mass","floor":47,"turns":6},{"damage":0,"enemies":"Sphere and 2 Shapes","floor":48,"turns":6},{"damage":0,"enemies":"Time Eater","floor":50,"turns":11},{"damage":62,"enemies":"Shield and Spear","floor":54,"turns":11},{"damage":43,"enemies":"The Heart","floor":55,"turns":3}],"seed_played":"-2205400709420745821","potions_obtained":[{"floor":1,"key":"Dexterity Potion"},{"floor":12,"key":"GrandPatriotsElixir:ReiMu"},{"floor":16,"key":"BlessingOfTheForge"},{"floor":18,"key":"Elixir"},{"floor":24,"key":"Strength Potion"},{"floor":27,"key":"Strength Potion"},{"floor":40,"key":"ColorlessPotion"},{"floor":45,"key":"Block Potion"},{"floor":47,"key":"Adrenaline Potion"}],"is_trial":false,"path_per_floor":["M","$","?","T","M","R","E","?","T","?","R","M","R","T","R","B",null,"M","?","M","$","M","R","E","R","T","M","M","?","M","M","R","B",null,"M","M","$","?","M","E","M","?","T","R","M","?","M","M","R","B",null,"R","$","E","B"],"character_chosen":"RUNESMITH_CLASS","items_purchased":["Runesmith:EarthShield","Runesmith:BackupBattery","Runesmith:Grindstone","Runesmith:Superposition","Divine Protection","Runesmith:GrandSlam","Runesmith:PoweredAnvil","Runesmith:Repurpose"],"campfire_rested":0,"item_purchase_floors":[2,2,21,21,37,37,37,53],"current_hp_per_floor":[70,70,70,70,70,70,84,63,63,63,63,61,61,61,61,36,84,80,80,71,71,71,71,71,71,71,60,56,56,67,67,67,72,84,84,84,84,70,84,84,84,84,84,84,84,73,78,84,84,84,84,84,84,41,0,0],"gold":36,"neow_bonus":"THREE_ENEMY_KILL","is_daily":false,"chose_seed":false,"campfire_upgraded":8,"win_rate":0.0,"timestamp":1608995974,"path_taken":["M","$","?","?","M","R","E","?","T","?","R","?","R","?","R","BOSS","M","?","M","$","M","R","E","R","T","M","M","?","?","M","R","BOSS","M","M","$","?","M","E","M","?","T","R","M","?","M","M","R","BOSS","R","$","E","BOSS"],"items_purchased_type":["Card","Card","Card","Card","Relic","Card","Card","Card"],"build_version":"2020-12-22","purchased_purges":3,"victory":false,"max_hp_per_floor":[70,70,70,70,70,70,84,84,84,84,84,84,84,84,84,84,84,84,84,84,84,84,84,84,84,84,84,84,84,84,84,84,84,84,84,84,84,84,84,84,84,84,84,84,84,84,84,84,84,84,84,84,84,84,84,84],"card_choices":[{"not_picked":["Runesmith:Electrocute","Runesmith:Repurpose"],"picked":"Runesmith:CraftProtectio","floor":1},{"not_picked":["Runesmith:HammerThrow","Runesmith:NanitesCloud"],"picked":"Runesmith:Grindstone","floor":5},{"not_picked":["Runesmith:Electrocute","Runesmith:Repurpose"],"picked":"Runesmith:LithiumIon","floor":7},{"not_picked":["Runesmith:UnstableHammer","Runesmith:CraftProtectio","Runesmith:HeatExchange"],"picked":"SKIP","floor":12},{"not_picked":["Runesmith:LightningRod","Runesmith:GenerateForcefield"],"picked":"Runesmith:Duplicate","floor":16},{"not_picked":["Runesmith:Accelerate","Runesmith:EarthShield","Runesmith:HammerTime"],"picked":"SKIP","floor":18},{"not_picked":[],"picked":"Runesmith:Augment","floor":19},{"not_picked":[],"picked":"Runesmith:CraftMedicinae","floor":19},{"not_picked":["Runesmith:ShiftingStrike","Runesmith:HammerThrow","Runesmith:BackupBattery"],"picked":"SKIP","floor":20},{"not_picked":["Runesmith:StaticCage","Runesmith:CraftSpiculum","Runesmith:FieryHammer"],"picked":"SKIP","floor":22},{"not_picked":["Runesmith:Grindstone+1","Runesmith:DoubleUp"],"picked":"Runesmith:CraftMedicinae","floor":24},{"not_picked":["Runesmith:ChiselStab","Runesmith:UnstableHammer"],"picked":"Runesmith:EarthShield","floor":27},{"not_picked":["Runesmith:CraftProtectio+1","Runesmith:UnstableHammer","Runesmith:ShiftingStrike"],"picked":"SKIP","floor":28},{"not_picked":["Runesmith:CraftIndustria","Runesmith:CraftProtectio","Runesmith:MakeshiftArmor+1"],"picked":"SKIP","floor":30},{"not_picked":["Runesmith:CraftProtectio","Runesmith:Repurpose"],"picked":"Runesmith:GoWithTheFlow","floor":31},{"not_picked":["Runesmith:MakeshiftArmor","Runesmith:CraftProtectio","Runesmith:CraftReservo+1"],"picked":"SKIP","floor":35},{"not_picked":["Runesmith:MakeshiftArmor+1","Runesmith:UnstableHammer","Runesmith:RuneHurl+1"],"picked":"SKIP","floor":36},{"not_picked":["Runesmith:Prism+1","Runesmith:WhiteBalance"],"picked":"Runesmith:PoweredAnvil+1","floor":38},{"not_picked":["Runesmith:HeatExchange","Runesmith:RuneHurl","Runesmith:GoWithTheFlow"],"picked":"SKIP","floor":39},{"not_picked":["Runesmith:CraftProtectio","Runesmith:FissionHammer","Runesmith:RuneHurl"],"picked":"SKIP","floor":40},{"not_picked":["Runesmith:BackupBattery+1","Runesmith:StaticCage","Runesmith:Augment+1"],"picked":"SKIP","floor":41},{"not_picked":["Runesmith:UnstableHammer+1","Runesmith:CraftProtectio"],"picked":"Runesmith:CraftObretio+1","floor":45},{"not_picked":["Runesmith:StaticCage+1","Runesmith:EarthShield","Runesmith:MakeshiftArmor+1"],"picked":"SKIP","floor":47},{"not_picked":["Runesmith:StaticCage+1","Runesmith:EarthShield","Runesmith:MakeshiftArmor+1"],"picked":"SKIP","floor":47},{"not_picked":["Runesmith:HeatExchange+1","Runesmith:Grindstone"],"picked":"Runesmith:GrandSlam","floor":48},{"not_picked":["Runesmith:Overpower","Runesmith:Malloc"],"picked":"Runesmith:Repurpose+1","floor":54}],"player_experience":250694,"relics_obtained":[{"floor":4,"key":"Anchor"},{"floor":7,"key":"Mango"},{"floor":9,"key":"MawBank"},{"floor":24,"key":"Potion Belt"},{"floor":26,"key":"Vajra"},{"floor":32,"key":"LagranYue:MagicReflectiveArmorRelic"},{"floor":38,"key":"Gambling Chip"},{"floor":40,"key":"Gremlin Food"},{"floor":43,"key":"Bag of Marbles"},{"floor":54,"key":"Blood Vial"}],"event_choices":[{"damage_healed":0,"gold_gain":0,"player_choice":"Ignored","damage_taken":0,"max_hp_gain":0,"max_hp_loss":0,"event_name":"Liars Game","floor":3,"gold_loss":0},{"damage_healed":0,"gold_gain":0,"player_choice":"Take Damage","damage_taken":21,"relics_obtained":["Golden Idol"],"max_hp_gain":0,"max_hp_loss":0,"event_name":"Golden Idol","floor":8,"gold_loss":0},{"damage_healed":0,"gold_gain":0,"player_choice":"Rummage","damage_taken":0,"relics_obtained":["WarpedTongs"],"max_hp_gain":0,"max_hp_loss":0,"event_name":"Accursed Blacksmith","floor":10,"gold_loss":0,"cards_obtained":["Pain"]},{"damage_healed":0,"gold_gain":0,"player_choice":"Gave Idol","damage_taken":0,"relics_obtained":["Bloody Idol"],"max_hp_gain":0,"max_hp_loss":0,"event_name":"Forgotten Altar","floor":29,"relics_lost":["Golden Idol"],"gold_loss":0},{"damage_healed":0,"gold_gain":0,"player_choice":"Fight","damage_taken":0,"max_hp_gain":0,"max_hp_loss":0,"event_name":"Mysterious Sphere","floor":38,"gold_loss":0},{"damage_healed":0,"gold_gain":0,"player_choice":"Ignored","damage_taken":0,"max_hp_gain":0,"max_hp_loss":0,"event_name":"Tomb of Lord Red Mask","floor":42,"gold_loss":0},{"damage_healed":0,"gold_gain":0,"player_choice":"Embrace Madness","damage_taken":11,"max_hp_gain":0,"max_hp_loss":0,"event_name":"Winding Halls","floor":46,"gold_loss":0,"cards_obtained":["Madness","Madness"]}],"is_beta":false,"boss_relics":[{"not_picked":["vexMod:BigBerry","vexMod:MegatonBomb"],"picked":"vexMod:CursedCompass"},{"not_picked":["vexMod:ImprovementManual","Replay:Ancient Bell"],"picked":"vexMod:TanglingVine"}],"items_purged_floors":[21,37,53],"is_endless":false,"potions_floor_spawned":[1,12,16,18,24,27,30,40,41,45,47],"killed_by":"The Heart","ascension_level":0}}