{"host":"ayh4nqhr0ddw4ozv","time":1608979000,"event":{"mods":["BaseMod","Minty Spire (QoL Compilation)","Relic Stats","Robot Space Explorer","StSLib"],"gold_per_floor":[119,119,44,56,56,85,85,85,85,85,115,115,19,50,50,149,149,167,180,194,42,42,77,95,122,148,163,163,189,189,189,189,291,291,309,309,359,409,409,409,440,440,440,277,277,118,148,165,165,165,165,165,15,49,49],"floor_reached":56,"playtime":2751,"items_purged":["RobotSpaceExplorer:Strike","RobotSpaceExplorer:Strike","RobotSpaceExplorer:Strike","RobotSpaceExplorer:Defend"],"score":1727,"play_id":"9c666ce6-fbc0-4a99-a266-40e3a5e6b090","local_time":"20201226023640","is_ascension_mode":true,"campfire_choices":[{"data":"RobotSpaceExplorer:MiniBoosters","floor":8.0,"key":"SMITH"},{"data":"RobotSpaceExplorer:MiniLasers","floor":10.0,"key":"SMITH"},{"data":"RobotSpaceExplorer:Probe","floor":12.0,"key":"SMITH"},{"data":"RobotSpaceExplorer:PowerGlove","floor":15.0,"key":"SMITH"},{"floor":28.0,"key":"REST"},{"data":"RobotSpaceExplorer:Accelerator","floor":30.0,"key":"SMITH"},{"data":"RobotSpaceExplorer:ChargingLaser","floor":32.0,"key":"SMITH"},{"data":"RitualDagger","floor":40.0,"key":"SMITH"},{"floor":42.0,"key":"RECALL"},{"data":"RobotSpaceExplorer:Autoloader","floor":49.0,"key":"SMITH"},{"data":"RobotSpaceExplorer:FranticSearch","floor":52.0,"key":"SMITH"}],"circlet_count":0,"master_deck":["RobotSpaceExplorer:Strike+1","RobotSpaceExplorer:Defend","RobotSpaceExplorer:Scan+1","RobotSpaceExplorer:MiniLasers+1","RobotSpaceExplorer:MiniDrones+1","RobotSpaceExplorer:Arsenal","RobotSpaceExplorer:MiniBoosters+1","RobotSpaceExplorer:Probe+1","RobotSpaceExplorer:FranticSearch+1","RobotSpaceExplorer:PowerGlove+1","RobotSpaceExplorer:Accelerator+1","RobotSpaceExplorer:FreezingShield+1","RobotSpaceExplorer:ChargingLaser+1","RobotSpaceExplorer:MiniDrones+1","RobotSpaceExplorer:LuckyStrike+1","RobotSpaceExplorer:RigExplosive+1","RitualDagger+1","RobotSpaceExplorer:PowerGlove+1","RobotSpaceExplorer:DualCore+1","RobotSpaceExplorer:IronShell+1","RobotSpaceExplorer:Calculate","Blind","RobotSpaceExplorer:Autoloader+1","RobotSpaceExplorer:FranticSearch+1","RobotSpaceExplorer:ScrapToss","RobotSpaceExplorer:Wormhole"],"relics":["RobotSpaceExplorer:RoboCore","NeowsBlessing","Prayer Wheel","Happy Flower","Sundial","Potion Belt","Darkstone Periapt","Runic Pyramid","HornCleat","StrikeDummy","Orichalcum","Nunchaku","RobotSpaceExplorer:Reprocessor","Gambling Chip","RobotSpaceExplorer:RingOfTheNewt","War Paint","Akabeko","Bronze Scales"],"acts_visited":["Exordium","TheCity","TheBeyond","TheEnding"],"potions_floor_usage":[54,55,55,55,55],"damage_taken":[{"damage":0.0,"enemies":"Small Slimes","floor":1.0,"turns":1.0},{"damage":0.0,"enemies":"Cultist","floor":4.0,"turns":1.0},{"damage":0.0,"enemies":"Lagavulin","floor":6.0,"turns":1.0},{"damage":3.0,"enemies":"3 Sentries","floor":11.0,"turns":5.0},{"damage":0.0,"enemies":"Gremlin Nob","floor":14.0,"turns":3.0},{"damage":2.0,"enemies":"Hexaghost","floor":16.0,"turns":6.0},{"damage":2.0,"enemies":"Spheric Guardian","floor":18.0,"turns":4.0},{"damage":0.0,"enemies":"Chosen","floor":19.0,"turns":4.0},{"damage":7.0,"enemies":"Snecko","floor":20.0,"turns":4.0},{"damage":28.0,"enemies":"Slavers","floor":23.0,"turns":4.0},{"damage":0.0,"enemies":"Centurion and Healer","floor":24.0,"turns":3.0},{"damage":0.0,"enemies":"Gremlin Leader","floor":25.0,"turns":4.0},{"damage":0.0,"enemies":"3 Cultists","floor":27.0,"turns":3.0},{"damage":0.0,"enemies":"Book of Stabbing","floor":29.0,"turns":3.0},{"damage":0.0,"enemies":"Automaton","floor":33.0,"turns":6.0},{"damage":7.0,"enemies":"3 Darklings","floor":35.0,"turns":3.0},{"damage":0.0,"enemies":"Mind Bloom Boss Battle","floor":37.0,"turns":4.0},{"damage":0.0,"enemies":"2 Orb Walkers","floor":38.0,"turns":3.0},{"damage":13.0,"enemies":"Reptomancer","floor":41.0,"turns":4.0},{"damage":2.0,"enemies":"Nemesis","floor":47.0,"turns":5.0},{"damage":0.0,"enemies":"3 Shapes","floor":48.0,"turns":3.0},{"damage":43.0,"enemies":"Awakened One","floor":50.0,"turns":8.0},{"damage":31,"enemies":"Shield and Spear","floor":54,"turns":6},{"damage":31,"enemies":"The Heart","floor":55,"turns":6}],"seed_played":"7450505465154889921","potions_obtained":[{"floor":1.0,"key":"Strength Potion"},{"floor":6.0,"key":"FearPotion"},{"floor":11.0,"key":"Weak Potion"},{"floor":14.0,"key":"SneckoOil"},{"floor":20.0,"key":"EssenceOfSteel"},{"floor":22.0,"key":"Swift Potion"},{"floor":22.0,"key":"GamblersBrew"},{"floor":23.0,"key":"ColorlessPotion"},{"floor":24.0,"key":"CultistPotion"},{"floor":33.0,"key":"Regen Potion"},{"floor":35.0,"key":"Fire Potion"},{"floor":38.0,"key":"LiquidBronze"},{"floor":48.0,"key":"FairyPotion"}],"is_trial":false,"path_per_floor":["M","?","$","M","?","E","?","R","T","R","E","R","$","E","R","B",null,"M","M","M","$","?","E","M","E","T","M","R","E","R","?","R","B",null,"M","?","?","?","?","R","E","R","T","$","?","$","E","M","R","B",null,"R","$","E","B",null],"character_chosen":"RobotSpaceExplorer","items_purchased":["RobotSpaceExplorer:FranticSearch","Weak Potion","PowerPotion","RobotSpaceExplorer:Calculate","RobotSpaceExplorer:Autoloader"],"campfire_rested":1,"item_purchase_floors":[13,13,21,44,46],"current_hp_per_floor":[68,68,68,68,53,53,41,41,41,41,38,38,38,38,38,36,65,63,63,56,56,56,28,28,28,28,28,50,50,50,44,44,44,67,60,60,60,60,60,60,47,47,47,47,42,42,54,54,54,11,56,56,56,25,17],"gold":49,"neow_bonus":"THREE_ENEMY_KILL","is_daily":false,"chose_seed":false,"campfire_upgraded":9,"win_rate":0.0,"timestamp":1608979000,"path_taken":["M","?","$","?","?","E","?","R","T","R","E","R","?","E","R","BOSS","M","M","?","$","?","E","?","E","T","M","R","E","R","?","R","BOSS","M","?","?","?","?","R","E","R","T","$","?","?","E","?","R","BOSS","R","$","E","BOSS"],"items_purchased_type":["Card","Potion","Potion","Card","Card"],"build_version":"2020-12-22","purchased_purges":4,"victory":true,"max_hp_per_floor":[75,75,75,75,75,75,75,75,75,75,75,75,75,75,75,75,75,75,75,75,75,75,75,75,75,75,75,75,75,75,75,75,75,75,75,75,75,75,71,71,71,71,71,71,71,71,71,71,71,71,71,71,71,71,71],"relic_stats":{"Darkstone Periapt":0,"Nunchaku":[19],"Happy Flower":[30],"counters":[24,94],"Sundial":[16],"Gambling Chip":[9],"Bronze Scales":[93],"Prayer Wheel":7,"Orichalcum":[6],"War Paint":["RobotSpaceExplorer:IronShell","RobotSpaceExplorer:Scan"],"obtain_stats":[{"Potion Belt":11,"Darkstone Periapt":14,"NeowsBlessing":0,"Happy Flower":7,"RobotSpaceExplorer:RoboCore":0,"RobotSpaceExplorer:RingOfTheNewt":38,"RobotSpaceExplorer:Reprocessor":34,"Orichalcum":26,"War Paint":41,"Akabeko":47,"Nunchaku":29,"HornCleat":23,"Sundial":9,"Gambling Chip":37,"Bronze Scales":54,"Prayer Wheel":6,"StrikeDummy":25,"Runic Pyramid":17},{"Potion Belt":4,"Darkstone Periapt":5,"NeowsBlessing":0,"Happy Flower":3,"RobotSpaceExplorer:RoboCore":0,"RobotSpaceExplorer:RingOfTheNewt":18,"RobotSpaceExplorer:Reprocessor":15,"Orichalcum":12,"War Paint":19,"Akabeko":20,"Nunchaku":14,"HornCleat":10,"Sundial":3,"Gambling Chip":17,"Bronze Scales":23,"Prayer Wheel":3,"StrikeDummy":12,"Runic Pyramid":6},{"Potion Belt":8,"Darkstone Periapt":11,"NeowsBlessing":0,"Happy Flower":3,"RobotSpaceExplorer:RoboCore":0,"RobotSpaceExplorer:RingOfTheNewt":62,"RobotSpaceExplorer:Reprocessor":52,"Orichalcum":40,"War Paint":66,"Akabeko":71,"Nunchaku":46,"HornCleat":33,"Sundial":3,"Gambling Chip":59,"Bronze Scales":88,"Prayer Wheel":3,"StrikeDummy":40,"Runic Pyramid":17}]},"card_choices":[{"not_picked":["RobotSpaceExplorer:Pulsar","RobotSpaceExplorer:SlimeMissile"],"picked":"RobotSpaceExplorer:MiniDrones","floor":1.0},{"not_picked":["RobotSpaceExplorer:SwiftStep","RobotSpaceExplorer:Pulsar","RobotSpaceExplorer:Calculate"],"picked":"SKIP","floor":4.0},{"not_picked":["RobotSpaceExplorer:SwiftStep","RobotSpaceExplorer:MiniDrones"],"picked":"RobotSpaceExplorer:MiniBoosters","floor":6.0},{"not_picked":["RobotSpaceExplorer:TurboDodge","RobotSpaceExplorer:FrostMissile"],"picked":"RobotSpaceExplorer:Probe","floor":11.0},{"not_picked":["RobotSpaceExplorer:JunkDive","RobotSpaceExplorer:DroneSwarm"],"picked":"RobotSpaceExplorer:PowerGlove","floor":14.0},{"not_picked":["RobotSpaceExplorer:Scanner","RobotSpaceExplorer:DroneSwarm"],"picked":"RobotSpaceExplorer:Accelerator","floor":16.0},{"not_picked":["RobotSpaceExplorer:MiniBoosters","RobotSpaceExplorer:Pulsar+1","RobotSpaceExplorer:ShovelStrike+1"],"picked":"SKIP","floor":18.0},{"not_picked":["RobotSpaceExplorer:FranticSearch","RobotSpaceExplorer:Ammunition","RobotSpaceExplorer:SurgingStrike"],"picked":"SKIP","floor":18.0},{"not_picked":["RobotSpaceExplorer:MetalStrike","RobotSpaceExplorer:Counterblock"],"picked":"RobotSpaceExplorer:FreezingShield+1","floor":19.0},{"not_picked":["RobotSpaceExplorer:ShockKick","RobotSpaceExplorer:PlasmaMissile","RobotSpaceExplorer:SlimeMissile"],"picked":"SKIP","floor":19.0},{"not_picked":["RobotSpaceExplorer:BigMissile","RobotSpaceExplorer:FranticSearch","RobotSpaceExplorer:Discharger"],"picked":"SKIP","floor":20.0},{"not_picked":["RobotSpaceExplorer:ImprovisedAttack","RobotSpaceExplorer:ToxicBomb+1","RobotSpaceExplorer:ShockKick"],"picked":"SKIP","floor":20.0},{"not_picked":["RobotSpaceExplorer:RigExplosive+1","RobotSpaceExplorer:GlueSpray"],"picked":"RobotSpaceExplorer:ChargingLaser","floor":23.0},{"not_picked":["RobotSpaceExplorer:SelfCleaning","RobotSpaceExplorer:GlueSpray"],"picked":"RobotSpaceExplorer:MiniDrones+1","floor":24.0},{"not_picked":["RobotSpaceExplorer:FranticSearch","RobotSpaceExplorer:SurgingShield+1"],"picked":"RobotSpaceExplorer:LuckyStrike+1","floor":24.0},{"not_picked":["RobotSpaceExplorer:SurgingShield","RobotSpaceExplorer:StunGrenade","RobotSpaceExplorer:FranticSearch"],"picked":"SKIP","floor":25.0},{"not_picked":["RobotSpaceExplorer:GlueShot","RobotSpaceExplorer:StunGrenade","RobotSpaceExplorer:SurgingShield+1"],"picked":"SKIP","floor":27.0},{"not_picked":["RobotSpaceExplorer:StarLightning","RobotSpaceExplorer:StunGrenade","RobotSpaceExplorer:TurboDodge"],"picked":"SKIP","floor":27.0},{"not_picked":["RobotSpaceExplorer:Smokescreen","RobotSpaceExplorer:ScrapShield"],"picked":"RobotSpaceExplorer:RigExplosive+1","floor":29.0},{"not_picked":["RobotSpaceExplorer:Multitool","RobotSpaceExplorer:Explosion"],"picked":"RobotSpaceExplorer:Wormhole","floor":33.0},{"not_picked":["RobotSpaceExplorer:ShovelStrike+1","RobotSpaceExplorer:DualCore"],"picked":"RobotSpaceExplorer:PowerGlove+1","floor":35.0},{"not_picked":["RobotSpaceExplorer:MiniDrones","RobotSpaceExplorer:FranticSearch+1","RobotSpaceExplorer:ShockKick"],"picked":"SKIP","floor":35.0},{"not_picked":["RobotSpaceExplorer:GlueShot+1","RobotSpaceExplorer:FrostMissile"],"picked":"RobotSpaceExplorer:DualCore+1","floor":37.0},{"not_picked":["RobotSpaceExplorer:ChargingLaser","RobotSpaceExplorer:SlimeMissile+1"],"picked":"RobotSpaceExplorer:IronShell","floor":41.0},{"not_picked":["Mind Blast","Finesse"],"picked":"Blind","floor":45.0},{"not_picked":["RobotSpaceExplorer:MetalStrike+1","RobotSpaceExplorer:ToxicBomb","RobotSpaceExplorer:DualCore"],"picked":"SKIP","floor":47.0},{"not_picked":["RobotSpaceExplorer:StunGrenade+1","RobotSpaceExplorer:ScrapShield"],"picked":"RobotSpaceExplorer:FranticSearch+1","floor":48.0},{"not_picked":["RobotSpaceExplorer:FrostMissile+1","RobotSpaceExplorer:ScrapMissile"],"picked":"RobotSpaceExplorer:ScrapToss","floor":48.0},{"not_picked":["RobotSpaceExplorer:MiniBoosters+1","RobotSpaceExplorer:ShovelStrike"],"picked":"RobotSpaceExplorer:Wormhole","floor":54}],"player_experience":233356,"relics_obtained":[{"floor":6.0,"key":"Prayer Wheel"},{"floor":9.0,"key":"Sundial"},{"floor":11.0,"key":"Potion Belt"},{"floor":14.0,"key":"Darkstone Periapt"},{"floor":23.0,"key":"HornCleat"},{"floor":25.0,"key":"StrikeDummy"},{"floor":26.0,"key":"Orichalcum"},{"floor":29.0,"key":"Nunchaku"},{"floor":37.0,"key":"Gambling Chip"},{"floor":38.0,"key":"RobotSpaceExplorer:RingOfTheNewt"},{"floor":41.0,"key":"War Paint"},{"floor":47.0,"key":"Akabeko"},{"floor":54,"key":"Bronze Scales"}],"event_choices":[{"damage_healed":0.0,"max_hp_gain":0.0,"max_hp_loss":0.0,"gold_gain":0.0,"cards_transformed":["RobotSpaceExplorer:Defend"],"event_name":"Transmorgrifier","player_choice":"Transformed","floor":2.0,"gold_loss":0.0,"damage_taken":0.0,"cards_obtained":["RobotSpaceExplorer:Arsenal"]},{"damage_healed":0.0,"max_hp_gain":0.0,"max_hp_loss":0.0,"gold_gain":0.0,"event_name":"Shining Light","player_choice":"Entered Light","floor":5.0,"gold_loss":0.0,"damage_taken":15.0,"cards_upgraded":["RobotSpaceExplorer:MiniDrones","RobotSpaceExplorer:Strike"]},{"damage_healed":0.0,"max_hp_gain":0.0,"max_hp_loss":0.0,"gold_gain":0.0,"event_name":"Scrap Ooze","player_choice":"Success","floor":7.0,"gold_loss":0.0,"damage_taken":12.0,"relics_obtained":["Happy Flower"]},{"damage_healed":0.0,"max_hp_gain":0.0,"max_hp_loss":0.0,"gold_gain":0.0,"event_name":"Lab","player_choice":"Got Potions","floor":22.0,"gold_loss":0.0,"damage_taken":0.0},{"damage_healed":0.0,"max_hp_gain":0.0,"max_hp_loss":0.0,"gold_gain":0.0,"event_name":"Nest","player_choice":"Joined the Cult","floor":31.0,"gold_loss":0.0,"damage_taken":6.0,"cards_obtained":["RitualDagger"]},{"damage_healed":0.0,"max_hp_gain":0.0,"max_hp_loss":0.0,"gold_gain":0.0,"event_name":"Tomb of Lord Red Mask","player_choice":"Ignored","floor":36.0,"gold_loss":0.0,"damage_taken":0.0},{"damage_healed":0.0,"max_hp_gain":0.0,"max_hp_loss":0.0,"gold_gain":0.0,"event_name":"MindBloom","player_choice":"Fight","floor":37.0,"gold_loss":0.0,"damage_taken":0.0},{"damage_healed":0.0,"max_hp_gain":0.0,"max_hp_loss":0.0,"gold_gain":0.0,"event_name":"Mysterious Sphere","player_choice":"Fight","floor":38.0,"gold_loss":0.0,"damage_taken":0.0},{"damage_healed":0.0,"max_hp_gain":0.0,"max_hp_loss":4.0,"gold_gain":0.0,"event_name":"Winding Halls","player_choice":"Max HP","floor":39.0,"gold_loss":0.0,"damage_taken":0.0},{"damage_healed":0.0,"max_hp_gain":0.0,"max_hp_loss":0.0,"gold_gain":0.0,"event_name":"SensoryStone","player_choice":"Memory 2","floor":45.0,"gold_loss":0.0,"damage_taken":5.0}],"is_beta":false,"boss_relics":[{"not_picked":["Busted Crown","Ectoplasm"],"picked":"Runic Pyramid"},{"not_picked":["Pandora\u0027s Box","Coffee Dripper"],"picked":"RobotSpaceExplorer:Reprocessor"}],"items_purged_floors":[3,21,44,53],"is_endless":false,"potions_floor_spawned":[1,6,11,14,20,23,24,33,35,38,48],"ascension_level":6}}