{"host":"dntw6kil9p09eemm","time":1608959140,"event":{"mods":["Alarm Clock","Aspiration","BaseMod","Colored Powertips","Downfall","Hermit","Hubris","Minty Spire (QoL Compilation)","Permanent Neow","Shop Mod","Spicy Shops","StSLib","The Runesmith"],"gold_per_floor":[212,227,247,247,90,129,129,153,153,153,125,150,325,343,343,472,472,497,497,522,321,336,336,336,361,361,380,305,46,79,79,79,79],"floor_reached":31,"playtime":1744,"items_purged":["Guardian:Defend_Guardian"],"score":257,"play_id":"37d03fb5-8450-4acf-9c06-a9d1d2ada66d","local_time":"20201226140540","is_ascension_mode":false,"campfire_choices":[{"floor":7,"key":"REST"},{"floor":10,"key":"REST"},{"floor":15,"key":"REST"},{"data":"Guardian:Harden","floor":23,"key":"SMITH"}],"circlet_count":0,"master_deck":["Guardian:Strike_Guardian","Guardian:Strike_Guardian","Guardian:Strike_Guardian","Guardian:Defend_Guardian","Guardian:Defend_Guardian","Guardian:Defend_Guardian","Guardian:CurlUp","Guardian:TwinSlam","Guardian:VentSteam","Guardian:Gem_Red","Guardian:Gem_Blue","Guardian:RollAttack","Guardian:VentSteam","Guardian:Harden+1","Guardian:Gem_Synthetic","Guardian:FierceBash","Guardian:Gem_Lightblue","Guardian:PiercingHide+1","Guardian:TimeBomb","Guardian:RollAttack","Guardian:Gem_Red","Guardian:GuardianWhirl+1"],"relics":["Guardian:ModeShifter","Golden Idol","MerchantsRug","hubris:DisguiseKit","PureWater","Black Star","Meat on the Bone","hubris:CrystalStatue","Toxic Egg 2","Pear","hubris:MysteriousPyramids"],"acts_visited":["Exordium","TheCity"],"potions_floor_usage":[20,27,30,30],"damage_taken":[{"damage":1,"enemies":"Jaw Worm","floor":1,"turns":6},{"damage":1,"enemies":"2 Louse","floor":2,"turns":3},{"damage":2,"enemies":"Small Slimes","floor":3,"turns":4},{"damage":40,"enemies":"Lagavulin","floor":6,"turns":9},{"damage":6,"enemies":"3 Louse","floor":8,"turns":4},{"damage":5,"enemies":"Looter","floor":12,"turns":3},{"damage":14,"enemies":"Exordium Wildlife","floor":14,"turns":5},{"damage":60,"enemies":"The Guardian","floor":16,"turns":15},{"damage":21,"enemies":"Chosen","floor":18,"turns":7},{"damage":27,"enemies":"Shell Parasite","floor":20,"turns":7},{"damage":20,"enemies":"Snake Plant","floor":22,"turns":5},{"damage":26,"enemies":"Cultist and Chosen","floor":25,"turns":8},{"damage":9,"enemies":"Centurion and Healer","floor":27,"turns":7},{"damage":14,"enemies":"Gremlin Leader","floor":30,"turns":6},{"damage":32,"enemies":"Snake Plant","floor":31,"turns":4}],"seed_played":"-8646434195570204629","potions_obtained":[{"floor":3,"key":"SteroidPotion"},{"floor":6,"key":"Energy Potion"},{"floor":14,"key":"SteroidPotion"},{"floor":18,"key":"FearPotion"},{"floor":25,"key":"Energy Potion"},{"floor":27,"key":"Block Potion"}],"is_trial":false,"path_per_floor":["M","M","M","?","$","E","R","M","T","R","$","M","?","M","R","B",null,"M","?","M","$","M","R","?","M","T","M","?","$","E","M"],"character_chosen":"GUARDIAN","items_purchased":["MerchantsRug","Guardian:Harden","Meat on the Bone","Toxic Egg 2"],"campfire_rested":3,"item_purchase_floors":[5,11,21,29],"current_hp_per_floor":[79,78,76,56,56,16,40,34,34,58,58,53,53,39,63,3,80,59,67,40,40,32,32,32,18,18,21,21,21,29,0,0,0],"gold":79,"neow_bonus":"HUNDRED_GOLD","is_daily":false,"chose_seed":false,"campfire_upgraded":1,"win_rate":0.0,"timestamp":1608959140,"path_taken":["M","M","M","?","$","E","R","M","T","R","$","M","?","M","R","BOSS","M","?","M","$","M","R","?","M","T","M","?","$","E","M"],"items_purchased_type":["Relic","Card","Relic","Relic"],"build_version":"2020-12-22","purchased_purges":1,"victory":false,"max_hp_per_floor":[80,80,80,80,80,80,80,80,80,80,80,80,80,80,80,80,80,80,80,80,80,80,80,80,80,80,80,80,80,90,90,90,90],"card_choices":[{"not_picked":["Guardian:RefractedBeam","Guardian:Orbwalk"],"picked":"Guardian:VentSteam","floor":1},{"not_picked":["Guardian:Incinerate","Guardian:Gem_Cyan"],"picked":"Guardian:Gem_Red","floor":2},{"not_picked":["Guardian:Repulse","Guardian:CrystalBeam"],"picked":"Guardian:Gem_Blue","floor":3},{"not_picked":["Guardian:VentSteam","Guardian:Gem_Lightblue"],"picked":"Guardian:RollAttack","floor":6},{"not_picked":["Guardian:ChargeCore","Guardian:TimeCapacitor","Venomology"],"picked":"Guardian:VentSteam","floor":8},{"not_picked":["Guardian:VentSteam","Guardian:PrimingBeam","Guardian:Reroute","Deflect"],"picked":"SKIP","floor":12},{"not_picked":["Guardian:PrimingBeam","Guardian:TimeCapacitor","Well Laid Plans"],"picked":"Guardian:Gem_Synthetic","floor":14},{"not_picked":["Guardian:GatlingBeam","Guardian:StasisField","aspiration:Lunge"],"picked":"Guardian:FierceBash","floor":16},{"not_picked":["Guardian:Gem_Cyan","Guardian:PolyBeam","Backflip"],"picked":"Guardian:Gem_Lightblue","floor":18},{"not_picked":["Guardian:GuardianWhirl","Guardian:FloatingOrbs","Infinite Blades"],"picked":"Guardian:PiercingHide+1","floor":20},{"not_picked":["Guardian:BronzeArmor","Guardian:MultiBeam","Dagger Throw"],"picked":"Guardian:TimeBomb","floor":22},{"not_picked":["Guardian:TemporalStrike+1","Guardian:PolyBeam","Leg Sweep"],"picked":"Guardian:RollAttack","floor":25},{"not_picked":["Guardian:VentSteam","Guardian:ChargeCore","Footwork"],"picked":"Guardian:Gem_Red","floor":27},{"not_picked":["Guardian:Planning+1","Guardian:RollAttack","Quick Slash"],"picked":"Guardian:GuardianWhirl+1","floor":30}],"player_experience":467731,"relics_obtained":[{"floor":6,"key":"hubris:DisguiseKit"},{"floor":9,"key":"aspiration:SeaSaltIceCream"},{"floor":26,"key":"hubris:CrystalStatue"},{"floor":30,"key":"Pear"},{"floor":30,"key":"hubris:MysteriousPyramids"}],"event_choices":[{"damage_healed":0,"gold_gain":0,"player_choice":"Take Damage","damage_taken":20,"relics_obtained":["Golden Idol"],"max_hp_gain":0,"max_hp_loss":0,"event_name":"Golden Idol","floor":4,"gold_loss":0},{"damage_healed":0,"gold_gain":175,"player_choice":"AGREE","damage_taken":0,"max_hp_gain":0,"max_hp_loss":0,"event_name":"Liars Game","floor":13,"gold_loss":0,"cards_obtained":["Doubt"]},{"cards_removed":["Guardian:Strike_Guardian"],"damage_healed":0,"gold_gain":0,"player_choice":"Elegance","damage_taken":0,"max_hp_gain":0,"max_hp_loss":0,"event_name":"Back to Basics","floor":24,"gold_loss":0},{"cards_removed":["Doubt"],"damage_healed":0,"gold_gain":0,"player_choice":"Gave Gold","damage_taken":0,"max_hp_gain":0,"max_hp_loss":0,"event_name":"Beggar","floor":28,"gold_loss":75}],"is_beta":false,"boss_relics":[{"not_picked":["Calling Bell","aspiration:RunesmithSkillbook"],"picked":"Black Star"}],"items_purged_floors":[21],"is_endless":false,"potions_floor_spawned":[3,6,14,18,25,27],"killed_by":"Snake Plant","ascension_level":0}}