{"host":"91yk4s6tcm9vi8ej","time":1608957261,"event":{"mods":["BaseMod","Colored Map","Colored Powertips","Highlight Path","Infinite Spire","Minty Spire (QoL Compilation)","Quick Restart","Replay The Spire","StSLib"],"gold_per_floor":[114,64,64,64,84,113,113,113,140,140,140,65,65,78,78,183,183,201,216,35,35,35,35,51,126,126,126,138,138,157,172,172,172,172],"floor_reached":33,"playtime":1971,"items_purged":["Strike_G","Strike_G"],"score":268,"play_id":"b5ed331d-e3a8-468f-8ec6-603618a7c77b","local_time":"20201226123421","is_ascension_mode":false,"campfire_choices":[{"data":"Replay:Bag of Tricks","floor":7.0,"key":"SMITH"},{"data":"Survivor","floor":10.0,"key":"SMITH"},{"data":"Acrobatics","floor":15.0,"key":"SMITH"},{"floor":29.0,"key":"REST"},{"floor":32,"key":"REST"}],"circlet_count":0,"master_deck":["Strike_G","Strike_G","Strike_G","Defend_G","Defend_G","Defend_G","Survivor+1","Neutralize","Caltrops+1","Replay:Bag of Tricks+1","Acrobatics+1","MasterReality","Toxin Wave","PiercingWail+1","A Thousand Cuts","Flying Knee+1","Sanctity","Concentrate+1","Bane","Acrobatics+1"],"relics":["Replay:M_StaffOfTheSnake","NeowsBlessing","Juzu Bracelet","Strawberry","ReplayTheSpireMod:Ring of Challenge","Ring of Fury","infinitespire:Cubic Diamond","Painkiller Herb","Question Card"],"acts_visited":["Exordium","TheCity"],"potions_floor_usage":[33,33],"damage_taken":[{"damage":0.0,"enemies":"Small Slimes","floor":1.0,"turns":1.0},{"damage":0.0,"enemies":"Jaw Worm","floor":5.0,"turns":1.0},{"damage":0.0,"enemies":"Gremlin Nob","floor":6.0,"turns":1.0},{"damage":0.0,"enemies":"2 Louse","floor":14.0,"turns":2.0},{"damage":31.0,"enemies":"Hexaghost","floor":16.0,"turns":9.0},{"damage":20.0,"enemies":"2 Thieves","floor":18.0,"turns":4.0},{"damage":3.0,"enemies":"Shell Parasite","floor":19.0,"turns":5.0},{"damage":6.0,"enemies":"Centurion and Healer","floor":24.0,"turns":5.0},{"damage":22.0,"enemies":"Cultist and Chosen","floor":28.0,"turns":5.0},{"damage":0.0,"enemies":"3 Cultists","floor":30.0,"turns":3.0},{"damage":2.0,"enemies":"Chosen and Byrds","floor":31.0,"turns":4.0},{"damage":79,"enemies":"LordOfAnnihilation","floor":33,"turns":4}],"seed_played":"-4237850851482806963","potions_obtained":[{"floor":1.0,"key":"Adrenaline Potion"},{"floor":6.0,"key":"Strength Potion"},{"floor":14.0,"key":"ColorlessPotion"},{"floor":16.0,"key":"Toxic Potion"},{"floor":21.0,"key":"EntropicBrew"},{"floor":21.0,"key":"AttackPotion"},{"floor":30.0,"key":"DistilledChaos"}],"is_trial":false,"path_per_floor":["M","?","?","$","M","E","R","?","T","R","?","$","?","M","R","B",null,"?","?","T","?","?","?","?","?","T","?","?","T","?","?","T","B"],"character_chosen":"THE_SILENT","items_purchased":["A Thousand Cuts"],"campfire_rested":2,"item_purchase_floors":[20],"current_hp_per_floor":[70,70,70,70,70,70,70,70,77,77,77,77,77,77,77,46,77,57,54,54,54,54,40,34,26,26,26,4,28,28,26,50,0,0],"gold":172,"neow_bonus":"THREE_ENEMY_KILL","is_daily":false,"chose_seed":false,"campfire_upgraded":3,"win_rate":0.0,"timestamp":1608957261,"path_taken":["M","?","?","$","M","E","R","?","T","R","?","$","?","M","R","BOSS","?","?","T","?","?","?","?","?","T","?","?","T","?","?","T","BOSS"],"items_purchased_type":["Card"],"build_version":"2020-12-22","purchased_purges":2,"victory":false,"max_hp_per_floor":[70,70,70,70,70,70,70,70,77,77,77,77,77,77,77,77,77,77,77,77,77,77,82,82,82,82,82,82,82,82,82,82,82,82],"card_choices":[{"not_picked":["Accuracy","Bane"],"picked":"Caltrops","floor":1.0},{"not_picked":["Dagger Spray","Slice","Dash"],"picked":"SKIP","floor":5.0},{"not_picked":["Underhanded Strike","Sucker Punch"],"picked":"Replay:Bag of Tricks","floor":6.0},{"not_picked":["Masterful Stab","EmptyMind"],"picked":"Acrobatics","floor":14.0},{"not_picked":["Phantasmal Killer","Unload"],"picked":"MasterReality","floor":16.0},{"not_picked":["Blade Dance","WaveOfTheHand"],"picked":"Toxin Wave","floor":18.0},{"not_picked":["Deadly Poison","Sucker Punch"],"picked":"PiercingWail+1","floor":19.0},{"not_picked":["Crescendo","Storm of Steel"],"picked":"Flying Knee+1","floor":24.0},{"not_picked":["Hidden Blade","Dagger Spray+1","Bane"],"picked":"Concentrate+1","floor":28.0},{"not_picked":["Poisoned Stab","JustLucky+1","Flying Knee+1"],"picked":"Bane","floor":30.0},{"not_picked":["Underhanded Strike+1","Bane","PiercingWail"],"picked":"Acrobatics+1","floor":31}],"player_experience":97242,"relics_obtained":[{"floor":6.0,"key":"Juzu Bracelet"},{"floor":9.0,"key":"Strawberry"},{"floor":11.0,"key":"ReplayTheSpireMod:Ring of Challenge"},{"floor":11.0,"key":"Ring of Fury"},{"floor":26.0,"key":"Question Card"}],"event_choices":[{"cards_removed":["Defend_G"],"damage_healed":0.0,"max_hp_gain":0.0,"max_hp_loss":0.0,"gold_gain":0.0,"event_name":"The Cleric","player_choice":"Card Removal","floor":2.0,"gold_loss":50.0,"damage_taken":0.0},{"damage_healed":0.0,"max_hp_gain":0.0,"max_hp_loss":0.0,"gold_gain":0.0,"event_name":"Liars Game","player_choice":"Ignored","floor":3.0,"gold_loss":0.0,"damage_taken":0.0},{"damage_healed":0.0,"max_hp_gain":0.0,"max_hp_loss":0.0,"gold_gain":0.0,"event_name":"Living Wall","player_choice":"Grow","floor":8.0,"gold_loss":0.0,"damage_taken":0.0,"cards_upgraded":["Caltrops"]},{"damage_healed":0.0,"max_hp_gain":0.0,"max_hp_loss":0.0,"gold_gain":0.0,"event_name":"Lab","player_choice":"Got Potions","floor":21.0,"gold_loss":0.0,"damage_taken":0.0},{"damage_healed":0.0,"max_hp_gain":5.0,"max_hp_loss":0.0,"gold_gain":0.0,"event_name":"Forgotten Altar","player_choice":"Shed Blood","floor":23.0,"gold_loss":0.0,"damage_taken":19.0},{"damage_healed":0.0,"max_hp_gain":0.0,"max_hp_loss":0.0,"gold_gain":75.0,"event_name":"FaceTrader","player_choice":"Touch","floor":25.0,"gold_loss":0.0,"damage_taken":8.0},{"damage_healed":0.0,"max_hp_gain":0.0,"max_hp_loss":0.0,"gold_gain":0.0,"cards_transformed":["Defend_G"],"event_name":"Transmorgrifier","player_choice":"Transformed","floor":27.0,"gold_loss":0.0,"damage_taken":0.0,"cards_obtained":["Sanctity"]}],"is_beta":false,"boss_relics":[{"not_picked":["Cursed Key","infinitespire:Cupcake"],"picked":"Painkiller Herb"}],"items_purged_floors":[12,20],"is_endless":false,"potions_floor_spawned":[1,6,14,16,28,30],"killed_by":"LordOfAnnihilation","ascension_level":0}}