{"host":"6gzy6nvr8uokwcne","time":1608952456,"event":{"mods":["2.2 Compatiblity","AchievementEnabler","BaseMod","Minty Spire (QoL Compilation)","Quick Restart","StSLib","The Dragon Tamer","The Runesmith"],"gold_per_floor":[112,122,122,84,259,259,278,298,324,341,351,364,381,395,395,498,498,511,433,447,447,293,326,326,326,326],"floor_reached":24,"playtime":2057,"items_purged":[],"score":212,"play_id":"88bdc9af-587b-4414-ab4a-d7dd2ee1dfe5","local_time":"20201225201416","is_ascension_mode":false,"metric_token":531,"campfire_choices":[{"data":"DTMod:SwitchingTactic","floor":6,"key":"SMITH"},{"data":"DTMod:Observe","floor":15,"key":"SMITH"}],"dtmod_dragon_data":[14,50,1,-1,12,0],"circlet_count":0,"master_deck":["DTMod:Strike","DTMod:Strike","DTMod:Strike","DTMod:Strike","DTMod:DoubleHit","DTMod:TargetDefense","DTMod:TargetDefense","DTMod:TargetDefense","DTMod:TargetDefense","DTMod:SwitchingTactic+1","DTMod:FlameSlash","DTMod:QuickFly","DTMod:DragonDance","Doubt","DTMod:HeatWave","DTMod:MasterPlan","DTMod:Observe+1","DTMod:BizarreTactic","DTMod:Cover","DTMod:Harmonize","DTMod:TagTeam","DTMod:Training","DTMod:ComboAttack","DTMod:Conduct+1","DTMod:SneakAttack"],"relics":["DTMod:PactStone","Nunchaku","Sozu","Dream Catcher","Orichalcum"],"acts_visited":["Exordium","TheCity"],"potions_floor_usage":[8,12,14,16,16],"damage_taken":[{"damage":0,"enemies":"Small Slimes","floor":1,"turns":3},{"damage":0,"enemies":"Jaw Worm","floor":2,"turns":3},{"damage":0,"enemies":"2 Louse","floor":7,"turns":3},{"damage":0,"enemies":"Looter","floor":8,"turns":3},{"damage":0,"enemies":"Red Slaver","floor":10,"turns":5},{"damage":0,"enemies":"3 Louse","floor":11,"turns":2},{"damage":1,"enemies":"Gremlin Gang","floor":12,"turns":4},{"damage":0,"enemies":"Looter","floor":13,"turns":2},{"damage":0,"enemies":"Blue Slaver","floor":14,"turns":4},{"damage":14,"enemies":"Hexaghost","floor":16,"turns":12},{"damage":0,"enemies":"3 Byrds","floor":18,"turns":5},{"damage":13,"enemies":"Shell Parasite","floor":20,"turns":5},{"damage":21,"enemies":"Book of Stabbing","floor":23,"turns":8}],"seed_played":"-5823074139721516696","potions_obtained":[{"floor":2,"key":"ColorlessPotion"},{"floor":7,"key":"BlessingOfTheForge"},{"floor":12,"key":"ColorlessPotion"},{"floor":13,"key":"ColorlessPotion"},{"floor":14,"key":"Weak Potion"}],"is_trial":false,"path_per_floor":["M","M","?","$","?","R","M","M","T","M","M","M","M","M","R","B",null,"M","$","M","?","$","E","?"],"character_chosen":"THE_DT","items_purchased":["DTMod:DragonDance","DTMod:Training","DTMod:ComboAttack","Dream Catcher"],"campfire_rested":0,"item_purchase_floors":[4,19,19,22],"current_hp_per_floor":[49,49,49,49,49,49,49,49,49,49,49,48,48,48,48,34,49,49,49,36,36,36,15,0,0,0],"gold":326,"neow_bonus":"TEN_PERCENT_HP_BONUS","is_daily":false,"chose_seed":false,"campfire_upgraded":2,"win_rate":0.0,"timestamp":1608952456,"path_taken":["M","M","?","$","?","R","M","M","T","M","M","M","M","M","R","BOSS","M","$","M","?","$","E","?"],"items_purchased_type":["Card","Card","Card","Relic"],"build_version":"2020-12-22","purchased_purges":0,"victory":false,"max_hp_per_floor":[49,49,49,49,49,49,49,49,49,49,49,49,49,49,49,49,49,49,49,49,49,49,49,49,49,49],"card_choices":[{"not_picked":["DTMod:Hide","DTMod:CleansingStrike"],"picked":"DTMod:FlameSlash","floor":1},{"not_picked":["DTMod:BlazingStrike","DTMod:Observe"],"picked":"DTMod:QuickFly","floor":2},{"not_picked":["DTMod:Hide","DTMod:Punisher"],"picked":"DTMod:HeatWave","floor":7},{"not_picked":["DTMod:CalculatedDefense","DTMod:BreakAttack"],"picked":"DTMod:MasterPlan","floor":8},{"not_picked":["DTMod:LowKick","DTMod:Conduct"],"picked":"DTMod:Observe","floor":10},{"not_picked":["DTMod:QuickFly","DTMod:Hide","DTMod:HeatWave"],"picked":"SKIP","floor":11},{"not_picked":["DTMod:MasterPlan","DTMod:Hide","DTMod:DeepFocus"],"picked":"SKIP","floor":12},{"not_picked":["DTMod:HeatWave","DTMod:BreakAttack"],"picked":"DTMod:BizarreTactic","floor":13},{"not_picked":["DTMod:Punisher","DTMod:Threaten"],"picked":"DTMod:Cover","floor":14},{"not_picked":["DTMod:SealedStrike","DTMod:OpeningTactic"],"picked":"DTMod:Harmonize","floor":16},{"not_picked":["DTMod:CalculatedDefense","DTMod:BurningEnergy+1"],"picked":"DTMod:TagTeam","floor":18},{"not_picked":["DTMod:BuildUp","DTMod:LowKick"],"picked":"DTMod:Conduct+1","floor":20},{"not_picked":["DTMod:DeepFocus","DTMod:Multitask"],"picked":"DTMod:SneakAttack","floor":23}],"player_experience":462075,"relics_obtained":[{"floor":9,"key":"Nunchaku"},{"floor":23,"key":"Orichalcum"}],"event_choices":[{"damage_healed":0,"gold_gain":0,"player_choice":"Leave","damage_taken":0,"max_hp_gain":0,"max_hp_loss":0,"event_name":"The Cleric","floor":3,"gold_loss":0},{"damage_healed":0,"gold_gain":175,"player_choice":"AGREE","damage_taken":0,"max_hp_gain":0,"max_hp_loss":0,"event_name":"Liars Game","floor":5,"gold_loss":0,"cards_obtained":["Doubt"]},{"damage_healed":0,"gold_gain":0,"player_choice":"Ignored","damage_taken":0,"max_hp_gain":0,"max_hp_loss":0,"event_name":"Ghosts","floor":21,"gold_loss":0}],"is_beta":false,"boss_relics":[{"not_picked":["Runic Pyramid","Tiny House"],"picked":"Sozu"}],"items_purged_floors":[],"is_endless":false,"potions_floor_spawned":[2,7,12,13,14,23],"ascension_level":0}}