{"host":"qc8h4lvnd2c314ki","time":1608967668,"event":{"mods":["AchievementEnabler","Act Like it!","Ascension Reborn","Aspiration","BaseMod","Better Note","Better Third Choice","Curses Come First","Friendly Minions","GifTheSpireLib","Highlight Path","Mimic Mod","Minty Spire (QoL Compilation)","Random Character Button","Robot Space Explorer","Spicy Shops","StSLib","The Dragon Tamer"],"gold_per_floor":[113,38,54,68,83,116,116,131,131,148,148,171,171,171,171,290,290,303,303,316,335,281,281,312,312,367,382,382,400,400,424,424,424,424,424],"floor_reached":33,"playtime":3077,"items_purged":["DTMod:Strike"],"score":271,"play_id":"f87e4238-1292-4c8b-862c-27a1b98e1cf5","local_time":"20201226152748","is_ascension_mode":true,"metric_token":1175,"campfire_choices":[{"floor":7.0,"key":"RECALL"},{"floor":13.0,"key":"REST"},{"data":"DTMod:DragonDance","floor":15.0,"key":"SMITH"},{"floor":23.0,"key":"REST"},{"floor":25.0,"key":"REST"},{"floor":28.0,"key":"REST"},{"floor":30.0,"key":"REST"},{"floor":32.0,"key":"REST"}],"dtmod_dragon_data":[0,50,1,-1,8,0],"circlet_count":0,"master_deck":["DTMod:Strike","DTMod:Strike","DTMod:Strike","DTMod:DoubleHit","DTMod:TargetDefense","DTMod:TargetDefense","DTMod:TargetDefense","DTMod:SwitchingTactic","DTMod:Punisher","DTMod:QuickFly","DTMod:Training","DTMod:DragonDance+1","DTMod:ComboAttack","DTMod:HeatWave","DTMod:Coolant","DTMod:OpeningTactic","DTMod:BuildUp","DTMod:CleansingStrike","DTMod:EchoTactic","DTMod:SneakAttack+1","DTMod:BlueScale","DTMod:MagicField"],"relics":["DTMod:PactStone","StrikeDummy","Golden Idol","SlaversCollar","Akabeko","Dream Catcher"],"acts_visited":["Exordium","TheCity"],"potions_floor_usage":[33,33],"damage_taken":[{"damage":0.0,"enemies":"Cultist","floor":1.0,"turns":3.0},{"damage":0.0,"enemies":"2 Louse","floor":3.0,"turns":2.0},{"damage":0.0,"enemies":"Small Slimes","floor":4.0,"turns":4.0},{"damage":0.0,"enemies":"2 Fungi Beasts","floor":5.0,"turns":4.0},{"damage":2.0,"enemies":"Gremlin Nob","floor":6.0,"turns":6.0},{"damage":0.0,"enemies":"Large Slime","floor":8.0,"turns":7.0},{"damage":6.0,"enemies":"Lots of Slimes","floor":10.0,"turns":5.0},{"damage":0.0,"enemies":"3 Louse","floor":12.0,"turns":4.0},{"damage":40.0,"enemies":"The Guardian","floor":16.0,"turns":15.0},{"damage":0.0,"enemies":"Chosen","floor":18.0,"turns":4.0},{"damage":0.0,"enemies":"2 Thieves","floor":20.0,"turns":4.0},{"damage":21.0,"enemies":"Sentry and Sphere","floor":21.0,"turns":6.0},{"damage":16.0,"enemies":"Book of Stabbing","floor":24.0,"turns":6.0},{"damage":27.0,"enemies":"Shelled Parasite and Fungi","floor":27.0,"turns":8.0},{"damage":21.0,"enemies":"Centurion and Healer","floor":29.0,"turns":8.0},{"damage":13.0,"enemies":"Sentry and Sphere","floor":31.0,"turns":6.0},{"damage":62,"enemies":"Automaton","floor":33,"turns":12}],"seed_played":"6685880234555872564","potions_obtained":[{"floor":6.0,"key":"Energy Potion"},{"floor":8.0,"key":"FearPotion"},{"floor":19.0,"key":"PowerPotion"},{"floor":19.0,"key":"Fruit Juice"},{"floor":19.0,"key":"SteroidPotion"}],"is_trial":false,"path_per_floor":["M","$","M","M","M","E","R","M","T","M","?","M","R","?","R","B",null,"M","?","M","M","$","R","E","R","T","M","R","M","R","M","R","B"],"character_chosen":"THE_DT","items_purchased":["DTMod:CleansingStrike"],"campfire_rested":6,"item_purchase_floors":[22],"current_hp_per_floor":[49,49,49,49,49,47,47,47,47,41,29,29,43,43,43,3,49,49,54,54,33,33,49,33,49,49,22,38,17,33,20,36,0,0,0],"gold":424,"neow_bonus":"TEN_PERCENT_HP_BONUS","is_daily":false,"chose_seed":false,"campfire_upgraded":1,"win_rate":0.0,"timestamp":1608967668,"path_taken":["M","?","M","M","M","E","R","M","T","M","?","M","R","?","R","BOSS","M","?","M","M","$","R","E","R","T","M","R","M","R","?","R","BOSS"],"items_purchased_type":["Card"],"build_version":"2020-12-22","purchased_purges":1,"victory":false,"max_hp_per_floor":[49,49,49,49,49,49,49,49,49,49,49,49,49,49,49,49,49,49,54,54,54,54,54,54,54,54,54,54,54,54,54,54,54,54,54],"card_choices":[{"not_picked":["DTMod:Weaken","DTMod:BreakAttack","DTMod:RecklessFlurry"],"picked":"SKIP","floor":1.0},{"not_picked":["DTMod:PurifyingFlame","DTMod:Shift"],"picked":"DTMod:Punisher","floor":3.0},{"not_picked":["DTMod:Feint","DTMod:BlueScale"],"picked":"DTMod:QuickFly","floor":4.0},{"not_picked":["DTMod:BuildUp","DTMod:ComboAttack"],"picked":"DTMod:Training","floor":5.0},{"not_picked":["DTMod:Coolant","DTMod:Threaten"],"picked":"DTMod:DragonDance","floor":6.0},{"not_picked":["DTMod:StunTrap","DTMod:BuildUp"],"picked":"DTMod:ComboAttack","floor":8.0},{"not_picked":["DTMod:BurningForce","DTMod:Cover"],"picked":"DTMod:HeatWave","floor":10.0},{"not_picked":["DTMod:LowKick","DTMod:BreakAttack"],"picked":"DTMod:Coolant","floor":12.0},{"not_picked":["DTMod:Inferno","DTMod:SealedStrike"],"picked":"DTMod:OpeningTactic","floor":16.0},{"not_picked":["DTMod:HeatWave+1","DTMod:RunningTactic"],"picked":"DTMod:BuildUp","floor":18.0},{"not_picked":["DTMod:BizarreTactic","DTMod:BlueScale","DTMod:Training+1"],"picked":"SKIP","floor":20.0},{"not_picked":["DTMod:BizarreTactic+1","DTMod:Dissolve","DTMod:PurifyingFlame"],"picked":"SKIP","floor":21.0},{"not_picked":["DTMod:BalancedStrike","DTMod:Training","DTMod:HeatWave"],"picked":"SKIP","floor":24.0},{"not_picked":["DTMod:Adaptation","DTMod:Cover","DTMod:ComboAttack"],"picked":"SKIP","floor":27.0},{"not_picked":["DTMod:BizarreTactic+1","DTMod:DeepFocus"],"picked":"DTMod:EchoTactic","floor":28.0},{"not_picked":["DTMod:Punisher+1","DTMod:TauntingStrike","DTMod:ComboAttack"],"picked":"SKIP","floor":29.0},{"not_picked":["DTMod:FlameSlash","DTMod:PurifyingFlame"],"picked":"DTMod:SneakAttack+1","floor":30.0},{"not_picked":["DTMod:SneakAttack","DTMod:Weaken+1"],"picked":"DTMod:BlueScale","floor":31.0},{"not_picked":["DTMod:CleansingStrike","DTMod:FlameSlash+1"],"picked":"DTMod:MagicField","floor":32.0}],"player_experience":478180,"relics_obtained":[{"floor":6.0,"key":"StrikeDummy"},{"floor":24.0,"key":"Akabeko"},{"floor":26.0,"key":"Dream Catcher"}],"event_choices":[{"damage_healed":0.0,"max_hp_gain":0.0,"max_hp_loss":0.0,"gold_gain":0.0,"event_name":"Golden Idol","player_choice":"Take Damage","floor":11.0,"gold_loss":0.0,"damage_taken":12.0,"relics_obtained":["Golden Idol"]},{"cards_removed":["DTMod:TargetDefense"],"damage_healed":0.0,"max_hp_gain":0.0,"max_hp_loss":0.0,"gold_gain":0.0,"event_name":"Living Wall","player_choice":"Forget","floor":14.0,"gold_loss":0.0,"damage_taken":0.0},{"damage_healed":0.0,"max_hp_gain":0.0,"max_hp_loss":0.0,"gold_gain":0.0,"event_name":"Lab","player_choice":"Got Potions","floor":19.0,"gold_loss":0.0,"damage_taken":0.0}],"is_beta":false,"boss_relics":[{"not_picked":["Ectoplasm","Fusion Hammer"],"picked":"SlaversCollar"}],"items_purged_floors":[2],"is_endless":false,"potions_floor_spawned":[6,8,12,16,21,27],"killed_by":"Automaton","ascension_level":0}}