{"host":"w2kjv12xyhtt0cv2","time":1608967629,"event":{"mods":["10 clothes from DAL","Act Like it!","BaseMod","Colored Map","Conspire","Downfall","Easy Mod","Friendly Minions","Gensokyo","Highlight Path","Hubris","Marisa（F雨　魔理沙）","Minty Spire (QoL Compilation)","Quick Restart","Reimu（博丽灵梦）","Relic Stats","Replay The Spire","RumiaBox-露米娅的神秘盒子","Spicy Shops","StSLib","SuperFastMode","The Servant 0.9.4","UnlockEverythingMod","Waifu the Spire","[功能]功能增强和修复MOD","vexMod","【功能Mod】Neow奖励","【功能Mod】混沌之环修复补丁","【遗物卡牌】REMEMod","没有小屋子和绿帽子啦"],"gold_per_floor":[121,121,53,74,74,74,105,105,105,105,165,165,190,246,246,352,352,390,390,390,390,390,496,496,697,723,984,1044,1056,434,539,539,845,845,977,977,1065,98,266,465,13,13,13,286,462,1029,232,232,232,764,1243],"floor_reached":52,"playtime":3288,"items_purged":["Strike_P","conspire:GhostlyStrike","conspire:GhostlyDefend","conspire:GhostlyStrike"],"score":1956,"play_id":"3c61a812-e057-429c-9148-7bb4a7b6ab70","local_time":"20201226152709","is_ascension_mode":true,"campfire_choices":[{"data":"EasyMod:card_1","floor":6.0,"key":"SMITH"},{"data":"EasyMod:card_1","floor":10.0,"key":"SMITH"},{"data":"Eruption","floor":15.0,"key":"SMITH"},{"data":"DevaForm","floor":24,"key":"SMITH"},{"floor":32,"key":"DIG"},{"floor":49,"key":"DIG"}],"circlet_count":0,"master_deck":["EasyMod:card_1","AscendersBane","Eruption+1","Vigilance","Robbery","SignatureMove","Judgement+1","TalkToTheHand","DevaForm+1","Prostrate","Crescendo","FearNoEvil","Prostrate","Replay:SS_forest_5","REME_CRH","ClearTheMind+1","Blasphemy+1","MentalFortress","REME_PuzzleBox","Tantrum","Prostrate+1","Adaptation","FearNoEvil","Apotheosis","vexMod:StairwayStrike","REME_MawOfCthun"],"relics":["PureWater","REME_ComplimentaryCards","NeowsBlessing","Replay:Multitool","EasyMod:Easy_0","Prayer Wheel","Ancient Tea Set","conspire:RunicOctahedron","hubris:Towel","EasyMod:Easy_6","GodSword1","Incense Burner","MawBank","Omamori","Mummified Hand","Blue Doll","Orrery","conspire:BottledYoYo","Damaru","Replay:Grab Bag","Cursed Key","vexMod:TanglingVine","Black Star","hubris:Stopwatch","Guide Book","Replay:Rubber Ducky","Toy Ornithopter","Singing Bowl","OrangePellets","MealTicket","Quantum Egg","hubris:SlimyHat","HandDrill","Nunchaku","PureWhite:ReiMu","CrazyTorch:ReiMu","hubris:Potato","REME_HandOfSuture","Strange Spoon","HornCleat","EasyMod:Easy_4"],"acts_visited":["Exordium","TheCity","TheBeyond"],"potions_floor_usage":[27,31,40],"damage_taken":[{"damage":2.0,"enemies":"Jaw Worm","floor":1.0,"turns":3.0},{"damage":0.0,"enemies":"Cultist","floor":4.0,"turns":1.0},{"damage":0.0,"enemies":"3 Sentries","floor":7.0,"turns":1.0},{"damage":33.0,"enemies":"Lagavulin","floor":11.0,"turns":6.0},{"damage":6.0,"enemies":"Small Slimes","floor":13.0,"turns":3.0},{"damage":10.0,"enemies":"Gremlin Nob","floor":14.0,"turns":3.0},{"damage":51.0,"enemies":"The Guardian","floor":16.0,"turns":7.0},{"damage":32.0,"enemies":"conspire:FuzzyDice","floor":18.0,"turns":6.0},{"damage":65,"enemies":"conspire:Head Lice","floor":23,"turns":7},{"damage":23,"enemies":"REME_1_Revenger","floor":25,"turns":7},{"damage":37,"enemies":"conspire:SneckoGhost","floor":27,"turns":9},{"damage":51,"enemies":"Shell Parasite","floor":28,"turns":6},{"damage":39,"enemies":"Replay:Snechameleon","floor":31,"turns":7},{"damage":50,"enemies":"conspire:MysteriousRune","floor":33,"turns":9},{"damage":57,"enemies":"3 Shapes","floor":35,"turns":4},{"damage":15,"enemies":"Orb Walker","floor":37,"turns":4},{"damage":9,"enemies":"Sphere and 2 Shapes","floor":39,"turns":2},{"damage":6,"enemies":"Nemesis","floor":40,"turns":6},{"damage":0,"enemies":"R_Hoarder","floor":44,"turns":4},{"damage":0,"enemies":"Spire Growth","floor":45,"turns":2},{"damage":0,"enemies":"Giant Head","floor":46,"turns":2},{"damage":57,"enemies":"conspire:OrnateMirror","floor":50,"turns":3},{"damage":0,"enemies":"Replay:Hell Engine","floor":51,"turns":1}],"seed_played":"-8241191698447971030","potions_obtained":[{"floor":4.0,"key":"Swift Potion"},{"floor":11.0,"key":"Fire Potion"},{"floor":16.0,"key":"LifebloodPotion"},{"floor":25,"key":"hexamod:EctoCoolerPotion"},{"floor":27,"key":"GamblersBrew"},{"floor":33,"key":"ZuzhouPotion:ReiMu"},{"floor":35,"key":"Energy Potion"},{"floor":40,"key":"Energy Potion"},{"floor":44,"key":"Elixir"}],"is_trial":false,"path_per_floor":["M","?","$","M","$","R","E","R","T","R","E","?","M","E","R","B",null,"M","?","?","T","?","E","R","E","T","E","M","R","$","E","R","B",null,"M","?","M","$","M","E","$","?","T","E","M","E","$","?","R_BF","B","B",null],"character_chosen":"WATCHER","items_purchased":["Mummified Hand","Blue Doll","Orrery","Guide Book","Replay:Rubber Ducky","Toy Ornithopter","Singing Bowl","Adaptation","OrangePellets","hubris:SlimyHat","HandDrill","Nunchaku","Strange Spoon","FearNoEvil","Apotheosis","HornCleat"],"campfire_rested":0,"item_purchase_floors":[30,30,30,38,38,38,38,38,38,41,41,41,47,47,47,47],"current_hp_per_floor":[66,66,66,66,66,66,66,66,66,66,46,46,61,67,67,67,68,45,26,26,26,26,16,16,69,69,73,65,65,65,73,73,73,73,26,26,44,44,55,79,79,79,79,81,85,87,87,79,45,45,45],"gold":1243,"neow_bonus":"THREE_ENEMY_KILL","is_daily":false,"chose_seed":false,"campfire_upgraded":4,"win_rate":0.0,"timestamp":1608967629,"path_taken":["M","?","$","?","$","R","E","R","T","R","E","?","M","E","R","BOSS","M","?","?","?","?","E","R","E","T","E","M","R","?","E","R","BOSS","M","?","?","$","?","E","$","?","T","E","?","E","$","?","R_BF","BOSS","BOSS"],"items_purchased_type":["Relic","Relic","Relic","Relic","Relic","Relic","Relic","Card","Relic","Relic","Relic","Relic","Relic","Card","Card","Relic"],"build_version":"2020-12-22","purchased_purges":4,"victory":true,"max_hp_per_floor":[68,68,68,68,68,68,68,68,68,68,68,68,68,68,68,68,68,68,73,73,73,73,73,73,73,73,73,73,73,73,73,73,73,73,73,73,73,73,77,79,79,79,79,81,85,87,87,89,45,45,45],"relic_stats":{"Singing Bowl":16,"counters":[23,103],"MawBank":48,"Cursed Key":1,"OrangePellets":[14],"Strange Spoon":[13],"Nunchaku":[5],"Mummified Hand":[42],"Prayer Wheel":12,"MealTicket":0,"Black Star":3,"HandDrill":[10],"obtain_stats":[{"Singing Bowl":38,"Blue Doll":30,"Replay:Multitool":7,"Incense Burner":25,"hubris:SlimyHat":41,"vexMod:TanglingVine":34,"EasyMod:Easy_0":9,"Ancient Tea Set":14,"Cursed Key":34,"Replay:Rubber Ducky":38,"EasyMod:Easy_4":49,"Nunchaku":41,"EasyMod:Easy_6":21,"HornCleat":47,"Mummified Hand":30,"hubris:Stopwatch":34,"Prayer Wheel":11,"MealTicket":40,"HandDrill":41,"NeowsBlessing":0,"Replay:Grab Bag":34,"Guide Book":38,"Quantum Egg":40,"Damaru":32,"conspire:RunicOctahedron":17,"Omamori":27,"hubris:Towel":20,"MawBank":26,"OrangePellets":38,"Strange Spoon":47,"PureWhite:ReiMu":44,"Orrery":30,"CrazyTorch:ReiMu":44,"REME_HandOfSuture":46,"conspire:BottledYoYo":31,"Black Star":34,"PureWater":0,"Toy Ornithopter":38,"hubris:Potato":46,"REME_ComplimentaryCards":0,"GodSword1":23},{"Singing Bowl":16,"Blue Doll":12,"Replay:Multitool":3,"Incense Burner":10,"hubris:SlimyHat":18,"vexMod:TanglingVine":14,"EasyMod:Easy_0":3,"Ancient Tea Set":6,"Cursed Key":14,"Replay:Rubber Ducky":16,"EasyMod:Easy_4":21,"Nunchaku":18,"EasyMod:Easy_6":8,"HornCleat":21,"Mummified Hand":12,"hubris:Stopwatch":14,"Prayer Wheel":4,"MealTicket":18,"HandDrill":18,"NeowsBlessing":0,"Replay:Grab Bag":14,"Guide Book":16,"Quantum Egg":18,"Damaru":13,"conspire:RunicOctahedron":7,"Omamori":11,"hubris:Towel":8,"MawBank":10,"OrangePellets":16,"Strange Spoon":21,"PureWhite:ReiMu":19,"Orrery":12,"CrazyTorch:ReiMu":19,"REME_HandOfSuture":21,"conspire:BottledYoYo":13,"Black Star":14,"PureWater":0,"Toy Ornithopter":16,"hubris:Potato":21,"REME_ComplimentaryCards":0,"GodSword1":9},{"Singing Bowl":83,"Blue Doll":59,"Replay:Multitool":5,"Incense Burner":44,"hubris:SlimyHat":91,"vexMod:TanglingVine":75,"EasyMod:Easy_0":5,"Ancient Tea Set":17,"Cursed Key":75,"Replay:Rubber Ducky":83,"EasyMod:Easy_4":99,"Nunchaku":91,"EasyMod:Easy_6":30,"HornCleat":99,"Mummified Hand":59,"hubris:Stopwatch":75,"Prayer Wheel":11,"MealTicket":91,"HandDrill":91,"NeowsBlessing":0,"Replay:Grab Bag":75,"Guide Book":83,"Quantum Egg":91,"Damaru":66,"conspire:RunicOctahedron":24,"Omamori":53,"hubris:Towel":30,"MawBank":44,"OrangePellets":83,"Strange Spoon":99,"PureWhite:ReiMu":95,"Orrery":59,"CrazyTorch:ReiMu":95,"REME_HandOfSuture":99,"conspire:BottledYoYo":66,"Black Star":75,"PureWater":0,"Toy Ornithopter":83,"hubris:Potato":99,"REME_ComplimentaryCards":0,"GodSword1":37}],"Toy Ornithopter":5},"card_choices":[{"not_picked":["Consecrate","ThirdEye","Replay:DivineShield"],"picked":"SKIP","floor":1.0},{"not_picked":["Pray","Wallop"],"picked":"SignatureMove","floor":4.0},{"not_picked":["Replay:Anticipation","FlurryOfBlows","Nirvana"],"picked":"SKIP","floor":7.0},{"not_picked":["Replay:ManipulateFuture","Protect","ForeignInfluence"],"picked":"SKIP","floor":11.0},{"not_picked":["REME_EmptyShield","Evaluate"],"picked":"TalkToTheHand","floor":13.0},{"not_picked":["FlurryOfBlows","Replay:Anticipation","ThirdEye"],"picked":"SKIP","floor":13.0},{"not_picked":["FlyingSleeves","ClearTheMind","Sanctity"],"picked":"SKIP","floor":14.0},{"not_picked":["REME_CRH","Omniscience"],"picked":"DevaForm","floor":16.0},{"not_picked":["CutThroughFate","SashWhip"],"picked":"Prostrate","floor":18.0},{"not_picked":["Worship","CarveReality"],"picked":"Crescendo","floor":18.0},{"not_picked":["ThirdEye","Fasting2","PathToVictory"],"picked":"SKIP","floor":23},{"not_picked":["EmptyBody","REME_Repentance"],"picked":"FearNoEvil","floor":25},{"not_picked":["Swivel","BattleHymn+1"],"picked":"Prostrate","floor":27},{"not_picked":["Consecrate","PathToVictory","CrushJoints"],"picked":"SKIP","floor":28},{"not_picked":["Sanctity","SashWhip","Replay:AtTheReady"],"picked":"SKIP","floor":28},{"not_picked":["Replay:ManipulateFuture","ForeignInfluence"],"picked":"REME_CRH","floor":30},{"not_picked":["REME_EmptyShield","PathToVictory+1"],"picked":"ClearTheMind+1","floor":30},{"not_picked":["Protect+1","Consecrate","Replay:BluntJabs"],"picked":"SKIP","floor":31},{"not_picked":["Judgement","Establishment"],"picked":"Blasphemy","floor":33},{"not_picked":["Crescendo","PathToVictory"],"picked":"MentalFortress","floor":35},{"not_picked":["CrushJoints","Evaluate","Wireheading"],"picked":"SKIP","floor":35},{"not_picked":["REME_CRH","FollowUp"],"picked":"Tantrum","floor":37},{"not_picked":["Replay:DivineShield+1","Replay:BluntJabs"],"picked":"Prostrate+1","floor":37},{"not_picked":["FollowUp","Replay:Battleflow","Replay:ManipulateFuture"],"picked":"Singing Bowl","floor":39},{"not_picked":["PathToVictory+1","Perseverance","FollowUp"],"picked":"Singing Bowl","floor":39},{"not_picked":["Study","REME_CRH","Fasting2"],"picked":"Singing Bowl","floor":40},{"not_picked":["EmptyFist","Evaluate+1","Pray"],"picked":"Singing Bowl","floor":44},{"not_picked":["PathToVictory+1","WaveOfTheHand","EmptyBody"],"picked":"Singing Bowl","floor":45},{"not_picked":["Prostrate","Replay:ManipulateFuture+1","BattleHymn+1"],"picked":"Singing Bowl","floor":45},{"not_picked":["WindmillStrike","Weave","Protect"],"picked":"Singing Bowl","floor":46},{"not_picked":["Replay:SS_hec_2","expansioncontent:FaceSlap","REME_EyeOfCthun"],"picked":"Singing Bowl","floor":48},{"not_picked":["Replay:SS_fish_2","expansioncontent:Hexaburn"],"picked":"vexMod:StairwayStrike","floor":48},{"not_picked":["Replay:SS_fish_2","Replay:Sssssssssshield"],"picked":"REME_MawOfCthun","floor":48}],"player_experience":1867,"relics_obtained":[{"floor":7.0,"key":"Replay:Multitool"},{"floor":9.0,"key":"EasyMod:Easy_0"},{"floor":11.0,"key":"Prayer Wheel"},{"floor":14.0,"key":"Ancient Tea Set"},{"floor":21.0,"key":"EasyMod:Easy_6"},{"floor":23,"key":"GodSword1"},{"floor":25,"key":"Incense Burner"},{"floor":26,"key":"MawBank"},{"floor":27,"key":"Omamori"},{"floor":31,"key":"conspire:BottledYoYo"},{"floor":32,"key":"Damaru"},{"floor":40,"key":"MealTicket"},{"floor":40,"key":"Quantum Egg"},{"floor":44,"key":"PureWhite:ReiMu"},{"floor":44,"key":"CrazyTorch:ReiMu"},{"floor":46,"key":"hubris:Potato"},{"floor":46,"key":"REME_HandOfSuture"},{"floor":49,"key":"EasyMod:Easy_4"}],"event_choices":[{"cards_removed":["Defend_P"],"damage_healed":0.0,"max_hp_gain":0.0,"max_hp_loss":0.0,"gold_gain":0.0,"event_name":"Bonfire Elementals","player_choice":"Offered Basic","floor":2.0,"gold_loss":0.0,"damage_taken":0.0},{"damage_healed":0.0,"max_hp_gain":0.0,"max_hp_loss":0.0,"gold_gain":0.0,"event_name":"conspire:LoneGhost","player_choice":"Agree","floor":12.0,"gold_loss":0.0,"damage_taken":0.0},{"damage_healed":0.0,"max_hp_gain":5.0,"max_hp_loss":0.0,"gold_gain":0.0,"event_name":"Forgotten Altar","player_choice":"Shed Blood","floor":19.0,"gold_loss":0.0,"damage_taken":24.0},{"damage_healed":0,"gold_gain":0,"cards_transformed":["conspire:GhostlyDefend"],"player_choice":"Transformed","damage_taken":0,"max_hp_gain":0,"max_hp_loss":0,"event_name":"Transmorgrifier","floor":36,"gold_loss":0,"cards_obtained":["REME_PuzzleBox"]},{"damage_healed":0,"gold_gain":0,"player_choice":"Upgraded","damage_taken":0,"max_hp_gain":0,"max_hp_loss":0,"event_name":"Upgrade Shrine","floor":42,"gold_loss":0,"cards_upgraded":["EasyMod:card_1"]},{"damage_healed":0,"gold_gain":0,"player_choice":"Memory 3","damage_taken":10,"max_hp_gain":0,"max_hp_loss":0,"event_name":"SensoryStone","floor":48,"gold_loss":0}],"is_beta":false,"boss_relics":[{"not_picked":["vexMod:RockOfEvil","hubris:VirtuousBlindfold"],"picked":"conspire:RunicOctahedron"},{"not_picked":["Philosopher\u0027s Stone","REME_ChargedStone"],"picked":"Replay:Grab Bag"},{"not_picked":["Runic Dome","SlaversCollar"],"picked":"Cursed Key"},{"not_picked":["ChewingGum","hubris:CrackedHourglass"],"picked":"vexMod:TanglingVine"},{"not_picked":["REME_DuelDisc","conspire:SpecialSausage"],"picked":"Black Star"},{"not_picked":["AddBug","Runic Pyramid"],"picked":"hubris:Stopwatch"}],"items_purged_floors":[3,30,38,47],"is_endless":false,"potions_floor_spawned":[4,11,13,16,16,25,27,31,33,35,40,44,46],"ascension_level":20}}