{"host":"3cenhy47unxehvyr","time":1608976471,"event":{"mods":["BaseMod","Downfall","Minty Spire (QoL Compilation)","Replay The Spire","StSLib","The Bug Knight","The Servant 0.9.4"],"gold_per_floor":[109,124,144,144,144,144,175,350,430,469,469,238,238,312,312,437,437,461,524,574,624,640,640,683,683,683,733,733,783,821,821,821,837,837,837,837],"floor_reached":35,"playtime":1721,"items_purged":["Doubt"],"score":361,"play_id":"364a2ea3-9403-474f-b0a5-11fbd2223e79","local_time":"20201226175431","is_ascension_mode":true,"campfire_choices":[{"data":"Blade Dance","floor":6,"key":"SMITH"},{"data":"Replay:Poison Smokescreen","floor":11,"key":"SMITH"},{"data":"Blade Dance","floor":15,"key":"SMITH"},{"data":"A Thousand Cuts","floor":23,"key":"SMITH"},{"data":"Acrobatics","floor":25,"key":"SMITH"},{"data":"Neutralize","floor":28,"key":"SMITH"}],"circlet_count":0,"master_deck":["Strike_G","Strike_G","Strike_G","Strike_G","Strike_G","Defend_G","Defend_G","Defend_G","Defend_G","Defend_G","Survivor","Neutralize+1","PiercingWail","Blade Dance+1","Blade Dance+1","Replay:Poison Smokescreen+1","Riddle With Holes+1","Bane+1","A Thousand Cuts+1","Backstab+1","Riddle With Holes+1","Acrobatics+1","Sneak Up","Cloak And Dagger"],"relics":["Runic Dome","Golden Idol","Letter Opener","Lantern","Molten Egg 2","Ice Cream","Lee\u0027s Waffle","SsserpentHead","Replay:Bronze Core","Enchiridion","MutagenicStrength","Boot","Replay:Bottled Steam","Blood Vial"],"acts_visited":["Exordium","TheCity"],"potions_floor_usage":[19,19,19,19,35,35],"damage_taken":[{"damage":0,"enemies":"Cultist","floor":1,"turns":4},{"damage":4,"enemies":"Jaw Worm","floor":2,"turns":4},{"damage":7,"enemies":"Small Slimes","floor":3,"turns":3},{"damage":11,"enemies":"Gremlin Nob","floor":7,"turns":4},{"damage":29,"enemies":"3 Sentries","floor":10,"turns":8},{"damage":0,"enemies":"Blue Slaver","floor":14,"turns":2},{"damage":28,"enemies":"Slime Boss","floor":16,"turns":8},{"damage":0,"enemies":"Chosen","floor":18,"turns":4},{"damage":5,"enemies":"3 Cultists","floor":19,"turns":4},{"damage":0,"enemies":"Sentry and Sphere","floor":22,"turns":2},{"damage":13,"enemies":"Gremlin Leader","floor":24,"turns":6},{"damage":23,"enemies":"Replay:Snechameleon","floor":30,"turns":3},{"damage":6,"enemies":"Snake Plant","floor":33,"turns":4},{"damage":32,"enemies":"Champ","floor":35,"turns":8}],"seed_played":"8314680474571382106","potions_obtained":[{"floor":2,"key":"LiquidBronze"},{"floor":7,"key":"EntropicBrew"},{"floor":14,"key":"Energy Potion"},{"floor":16,"key":"Explosive Potion"},{"floor":24,"key":"SneckoOil"},{"floor":30,"key":"BlessingOfTheForge"}],"is_trial":false,"path_per_floor":["M","M","M","?","T","R","E","?","T","E","R","$","?","M","R","B",null,"M","M","?","?","M","R","E","R","T","?","R","?","E","PTL","PTL","M","R","B"],"character_chosen":"THE_SILENT","items_purchased":["Lee\u0027s Waffle"],"campfire_rested":0,"item_purchase_floors":[12],"current_hp_per_floor":[70,66,59,59,59,59,48,48,48,19,19,72,72,72,72,44,72,72,67,51,51,51,51,38,38,38,38,38,38,15,15,15,11,11,0,0],"gold":837,"neow_bonus":"BOSS_RELIC","is_daily":false,"chose_seed":false,"campfire_upgraded":6,"win_rate":0.0,"timestamp":1608976471,"path_taken":["M","M","M","?","?","R","E","?","T","E","R","$","?","?","R","BOSS","M","?","?","?","M","R","E","R","T","?","R","?","E","PTL","PTL","M","R","BOSS"],"items_purchased_type":["Relic"],"build_version":"2020-12-22","purchased_purges":1,"victory":false,"max_hp_per_floor":[70,70,70,65,65,65,65,65,65,65,65,72,72,72,72,72,72,72,72,72,72,72,72,72,72,72,72,72,72,72,72,72,72,72,72,72],"card_choices":[{"not_picked":["Slice","Quick Slash"],"picked":"PiercingWail","floor":1},{"not_picked":["Distraction","Poisoned Stab"],"picked":"Blade Dance","floor":2},{"not_picked":["PiercingWail","Finisher"],"picked":"Blade Dance","floor":3},{"not_picked":["Grand Finale","Prepared"],"picked":"Replay:Poison Smokescreen","floor":7},{"not_picked":["Masterful Stab+1","Poisoned Stab+1"],"picked":"Riddle With Holes+1","floor":10},{"not_picked":["Deflect","Replay:Poison Smokescreen"],"picked":"Bane+1","floor":14},{"not_picked":["Die Die Die+1","Grand Finale+1"],"picked":"A Thousand Cuts","floor":16},{"not_picked":["Cloak And Dagger","Dagger Throw+1"],"picked":"ReplayTheSpireMod:Exploit Weakness","floor":18},{"not_picked":["Masterful Stab+1","Dagger Throw+1"],"picked":"Backstab+1","floor":19},{"not_picked":["Quick Slash+1","Hidden Blade"],"picked":"Riddle With Holes+1","floor":22},{"not_picked":["Dagger Throw+1","Deadly Poison"],"picked":"Acrobatics","floor":24},{"not_picked":["Caltrops","Backstab+1"],"picked":"Sneak Up","floor":30},{"not_picked":["ReplayTheSpireMod:Exploit Weakness+1","Deadly Poison"],"picked":"Cloak And Dagger","floor":33}],"player_experience":86285,"relics_obtained":[{"floor":5,"key":"Letter Opener"},{"floor":7,"key":"Lantern"},{"floor":9,"key":"Molten Egg 2"},{"floor":10,"key":"Ice Cream"},{"floor":20,"key":"Enchiridion"},{"floor":24,"key":"Boot"},{"floor":26,"key":"Replay:Bottled Steam"},{"floor":30,"key":"Blood Vial"}],"event_choices":[{"damage_healed":0,"gold_gain":0,"player_choice":"Lose Max HP","damage_taken":0,"relics_obtained":["Golden Idol"],"max_hp_gain":0,"max_hp_loss":5,"event_name":"Golden Idol","floor":4,"gold_loss":0},{"damage_healed":0,"gold_gain":175,"player_choice":"AGREE","damage_taken":0,"max_hp_gain":0,"max_hp_loss":0,"event_name":"Liars Game","floor":8,"gold_loss":0,"cards_obtained":["Doubt"]},{"damage_healed":0,"gold_gain":0,"player_choice":"Trade","damage_taken":0,"relics_obtained":["SsserpentHead"],"max_hp_gain":0,"max_hp_loss":0,"event_name":"FaceTrader","floor":13,"gold_loss":0},{"damage_healed":0,"gold_gain":0,"player_choice":"Obtained Book","damage_taken":16,"max_hp_gain":0,"max_hp_loss":0,"event_name":"Cursed Tome","floor":20,"gold_loss":0},{"damage_healed":0,"gold_gain":0,"player_choice":"Inject Mutagens","damage_taken":0,"relics_obtained":["MutagenicStrength"],"max_hp_gain":0,"max_hp_loss":0,"event_name":"Drug Dealer","floor":21,"gold_loss":0},{"damage_healed":0,"gold_gain":0,"player_choice":"Ignored","damage_taken":0,"max_hp_gain":0,"max_hp_loss":0,"event_name":"Ghosts","floor":27,"gold_loss":0},{"damage_healed":0,"gold_gain":0,"player_choice":"Upgraded","damage_taken":0,"max_hp_gain":0,"max_hp_loss":0,"event_name":"Upgrade Shrine","floor":29,"gold_loss":0,"cards_upgraded":["ReplayTheSpireMod:Exploit Weakness"]},{"cards_removed":["ReplayTheSpireMod:Exploit Weakness"],"damage_healed":0,"gold_gain":0,"player_choice":"Card Removal","damage_taken":0,"max_hp_gain":0,"max_hp_loss":0,"event_name":"Wheel of Change","floor":34,"gold_loss":0}],"is_beta":false,"boss_relics":[{"not_picked":["HoveringKite","Replay:Ancient Bell"],"picked":"Replay:Bronze Core"}],"items_purged_floors":[12],"is_endless":false,"potions_floor_spawned":[2,7,14,16,24,30,33],"killed_by":"Champ","ascension_level":4}}