{"host":"h6r7r6c3xsnc1kic","time":1608948776,"event":{"mods":["BaseMod","Hermit","Koishi","Minty Spire (QoL Compilation)","Replay The Spire","StSLib","The Bug Knight","The Cursed","The Dragon Tamer","The Hierophant","The Jungle","The Poker Player","The Runesmith"],"gold_per_floor":[111,131,147,222,222,222,253,253,253,293,10,88,113,136,136,256,256,269,293,351,55,71,71,111,36,36,36,36,51,67,91,91,91,91],"floor_reached":33,"playtime":1940,"items_purged":[],"score":302,"play_id":"abb63092-56a4-4181-8ff5-4fec47488886","local_time":"20201226111256","daily_mods":["Heirloom"],"is_ascension_mode":false,"campfire_choices":[{"data":"HollowMod:HornetsHelp","floor":6.0,"key":"SMITH"},{"floor":8.0,"key":"REST"},{"floor":15.0,"key":"REST"},{"floor":23.0,"key":"REST"},{"floor":27.0,"key":"DIG"},{"floor":32,"key":"REST"}],"circlet_count":0,"master_deck":["HollowMod:NailStrikeStart","HollowMod:NailStrikeStart","HollowMod:NailStrikeStart","HollowMod:NailStrikeStart","HollowMod:QuickDashStart","HollowMod:QuickDashStart","HollowMod:QuickDashStart","HollowMod:QuickDashStart","HollowMod:FocusHealStart","HollowMod:PogoStrike","HollowMod:VengefulSpirit","HollowMod:SoulEater","HollowMod:HornetsHelp+1","HollowMod:HuntersJournal","HollowMod:PureNailStrike","HollowMod:HowlingWraiths+1","HollowMod:SoulSplash","HollowMod:HeavyBlow+1","HollowMod:theNailsmith","HollowMod:GoodIntentions","HollowMod:LifebloodCocoon+1","HollowMod:SharpenedNail+1","HollowMod:MantisMark","HollowMod:DashSlash+1","HollowMod:CycloneSlash+1","HollowMod:PerfectDash","HollowMod:CoiledNail+1","HollowMod:RecoilStrike+1"],"relics":["HollowMod:VesselMask","Replay:Towering Pillar of Hats","Golden Idol","Pear","Kunai","CaptainsWheel","Molten Egg 2","HollowMod:StagPassRelic","Snecko Heart","HollowMod:MillibellesNoteRelic","Ornamental Fan","Mango","Replay:Multitool","Replay:Wax Seal"],"acts_visited":["Exordium","TheCity"],"potions_floor_usage":[31,33,33],"damage_taken":[{"damage":1.0,"enemies":"Cultist","floor":1.0,"turns":3.0},{"damage":3.0,"enemies":"Jaw Worm","floor":2.0,"turns":3.0},{"damage":9.0,"enemies":"2 Louse","floor":3.0,"turns":4.0},{"damage":32.0,"enemies":"Gremlin Nob","floor":7.0,"turns":5.0},{"damage":19.0,"enemies":"Replay:BlueRogue","floor":10.0,"turns":8.0},{"damage":10.0,"enemies":"2 Fungi Beasts","floor":13.0,"turns":5.0},{"damage":9.0,"enemies":"Exordium Thugs","floor":14.0,"turns":6.0},{"damage":47.0,"enemies":"The Guardian","floor":16.0,"turns":14.0},{"damage":23.0,"enemies":"2 Thieves","floor":18.0,"turns":4.0},{"damage":22.0,"enemies":"3 Byrds","floor":19.0,"turns":5.0},{"damage":9.0,"enemies":"Centurion and Healer","floor":22.0,"turns":5.0},{"damage":11.0,"enemies":"Replay:Snechameleon","floor":24.0,"turns":5.0},{"damage":57,"enemies":"Cultist and Chosen","floor":29,"turns":6},{"damage":0,"enemies":"3 Cultists","floor":30,"turns":4},{"damage":0,"enemies":"Snecko","floor":31,"turns":4},{"damage":105,"enemies":"Automaton","floor":33,"turns":12}],"seed_played":"-6813050444461057471","potions_obtained":[{"floor":2.0,"key":"ColorlessPotion"},{"floor":3.0,"key":"LifebloodPotion"},{"floor":16.0,"key":"Languid Potion"},{"floor":20.0,"key":"Strength Potion"},{"floor":22.0,"key":"Elixir"},{"floor":24.0,"key":"Block Potion"},{"floor":29,"key":"Dexterity Potion"},{"floor":30,"key":"Adrenaline Potion"}],"is_trial":true,"path_per_floor":["M","M","M","?","?","R","E","R","T","E","$","T","M","M","R","B",null,"M","M","?","$","M","R","E","?","T","R","?","M","M","M","R","B"],"character_chosen":"THE_BUGKNIGHT","items_purchased":["Molten Egg 2","HollowMod:HowlingWraiths+1","Ornamental Fan","HollowMod:DashSlash+1"],"campfire_rested":4,"item_purchase_floors":[11,11,21,21],"current_hp_per_floor":[74,75,72,61,61,61,45,70,70,61,61,61,51,48,73,36,85,62,46,25,25,16,41,44,44,44,44,77,26,26,26,55,0,0],"gold":91,"neow_bonus":"","is_daily":false,"chose_seed":false,"campfire_upgraded":1,"win_rate":0.0,"timestamp":1608948776,"path_taken":["M","M","M","?","?","R","E","R","T","E","$","?","M","M","R","BOSS","M","M","?","$","M","R","E","?","T","R","?","M","M","M","R","BOSS"],"items_purchased_type":["Relic","Card","Relic","Card"],"build_version":"2020-12-22","purchased_purges":0,"victory":false,"max_hp_per_floor":[75,75,75,75,75,75,85,85,85,85,85,85,85,85,85,85,85,85,85,85,85,85,85,99,99,99,99,99,99,99,99,99,99,99],"card_choices":[{"not_picked":["HollowMod:NewJinnsSoul","HollowMod:PureNailStrike"],"picked":"HollowMod:VengefulSpirit","floor":1.0},{"not_picked":["HollowMod:CornifersMapStart","HollowMod:ShadowDash"],"picked":"HollowMod:SoulEater","floor":2.0},{"not_picked":["HollowMod:CornifersMapStart","HollowMod:CoiledNail"],"picked":"HollowMod:HornetsHelp","floor":3.0},{"not_picked":["HollowMod:InfectedCysts","HollowMod:ElderbugsWisdom"],"picked":"HollowMod:HuntersJournal","floor":7.0},{"not_picked":["HollowMod:DungDefenderAura","HollowMod:WraithStrike"],"picked":"HollowMod:PureNailStrike","floor":10.0},{"not_picked":["HollowMod:PerfectDash","HollowMod:WraithStrike+1"],"picked":"HollowMod:SoulSplash","floor":13.0},{"not_picked":["HollowMod:DesolateDive+1","HollowMod:AbyssShriek+1"],"picked":"HollowMod:HeavyBlow+1","floor":14.0},{"not_picked":["HollowMod:VoidDash","HollowMod:LifebloodCore"],"picked":"HollowMod:theNailsmith","floor":16.0},{"not_picked":["HollowMod:CloakDash","HollowMod:SiblingsSouls"],"picked":"HollowMod:GoodIntentions","floor":18.0},{"not_picked":["HollowMod:NewJinnsSoul","HollowMod:InfectedCysts+1"],"picked":"HollowMod:LifebloodCocoon+1","floor":19.0},{"not_picked":["HollowMod:ShadowDash","HollowMod:SoulMaster"],"picked":"HollowMod:SharpenedNail+1","floor":20.0},{"not_picked":["HollowMod:NewLittleFool+1","HollowMod:InfectedCysts+1"],"picked":"HollowMod:MantisMark","floor":20.0},{"not_picked":["HollowMod:InfectionAssault+1","HollowMod:SoulStrike+1"],"picked":"HollowMod:CycloneSlash+1","floor":22.0},{"not_picked":["HollowMod:InfectedAttack+1","HollowMod:DescendingDark+1"],"picked":"HollowMod:PerfectDash","floor":24.0},{"not_picked":["HollowMod:TaintedHusks+1","HollowMod:LifebloodCocoon"],"picked":"HollowMod:CoiledNail+1","floor":29},{"not_picked":["HollowMod:NewLittleFool+1","HollowMod:DoubleDash"],"picked":"HollowMod:RecoilStrike+1","floor":30},{"not_picked":["HollowMod:CloakDash","HollowMod:CoiledNail+1","HollowMod:LifebloodCocoon+1"],"picked":"SKIP","floor":31}],"player_experience":162505,"relics_obtained":[{"floor":7.0,"key":"Pear"},{"floor":9.0,"key":"Kunai"},{"floor":10.0,"key":"CaptainsWheel"},{"floor":12.0,"key":"HollowMod:StagPassRelic"},{"floor":20.0,"key":"HollowMod:MillibellesNoteRelic"},{"floor":24.0,"key":"Mango"},{"floor":26.0,"key":"Replay:Multitool"},{"floor":27.0,"key":"Replay:Wax Seal"}],"event_choices":[{"damage_healed":0.0,"max_hp_gain":0.0,"max_hp_loss":0.0,"gold_gain":75.0,"event_name":"World of Goop","player_choice":"Gather Gold","floor":4.0,"gold_loss":0.0,"damage_taken":11.0},{"damage_healed":0.0,"max_hp_gain":0.0,"max_hp_loss":0.0,"gold_gain":0.0,"event_name":"Golden Idol","player_choice":"Take Wound","floor":5.0,"gold_loss":0.0,"damage_taken":0.0,"relics_obtained":["Golden Idol"],"cards_obtained":["Injury"]},{"cards_removed":["Injury"],"damage_healed":0.0,"max_hp_gain":0.0,"max_hp_loss":0.0,"gold_gain":0.0,"event_name":"Beggar","player_choice":"Gave Gold","floor":25.0,"gold_loss":75.0,"damage_taken":0.0},{"damage_healed":33,"gold_gain":0,"player_choice":"Heal","damage_taken":0,"max_hp_gain":0,"max_hp_loss":0,"event_name":"The Library","floor":28,"gold_loss":0}],"is_beta":false,"boss_relics":[{"not_picked":["HollowMod:VoidIdolRelic","Replay:Wanted Poster"],"picked":"Snecko Heart"}],"items_purged_floors":[],"is_endless":false,"potions_floor_spawned":[2,3,16,22,24,29,30],"killed_by":"Automaton","ascension_level":0}}