{"host":"7krnriczr1b2ou5r","time":1608997084,"event":{"mods":["BaseMod","Keyboard Shortcuts","Minty Spire (QoL Compilation)","Relic Stats","StSLib"],"gold_per_floor":[19,31,31,181,199,226,238,266,318,318,353,381,28,70,70,151,151,163,163,163,182,211,245,278,278,278,290,302,339,378,417,429,518,530,554,456,37,87,73,108,141,174,229,238,272,272,310,339,339,339,339,339,339,4973,5009,5009],"floor_reached":57,"playtime":1323,"items_purged":["Strike_G","Defend_G+1","Survivor+1"],"score":4391,"play_id":"6938e1ea-cd03-4a37-ad15-7e458149f614","local_time":"20201227003803","is_ascension_mode":true,"campfire_choices":[{"data":"Adrenaline","floor":15,"key":"SMITH"},{"data":"Accuracy","floor":25,"key":"SMITH"},{"data":"1","floor":32,"key":"LIFT"},{"data":"2","floor":49,"key":"LIFT"},{"data":"3","floor":53,"key":"LIFT"}],"circlet_count":28,"master_deck":["AscendersBane","Neutralize+1","Storm of Steel+1","Blade Dance+1","Adrenaline+1","Blade Dance+1","After Image+1","MasterReality+1","Accuracy+1","Blade Dance+1","Deflect+1","After Image+1","Cloak And Dagger+1","Cloak And Dagger+1","Cloak And Dagger+1","Quick Slash+1","Escape Plan+1","Wraith Form v2"],"relics":["Ring of the Serpent","Shuriken","Kunai","Black Star","Membership Card","The Courier","TheAbacus","Sundial","Ninja Scroll","Matryoshka","Ornamental Fan","WristBlade","Dream Catcher","InkBottle","Orichalcum","Nunchaku","Unceasing Top","Vajra","Bag of Marbles","Ancient Tea Set","CeramicFish","Centennial Puzzle","Snake Skull","Pen Nib","Mummified Hand","PrismaticShard","Bronze Scales","War Paint","Whetstone","Happy Flower","Omamori","Potion Belt","Oddly Smooth Stone","Smiling Mask","Toxic Egg 2","Toy Ornithopter","Letter Opener","MawBank","Kunai","MutagenicStrength","Tingsha","Bag of Marbles","Red Mask","Girya","Blood Vial","Gremlin Horn","Sozu","Boot","DollysMirror","Singing Bowl","Lantern","CaptainsWheel","Vajra","Strawberry","Mercury Hourglass","Anchor","Akabeko","Regal Pillow","Shuriken","Juzu Bracelet","Tough Bandages","Matryoshka","Darkstone Periapt","Du-Vu Doll","Sundial","Pear","White Beast Statue","Bottled Lightning","PreservedInsect","Bag of Preparation","Art of War","Molten Egg 2","Question Card","Bottled Tornado","Ornamental Fan","WingedGreaves","Pantograph","HornCleat","Blue Candle","StrikeDummy","The Specimen","StoneCalendar","Incense Burner","Pocketwatch","Turnip","Prayer Wheel","Lizard Tail","Mango","Chemical X","Calipers","FossilizedHelix","Bird Faced Urn","Ginger","Torii","Ice Cream","Thread and Needle","TungstenRod","Unceasing Top","Circlet"],"acts_visited":["Exordium","TheCity","TheBeyond","TheEnding"],"potions_floor_usage":[56],"damage_taken":[{"damage":12.0,"enemies":"Jaw Worm","floor":1.0,"turns":3.0},{"damage":0.0,"enemies":"2 Louse","floor":2.0,"turns":3.0},{"damage":0.0,"enemies":"Small Slimes","floor":5.0,"turns":1.0},{"damage":0,"enemies":"Gremlin Nob","floor":6,"turns":1},{"damage":0,"enemies":"Exordium Wildlife","floor":7,"turns":1},{"damage":0,"enemies":"Lagavulin","floor":8,"turns":1},{"damage":0,"enemies":"Gremlin Nob","floor":11,"turns":1},{"damage":0,"enemies":"3 Sentries","floor":12,"turns":1},{"damage":0,"enemies":"Gremlin Nob","floor":14,"turns":1},{"damage":0,"enemies":"Slime Boss","floor":16,"turns":1},{"damage":0,"enemies":"Shell Parasite","floor":18,"turns":1},{"damage":0,"enemies":"2 Thieves","floor":21,"turns":1},{"damage":0,"enemies":"Centurion and Healer","floor":22,"turns":1},{"damage":0,"enemies":"Book of Stabbing","floor":23,"turns":1},{"damage":0,"enemies":"Gremlin Leader","floor":24,"turns":2},{"damage":0,"enemies":"Book of Stabbing","floor":29,"turns":1},{"damage":0,"enemies":"Masked Bandits","floor":30,"turns":1},{"damage":0,"enemies":"Slavers","floor":31,"turns":1},{"damage":0,"enemies":"Collector","floor":33,"turns":1},{"damage":0,"enemies":"Orb Walker","floor":35,"turns":1},{"damage":0,"enemies":"Giant Head","floor":40,"turns":1},{"damage":0,"enemies":"Nemesis","floor":41,"turns":1},{"damage":0,"enemies":"Giant Head","floor":42,"turns":1},{"damage":0,"enemies":"Nemesis","floor":45,"turns":1},{"damage":0,"enemies":"3 Shapes","floor":47,"turns":1},{"damage":0,"enemies":"Giant Head","floor":48,"turns":2},{"damage":0,"enemies":"Time Eater","floor":50,"turns":2},{"damage":0,"enemies":"Donu and Deca","floor":51,"turns":1},{"damage":0,"enemies":"Shield and Spear","floor":55,"turns":1},{"damage":0,"enemies":"The Heart","floor":56,"turns":4}],"seed_played":"-8417867875634779687","potions_obtained":[{"floor":1.0,"key":"Block Potion"},{"floor":5,"key":"Block Potion"},{"floor":14,"key":"PowerPotion"},{"floor":16,"key":"Weak Potion"}],"is_trial":false,"path_per_floor":["M","M","?","?","M","E","M","E","T","?","E","E","$","E","R","B",null,"M","?","?","M","M","E","E","R","T","?","?","E","?","E","R","B",null,"M","?","$","?","$","E","E","E","T","?","E","?","M","E","R","B","B",null,"R","$","E","B",null],"character_chosen":"THE_SILENT","items_purchased":["Blade Dance","PrismaticShard","Bronze Scales","War Paint","Whetstone","Happy Flower","Blade Dance+1","Deflect+1","Boot","DollysMirror","Singing Bowl","Lantern","CaptainsWheel","Vajra","Strawberry","Mercury Hourglass","Anchor","Akabeko","Regal Pillow","Shuriken","Juzu Bracelet","Tough Bandages","Matryoshka","Darkstone Periapt","Du-Vu Doll","Sundial","Pear","White Beast Statue","Bottled Lightning","PreservedInsect","Bag of Preparation","Art of War","Molten Egg 2","Question Card","Bottled Tornado","Ornamental Fan","Cloak And Dagger+1","Chemical X","Calipers","FossilizedHelix","Bird Faced Urn","Ginger","Torii","Ice Cream","Thread and Needle","TungstenRod","Unceasing Top","Circlet","Circlet","Circlet","Circlet","Circlet","Circlet","Circlet","Circlet","Circlet","Circlet","Circlet","Circlet","Circlet","Circlet","Circlet","Circlet","Circlet","Circlet","Circlet","Circlet","Circlet","Circlet","Circlet","Circlet","Circlet","Circlet"],"campfire_rested":0,"item_purchase_floors":[13,13,13,13,13,13,37,37,37,37,37,37,37,37,37,37,37,37,37,37,37,37,37,37,37,37,37,37,37,37,37,37,37,37,37,37,39,54,54,54,54,54,54,54,54,54,54,54,54,54,54,54,54,54,54,54,54,54,54,54,54,54,54,54,54,54,54,54,54,54,54,54,54],"current_hp_per_floor":[47,47,47,47,47,47,47,47,47,27,27,27,27,27,27,27,56,56,66,66,66,66,66,66,66,66,66,66,66,66,66,66,66,66,66,66,83,83,83,85,87,89,89,89,89,91,91,107,107,107,107,107,107,107,107,107],"gold":5009,"neow_bonus":"THREE_RARE_CARDS","is_daily":false,"chose_seed":false,"campfire_upgraded":2,"win_rate":0.0,"timestamp":1608997083,"path_taken":["M","M","?","?","M","E","M","E","T","?","E","E","$","E","R","BOSS","M","?","?","?","M","E","E","R","T","?","?","E","?","E","R","BOSS","M","?","$","?","?","E","E","E","T","?","E","?","M","E","R","BOSS","BOSS","R","$","E","BOSS"],"items_purchased_type":["Card","Relic","Relic","Relic","Relic","Relic","Card","Card","Relic","Relic","Relic","Relic","Relic","Relic","Relic","Relic","Relic","Relic","Relic","Relic","Relic","Relic","Relic","Relic","Relic","Relic","Relic","Relic","Relic","Relic","Relic","Relic","Relic","Relic","Relic","Relic","Card","Relic","Relic","Relic","Relic","Relic","Relic","Relic","Relic","Relic","Relic","Undefined","Undefined","Undefined","Undefined","Undefined","Undefined","Undefined","Undefined","Undefined","Undefined","Undefined","Undefined","Undefined","Undefined","Undefined","Undefined","Undefined","Undefined","Undefined","Undefined","Undefined","Undefined","Undefined","Undefined","Undefined","Undefined"],"build_version":"2020-12-22","purchased_purges":3,"victory":true,"max_hp_per_floor":[66,66,66,66,66,66,66,66,66,66,66,66,66,66,66,66,66,66,66,66,66,66,66,66,66,66,66,66,66,66,66,66,66,66,66,66,83,83,83,85,87,89,89,89,89,91,91,107,107,107,107,107,107,107,107,107],"relic_stats":{"Gremlin Horn":[4,4],"CeramicFish":126,"Whetstone":["Neutralize","Strike_G"],"Ginger":[2],"Boot":[0],"Blood Vial":0,"Sozu":7,"Centennial Puzzle":[0],"Lizard Tail":0,"Sundial":[2],"Prayer Wheel":1,"Kunai":[113],"Happy Flower":[9],"counters":[30,39],"Blue Candle":[0],"Tingsha":[99],"Pen Nib":[19],"Letter Opener":[27],"War Paint":["Blade Dance","Survivor"],"Question Card":9,"Shuriken":[104],"Bronze Scales":[60],"Bird Faced Urn":[0],"Black Star":15,"obtain_stats":[{"Ice Cream":54,"Calipers":54,"Gremlin Horn":31,"CeramicFish":9,"Vajra":8,"Whetstone":13,"Ginger":54,"Bottled Tornado":37,"Boot":37,"Blood Vial":31,"Sozu":34,"Centennial Puzzle":11,"Lizard Tail":48,"HornCleat":40,"Sundial":1,"DollysMirror":37,"Strawberry":37,"Prayer Wheel":45,"Kunai":1,"Toxic Egg 2":23,"Girya":30,"Pear":37,"Happy Flower":13,"Blue Candle":41,"Oddly Smooth Stone":20,"Tingsha":29,"Pen Nib":12,"Letter Opener":24,"War Paint":13,"Question Card":37,"Akabeko":37,"Du-Vu Doll":37,"Shuriken":1,"Bronze Scales":13,"MutagenicStrength":27,"Bird Faced Urn":54,"Molten Egg 2":37,"Black Star":1,"StrikeDummy":41,"Unceasing Top":8,"Ring of the Serpent":17,"Pocketwatch":43,"Darkstone Periapt":37,"Lantern":37,"Regal Pillow":37,"Singing Bowl":37,"Torii":54,"StoneCalendar":42,"Mango":48,"Snake Skull":11,"Juzu Bracelet":37,"Bag of Preparation":37,"Incense Burner":43,"Ancient Tea Set":9,"PrismaticShard":13,"Smiling Mask":23,"Dream Catcher":6,"Nunchaku":8,"Tough Bandages":37,"TheAbacus":1,"Matryoshka":5,"WristBlade":5,"Ninja Scroll":1,"Mummified Hand":12,"Pantograph":40,"WingedGreaves":1,"Red Mask":30,"Chemical X":54,"InkBottle":6,"Ring of the Snake":0,"Potion Belt":14,"The Specimen":42,"Circlet":54,"Thread and Needle":54,"The Courier":1,"PreservedInsect":37,"Omamori":14,"Orichalcum":8,"MawBank":26,"White Beast Statue":37,"Mercury Hourglass":37,"CaptainsWheel":37,"Anchor":37,"Ornamental Fan":5,"Turnip":45,"Bag of Marbles":8,"Art of War":37,"Membership Card":1,"Bottled Lightning":37,"Toy Ornithopter":24,"FossilizedHelix":54,"TungstenRod":54},{"Ice Cream":28,"Calipers":28,"Gremlin Horn":18,"CeramicFish":6,"Vajra":6,"Whetstone":8,"Ginger":28,"Bottled Tornado":20,"Boot":20,"Blood Vial":18,"Sozu":19,"Centennial Puzzle":7,"Lizard Tail":26,"HornCleat":21,"Sundial":1,"DollysMirror":20,"Strawberry":20,"Prayer Wheel":24,"Kunai":1,"Toxic Egg 2":14,"Girya":17,"Pear":20,"Happy Flower":8,"Blue Candle":22,"Oddly Smooth Stone":11,"Tingsha":16,"Pen Nib":8,"Letter Opener":15,"War Paint":8,"Question Card":20,"Akabeko":20,"Du-Vu Doll":20,"Shuriken":1,"Bronze Scales":8,"MutagenicStrength":15,"Bird Faced Urn":28,"Molten Egg 2":20,"Black Star":1,"StrikeDummy":22,"Unceasing Top":6,"Ring of the Serpent":10,"Pocketwatch":23,"Darkstone Periapt":20,"Lantern":20,"Regal Pillow":20,"Singing Bowl":20,"Torii":28,"StoneCalendar":23,"Mango":26,"Snake Skull":7,"Juzu Bracelet":20,"Bag of Preparation":20,"Incense Burner":23,"Ancient Tea Set":6,"PrismaticShard":8,"Smiling Mask":14,"Dream Catcher":4,"Nunchaku":6,"Tough Bandages":20,"TheAbacus":1,"Matryoshka":3,"WristBlade":3,"Ninja Scroll":1,"Mummified Hand":8,"Pantograph":21,"WingedGreaves":1,"Red Mask":17,"Chemical X":28,"InkBottle":4,"Ring of the Snake":0,"Potion Belt":9,"The Specimen":23,"Circlet":28,"Thread and Needle":28,"The Courier":1,"PreservedInsect":20,"Omamori":9,"Orichalcum":6,"MawBank":15,"White Beast Statue":20,"Mercury Hourglass":20,"CaptainsWheel":20,"Anchor":20,"Ornamental Fan":3,"Turnip":24,"Bag of Marbles":6,"Art of War":20,"Membership Card":1,"Bottled Lightning":20,"Toy Ornithopter":15,"FossilizedHelix":28,"TungstenRod":28},{"Ice Cream":34,"Calipers":34,"Gremlin Horn":23,"CeramicFish":10,"Vajra":10,"Whetstone":12,"Ginger":34,"Bottled Tornado":25,"Boot":25,"Blood Vial":23,"Sozu":24,"Centennial Puzzle":11,"Lizard Tail":31,"HornCleat":26,"Sundial":1,"DollysMirror":25,"Strawberry":25,"Prayer Wheel":29,"Kunai":1,"Toxic Egg 2":18,"Girya":22,"Pear":25,"Happy Flower":12,"Blue Candle":27,"Oddly Smooth Stone":15,"Tingsha":21,"Pen Nib":12,"Letter Opener":20,"War Paint":12,"Question Card":25,"Akabeko":25,"Du-Vu Doll":25,"Shuriken":1,"Bronze Scales":12,"MutagenicStrength":20,"Bird Faced Urn":34,"Molten Egg 2":25,"Black Star":1,"StrikeDummy":27,"Unceasing Top":10,"Ring of the Serpent":14,"Pocketwatch":28,"Darkstone Periapt":25,"Lantern":25,"Regal Pillow":25,"Singing Bowl":25,"Torii":34,"StoneCalendar":28,"Mango":31,"Snake Skull":11,"Juzu Bracelet":25,"Bag of Preparation":25,"Incense Burner":28,"Ancient Tea Set":10,"PrismaticShard":12,"Smiling Mask":18,"Dream Catcher":8,"Nunchaku":10,"Tough Bandages":25,"TheAbacus":1,"Matryoshka":7,"WristBlade":7,"Ninja Scroll":3,"Mummified Hand":12,"Pantograph":26,"WingedGreaves":3,"Red Mask":22,"Chemical X":34,"InkBottle":8,"Ring of the Snake":0,"Potion Belt":13,"The Specimen":28,"Circlet":34,"Thread and Needle":34,"The Courier":1,"PreservedInsect":25,"Omamori":13,"Orichalcum":10,"MawBank":20,"White Beast Statue":25,"Mercury Hourglass":25,"CaptainsWheel":25,"Anchor":25,"Ornamental Fan":7,"Turnip":29,"Bag of Marbles":10,"Art of War":25,"Membership Card":1,"Bottled Lightning":25,"Toy Ornithopter":20,"FossilizedHelix":34,"TungstenRod":34}],"Unceasing Top":[4],"Pocketwatch":[0],"Darkstone Periapt":0,"Regal Pillow":0,"Singing Bowl":10,"Torii":0,"StoneCalendar":[0],"Snake Skull":[0],"Juzu Bracelet":2,"Bag of Preparation":[10],"Smiling Mask":-10,"Dream Catcher":0,"Nunchaku":[21],"Tough Bandages":[69],"TheAbacus":[24],"Mummified Hand":[50],"Pantograph":0,"Chemical X":[1],"InkBottle":[35],"PreservedInsect":567,"Orichalcum":[0],"MawBank":132,"Mercury Hourglass":[57],"Ornamental Fan":[388],"Turnip":[2],"Art of War":[0],"Toy Ornithopter":0,"TungstenRod":0},"card_choices":[{"not_picked":["Wraith Form v2","Burst"],"picked":"Storm of Steel","floor":0.0},{"not_picked":["Bouncing Flask","Bane","Quick Slash"],"picked":"SKIP","floor":1.0},{"not_picked":["Quick Slash","Catalyst","PiercingWail"],"picked":"SKIP","floor":2.0},{"not_picked":["Underhanded Strike","Flying Knee","Prepared"],"picked":"SKIP","floor":5},{"not_picked":["Deadly Poison","Expertise","Concentrate"],"picked":"SKIP","floor":6},{"not_picked":["Expertise","Malaise","Underhanded Strike"],"picked":"SKIP","floor":7},{"not_picked":["Dash","Acrobatics","Poisoned Stab"],"picked":"SKIP","floor":8},{"not_picked":["Concentrate","Blur"],"picked":"Adrenaline","floor":11},{"not_picked":["Predator","Outmaneuver","Distraction"],"picked":"SKIP","floor":12},{"not_picked":["FlyingSleeves","Mind Blast","ForeignInfluence"],"picked":"SKIP","floor":14},{"not_picked":["Rainbow","Establishment"],"picked":"MasterReality","floor":16},{"not_picked":["Sweeping Beam","Sword Boomerang","Leap"],"picked":"SKIP","floor":18},{"not_picked":["Heavy Blade","ThirdEye","Poisoned Stab"],"picked":"SKIP","floor":21},{"not_picked":["MentalFortress","BowlingBash"],"picked":"Accuracy","floor":22},{"not_picked":["Fusion+1","Heavy Blade","InnerPeace+1"],"picked":"SKIP","floor":23},{"not_picked":["Glass Knife","Nirvana","Steam Power+1"],"picked":"SKIP","floor":24},{"not_picked":["Metallicize","Evaluate+1","JustLucky"],"picked":"SKIP","floor":29},{"not_picked":["Thunderclap","Steam+1","Consecrate"],"picked":"SKIP","floor":31},{"not_picked":["Consecrate+1","Anger+1","Carnage"],"picked":"SKIP","floor":35},{"not_picked":["Glacier+1","Dark Embrace+1","Protect+1","Static Discharge"],"picked":"Singing Bowl","floor":40},{"not_picked":["Headbutt+1","Sunder+1","Backstab+1","Cleave+1"],"picked":"Singing Bowl","floor":41},{"not_picked":["Feed+1","Tempest+1","Headbutt+1","FollowUp+1"],"picked":"Singing Bowl","floor":42},{"not_picked":["Rebound+1","Anger+1","Evaluate+1"],"picked":"Cloak And Dagger+1","floor":45},{"not_picked":["Panacea+1","Jack Of All Trades+1","Magnetism","Good Instincts+1"],"picked":"Singing Bowl","floor":46},{"not_picked":["Dash+1","Rip and Tear+1","White Noise+1"],"picked":"Quick Slash+1","floor":47},{"not_picked":["Go for the Eyes+1","Crescendo+1","ClearTheMind+1"],"picked":"Escape Plan+1","floor":47},{"not_picked":["Heavy Blade+1","Consume+1","Beam Cell+1","Static Discharge+1"],"picked":"Singing Bowl","floor":48},{"not_picked":["Chaos+1","Power Through+1","Dodge and Roll+1"],"picked":"Wraith Form v2","floor":55}],"player_experience":1049667,"relics_obtained":[{"floor":6,"key":"Dream Catcher"},{"floor":6,"key":"InkBottle"},{"floor":8,"key":"Orichalcum"},{"floor":8,"key":"Nunchaku"},{"floor":9,"key":"Ancient Tea Set"},{"floor":9,"key":"CeramicFish"},{"floor":11,"key":"Centennial Puzzle"},{"floor":11,"key":"Snake Skull"},{"floor":12,"key":"Pen Nib"},{"floor":12,"key":"Mummified Hand"},{"floor":14,"key":"Omamori"},{"floor":14,"key":"Potion Belt"},{"floor":20,"key":"Oddly Smooth Stone"},{"floor":23,"key":"Smiling Mask"},{"floor":23,"key":"Toxic Egg 2"},{"floor":24,"key":"Toy Ornithopter"},{"floor":24,"key":"Letter Opener"},{"floor":26,"key":"MawBank"},{"floor":26,"key":"Kunai"},{"floor":29,"key":"Tingsha"},{"floor":29,"key":"Bag of Marbles"},{"floor":30,"key":"Red Mask"},{"floor":31,"key":"Blood Vial"},{"floor":31,"key":"Gremlin Horn"},{"floor":40,"key":"Pantograph"},{"floor":40,"key":"HornCleat"},{"floor":41,"key":"Blue Candle"},{"floor":41,"key":"StrikeDummy"},{"floor":42,"key":"The Specimen"},{"floor":42,"key":"StoneCalendar"},{"floor":43,"key":"Incense Burner"},{"floor":43,"key":"Pocketwatch"},{"floor":45,"key":"Turnip"},{"floor":45,"key":"Prayer Wheel"},{"floor":48,"key":"Lizard Tail"},{"floor":48,"key":"Mango"},{"floor":55,"key":"Circlet"},{"floor":55,"key":"Circlet"}],"event_choices":[{"damage_healed":0.0,"max_hp_gain":0.0,"max_hp_loss":0.0,"gold_gain":0.0,"event_name":"Living Wall","player_choice":"Grow","floor":3.0,"gold_loss":0.0,"damage_taken":0.0,"cards_upgraded":["Storm of Steel"]},{"damage_healed":0.0,"max_hp_gain":0.0,"max_hp_loss":0.0,"gold_gain":150.0,"event_name":"Liars Game","player_choice":"AGREE","floor":4.0,"gold_loss":0.0,"damage_taken":0.0,"cards_obtained":["Doubt"]},{"damage_healed":0,"gold_gain":0,"player_choice":"Entered Light","damage_taken":20,"max_hp_gain":0,"max_hp_loss":0,"event_name":"Shining Light","floor":10,"gold_loss":0,"cards_upgraded":["Defend_G","Defend_G"]},{"damage_healed":13,"gold_gain":0,"player_choice":"Heal","damage_taken":0,"max_hp_gain":0,"max_hp_loss":0,"event_name":"The Library","floor":19,"gold_loss":0},{"damage_healed":0,"gold_gain":0,"player_choice":"Relic","damage_taken":0,"max_hp_gain":0,"max_hp_loss":0,"event_name":"Wheel of Change","floor":20,"gold_loss":0},{"damage_healed":0,"gold_gain":0,"player_choice":"Inject Mutagens","damage_taken":0,"relics_obtained":["MutagenicStrength"],"max_hp_gain":0,"max_hp_loss":0,"event_name":"Drug Dealer","floor":27,"gold_loss":0},{"cards_removed":["Strike_G"],"damage_healed":0,"gold_gain":0,"player_choice":"Elegance","damage_taken":0,"max_hp_gain":0,"max_hp_loss":0,"event_name":"Back to Basics","floor":28,"gold_loss":0},{"damage_healed":0,"gold_gain":0,"player_choice":"Fought Bandits","damage_taken":0,"max_hp_gain":0,"max_hp_loss":0,"event_name":"Masked Bandits","floor":30,"gold_loss":0},{"cards_removed":["Defend_G"],"damage_healed":0,"gold_gain":0,"player_choice":"Upgrade and Remove","damage_taken":0,"max_hp_gain":0,"max_hp_loss":0,"event_name":"Designer","floor":36,"gold_loss":110,"cards_upgraded":["MasterReality"]},{"damage_healed":0,"gold_gain":50,"player_choice":"Pray","damage_taken":0,"max_hp_gain":0,"max_hp_loss":0,"event_name":"Golden Shrine","floor":38,"gold_loss":0},{"damage_healed":0,"gold_gain":0,"player_choice":"Copied","damage_taken":0,"max_hp_gain":0,"max_hp_loss":0,"event_name":"Duplicator","floor":44,"gold_loss":0,"cards_obtained":["Cloak And Dagger"]},{"damage_healed":0,"gold_gain":0,"player_choice":"Memory 1","damage_taken":0,"max_hp_gain":0,"max_hp_loss":0,"event_name":"SensoryStone","floor":46,"gold_loss":0}],"is_beta":false,"boss_relics":[{"not_picked":["Runic Dome","Astrolabe"],"picked":"Ring of the Serpent"},{"not_picked":["SacredBark","Tiny House"],"picked":"Sozu"}],"items_purged_floors":[13,37,54],"is_endless":false,"potions_floor_spawned":[1,5,7,11,12,14,16,22,23,24,29,31,40,41,42,45,47,48,55],"ascension_level":20}}