{"host":"dl7h25vjpuplx29g","time":1608996650,"event":{"mods":["BaseMod","Colored Map","Minty Spire (QoL Compilation)"],"gold_per_floor":[55,155,11,43,82,82,148,148,194,255,255,364,364,421,421,421,421],"floor_reached":16,"playtime":866,"items_purged":[],"score":182,"play_id":"d3c2d2e9-e106-42c3-8ab1-065c4c6e036a","local_time":"20201227003050","is_ascension_mode":true,"campfire_choices":[{"data":"HandOfGreed","floor":6,"key":"SMITH"},{"data":"Calculated Gamble","floor":11,"key":"SMITH"},{"floor":13,"key":"REST"},{"data":"Tactician","floor":15,"key":"SMITH"}],"circlet_count":0,"master_deck":["AscendersBane","Strike_G","Strike_G+1","Strike_G","Strike_G","Strike_G","Defend_G","Defend_G","Defend_G","Defend_G","Defend_G","Survivor","Neutralize","HandOfGreed+1","Reflex+1","Calculated Gamble+1","Predator","Poisoned Stab","Backstab","Tactician+1","Die Die Die"],"relics":["Ring of the Snake","ClockworkSouvenir","Lantern","Oddly Smooth Stone","Juzu Bracelet"],"acts_visited":["Exordium"],"potions_floor_usage":[10,14,16],"damage_taken":[{"damage":1.0,"enemies":"2 Louse","floor":1.0,"turns":3.0},{"damage":0,"enemies":"Cultist","floor":4,"turns":5},{"damage":0,"enemies":"Jaw Worm","floor":5,"turns":4},{"damage":0,"enemies":"3 Louse","floor":7,"turns":5},{"damage":0,"enemies":"Gremlin Gang","floor":10,"turns":3},{"damage":20,"enemies":"3 Sentries","floor":12,"turns":9},{"damage":1,"enemies":"Gremlin Nob","floor":14,"turns":4},{"damage":56,"enemies":"The Guardian","floor":16,"turns":6}],"seed_played":"6449613908865020195","potions_obtained":[{"floor":4,"key":"ColorlessPotion"},{"floor":5,"key":"GhostInAJar"},{"floor":12,"key":"Swift Potion"}],"is_trial":false,"path_per_floor":["M","?","$","M","M","R","M","?","T","M","R","E","R","E","R","B"],"character_chosen":"THE_SILENT","items_purchased":["ClockworkSouvenir"],"campfire_rested":1,"item_purchase_floors":[3],"current_hp_per_floor":[62,62,62,62,62,62,62,48,48,48,48,28,49,48,48,0,0],"gold":421,"neow_bonus":"RANDOM_COLORLESS_2","is_daily":false,"chose_seed":false,"campfire_upgraded":3,"win_rate":0.0,"timestamp":1608996650,"path_taken":["M","?","$","?","M","R","M","?","T","M","R","E","R","E","R","BOSS"],"items_purchased_type":["Relic"],"build_version":"2020-12-22","purchased_purges":0,"victory":false,"max_hp_per_floor":[70,70,70,70,70,70,70,70,70,70,70,70,70,70,70,70,70],"card_choices":[{"not_picked":["Thinking Ahead","The Bomb"],"picked":"HandOfGreed","floor":0.0},{"not_picked":["Quick Slash","Riddle With Holes"],"picked":"Reflex","floor":1.0},{"not_picked":["Underhanded Strike","Crippling Poison"],"picked":"Calculated Gamble","floor":4},{"not_picked":["Dodge and Roll","Deflect"],"picked":"Predator","floor":5},{"not_picked":["Dodge and Roll","Underhanded Strike"],"picked":"Poisoned Stab","floor":7},{"not_picked":["Expertise","Deadly Poison"],"picked":"Backstab","floor":10},{"not_picked":["Cloak And Dagger","Outmaneuver"],"picked":"Tactician","floor":12},{"not_picked":["Escape Plan","Crippling Poison"],"picked":"Die Die Die","floor":14}],"player_experience":1234815,"relics_obtained":[{"floor":9,"key":"Lantern"},{"floor":12,"key":"Oddly Smooth Stone"},{"floor":14,"key":"Juzu Bracelet"}],"event_choices":[{"damage_healed":0.0,"max_hp_gain":0.0,"max_hp_loss":0.0,"gold_gain":100.0,"event_name":"Wheel of Change","player_choice":"Gold","floor":2.0,"gold_loss":0.0,"damage_taken":0.0},{"damage_healed":0,"gold_gain":0,"player_choice":"Entered Light","damage_taken":14,"max_hp_gain":0,"max_hp_loss":0,"event_name":"Shining Light","floor":8,"gold_loss":0,"cards_upgraded":["Reflex","Strike_G"]}],"is_beta":false,"boss_relics":[],"items_purged_floors":[],"is_endless":false,"potions_floor_spawned":[4,5,12],"killed_by":"The Guardian","ascension_level":13}}