{"host":"cfluht5kr2kfk9p9","time":1608970337,"event":{"mods":["ATMod(阿瑾Mod)","Act Like it!","Arknights The Spire","BaseMod","Gensokyo","GungeonMod","Hallownest","Highlight Path","Minty Spire (QoL Compilation)","Quick Restart","Rare Cards Sparkle","Relic Stats","RumiaBox-露米娅的神秘盒子","Spicy Shops","StSLib","TestMod","The Alterego","【功能Mod】混沌之环修复补丁"],"gold_per_floor":[99,26,26,26,26,26,26,26,26,26,26,6,6,6,6,6,6,6,6,6,6,6,6,6,6,6,6,6,6,6,6,6,6,6,6,6,6,6,6,6,6,6,6,6,6,6,6,6,6,6,6,6,6,6],"floor_reached":56,"playtime":1897,"items_purged":[],"score":1767,"play_id":"274a6af3-6c16-4b75-b2dd-2e70b2527afe","local_time":"20201226161217","is_ascension_mode":true,"campfire_choices":[{"data":"Eruption","floor":7.0,"key":"SMITH"},{"data":"AT_EmpoweredMortalDraw","floor":11.0,"key":"SMITH"},{"data":"LessonLearned","floor":13.0,"key":"SMITH"},{"data":"SignatureMove","floor":15.0,"key":"SMITH"},{"floor":32,"key":"REST"},{"data":"Adaptation","floor":46,"key":"SMITH"},{"floor":49,"key":"RECALL"},{"data":"AT_ChampionStep","floor":52,"key":"SMITH"}],"circlet_count":0,"master_deck":["Strike_P+1","Defend_P+1","Defend_P+1","Defend_P","Defend_P+1","Eruption+1","Vigilance+1","AT_EmpoweredMortalDraw+1","Sanctity+1","Adaptation+1","SignatureMove+1","LessonLearned+1","AT_EmpoweredMortalDraw+1","TalkToTheHand+1","AT_ChampionStep+1","AT_ChampionStep+1","Wallop+1","Vault","Blasphemy","MentalFortress"],"relics":["AT_ATBox","testmod-DragonStarHat","Ectoplasm","Gensokyo:PortableGap","Gensokyo:CelestialsFlawlessClothing","ats:Originium","Ccalipers","ats:Originium","ats:Originium","Damaru","AT_MortalBlade","Gensokyo:SongOfSouls","ats:Originium","TeardropLocket","Strawberry","Centennial Puzzle","Anchor","Mummified Hand","Lantern","HornCleat","SoulBox","testmod-ConstraintPeriapt","Gensokyo:DualWield","DemoMod:ChaffGrenade","Bottled Tornado","Darkstone Periapt","DemoMod:MeltedRock","testmod-Nyarlathotep","Gremlin Horn","Toy Ornithopter"],"acts_visited":["Exordium","Gensokyo:Gensokyo","Gensokyo:Gensokyoer","TheEnding"],"potions_floor_usage":[28,28,44,50,50,50,55],"damage_taken":[{"damage":1.0,"enemies":"Gensokyo:3_Fairies","floor":1.0,"turns":3.0},{"damage":2.0,"enemies":"Gensokyo:Gryphon","floor":4.0,"turns":3.0},{"damage":11.0,"enemies":"Gensokyo:Mamizou","floor":6.0,"turns":7.0},{"damage":3.0,"enemies":"Gensokyo:Aya","floor":8.0,"turns":4.0},{"damage":2.0,"enemies":"Gensokyo:Cirno","floor":14.0,"turns":6.0},{"damage":15.0,"enemies":"Gensokyo:Kokoro","floor":16.0,"turns":10.0},{"damage":0.0,"enemies":"Gensokyo:Chomper","floor":18.0,"turns":2.0},{"damage":0.0,"enemies":"Gensokyo:AngelMirror","floor":20.0,"turns":2.0},{"damage":0.0,"enemies":"Gensokyo:Wraith","floor":21.0,"turns":2.0},{"damage":25.0,"enemies":"Gensokyo:Tenshi","floor":23.0,"turns":2.0},{"damage":10.0,"enemies":"Gensokyo:Reisen","floor":24.0,"turns":4.0},{"damage":0.0,"enemies":"Gensokyo:Tenshi","floor":25.0,"turns":1.0},{"damage":18.0,"enemies":"Gensokyo:Reisen","floor":27.0,"turns":3.0},{"damage":8,"enemies":"Gensokyo:Tenshi","floor":28,"turns":2},{"damage":0,"enemies":"Gensokyo:Reisen","floor":29,"turns":2},{"damage":0,"enemies":"Gensokyo:Tenshi","floor":30,"turns":2},{"damage":0,"enemies":"Gensokyo:Swordslinger","floor":31,"turns":3},{"damage":0,"enemies":"Gensokyo:Eiki","floor":33,"turns":2},{"damage":0,"enemies":"Gensokyo:3_Boulders","floor":35,"turns":2},{"damage":0,"enemies":"Gensokyo:AncientGuardian","floor":39,"turns":2},{"damage":0,"enemies":"Gensokyo:Marisa","floor":40,"turns":3},{"damage":0,"enemies":"Gensokyo:Kasen","floor":42,"turns":3},{"damage":0,"enemies":"Gensokyo:Doremy","floor":44,"turns":2},{"damage":0,"enemies":"Gensokyo:Dusk_and_Dawn","floor":47,"turns":2},{"damage":0,"enemies":"Gensokyo:Kasen","floor":48,"turns":4},{"damage":1,"enemies":"Gensokyo:Scarlet_Devils","floor":50,"turns":4},{"damage":0,"enemies":"Shield and Spear","floor":54,"turns":2},{"damage":113,"enemies":"The Heart","floor":55,"turns":6}],"seed_played":"8703884241679210192","potions_obtained":[{"floor":6.0,"key":"DemoMod:LeadSkinPotion"},{"floor":16.0,"key":"Swift Potion"},{"floor":18.0,"key":"DemoMod:LeadSkinPotion"},{"floor":20.0,"key":"BlessingOfTheForge"},{"floor":21.0,"key":"testmod-SpacePotion"},{"floor":27.0,"key":"BlessingOfTheForge"},{"floor":28,"key":"Regen Potion"},{"floor":31,"key":"Strength Potion"},{"floor":40,"key":"SkillPotion"},{"floor":44,"key":"Block Potion"},{"floor":48,"key":"DemoMod:LeadSkinPotion"}],"is_trial":false,"path_per_floor":["M","$","?","M","?","E","R","E","T","?","R","COS","R","E","R","B",null,"M","?","M","M","?","E","E","E","E","E","E","E","M","R","B",null,"M","?","?","?","M","E","?","E","T","E","$","R","M","E","R","B",null,"R","$","E","B",null],"character_chosen":"WATCHER","items_purchased":["Adaptation","testmod-Nyarlathotep","MentalFortress"],"campfire_rested":1,"item_purchase_floors":[2,45,53],"current_hp_per_floor":[71,71,65,63,47,36,36,33,33,28,28,28,28,26,26,11,59,59,59,59,59,59,34,31,31,13,5,5,5,5,19,19,48,48,29,29,29,29,31,31,33,33,35,35,35,36,38,38,42,42,42,42,42,42],"gold":6,"neow_bonus":"BOSS_RELIC","is_daily":false,"chose_seed":false,"campfire_upgraded":6,"win_rate":0.0,"timestamp":1608970337,"path_taken":["M","$","?","M","?","E","R","E","T","?","R","COS","R","E","R","BOSS","M","?","M","M","?","E","E","E","E","E","E","E","?","R","BOSS","M","?","?","?","M","E","?","E","T","E","$","R","M","E","R","BOSS","R","$","E","BOSS"],"items_purchased_type":["Card","Relic","Card"],"build_version":"2020-12-22","purchased_purges":0,"victory":true,"max_hp_per_floor":[72,72,65,65,65,62,59,59,59,59,59,59,59,59,59,59,59,59,59,59,59,59,56,60,57,54,51,48,48,48,48,48,48,48,48,48,48,48,48,48,48,48,45,42,42,42,42,42,42,42,42,42,42,42],"relic_stats":{"Darkstone Periapt":0,"Centennial Puzzle":[12],"Gremlin Horn":[1,1],"counters":[28,90],"Mummified Hand":[130],"Ectoplasm":1479,"obtain_stats":[{"Darkstone Periapt":43,"Lantern":29,"AT_ATBox":0,"Gremlin Horn":48,"DemoMod:GlassGuonStoneRelic":4,"SoulBox":34,"TeardropLocket":23,"testmod-Nyarlathotep":45,"Bottled Tornado":42,"Gensokyo:PortableGap":3,"Gensokyo:DualWield":38,"Centennial Puzzle":25,"HornCleat":30,"Ccalipers":6,"Mummified Hand":28,"Strawberry":24,"DemoMod:MeltedRock":44,"testmod-DragonStarHat":0,"Gensokyo:SongOfSouls":22,"testmod-TestBox":0,"DemoMod:ChaffGrenade":40,"Damaru":14,"AT_MortalBlade":17,"testmod-TurbochargingSystem":8,"Gensokyo:CelestialsFlawlessClothing":5,"testmod-ConstraintPeriapt":36,"Anchor":27,"ats:Originium":6,"Ectoplasm":0,"PureWater":0,"Toy Ornithopter":54},{"Darkstone Periapt":22,"Lantern":15,"AT_ATBox":0,"Gremlin Horn":25,"DemoMod:GlassGuonStoneRelic":2,"SoulBox":18,"TeardropLocket":10,"testmod-Nyarlathotep":23,"Bottled Tornado":22,"Gensokyo:PortableGap":1,"Gensokyo:DualWield":19,"Centennial Puzzle":12,"HornCleat":16,"Ccalipers":3,"Mummified Hand":14,"Strawberry":11,"DemoMod:MeltedRock":23,"testmod-DragonStarHat":0,"Gensokyo:SongOfSouls":9,"testmod-TestBox":0,"DemoMod:ChaffGrenade":21,"Damaru":5,"AT_MortalBlade":6,"testmod-TurbochargingSystem":4,"Gensokyo:CelestialsFlawlessClothing":2,"testmod-ConstraintPeriapt":19,"Anchor":13,"ats:Originium":3,"Ectoplasm":0,"PureWater":0,"Toy Ornithopter":27},{"Darkstone Periapt":70,"Lantern":53,"AT_ATBox":0,"Gremlin Horn":78,"DemoMod:GlassGuonStoneRelic":6,"SoulBox":60,"TeardropLocket":41,"testmod-Nyarlathotep":72,"Bottled Tornado":70,"Gensokyo:PortableGap":3,"Gensokyo:DualWield":62,"Centennial Puzzle":46,"HornCleat":55,"Ccalipers":13,"Mummified Hand":51,"Strawberry":45,"DemoMod:MeltedRock":72,"testmod-DragonStarHat":0,"Gensokyo:SongOfSouls":39,"testmod-TestBox":0,"DemoMod:ChaffGrenade":67,"Damaru":23,"AT_MortalBlade":33,"testmod-TurbochargingSystem":17,"Gensokyo:CelestialsFlawlessClothing":6,"testmod-ConstraintPeriapt":62,"Anchor":49,"ats:Originium":13,"Ectoplasm":0,"PureWater":0,"Toy Ornithopter":84}],"Toy Ornithopter":0},"card_choices":[{"not_picked":["JustLucky","FlyingSleeves"],"picked":"Sanctity","floor":1.0},{"not_picked":["AT_DivineConfetti","Worship"],"picked":"SignatureMove","floor":4.0},{"not_picked":["Crescendo","WaveOfTheHand","JustLucky"],"picked":"SKIP","floor":6.0},{"not_picked":["FollowUp","Halt"],"picked":"LessonLearned","floor":8.0},{"not_picked":["Evaluate","Swivel"],"picked":"InnerPeace","floor":14.0},{"not_picked":["Crescendo","SashWhip","SandsOfTime"],"picked":"SKIP","floor":18.0},{"not_picked":["EmptyBody","SashWhip"],"picked":"TalkToTheHand","floor":20.0},{"not_picked":["Evaluate","Crescendo"],"picked":"AT_ChampionStep","floor":21.0},{"not_picked":["ThirdEye","TalkToTheHand","Ragnarok"],"picked":"SKIP","floor":23.0},{"not_picked":["Indignation","EmptyBody","FlyingSleeves"],"picked":"SKIP","floor":24.0},{"not_picked":["FlyingSleeves","Judgement","EmptyBody"],"picked":"SKIP","floor":25.0},{"not_picked":["SashWhip","AT_ChampionStep","CutThroughFate+1"],"picked":"SKIP","floor":27.0},{"not_picked":["PathToVictory","Sanctity"],"picked":"AT_ChampionStep+1","floor":28},{"not_picked":["Crescendo","JustLucky"],"picked":"Wallop","floor":29},{"not_picked":["BattleHymn","SandsOfTime+1","Prostrate"],"picked":"SKIP","floor":30},{"not_picked":["CrushJoints+1","PathToVictory","SignatureMove+1"],"picked":"SKIP","floor":31},{"not_picked":["Brilliance","Judgement"],"picked":"Vault","floor":33},{"not_picked":["ThirdEye","BowlingBash+1","Conclude+1"],"picked":"SKIP","floor":35},{"not_picked":["CutThroughFate+1","SandsOfTime","SashWhip+1"],"picked":"SKIP","floor":39},{"not_picked":["FlyingSleeves","DeceiveReality","Wallop+1"],"picked":"SKIP","floor":40},{"not_picked":["JustLucky+1","ReachHeaven+1","FollowUp+1"],"picked":"SKIP","floor":42},{"not_picked":["AT_RealFormLess","FlyingSleeves+1","CutThroughFate"],"picked":"SKIP","floor":44},{"not_picked":["SashWhip","CutThroughFate","BowlingBash+1"],"picked":"SKIP","floor":47},{"not_picked":["AT_DivineConfetti+1","Prostrate","Collect"],"picked":"SKIP","floor":48},{"not_picked":["SignatureMove","Protect+1","Halt+1"],"picked":"SKIP","floor":54}],"player_experience":35613,"relics_obtained":[{"floor":6.0,"key":"ats:Originium"},{"floor":6.0,"key":"Ccalipers"},{"floor":8.0,"key":"ats:Originium"},{"floor":8.0,"key":"testmod-TurbochargingSystem"},{"floor":14.0,"key":"ats:Originium"},{"floor":14.0,"key":"Damaru"},{"floor":23.0,"key":"ats:Originium"},{"floor":23.0,"key":"TeardropLocket"},{"floor":24.0,"key":"Strawberry"},{"floor":25.0,"key":"Centennial Puzzle"},{"floor":27.0,"key":"Anchor"},{"floor":28,"key":"Mummified Hand"},{"floor":29,"key":"Lantern"},{"floor":30,"key":"HornCleat"},{"floor":40,"key":"DemoMod:ChaffGrenade"},{"floor":42,"key":"Bottled Tornado"},{"floor":43,"key":"Darkstone Periapt"},{"floor":44,"key":"DemoMod:MeltedRock"},{"floor":48,"key":"Gremlin Horn"},{"floor":54,"key":"Toy Ornithopter"}],"event_choices":[{"damage_healed":0,"gold_gain":400,"player_choice":"Sell","damage_taken":0,"max_hp_gain":0,"max_hp_loss":0,"event_name":"恩洛斯的盘子","floor":41,"relics_lost":["testmod-TestBox"],"gold_loss":0}],"is_beta":false,"boss_relics":[{"not_picked":["testmod-IncinerationGenerator","Runic Pyramid"],"picked":"AT_MortalBlade"},{"not_picked":["Cursed Key","testmod-Nine"],"picked":"SoulBox"}],"items_purged_floors":[],"is_endless":false,"potions_floor_spawned":[6,16,18,20,21,27,28,31,40,44,47,48],"ascension_level":1}}