{"host":"pe0zhl1vvtkxuc0p","time":1608960607,"event":{"mods":["AchievementEnabler","Act Like it!","BaseMod","Card Forge","Colored Powertips","Curses Come First","GifTheSpireLib","Minty Spire (QoL Compilation)","Pale of the Ancients","Quick Restart","StSLib","SuperFastMode","≤–¡Ù÷ÆŒÔ"],"gold_per_floor":[112,112,37,37,37,37,63,63,63,81,94,128,60,72,72,174,174,193,292,292,309,309,309],"floor_reached":22,"playtime":1137,"items_purged":["PlaceholderMod:BaseStrike"],"score":242,"play_id":"6ff8f8d7-017d-4bb2-aa6b-de4703e7260f","local_time":"20201226133007","is_ascension_mode":false,"campfire_choices":[{"floor":6,"key":"RECALL"},{"data":"PlaceholderMod:SelfCoupling","floor":8,"key":"SMITH"},{"data":"PlaceholderMod:HighConcentration","floor":15,"key":"SMITH"}],"circlet_count":0,"master_deck":["PlaceholderMod:BaseStrike","PlaceholderMod:BaseStrike","PlaceholderMod:BaseStrike","PlaceholderMod:BaseStrike","PlaceholderMod:BaseDefend","PlaceholderMod:BaseDefend","PlaceholderMod:BaseDefend","PlaceholderMod:BaseDefend","PlaceholderMod:Crystal","PlaceholderMod:PoisonWhip","PlaceholderMod:AttackAsDefend","PlaceholderMod:GrowthForm+1","PlaceholderMod:Break","PlaceholderMod:SelfCoupling+1","PlaceholderMod:Stable","PlaceholderMod:SpinBlade","PlaceholderMod:Corrosion","PlaceholderMod:HighConcentration+1","PlaceholderMod:Activation","PlaceholderMod:Colorful"],"relics":["PlaceholderMod:Tancle","Hammer of Thor","Seething Fire","Anvil of the Gods","NeowsBlessing","Potion Belt","Singing Bowl","Ice Cream","Black Star"],"acts_visited":["Exordium","TheCity"],"potions_floor_usage":[16,21,22],"damage_taken":[{"damage":0,"enemies":"Jaw Worm","floor":1,"turns":1},{"damage":0,"enemies":"Gremlin Nob","floor":7,"turns":1},{"damage":0,"enemies":"Cultist","floor":10,"turns":1},{"damage":0,"enemies":"Small Slimes","floor":11,"turns":3},{"damage":0,"enemies":"Lagavulin","floor":12,"turns":6},{"damage":15,"enemies":"2 Fungi Beasts","floor":14,"turns":4},{"damage":21,"enemies":"Hexaghost","floor":16,"turns":8},{"damage":34,"enemies":"3 Byrds","floor":18,"turns":6},{"damage":25,"enemies":"2 Thieves","floor":21,"turns":4},{"damage":34,"enemies":"3 Cultists","floor":22,"turns":3}],"seed_played":"-5146799207197468775","potions_obtained":[{"floor":1,"key":"Swift Potion"},{"floor":7,"key":"SkillPotion"},{"floor":12,"key":"LiquidMemories"},{"floor":14,"key":"FearPotion"}],"is_trial":false,"path_per_floor":["M","?","$","?","?","R","E","R","T","M","M","E","$","M","R","B",null,"M","?","?","M","M"],"character_chosen":"THE_PLACEHOLDER","items_purchased":["PlaceholderMod:Corrosion"],"campfire_rested":0,"item_purchase_floors":[13],"current_hp_per_floor":[78,78,78,83,83,83,83,83,83,83,85,85,85,70,70,49,85,53,53,53,28,0,0],"gold":309,"neow_bonus":"THREE_ENEMY_KILL","is_daily":false,"chose_seed":false,"campfire_upgraded":2,"win_rate":0.0,"timestamp":1608960607,"path_taken":["M","?","?","?","?","R","E","R","T","?","M","E","$","M","R","BOSS","M","?","?","M","?"],"items_purchased_type":["Card"],"build_version":"2020-12-22","purchased_purges":1,"victory":false,"max_hp_per_floor":[78,78,78,83,83,83,83,83,83,83,85,85,85,85,85,85,85,87,87,87,87,87,87],"card_choices":[{"not_picked":["PlaceholderMod:PoisonAbsorb","PlaceholderMod:ParasiteChange"],"picked":"PlaceholderMod:AttackAsDefend","floor":1},{"not_picked":["PlaceholderMod:Turn","PlaceholderMod:Break"],"picked":"PlaceholderMod:SelfCoupling","floor":7},{"not_picked":["PlaceholderMod:DissolvingSpikes","PlaceholderMod:StressReaction"],"picked":"PlaceholderMod:Stable","floor":10},{"not_picked":["PlaceholderMod:AttackAsDefend","PlaceholderMod:DissolvingSpikes","PlaceholderMod:ParasiteChange"],"picked":"Singing Bowl","floor":11},{"not_picked":["PlaceholderMod:Stable","PlaceholderMod:AttackAsDefend"],"picked":"PlaceholderMod:SpinBlade","floor":12},{"not_picked":["PlaceholderMod:ParasiteChange","PlaceholderMod:NearChange"],"picked":"PlaceholderMod:HighConcentration","floor":14},{"not_picked":["PlaceholderMod:PericyclicReaction","PlaceholderMod:DoublePoint"],"picked":"PlaceholderMod:Activation","floor":16},{"not_picked":["PlaceholderMod:SeverePoisonStrike","PlaceholderMod:HornyBlast","PlaceholderMod:Sweep+1"],"picked":"Singing Bowl","floor":18},{"not_picked":["PlaceholderMod:ParasiteChange","PlaceholderMod:SeverePoisonStrike"],"picked":"PlaceholderMod:Colorful","floor":21}],"player_experience":399846,"relics_obtained":[{"floor":7,"key":"Potion Belt"},{"floor":9,"key":"Singing Bowl"},{"floor":12,"key":"Ice Cream"}],"event_choices":[{"damage_healed":0,"gold_gain":0,"player_choice":"2 cards matched","damage_taken":0,"max_hp_gain":0,"max_hp_loss":0,"event_name":"Match and Keep!","floor":2,"gold_loss":0,"cards_obtained":["PlaceholderMod:GrowthForm","PlaceholderMod:Break"]},{"damage_healed":0,"gold_gain":0,"player_choice":"Donut","damage_taken":0,"max_hp_gain":5,"max_hp_loss":0,"event_name":"Big Fish","floor":4,"gold_loss":0},{"damage_healed":0,"gold_gain":0,"player_choice":"Upgraded","damage_taken":0,"max_hp_gain":0,"max_hp_loss":0,"event_name":"Upgrade Shrine","floor":5,"gold_loss":0,"cards_upgraded":["PlaceholderMod:GrowthForm"]},{"damage_healed":0,"gold_gain":99,"player_choice":"Stole From Cult","damage_taken":0,"max_hp_gain":0,"max_hp_loss":0,"event_name":"Nest","floor":19,"gold_loss":0},{"cards_removed":["PlaceholderMod:BaseDefend"],"damage_healed":0,"gold_gain":0,"player_choice":"Offered Basic","damage_taken":0,"max_hp_gain":0,"max_hp_loss":0,"event_name":"Bonfire Elementals","floor":20,"gold_loss":0}],"is_beta":false,"boss_relics":[{"not_picked":["Coffee Dripper","Pandora\u0027s Box"],"picked":"Black Star"}],"items_purged_floors":[3],"is_endless":false,"potions_floor_spawned":[1,7,12,14],"killed_by":"3 Cultists","ascension_level":0}}