{"host":"6yklbc9za0aylqsj","time":1608985911,"event":{"mods":["AchievementEnabler","BaseMod","Bestiary","Colored Map","Colored Powertips","Minty Spire (QoL Compilation)","Rare Cards Sparkle","Relic Stats","Slay-I","StSLib"],"gold_per_floor":[118,118,118,131,144,177,177,188,188,188,221,221,241,255,255,255,255],"floor_reached":16,"playtime":455,"items_purged":[],"score":224,"play_id":"da6f2d6c-0547-4412-90f2-f0db4f3f5835","local_time":"20201226133151","is_ascension_mode":true,"campfire_choices":[{"data":"Phantasmal Killer","floor":7.0,"key":"SMITH"},{"floor":12.0,"key":"DIG"},{"data":"1","floor":15.0,"key":"LIFT"}],"circlet_count":0,"master_deck":["AscendersBane","Strike_G","Strike_G","Strike_G","Strike_G","Defend_G","Defend_G","Defend_G","Defend_G","Defend_G","Survivor","Neutralize+1","Phantasmal Killer+1","Infinite Blades","Blade Dance","Quick Slash","Leg Sweep","Finisher"],"relics":["Ring of the Snake","Eternal Feather","Gambling Chip","Shovel","Girya"],"acts_visited":["Exordium"],"potions_floor_usage":[16],"damage_taken":[{"damage":0.0,"enemies":"2 Louse","floor":1.0,"turns":5.0},{"damage":8.0,"enemies":"Small Slimes","floor":4.0,"turns":5.0},{"damage":1.0,"enemies":"Cultist","floor":5.0,"turns":3.0},{"damage":10.0,"enemies":"3 Sentries","floor":6.0,"turns":5.0},{"damage":0.0,"enemies":"Looter","floor":8.0,"turns":2.0},{"damage":27.0,"enemies":"Gremlin Nob","floor":11.0,"turns":4.0},{"damage":2.0,"enemies":"Red Slaver","floor":13.0,"turns":4.0},{"damage":12.0,"enemies":"Lots of Slimes","floor":14.0,"turns":5.0},{"damage":33,"enemies":"Hexaghost","floor":16,"turns":9}],"seed_played":"846598253703671264","potions_obtained":[{"floor":5.0,"key":"AttackPotion"},{"floor":14.0,"key":"SteroidPotion"}],"is_trial":false,"path_per_floor":["M","?","?","M","M","E","R","M","T","?","E","R","M","M","R","B"],"character_chosen":"THE_SILENT","items_purchased":[],"campfire_rested":0,"item_purchase_floors":[],"current_hp_per_floor":[44,66,66,58,57,47,56,56,56,56,29,38,36,24,33,0,0],"gold":255,"neow_bonus":"THREE_RARE_CARDS","is_daily":false,"chose_seed":false,"campfire_upgraded":1,"win_rate":0.0,"timestamp":1608985911,"path_taken":["M","?","?","?","M","E","R","M","T","?","E","R","M","?","R","BOSS"],"items_purchased_type":[],"build_version":"2020-12-22","purchased_purges":0,"victory":false,"max_hp_per_floor":[66,66,66,66,66,66,66,66,66,66,66,66,66,66,66,66,66],"relic_stats":{"Shovel":1,"counters":[9,42],"Gambling Chip":[10],"Eternal Feather":27,"obtain_stats":[{"Girya":12,"Shovel":11,"Gambling Chip":9,"Eternal Feather":6,"Ring of the Snake":0},{"Girya":6,"Shovel":6,"Gambling Chip":5,"Eternal Feather":4,"Ring of the Snake":0},{"Girya":24,"Shovel":24,"Gambling Chip":20,"Eternal Feather":18,"Ring of the Snake":0}],"Ring of the Snake":[18]},"card_choices":[{"not_picked":["Storm of Steel","Corpse Explosion"],"picked":"Phantasmal Killer","floor":0.0},{"not_picked":["Flying Knee","Well Laid Plans"],"picked":"Infinite Blades","floor":1.0},{"not_picked":["Bouncing Flask","Deadly Poison","Choke"],"picked":"SKIP","floor":4.0},{"not_picked":["Dash","Tactician"],"picked":"Blade Dance","floor":5.0},{"not_picked":["Flying Knee","Bane"],"picked":"Quick Slash","floor":6.0},{"not_picked":["Acrobatics","Grand Finale","Quick Slash"],"picked":"SKIP","floor":8.0},{"not_picked":["Setup","Slice","Distraction"],"picked":"SKIP","floor":11.0},{"not_picked":["Dagger Throw","Eviscerate"],"picked":"Leg Sweep","floor":13.0},{"not_picked":["Flying Knee","Prepared"],"picked":"Finisher","floor":14.0}],"player_experience":683964,"relics_obtained":[{"floor":6.0,"key":"Eternal Feather"},{"floor":9.0,"key":"Gambling Chip"},{"floor":11.0,"key":"Shovel"},{"floor":12.0,"key":"Girya"}],"event_choices":[{"damage_healed":22.0,"max_hp_gain":0.0,"max_hp_loss":0.0,"gold_gain":0.0,"event_name":"Big Fish","player_choice":"Banana","floor":2.0,"gold_loss":0.0,"damage_taken":0.0},{"cards_removed":["Strike_G"],"damage_healed":0.0,"max_hp_gain":0.0,"max_hp_loss":0.0,"gold_gain":0.0,"event_name":"Bonfire Elementals","player_choice":"Offered Basic","floor":3.0,"gold_loss":0.0,"damage_taken":0.0},{"damage_healed":0.0,"max_hp_gain":0.0,"max_hp_loss":0.0,"gold_gain":0.0,"event_name":"Upgrade Shrine","player_choice":"Upgraded","floor":10.0,"gold_loss":0.0,"damage_taken":0.0,"cards_upgraded":["Neutralize"]}],"is_beta":false,"boss_relics":[],"items_purged_floors":[],"is_endless":false,"potions_floor_spawned":[5,14],"killed_by":"Hexaghost","ascension_level":20}}