{"host":"hu38hxukylnnynm2","time":1608973856,"event":{"mods":["AchievementEnabler","BaseMod","Card Forge","Colored Powertips","DNKmod","DeckTracker","Friendly Minions","Highlight Path","Minty Spire (QoL Compilation)","Spicy Shops","StSLib"],"gold_per_floor":[1266,766,766,418,446,446,488,512,512,540,581,581,373,373,373,477,477,496,496,521,545,545,545,581,120,120,146,183,183,59,86,86,200,218,229,110,121,1138,1199,1237,1237,1279,1328,1367,1406,1425,1461,1103,1103,1103,1103,1103,546,583,583],"floor_reached":56,"playtime":2059,"items_purged":[],"score":2401,"play_id":"c8fd99fd-5564-429d-a638-d28db8ca295e","local_time":"20201226041056","is_ascension_mode":true,"campfire_choices":[{"floor":6,"key":"RECALL"},{"floor":12,"key":"REST"},{"floor":15,"key":"REST"},{"floor":23,"key":"REST"},{"data":"1","floor":29,"key":"LIFT"},{"data":"2","floor":32,"key":"LIFT"},{"data":"3","floor":41,"key":"LIFT"},{"floor":49,"key":"DIG"},{"floor":52,"key":"DIG"}],"circlet_count":0,"master_deck":["Strike_R+1","Strike_R+1","Strike_R+1","Strike_R+1","Strike_R+1","Defend_R+1","Defend_R+1","Defend_R+1","Defend_R+1","Bash+1","Omega+1","Omega+1","Power Through+1","Omega+1","Omega+1","Omega+1","Heavy Blade+1","Impervious+1","Warcry+1","Headbutt+1","Wild Strike+1","Demon Form+1","Inflame+1","Pommel Strike+1","Spot Weakness+1","Iron Wave+1","Double Tap+1","Twin Strike+1","Double Tap+1","CurseOfTheBell","Feed+1","Uppercut+1","Dropkick+1","Flame Barrier+1","Rage+1","Rage+1","Flame Barrier+1","Carnage+1","Demon Form+1","Inflame+1","Perfected Strike+1","Heavy Blade+1"],"relics":["Burning Blood","Hammer of Thor","Seething Fire","Anvil of the Gods","Bag of Preparation","InkBottle","Membership Card","Thread and Needle","WarpedTongs","CeramicFish","ClockworkSouvenir","Blood Vial","Sundial","Ornamental Fan","HornCleat","Regal Pillow","PreservedInsect","Tiny Chest","Mummified Hand","Vajra","Mark of Pain","StrikeDummy","Shovel","Girya","Calipers","Lantern","Strange Spoon","Matryoshka","Red Skull","Letter Opener","Calling Bell","War Paint","Paper Frog","Torii","Kunai","WingedGreaves","Whetstone","Happy Flower","Bag of Marbles","Centennial Puzzle","Bottled Flame","Juzu Bracelet","Akabeko","Pen Nib","Oddly Smooth Stone","Ancient Tea Set","DollysMirror","Toy Ornithopter","Pear","Boot","Pantograph","Sling","Brimstone","White Beast Statue","Bottled Lightning","Mercury Hourglass"],"acts_visited":["Exordium","TheCity","TheBeyond","TheEnding"],"potions_floor_usage":[55,55],"damage_taken":[{"damage":7,"enemies":"2 Louse","floor":1,"turns":2},{"damage":0,"enemies":"Cultist","floor":5,"turns":1},{"damage":0,"enemies":"3 Sentries","floor":7,"turns":1},{"damage":0,"enemies":"Jaw Worm","floor":8,"turns":1},{"damage":0,"enemies":"2 Fungi Beasts","floor":10,"turns":1},{"damage":0,"enemies":"Gremlin Nob","floor":11,"turns":2},{"damage":0,"enemies":"The Guardian","floor":16,"turns":3},{"damage":0,"enemies":"Spheric Guardian","floor":18,"turns":1},{"damage":0,"enemies":"2 Thieves","floor":20,"turns":1},{"damage":0,"enemies":"Slavers","floor":24,"turns":1},{"damage":0,"enemies":"Cultist and Chosen","floor":27,"turns":1},{"damage":0,"enemies":"Gremlin Leader","floor":28,"turns":1},{"damage":0,"enemies":"3 Cultists","floor":31,"turns":1},{"damage":0,"enemies":"Automaton","floor":33,"turns":3},{"damage":0,"enemies":"Orb Walker","floor":35,"turns":1},{"damage":0,"enemies":"3 Shapes","floor":37,"turns":1},{"damage":0,"enemies":"2 Orb Walkers","floor":39,"turns":2},{"damage":0,"enemies":"Giant Head","floor":40,"turns":2},{"damage":0,"enemies":"Reptomancer","floor":42,"turns":1},{"damage":1,"enemies":"Nemesis","floor":44,"turns":3},{"damage":0,"enemies":"Reptomancer","floor":45,"turns":1},{"damage":0,"enemies":"Spire Growth","floor":46,"turns":2},{"damage":0,"enemies":"Nemesis","floor":47,"turns":1},{"damage":0,"enemies":"Donu and Deca","floor":50,"turns":3},{"damage":0,"enemies":"Shield and Spear","floor":54,"turns":1},{"damage":27,"enemies":"The Heart","floor":55,"turns":4}],"seed_played":"3958109345783297453","potions_obtained":[{"floor":5,"key":"CultistPotion"},{"floor":10,"key":"PowerPotion"}],"is_trial":false,"path_per_floor":["M","$","?","$","M","R","E","M","T","M","E","R","$","?","R","B",null,"M","?","M","T","T","R","E","$","T","M","E","R","$","M","R","B",null,"M","$","M","?","?","E","R","E","T","E","E","M","E","$","R","B",null,"R","$","E","B",null],"character_chosen":"IRONCLAD","items_purchased":["Bag of Preparation","InkBottle","Membership Card","Thread and Needle","CeramicFish","ClockworkSouvenir","Blood Vial","Sundial","PreservedInsect","Tiny Chest","Mummified Hand","Girya","Calipers","Lantern","Strange Spoon","Letter Opener","Kunai","Pen Nib","Oddly Smooth Stone","Ancient Tea Set","DollysMirror","Inflame","Perfected Strike","Boot","Pantograph","Sling","Brimstone","White Beast Statue","Bottled Lightning"],"campfire_rested":3,"item_purchase_floors":[2,2,2,2,4,4,4,4,13,13,13,25,25,25,25,30,36,48,48,48,48,48,48,53,53,53,53,53,53],"current_hp_per_floor":[99,99,99,99,100,100,100,100,100,100,100,100,100,97,100,100,100,100,100,100,100,100,100,100,100,100,100,100,100,100,100,100,100,100,100,100,104,104,104,104,104,104,104,108,112,112,112,112,112,112,112,122,122,122,107],"gold":583,"neow_bonus":"TWO_FIFTY_GOLD","is_daily":false,"chose_seed":false,"campfire_upgraded":0,"win_rate":0.0,"timestamp":1608973856,"path_taken":["M","$","?","$","M","R","E","M","T","?","E","R","?","?","R","BOSS","M","?","M","?","?","R","E","$","T","M","E","R","$","M","R","BOSS","M","$","M","?","?","E","R","E","T","E","E","M","E","$","R","BOSS","R","$","E","BOSS"],"items_purchased_type":["Relic","Relic","Relic","Relic","Relic","Relic","Relic","Relic","Relic","Relic","Relic","Relic","Relic","Relic","Relic","Relic","Relic","Relic","Relic","Relic","Relic","Card","Card","Relic","Relic","Relic","Relic","Relic","Relic"],"build_version":"2020-12-22","purchased_purges":0,"victory":true,"max_hp_per_floor":[100,100,100,100,100,100,100,100,100,100,100,100,100,100,100,100,100,100,100,100,100,100,100,100,100,100,100,100,100,100,100,100,100,100,100,100,104,104,104,104,104,104,104,108,112,112,112,112,112,112,112,122,122,122,122],"card_choices":[{"not_picked":["Hemokinesis","True Grit"],"picked":"Power Through","floor":1},{"not_picked":["Clash","Cleave"],"picked":"Heavy Blade","floor":5},{"not_picked":["Perfected Strike","Feel No Pain"],"picked":"Impervious","floor":7},{"not_picked":["Feel No Pain","Armaments"],"picked":"Warcry","floor":8},{"not_picked":["Clash","Sever Soul"],"picked":"Headbutt","floor":10},{"not_picked":["Warcry","Shrug It Off"],"picked":"Wild Strike","floor":11},{"not_picked":["Double Tap","Bludgeon"],"picked":"Demon Form","floor":16},{"not_picked":["Flex","Iron Wave+1"],"picked":"Inflame","floor":18},{"not_picked":["Feel No Pain","Warcry"],"picked":"Pommel Strike","floor":20},{"not_picked":["Evolve","Rage"],"picked":"Spot Weakness+1","floor":24},{"not_picked":["Clash+1","Anger"],"picked":"Iron Wave+1","floor":27},{"not_picked":["Carnage","Fire Breathing"],"picked":"Double Tap","floor":28},{"not_picked":["Warcry","Feel No Pain+1"],"picked":"Twin Strike","floor":31},{"not_picked":["Offering","Reaper"],"picked":"Double Tap","floor":33},{"not_picked":["Sword Boomerang","Armaments+1","Metallicize+1"],"picked":"SKIP","floor":35},{"not_picked":["Anger","Cleave+1","Reckless Charge+1"],"picked":"SKIP","floor":37},{"not_picked":["Blood for Blood","Perfected Strike"],"picked":"Uppercut+1","floor":39},{"not_picked":["Disarm","Pommel Strike"],"picked":"Dropkick+1","floor":40},{"not_picked":["Body Slam+1","Shrug It Off"],"picked":"Flame Barrier+1","floor":42},{"not_picked":["Body Slam+1","Barricade"],"picked":"Rage","floor":44},{"not_picked":["Warcry","Headbutt"],"picked":"Rage","floor":45},{"not_picked":["Twin Strike+1","Thunderclap"],"picked":"Flame Barrier+1","floor":46},{"not_picked":["Sword Boomerang+1","Twin Strike"],"picked":"Carnage+1","floor":47},{"not_picked":["Battle Trance","Sentinel"],"picked":"Heavy Blade+1","floor":54}],"player_experience":521001,"relics_obtained":[{"floor":7,"key":"Ornamental Fan"},{"floor":9,"key":"HornCleat"},{"floor":11,"key":"Regal Pillow"},{"floor":22,"key":"StrikeDummy"},{"floor":24,"key":"Shovel"},{"floor":26,"key":"Matryoshka"},{"floor":28,"key":"Red Skull"},{"floor":34,"key":"War Paint"},{"floor":34,"key":"Paper Frog"},{"floor":34,"key":"Torii"},{"floor":39,"key":"WingedGreaves"},{"floor":40,"key":"Whetstone"},{"floor":42,"key":"Happy Flower"},{"floor":43,"key":"Bag of Marbles"},{"floor":43,"key":"Centennial Puzzle"},{"floor":44,"key":"Bottled Flame"},{"floor":45,"key":"Juzu Bracelet"},{"floor":47,"key":"Akabeko"},{"floor":49,"key":"Toy Ornithopter"},{"floor":52,"key":"Pear"},{"floor":54,"key":"Mercury Hourglass"}],"event_choices":[{"damage_healed":0,"gold_gain":0,"player_choice":"Rummage","damage_taken":0,"relics_obtained":["WarpedTongs"],"max_hp_gain":0,"max_hp_loss":0,"event_name":"Accursed Blacksmith","floor":3,"gold_loss":0,"cards_obtained":["Pain"]},{"damage_healed":0,"gold_gain":0,"player_choice":"Success","damage_taken":3,"relics_obtained":["Vajra"],"max_hp_gain":0,"max_hp_loss":0,"event_name":"Scrap Ooze","floor":14,"gold_loss":0},{"damage_healed":0,"gold_gain":0,"player_choice":"Ignored","damage_taken":0,"max_hp_gain":0,"max_hp_loss":0,"event_name":"Beggar","floor":19,"gold_loss":0},{"damage_healed":0,"gold_gain":999,"player_choice":"Gold","damage_taken":0,"max_hp_gain":0,"max_hp_loss":0,"event_name":"MindBloom","floor":38,"gold_loss":0,"cards_obtained":["Normality","Normality"]},{"damage_healed":0,"gold_gain":0,"player_choice":"Fight","damage_taken":0,"max_hp_gain":0,"max_hp_loss":0,"event_name":"Mysterious Sphere","floor":39,"gold_loss":0}],"is_beta":false,"boss_relics":[{"not_picked":["Runic Cube","Philosopher\u0027s Stone"],"picked":"Mark of Pain"},{"not_picked":["Busted Crown","Coffee Dripper"],"picked":"Calling Bell"}],"items_purged_floors":[],"is_endless":false,"potions_floor_spawned":[5,10,11,18,24,28,35,44,47,54],"ascension_level":6}}