{"host":"2461dio7vetlq1z3","time":1608989765,"event":{"mods":["2.2 Compatiblity","AchievementEnabler","Aspiration","BaseMod","Better Third Choice","Friendly Minions","Hermit","Minty Spire (QoL Compilation)","Relic Stats","Spicy Shops","StSLib","Waifu the Spire"],"gold_per_floor":[118,137,157,171,190,190,216,216,216,245,170,180,180,214,214,293,293,293,29,29,29,29,29,29,29,29,29,29,29,29],"floor_reached":29,"playtime":953,"items_purged":[],"score":530,"play_id":"3eac99a7-d666-436c-ba95-13f83f4e731b","local_time":"20201226143605","is_ascension_mode":true,"campfire_choices":[{"data":"Carnage","floor":6,"key":"SMITH"},{"data":"Bash","floor":8,"key":"SMITH"},{"data":"Juggernaut","floor":13,"key":"SMITH"},{"data":"True Grit","floor":15,"key":"SMITH"},{"floor":23,"key":"REST"},{"data":"Dual Wield","floor":27,"key":"SMITH"}],"circlet_count":0,"master_deck":["AscendersBane","Strike_R","Strike_R","Strike_R","Strike_R","Defend_R","Defend_R","Defend_R","Defend_R","Bash+1","Carnage+1","Cleave","Sever Soul","Second Wind","Dark Embrace","Pummel","Juggernaut+1","Feel No Pain","True Grit+1","Offering","Ghostly Armor","Dark Embrace","Metallicize","Burning Pact","Dual Wield+1","Ghostly","Ghostly","Ghostly"],"relics":["Burning Blood","aspiration:HatOfInfinitePower","Paper Frog","Eternal Feather","Red Skull","Meat on the Bone","Ectoplasm","Juzu Bracelet","Matryoshka"],"acts_visited":["Exordium","TheCity"],"potions_floor_usage":[10,16,18,24,29,29],"damage_taken":[{"damage":7,"enemies":"Small Slimes","floor":1,"turns":3},{"damage":4,"enemies":"2 Louse","floor":2,"turns":3},{"damage":12,"enemies":"Jaw Worm","floor":3,"turns":2},{"damage":13,"enemies":"3 Louse","floor":4,"turns":2},{"damage":0,"enemies":"Exordium Wildlife","floor":5,"turns":2},{"damage":25,"enemies":"3 Sentries","floor":7,"turns":6},{"damage":15,"enemies":"Lagavulin","floor":10,"turns":4},{"damage":11,"enemies":"Blue Slaver","floor":12,"turns":3},{"damage":11,"enemies":"3 Sentries","floor":14,"turns":4},{"damage":23,"enemies":"Slime Boss","floor":16,"turns":7},{"damage":25,"enemies":"3 Byrds","floor":18,"turns":4},{"damage":6,"enemies":"Chosen","floor":20,"turns":3},{"damage":33,"enemies":"Snake Plant","floor":21,"turns":3},{"damage":39,"enemies":"Slavers","floor":24,"turns":4},{"damage":6,"enemies":"3 Cultists","floor":28,"turns":4},{"damage":36,"enemies":"Gremlin Leader","floor":29,"turns":5}],"seed_played":"-5307595911226123794","potions_obtained":[{"floor":1,"key":"SpeedPotion"},{"floor":5,"key":"Weak Potion"},{"floor":10,"key":"LiquidMemories"},{"floor":18,"key":"Dexterity Potion"},{"floor":24,"key":"SpeedPotion"},{"floor":28,"key":"PowerPotion"}],"is_trial":false,"path_per_floor":["M","M","M","M","M","R","E","R","T","E","?","M","R","E","R","B",null,"M","$","M","M","?","R","E","?","T","R","M","E"],"character_chosen":"IRONCLAD","items_purchased":["Dark Embrace"],"campfire_rested":1,"item_purchase_floors":[19],"current_hp_per_floor":[67,68,62,55,61,61,42,42,42,33,33,28,37,32,41,36,60,41,41,41,26,7,40,19,19,19,34,34,0,0],"gold":29,"neow_bonus":"ONE_RARE_RELIC","is_daily":false,"chose_seed":false,"campfire_upgraded":5,"win_rate":0.0,"timestamp":1608989765,"path_taken":["M","M","M","M","M","R","E","R","T","E","?","M","R","E","R","BOSS","M","$","M","M","?","R","E","?","T","R","M","E"],"items_purchased_type":["Card"],"build_version":"2020-12-22","purchased_purges":0,"victory":false,"max_hp_per_floor":[68,68,68,68,68,68,68,68,68,68,68,68,68,68,68,68,68,68,68,68,68,73,73,73,36,36,36,36,36,36],"relic_stats":{"counters":[16,59],"Eternal Feather":45,"Ectoplasm":83,"Juzu Bracelet":0,"obtain_stats":[{"Matryoshka":26,"Eternal Feather":9,"Ectoplasm":17,"Juzu Bracelet":24,"aspiration:HatOfInfinitePower":0,"Burning Blood":0,"Red Skull":10,"Paper Frog":7,"Meat on the Bone":14},{"Matryoshka":14,"Eternal Feather":6,"Ectoplasm":10,"Juzu Bracelet":14,"aspiration:HatOfInfinitePower":0,"Burning Blood":0,"Red Skull":7,"Paper Frog":6,"Meat on the Bone":9},{"Matryoshka":50,"Eternal Feather":18,"Ectoplasm":36,"Juzu Bracelet":50,"aspiration:HatOfInfinitePower":0,"Burning Blood":0,"Red Skull":22,"Paper Frog":18,"Meat on the Bone":29}],"Burning Blood":89,"Meat on the Bone":36},"card_choices":[{"not_picked":["Flame Barrier","Pommel Strike"],"picked":"Carnage","floor":1},{"not_picked":["Infernal Blade","Thunderclap"],"picked":"Cleave","floor":2},{"not_picked":["Armaments","Body Slam"],"picked":"Sever Soul","floor":3},{"not_picked":["Sword Boomerang","Headbutt"],"picked":"Second Wind","floor":4},{"not_picked":["Twin Strike","Perfected Strike"],"picked":"Dark Embrace","floor":5},{"not_picked":["Iron Wave","Flex"],"picked":"Pummel","floor":7},{"not_picked":["Warcry","Cleave"],"picked":"Juggernaut","floor":10},{"not_picked":["Perfected Strike","Armaments"],"picked":"Feel No Pain","floor":12},{"not_picked":["Body Slam","Cleave"],"picked":"True Grit","floor":14},{"not_picked":["Reaper","Demon Form"],"picked":"Offering","floor":16},{"not_picked":["Twin Strike+1","Heavy Blade"],"picked":"Ghostly Armor","floor":18},{"not_picked":["Warcry","Wild Strike"],"picked":"Metallicize","floor":20},{"not_picked":["Iron Wave","Perfected Strike"],"picked":"Burning Pact","floor":21},{"not_picked":["Intimidate","Inflame+1"],"picked":"Dual Wield","floor":24},{"not_picked":["Headbutt","Infernal Blade","Sword Boomerang"],"picked":"SKIP","floor":28}],"player_experience":940422,"relics_obtained":[{"floor":7,"key":"Paper Frog"},{"floor":9,"key":"Eternal Feather"},{"floor":10,"key":"Red Skull"},{"floor":14,"key":"Meat on the Bone"},{"floor":24,"key":"Juzu Bracelet"},{"floor":26,"key":"Matryoshka"}],"event_choices":[{"cards_removed":["Strike_R"],"damage_healed":0,"gold_gain":0,"player_choice":"Card Removal","damage_taken":0,"max_hp_gain":0,"max_hp_loss":0,"event_name":"The Cleric","floor":11,"gold_loss":75},{"damage_healed":0,"gold_gain":0,"player_choice":"Shed Blood","damage_taken":24,"max_hp_gain":5,"max_hp_loss":0,"event_name":"Forgotten Altar","floor":22,"gold_loss":0},{"damage_healed":0,"gold_gain":0,"player_choice":"Became a Ghost","damage_taken":0,"max_hp_gain":0,"max_hp_loss":37,"event_name":"Ghosts","floor":25,"gold_loss":0,"cards_obtained":["Ghostly","Ghostly","Ghostly"]}],"is_beta":false,"boss_relics":[{"not_picked":["SacredBark","aspiration:SecretTechniqueScroll"],"picked":"Ectoplasm"}],"items_purged_floors":[],"is_endless":false,"potions_floor_spawned":[1,5,10,18,24,28],"killed_by":"Gremlin Leader","ascension_level":20}}