{"host":"78zdngn0u28jm0pp","time":1608964891,"event":{"mods":["BaseMod","Jorbs\u0027s Wanderer Trilogy","Minty Spire (QoL Compilation)","Permanent Neow","Quick Restart","Relic Stats","StSLib","Unceasing Turn Reminder"],"gold_per_floor":[112,130,130,149,169,169,169,244,267,267,300,42,42,55,55,129,129,148,39,39,53,64,64,64,64],"floor_reached":24,"playtime":915,"items_purged":["Strike_G","Strike_G"],"score":442,"play_id":"46b13b61-b9b0-4026-ba44-99feee09399c","local_time":"20201225234130","is_ascension_mode":true,"campfire_choices":[{"floor":6,"key":"REST"},{"floor":13,"key":"REST"},{"data":"Dagger Throw","floor":15,"key":"SMITH"},{"floor":23,"key":"REST"}],"circlet_count":0,"master_deck":["AscendersBane","Strike_G","Strike_G","Defend_G","Defend_G","Defend_G","Defend_G","Defend_G","Survivor","Neutralize+1","CurseOfTheBell","Flying Knee","Flying Knee","All Out Attack","Adrenaline","Dagger Throw+1","Footwork","Acrobatics","Tools of the Trade","Cloak And Dagger","Terror","Underhanded Strike","Backflip"],"relics":["Calling Bell","Juzu Bracelet","Pantograph","Tingsha","Smiling Mask","Omamori","Bronze Scales","Runic Dome"],"acts_visited":["Exordium","TheCity"],"potions_floor_usage":[11,11,14,16,18,24,24],"damage_taken":[{"damage":12,"enemies":"Small Slimes","floor":1,"turns":4},{"damage":0,"enemies":"2 Louse","floor":2,"turns":4},{"damage":0,"enemies":"Cultist","floor":4,"turns":4},{"damage":16,"enemies":"Red Slaver","floor":5,"turns":4},{"damage":0,"enemies":"Gremlin Nob","floor":11,"turns":3},{"damage":4,"enemies":"3 Louse","floor":14,"turns":3},{"damage":17,"enemies":"Slime Boss","floor":16,"turns":9},{"damage":1,"enemies":"Spheric Guardian","floor":18,"turns":3},{"damage":20,"enemies":"2 Thieves","floor":21,"turns":4},{"damage":24,"enemies":"Snake Plant","floor":22,"turns":4},{"damage":40,"enemies":"Gremlin Leader","floor":24,"turns":6}],"seed_played":"-3149001105382125172","potions_obtained":[{"floor":4,"key":"SteroidPotion"},{"floor":5,"key":"DistilledChaos"},{"floor":16,"key":"Regen Potion"},{"floor":21,"key":"Strength Potion"},{"floor":22,"key":"Energy Potion"}],"is_trial":false,"path_per_floor":["M","M","?","M","M","R","?","?","T","?","E","$","R","M","R","B",null,"M","$","?","M","M","R","E"],"character_chosen":"THE_SILENT","items_purchased":["Dagger Throw","Footwork","FearPotion","SkillPotion","Cloak And Dagger"],"campfire_rested":3,"item_purchase_floors":[12,12,12,12,19],"current_hp_per_floor":[47,47,47,47,31,50,43,32,32,27,27,27,46,42,42,49,62,61,61,61,41,17,36,0,0],"gold":64,"neow_bonus":"BOSS_RELIC","is_daily":false,"chose_seed":false,"campfire_upgraded":1,"win_rate":0.0,"timestamp":1608964890,"path_taken":["M","M","?","M","M","R","?","?","T","?","E","$","R","M","R","BOSS","M","$","?","M","M","R","E"],"items_purchased_type":["Card","Card","Potion","Potion","Card"],"build_version":"2020-12-22","purchased_purges":2,"victory":false,"max_hp_per_floor":[66,66,66,66,66,66,66,66,66,66,66,66,66,66,66,66,66,66,66,66,66,66,66,66,66],"relic_stats":{"counters":[11,48],"Pantograph":24,"Bronze Scales":[71],"Tingsha":[106],"Juzu Bracelet":0,"Smiling Mask":75,"obtain_stats":[{"Calling Bell":0,"Runic Dome":17,"Pantograph":0,"Bronze Scales":11,"Tingsha":0,"Juzu Bracelet":0,"Omamori":10,"Smiling Mask":9,"Ring of the Snake":0},{"Calling Bell":0,"Runic Dome":7,"Pantograph":0,"Bronze Scales":5,"Tingsha":0,"Juzu Bracelet":0,"Omamori":4,"Smiling Mask":4,"Ring of the Snake":0},{"Calling Bell":0,"Runic Dome":31,"Pantograph":0,"Bronze Scales":19,"Tingsha":0,"Juzu Bracelet":0,"Omamori":16,"Smiling Mask":16,"Ring of the Snake":0}]},"card_choices":[{"not_picked":["Masterful Stab","Backflip"],"picked":"Flying Knee","floor":1},{"not_picked":["Choke","Infinite Blades","Caltrops"],"picked":"SKIP","floor":2},{"not_picked":["Deadly Poison","Tactician"],"picked":"Flying Knee","floor":4},{"not_picked":["Deflect","Eviscerate"],"picked":"All Out Attack","floor":5},{"not_picked":["Dodge and Roll","Prepared"],"picked":"Adrenaline","floor":11},{"not_picked":["PiercingWail","Tactician"],"picked":"Acrobatics","floor":14},{"not_picked":["Phantasmal Killer","Burst"],"picked":"Tools of the Trade","floor":16},{"not_picked":["Bane","Quick Slash+1","Dodge and Roll"],"picked":"SKIP","floor":18},{"not_picked":["Accuracy","Acrobatics"],"picked":"Underhanded Strike","floor":21},{"not_picked":["Setup","PiercingWail"],"picked":"Backflip","floor":22}],"player_experience":689563,"relics_obtained":[{"floor":0,"key":"Juzu Bracelet"},{"floor":0,"key":"Pantograph"},{"floor":0,"key":"Tingsha"},{"floor":9,"key":"Smiling Mask"},{"floor":11,"key":"Bronze Scales"}],"event_choices":[{"damage_healed":0,"gold_gain":0,"player_choice":"Grow","damage_taken":0,"max_hp_gain":0,"max_hp_loss":0,"event_name":"Living Wall","floor":3,"gold_loss":0,"cards_upgraded":["Neutralize"]},{"cards_removed":["Strike_G"],"damage_healed":0,"gold_gain":0,"player_choice":"Card Removal","damage_taken":7,"max_hp_gain":0,"max_hp_loss":0,"event_name":"Golden Wing","floor":7,"gold_loss":0},{"damage_healed":0,"gold_gain":75,"player_choice":"Gather Gold","damage_taken":11,"max_hp_gain":0,"max_hp_loss":0,"event_name":"World of Goop","floor":8,"gold_loss":0},{"damage_healed":0,"gold_gain":0,"player_choice":"Success","damage_taken":5,"relics_obtained":["Omamori"],"max_hp_gain":0,"max_hp_loss":0,"event_name":"Scrap Ooze","floor":10,"gold_loss":0},{"damage_healed":0,"gold_gain":0,"player_choice":"Read","damage_taken":0,"max_hp_gain":0,"max_hp_loss":0,"event_name":"The Library","floor":20,"gold_loss":0,"cards_obtained":["Terror"]}],"is_beta":false,"boss_relics":[{"not_picked":["Tiny House","Velvet Choker"],"picked":"Runic Dome"}],"items_purged_floors":[12,19],"is_endless":false,"potions_floor_spawned":[4,5,16,21,22],"killed_by":"Gremlin Leader","ascension_level":20}}