{"host":"uwh382mre4waz4ff","time":1608956191,"event":{"mods":["AchievementEnabler","BaseMod","Better Note","Better Third Choice","BetterRewards","HololiveMod","Minty Spire (QoL Compilation)","Quick Restart","Shop Mod","StSLib"],"gold_per_floor":[77,77,29,29,47,76,88,100,112,124,146,188,211,252,264,380,392,421,433,445,472,196,245,605,605,631,661,696,1045,1045,591,591,701,701,728,728,424,454,454,503,503,534,534,568,568,617,617,642,642,657,657,657,387,435,435],"floor_reached":56,"playtime":1986,"items_purged":["Hololive_Strike","Hololive_Defend","Hololive_SummonFox","Hololive_Trident","Apotheosis+1"],"score":1984,"play_id":"798833ba-c0e1-41cb-aae3-b2f94e9efa9e","local_time":"20201226121631","is_ascension_mode":false,"campfire_choices":[{"data":"Hololive_CallOzoraSubaru","floor":8.0,"key":"SMITH"},{"data":"Hololive_MaximGun","floor":10.0,"key":"SMITH"},{"data":"Hololive_CallHoushouMarine","floor":15.0,"key":"SMITH"},{"data":"Hololive_IdolExercise","floor":30,"key":"SMITH"},{"floor":32,"key":"RECALL"},{"floor":41,"key":"REST"},{"data":"Enlightenment","floor":49,"key":"SMITH"},{"floor":52,"key":"REST"}],"circlet_count":0,"master_deck":["Hololive_CallAkaiHaato+1","Hololive_CallOzoraSubaru+1","Hololive_CallNekomataOkayu+1","Hololive_CallHoushouMarine+1","Hololive_CallOkamiMio+1","Hololive_CocoNews+1","Hololive_Spy+1","Hololive_CallOzoraSubaru+1","Apotheosis+1","Hololive_CallManoAloe+1","Hololive_MaximGun+1","Hololive_CocoNews+1","Hololive_CallYozoraMel+1","Hololive_IdolExercise+1","Hololive_CallMurasakiShion+1","Hololive_CallMinatoAqua+1","Hololive_CallTokinoSora+1","Hololive_CandyCastle+1","Hololive_CallMinatoAqua+1","Hololive_CallTokinoSora+1","Hololive_Nanodesu+1","Hololive_CallOzoraSubaru+1","Hololive_CallShiranuiFlare+1","Hololive_CallAyundaRisu+1","Hololive_CallUruhaRushia+1","Hololive_CallNatsuiroMatsuri+1","Hololive_CallShirakamiFubuki+1","Enlightenment+1","Hololive_CallMomosuzuNene+2","Hololive_CallTsunomakiWatame+1"],"relics":["Hololive_TheStar","Membership Card","Omamori","Happy Flower","Runic Dome","Turnip","CaptainsWheel","betterThird:SlimedRelic","MawBank","Mercury Hourglass","Centennial Puzzle","Art of War","Hololive_Finger","Frozen Egg 2","Tiny Chest","Bronze Scales","Oddly Smooth Stone","Old Coin","Juzu Bracelet","HandDrill","Meat on the Bone","MerchantsRug","Sozu","Medical Kit","Bag of Preparation","MealTicket","Mark of the Bloom","Ginger","Bottled Tornado","Boot","Regal Pillow","Sling","Whetstone","Bag of Marbles"],"acts_visited":["Exordium","TheCity","TheBeyond","TheEnding"],"potions_floor_usage":[29,29,50,50],"damage_taken":[{"damage":0.0,"enemies":"Jaw Worm","floor":1.0,"turns":2.0},{"damage":0.0,"enemies":"2 Louse","floor":5.0,"turns":2.0},{"damage":0.0,"enemies":"3 Sentries","floor":6.0,"turns":3.0},{"damage":0.0,"enemies":"Small Slimes","floor":11.0,"turns":2.0},{"damage":0.0,"enemies":"Gremlin Nob","floor":12.0,"turns":3.0},{"damage":1.0,"enemies":"Exordium Wildlife","floor":13.0,"turns":3.0},{"damage":0.0,"enemies":"Lagavulin","floor":14.0,"turns":4.0},{"damage":0.0,"enemies":"Slime Boss","floor":16.0,"turns":4.0},{"damage":0.0,"enemies":"Spheric Guardian","floor":18.0,"turns":3.0},{"damage":0.0,"enemies":"Shell Parasite","floor":21.0,"turns":2.0},{"damage":0.0,"enemies":"Book of Stabbing","floor":23.0,"turns":3.0},{"damage":0.0,"enemies":"3 Cultists","floor":27.0,"turns":3.0},{"damage":0.0,"enemies":"Snecko","floor":28.0,"turns":3.0},{"damage":0,"enemies":"Slavers","floor":29,"turns":4},{"damage":0,"enemies":"Champ","floor":33,"turns":5},{"damage":2,"enemies":"3 Darklings","floor":35,"turns":3},{"damage":0,"enemies":"3 Shapes","floor":38,"turns":3},{"damage":0,"enemies":"Nemesis","floor":40,"turns":3},{"damage":0,"enemies":"Sphere and 2 Shapes","floor":42,"turns":3},{"damage":0,"enemies":"Jaw Worm Horde","floor":44,"turns":3},{"damage":0,"enemies":"Giant Head","floor":46,"turns":3},{"damage":0,"enemies":"Awakened One","floor":50,"turns":7},{"damage":0,"enemies":"Shield and Spear","floor":54,"turns":4},{"damage":0,"enemies":"The Heart","floor":55,"turns":5}],"seed_played":"-2686635222609286678","potions_obtained":[{"floor":1.0,"key":"EntropicBrew"},{"floor":6.0,"key":"Ancient Potion"},{"floor":14.0,"key":"Block Potion"},{"floor":16.0,"key":"LiquidBronze"},{"floor":27.0,"key":"Block Potion"},{"floor":29,"key":"EssenceOfSteel"},{"floor":33,"key":"DistilledChaos"}],"is_trial":false,"path_per_floor":["M","?","?","?","M","E","?","R","T","R","M","E","M","E","R","B",null,"M","?","?","M","$","E","?","?","T","M","M","E","R","$","R","B",null,"M","T","$","M","?","E","R","M","T","M","?","E","?","T","R","B",null,"R","$","E","B",null],"character_chosen":"Hololive_HololiveCharacter","items_purchased":["Membership Card","Omamori","Hololive_CocoNews","Hololive_Spy","Hololive_CallOzoraSubaru","CaptainsWheel","Frozen Egg 2","Hololive_CallTokinoSora+1","Tiny Chest","Juzu Bracelet","Hololive_CallTokinoSora+1","HandDrill","Meat on the Bone","MerchantsRug","Medical Kit","Bag of Preparation","MealTicket","Hololive_CallMomosuzuNene+1","Sling","Whetstone"],"campfire_rested":2,"item_purchase_floors":[0,0,0,0,0,0,22,22,22,31,31,31,31,31,37,37,37,53,53,53],"current_hp_per_floor":[12,12,1,6,6,6,6,6,6,6,6,6,5,5,5,5,40,40,40,40,40,40,40,4,4,4,4,4,22,22,22,22,22,40,40,40,40,40,40,40,40,40,40,40,40,40,40,40,40,40,40,40,40,40,40],"gold":435,"neow_bonus":"","is_daily":false,"chose_seed":false,"campfire_upgraded":5,"win_rate":0.0,"timestamp":1608956191,"path_taken":["M","?","?","?","?","E","?","R","T","R","?","E","M","E","R","BOSS","M","?","?","M","$","E","?","?","T","?","M","E","R","$","R","BOSS","M","?","$","M","?","E","R","M","T","M","?","E","?","?","R","BOSS","R","$","E","BOSS"],"items_purchased_type":["Relic","Relic","Card","Card","Card","Relic","Relic","Card","Relic","Relic","Card","Relic","Relic","Relic","Relic","Relic","Relic","Card","Relic","Relic"],"build_version":"2020-12-22","purchased_purges":5,"victory":true,"max_hp_per_floor":[35,35,35,40,40,40,40,40,40,40,40,40,40,40,40,40,40,40,40,40,40,40,40,40,40,40,40,40,40,40,40,40,40,40,40,40,40,40,40,40,40,40,40,40,40,40,40,40,40,40,40,40,40,40,40],"card_choices":[{"not_picked":["Hololive_Breathe","Hololive_Psychosis","Hololive_Drill","Hololive_Sequa"],"picked":"SKIP","floor":1.0},{"not_picked":["Hololive_StrengthChampion","Hololive_CallNekomataOkayu","Hololive_CallDoris"],"picked":"Hololive_CallManoAloe","floor":5.0},{"not_picked":["Hololive_HuntDinosaur","Hololive_ManjiGathering","Hololive_Breathe"],"picked":"Hololive_MaximGun","floor":6.0},{"not_picked":["Hololive_Rebound","Hololive_OvertimeWork","Hololive_Trident","Hololive_HuntDinosaur"],"picked":"SKIP","floor":11.0},{"not_picked":["Hololive_HuntDinosaur","Hololive_Psychosis","Hololive_Teleport"],"picked":"Hololive_CocoNews","floor":12.0},{"not_picked":["Hololive_SoulCatcher","Hololive_Trident","Hololive_Rebound","Hololive_Teleport"],"picked":"SKIP","floor":13.0},{"not_picked":["Hololive_CallManoAloe","Hololive_Rebound","Hololive_CallCivia"],"picked":"Hololive_CallYozoraMel","floor":14.0},{"not_picked":["Hololive_ScarfAndHalo","Hololive_StarCraft","Hololive_AWSL"],"picked":"Hololive_IdolExercise","floor":16.0},{"not_picked":["Hololive_CallNekomataOkayu+1","Hololive_LuckPotion","Hololive_CallDoris+1"],"picked":"Hololive_CallMurasakiShion","floor":18.0},{"not_picked":["Hololive_Breathe","Hololive_HuntDinosaur","Hololive_OvertimeWork+1"],"picked":"Hololive_CallMinatoAqua","floor":21.0},{"not_picked":["Hololive_HuntDinosaur","Hololive_HighAtkLowDef","Hololive_Drill","Hololive_LuckPotion"],"picked":"SKIP","floor":23.0},{"not_picked":["Hololive_RevenueBasedLive+1","Hololive_OvertimeWork","Hololive_LuckPotion","Hololive_FlyingPonyTail"],"picked":"SKIP","floor":27.0},{"not_picked":["Hololive_LuckPotion","Hololive_Psychosis","Hololive_FlyingPonyTail"],"picked":"Hololive_CandyCastle","floor":28.0},{"not_picked":["Hololive_Psychosis","Hololive_AWSL","Hololive_Sequa"],"picked":"Hololive_CallMinatoAqua+1","floor":29},{"not_picked":["Hololive_HighAtkLowDef","Hololive_DurableLive","Hololive_DiamondStrike"],"picked":"Hololive_Nanodesu","floor":33},{"not_picked":["Hololive_Psychosis","Hololive_Yoholoon","Hololive_LuckPotion+1"],"picked":"Hololive_CallOzoraSubaru+1","floor":35},{"not_picked":["Hololive_Rebound+1","Hololive_CallManoAloe+1","Hololive_Breathe"],"picked":"Hololive_CallShiranuiFlare+1","floor":38},{"not_picked":["Hololive_CallYozoraMel+1","Hololive_Drill","Hololive_CallArtia+1"],"picked":"Hololive_CallAyundaRisu+1","floor":40},{"not_picked":["Hololive_RevenueBasedLive+1","Hololive_OvertimeWork","Hololive_CallAyundaRisu+1"],"picked":"Hololive_CallUruhaRushia+1","floor":42},{"not_picked":["Hololive_CallSpadeEcho+1","Hololive_SoulCatcher","Hololive_Drill"],"picked":"Hololive_CallNatsuiroMatsuri+1","floor":44},{"not_picked":["Hololive_CallManoAloe+1","Hololive_HighAtkLowDef","Hololive_RevenueBasedLive"],"picked":"Hololive_CallShirakamiFubuki+1","floor":46},{"not_picked":["Impatience","Deep Breath","Madness"],"picked":"Enlightenment","floor":47},{"not_picked":["Hololive_CallSakuraMiko+1","Hololive_CallYogiri+1","Hololive_CocoNews"],"picked":"Hololive_CallTsunomakiWatame+1","floor":54}],"player_experience":220120,"relics_obtained":[{"floor":6.0,"key":"MawBank"},{"floor":9.0,"key":"Mercury Hourglass"},{"floor":12.0,"key":"Centennial Puzzle"},{"floor":14.0,"key":"Art of War"},{"floor":23.0,"key":"Bronze Scales"},{"floor":26.0,"key":"Oddly Smooth Stone"},{"floor":29,"key":"Old Coin"},{"floor":40,"key":"Ginger"},{"floor":43,"key":"Bottled Tornado"},{"floor":46,"key":"Boot"},{"floor":48,"key":"Regal Pillow"},{"floor":54,"key":"Bag of Marbles"}],"event_choices":[{"damage_healed":12.0,"max_hp_gain":0.0,"max_hp_loss":35.0,"gold_gain":0.0,"event_name":"betterThird:BetterShining","player_choice":"Embrace","floor":2.0,"gold_loss":0.0,"damage_taken":0.0},{"damage_healed":0.0,"max_hp_gain":0.0,"max_hp_loss":0.0,"gold_gain":0.0,"event_name":"betterThird:BetterGoop","player_choice":"Slimed","floor":3.0,"gold_loss":48.0,"damage_taken":11.0},{"damage_healed":0.0,"max_hp_gain":5.0,"max_hp_loss":0.0,"gold_gain":0.0,"event_name":"Big Fish","player_choice":"Donut","floor":4.0,"gold_loss":0.0,"damage_taken":0.0},{"damage_healed":0.0,"max_hp_gain":0.0,"max_hp_loss":0.0,"gold_gain":0.0,"event_name":"Upgrade Shrine","player_choice":"Upgraded","floor":7.0,"gold_loss":0.0,"damage_taken":0.0,"cards_upgraded":["Hololive_CallOzoraSubaru"]},{"damage_healed":0.0,"max_hp_gain":0.0,"max_hp_loss":0.0,"gold_gain":0.0,"event_name":"Duplicator","player_choice":"Copied","floor":19.0,"gold_loss":0.0,"damage_taken":0.0,"cards_obtained":["Apotheosis"]},{"cards_removed":["Hololive_Strike"],"damage_healed":0.0,"max_hp_gain":0.0,"max_hp_loss":0.0,"gold_gain":0.0,"event_name":"Purifier","player_choice":"Purged","floor":20.0,"gold_loss":0.0,"damage_taken":0.0},{"damage_healed":0.0,"max_hp_gain":0.0,"max_hp_loss":0.0,"gold_gain":360.0,"event_name":"Knowing Skull","player_choice":"GOLD GOLD GOLD GOLD ","floor":24.0,"potions_obtained":[],"gold_loss":0.0,"damage_taken":36.0,"cards_obtained":[]},{"damage_healed":0.0,"max_hp_gain":0.0,"max_hp_loss":0.0,"gold_gain":0.0,"event_name":"Vampires","player_choice":"Ignored","floor":25.0,"gold_loss":0.0,"damage_taken":0.0},{"damage_healed":0,"gold_gain":0,"player_choice":"Upgrade","damage_taken":0,"relics_obtained":["Mark of the Bloom"],"max_hp_gain":0,"max_hp_loss":0,"event_name":"MindBloom","floor":39,"gold_loss":0,"cards_upgraded":["Hololive_CallAkaiHaato","Hololive_CallNekomataOkayu","Hololive_CallOkamiMio","Hololive_CocoNews","Hololive_Spy","Hololive_CallManoAloe","Hololive_CocoNews","Hololive_CallYozoraMel","Hololive_CallMurasakiShion","Hololive_CallMinatoAqua","Hololive_CandyCastle","Hololive_Nanodesu"]},{"damage_healed":0,"gold_gain":0,"player_choice":"Got Potions","damage_taken":0,"max_hp_gain":0,"max_hp_loss":0,"event_name":"Lab","floor":45,"gold_loss":0},{"damage_healed":0,"gold_gain":0,"player_choice":"Memory 1","damage_taken":0,"max_hp_gain":0,"max_hp_loss":0,"event_name":"SensoryStone","floor":47,"gold_loss":0}],"is_beta":false,"boss_relics":[{"not_picked":["Black Star","Hololive_TopUpMoneyS"],"picked":"Hololive_Finger"},{"not_picked":["Hololive_ChaosS","Snecko Eye"],"picked":"Sozu"}],"items_purged_floors":[0,22,31,37,53],"is_endless":false,"potions_floor_spawned":[1,6,14,16,18,27,29,33,38,40,44],"ascension_level":0}}