{"host":"627up2rvtmm0cf0r","time":1608985742,"event":{"mods":["ATMod(阿瑾Mod)","Act Like it!","BaseMod","Better Vampires","CapriCore","Card Filter","Card Forge","Colored Powertips","DeckTracker","Dota2Spire","Friendly Minions","Highlight Path","Infinite Spire","Marked Mod","Mimic Mod","Minty Spire (QoL Compilation)","MostiFishMod","Permanent Neow","Practice Mode","Quick Restart","Relic Stats","Shop Mod","Spicy Shops","StSLib","SuperFastMode","TestMod","【遗物卡牌】REMEMod","残留之物","篝火指南"],"gold_per_floor":[114,130,130,130,150,177,177,205,205,225,235,235,635,662,662,759,759,769,769,684,594,610,645,664,664,704,736,756,772,772,802,802,898,898,911,923,447,447,497,524,246,271,271,305,305,305,305,324,324,324,324,174,174,203,203],"floor_reached":56,"playtime":1067,"items_purged":["Strike_P","Strike_P","Strike_P+1","Defend_P","Vigilance"],"score":2368,"play_id":"b1c50224-fe77-468e-ad85-8b18604217dd","local_time":"20201226202902","is_ascension_mode":true,"campfire_choices":[{"data":"AT_MachinaRedman","floor":7,"key":"SMITH"},{"data":"AT_RealColorLess","floor":12,"key":"SMITH"},{"data":"REME_Repentance","floor":15,"key":"SMITH"},{"data":"AT_MachinaRedman","floor":30,"key":"SMITH"},{"data":"Adrenaline","floor":32,"key":"SMITH"},{"floor":49,"key":"RECALL"}],"circlet_count":0,"master_deck":["AscendersBane","Defend_P","Defend_P","Defend_P","Eruption","AT_RealColorLess+1","Adrenaline+1","AT_MachinaRedman+1","REME_Repentance+1","MostiFishMod:Dust","AT_MachinaRedman+1","MostiFishMod:DustFall"],"relics":["PureWater","Hammer of Thor","Seething Fire","DaveBox","REME_ComplimentaryCards","AT_ATBox","testmod-ObsoleteBoomerang","SentryEyes","Juzu Bracelet","SynthV:TestCard","AT_RabadonDeathcap","AT_RedNoBalance","Pear","testmod-Prudence","Nloth\u0027s Gift","Dota2Spire:LinkenSphere","testmod-HeartOfStrike","Dota2Spire:LotusOrb","Dota2Spire:BlackKingBar","AT_Kusabimaru","AT_BellowingDragoncrestRing","Dota2Spire:RefresherOrb","BionicSphere","DianPoetry","infinitespire:Lychee Nut","Dota2Spire:EtherealBlade","infinitespire:Lucky Rock","testmod-Nyarlathotep","Ornamental Fan","MarkedMod:AcupunctureKit","Boot"],"acts_visited":["Exordium","TheCity","TheBeyond","TheEnding"],"potions_floor_usage":[55],"damage_taken":[{"damage":0,"enemies":"2 Louse","floor":1,"turns":1},{"damage":0,"enemies":"Cultist","floor":2,"turns":2},{"damage":0,"enemies":"Jaw Worm","floor":5,"turns":1},{"damage":17,"enemies":"Lagavulin","floor":6,"turns":4},{"damage":0,"enemies":"Gremlin Nob","floor":8,"turns":2},{"damage":0,"enemies":"Exordium Thugs","floor":10,"turns":1},{"damage":0,"enemies":"Lots of Slimes","floor":11,"turns":1},{"damage":5,"enemies":"3 Sentries","floor":14,"turns":2},{"damage":15,"enemies":"The Guardian","floor":16,"turns":4},{"damage":7,"enemies":"Shell Parasite","floor":18,"turns":2},{"damage":0,"enemies":"Spheric Guardian","floor":22,"turns":2},{"damage":16,"enemies":"Slavers","floor":23,"turns":2},{"damage":0,"enemies":"3 Cultists","floor":24,"turns":2},{"damage":0,"enemies":"Snecko","floor":26,"turns":2},{"damage":4,"enemies":"Book of Stabbing","floor":27,"turns":2},{"damage":0,"enemies":"Snecko","floor":28,"turns":2},{"damage":0,"enemies":"Centurion and Healer","floor":29,"turns":1},{"damage":0,"enemies":"Slavers","floor":31,"turns":1},{"damage":0,"enemies":"Automaton","floor":33,"turns":2},{"damage":6,"enemies":"3 Shapes","floor":35,"turns":2},{"damage":13,"enemies":"3 Darklings","floor":36,"turns":2},{"damage":0,"enemies":"2 Orb Walkers","floor":39,"turns":1},{"damage":0,"enemies":"Reptomancer","floor":40,"turns":2},{"damage":0,"enemies":"Giant Head","floor":42,"turns":2},{"damage":0,"enemies":"Nemesis","floor":44,"turns":1},{"damage":2,"enemies":"Maw","floor":48,"turns":1},{"damage":2,"enemies":"Donu and Deca","floor":50,"turns":1},{"damage":0,"enemies":"Shield and Spear","floor":54,"turns":1},{"damage":53,"enemies":"The Heart","floor":55,"turns":3}],"seed_played":"-4305934621323196732","potions_obtained":[{"floor":1,"key":"FairyPotion"},{"floor":8,"key":"SmokeBomb"},{"floor":10,"key":"Dexterity Potion"}],"is_trial":false,"path_per_floor":["M","M","?","?","M","E","R","E","T","M","M","R","?","E","R","B",null,"M","?","?","?","M","E","M","AVR","MIM","E","M","M","R","E","R","B",null,"M","M","$","T","?","E","R","E","T","E","?","?","?","M","R","B",null,"R","$","E","B",null],"character_chosen":"WATCHER","items_purchased":["BionicSphere","infinitespire:Lucky Rock"],"campfire_rested":0,"item_purchase_floors":[37,41],"current_hp_per_floor":[65,65,70,70,70,53,53,53,53,38,38,38,38,43,43,28,72,36,36,36,36,43,27,43,43,43,39,43,43,43,43,43,43,76,37,24,24,24,24,28,28,32,32,32,32,32,32,30,30,28,54,54,54,54,8],"gold":203,"neow_bonus":"RANDOM_COMMON_RELIC","is_daily":false,"chose_seed":false,"campfire_upgraded":5,"win_rate":0.0,"timestamp":1608985742,"path_taken":["M","M","?","?","M","E","R","E","T","M","M","R","?","E","R","BOSS","M","?","?","?","M","E","M","AVR","MIM","E","M","M","R","E","R","BOSS","M","M","$","?","?","E","R","E","T","E","?","?","?","M","R","BOSS","R","$","E","BOSS"],"items_purchased_type":["Relic","Relic"],"build_version":"2020-12-22","purchased_purges":5,"victory":true,"max_hp_per_floor":[72,72,77,77,77,77,77,77,77,77,77,77,77,87,87,87,87,87,87,87,87,87,87,87,87,87,87,87,87,87,87,87,87,87,87,87,87,87,65,65,65,65,65,65,65,62,62,62,62,62,62,62,62,62,62],"relic_stats":{"counters":[29,49],"Ornamental Fan":[32],"Juzu Bracelet":2,"Nloth\u0027s Gift":9,"Boot":[0],"obtain_stats":[{"testmod-HeartOfStrike":23,"AT_ATBox":0,"DaveBox":0,"DianPoetry":38,"Hammer of Thor":0,"Dota2Spire:RefresherOrb":34,"Juzu Bracelet":0,"testmod-Nyarlathotep":42,"Dota2Spire:EtherealBlade":40,"Boot":54,"Dota2Spire:LotusOrb":25,"MarkedMod:AcupunctureKit":44,"testmod-Prudence":17,"AT_Kusabimaru":27,"testmod-ObsoleteBoomerang":0,"AT_RedNoBalance":35,"AT_RabadonDeathcap":6,"testmod-TestBox":0,"Pear":14,"Dota2Spire:BlackKingBar":26,"AT_SilverBalance":8,"Seething Fire":0,"infinitespire:Lucky Rock":41,"SynthV:TestCard":1,"AT_BellowingDragoncrestRing":31,"Anvil of the Gods":0,"infinitespire:Lychee Nut":39,"Ornamental Fan":43,"BionicSphere":37,"SentryEyes":0,"Dota2Spire:LinkenSphere":20,"Nloth\u0027s Gift":19,"PureWater":0,"REME_ComplimentaryCards":0},{"testmod-HeartOfStrike":12,"AT_ATBox":0,"DaveBox":0,"DianPoetry":21,"Hammer of Thor":0,"Dota2Spire:RefresherOrb":19,"Juzu Bracelet":0,"testmod-Nyarlathotep":24,"Dota2Spire:EtherealBlade":23,"Boot":28,"Dota2Spire:LotusOrb":13,"MarkedMod:AcupunctureKit":25,"testmod-Prudence":9,"AT_Kusabimaru":15,"testmod-ObsoleteBoomerang":0,"AT_RedNoBalance":20,"AT_RabadonDeathcap":4,"testmod-TestBox":0,"Pear":8,"Dota2Spire:BlackKingBar":14,"AT_SilverBalance":5,"Seething Fire":0,"infinitespire:Lucky Rock":23,"SynthV:TestCard":1,"AT_BellowingDragoncrestRing":18,"Anvil of the Gods":0,"infinitespire:Lychee Nut":22,"Ornamental Fan":24,"BionicSphere":21,"SentryEyes":0,"Dota2Spire:LinkenSphere":10,"Nloth\u0027s Gift":10,"PureWater":0,"REME_ComplimentaryCards":0},{"testmod-HeartOfStrike":21,"AT_ATBox":0,"DaveBox":0,"DianPoetry":37,"Hammer of Thor":0,"Dota2Spire:RefresherOrb":33,"Juzu Bracelet":0,"testmod-Nyarlathotep":42,"Dota2Spire:EtherealBlade":40,"Boot":46,"Dota2Spire:LotusOrb":23,"MarkedMod:AcupunctureKit":43,"testmod-Prudence":16,"AT_Kusabimaru":27,"testmod-ObsoleteBoomerang":0,"AT_RedNoBalance":33,"AT_RabadonDeathcap":7,"testmod-TestBox":0,"Pear":13,"Dota2Spire:BlackKingBar":25,"AT_SilverBalance":9,"Seething Fire":0,"infinitespire:Lucky Rock":40,"SynthV:TestCard":1,"AT_BellowingDragoncrestRing":31,"Anvil of the Gods":0,"infinitespire:Lychee Nut":38,"Ornamental Fan":42,"BionicSphere":37,"SentryEyes":0,"Dota2Spire:LinkenSphere":18,"Nloth\u0027s Gift":18,"PureWater":0,"REME_ComplimentaryCards":0}]},"card_choices":[{"not_picked":["FlyingSleeves","FlurryOfBlows","ClearTheMind"],"picked":"SKIP","floor":1},{"not_picked":["Evaluate","SashWhip","Consecrate","MostiFishMod:Clarity","CrushJoints"],"picked":"SKIP","floor":2},{"not_picked":["MarkedMod:Acupuncture","WindmillStrike","ForeignInfluence","EmptyMind","MentalFortress"],"picked":"SKIP","floor":5},{"not_picked":["Worship","Scrawl","CutThroughFate","FollowUp"],"picked":"AT_MachinaRedman","floor":6},{"not_picked":["FollowUp","Study","WindmillStrike","MostiFishMod:FlowState"],"picked":"REME_Repentance","floor":8},{"not_picked":["EmptyFist","JustLucky","REME_Repentance","CrushJoints","Wallop"],"picked":"SKIP","floor":10},{"not_picked":["AT_OneInchPunch","ThirdEye","SashWhip","Evaluate","BattleHymn"],"picked":"SKIP","floor":11},{"not_picked":["MarkedMod:Acupuncture","EmptyBody","Crescendo","SashWhip","REME_Repentance"],"picked":"SKIP","floor":14},{"not_picked":["Wish","Brilliance","MostiFishMod:Unraveling","DevaForm"],"picked":"MostiFishMod:Dust","floor":16},{"not_picked":["EmptyMind","Fasting2","Worship+1","ClearTheMind+1","DeceiveReality"],"picked":"SKIP","floor":18},{"not_picked":["Evaluate","AT_OneInchPunch","ThirdEye+1","MasterReality","Devotion"],"picked":"SKIP","floor":22},{"not_picked":["Prostrate","Worship","CrushJoints","MarkedMod:OneThousandNeedles"],"picked":"AT_MachinaRedman","floor":23},{"not_picked":["CrushJoints","FearNoEvil","FlyingSleeves","MarkedMod:Acupuncture","BowlingBash"],"picked":"SKIP","floor":24},{"not_picked":["MostiFishMod:DisColor","Wireheading","AT_ChampionStep","MostiFishMod:StarLaLaLa","Halt+1"],"picked":"SKIP","floor":27},{"not_picked":["ReachHeaven","Evaluate+1","CutThroughFate","MarkedMod:Acupuncture","Crescendo"],"picked":"SKIP","floor":28},{"not_picked":["Swivel","Judgement","BowlingBash+1","ReachHeaven","MostiFishMod:Nomercy+1"],"picked":"SKIP","floor":29},{"not_picked":["Wireheading","MasterReality","EmptyFist","Wish","TalkToTheHand"],"picked":"SKIP","floor":31},{"not_picked":["LessonLearned","MostiFishMod:DisColor","MostiFishMod:Disappear","Omniscience"],"picked":"MostiFishMod:DustFall","floor":33},{"not_picked":["MarkedMod:GracefulMovements","FlurryOfBlows","WindmillStrike+1","Prostrate","WaveOfTheHand"],"picked":"SKIP","floor":35},{"not_picked":["Evaluate","ReachHeaven","Protect+1","MarkedMod:Acupuncture+1","MostiFishMod:PathToVictory"],"picked":"SKIP","floor":36},{"not_picked":["Evaluate","ReachHeaven","Protect+1","MarkedMod:Acupuncture+1","MostiFishMod:PathToVictory"],"picked":"SKIP","floor":36},{"not_picked":["Crescendo+1","SpiritShield","Prostrate+1","WheelKick+1","Conclude+1"],"picked":"SKIP","floor":40},{"not_picked":["Conclude","MostiFishMod:StarWish","Evaluate+1","Wallop","SashWhip"],"picked":"SKIP","floor":42},{"not_picked":["MentalFortress+1","MostiFishMod:StarLaLaLa","MarkedMod:NorthStar","SashWhip","Halt"],"picked":"SKIP","floor":44},{"not_picked":["EmptyBody","MarkedMod:FirstStrike","MostiFishMod:Speedup","CarveReality","JustLucky+1"],"picked":"SKIP","floor":48},{"not_picked":["EmptyFist","MarkedMod:GracefulMovements","MostiFishMod:Clarity+1","MostiFishMod:StarLaLaLa","MarkedMod:Acupuncture"],"picked":"SKIP","floor":54}],"player_experience":50188,"relics_obtained":[{"floor":1,"key":"SynthV:TestCard"},{"floor":6,"key":"AT_RabadonDeathcap"},{"floor":8,"key":"AT_SilverBalance"},{"floor":14,"key":"Pear"},{"floor":23,"key":"testmod-HeartOfStrike"},{"floor":26,"key":"Dota2Spire:BlackKingBar"},{"floor":27,"key":"AT_Kusabimaru"},{"floor":31,"key":"AT_BellowingDragoncrestRing"},{"floor":38,"key":"DianPoetry"},{"floor":39,"key":"infinitespire:Lychee Nut"},{"floor":40,"key":"Dota2Spire:EtherealBlade"},{"floor":42,"key":"testmod-Nyarlathotep"},{"floor":43,"key":"Ornamental Fan"},{"floor":44,"key":"MarkedMod:AcupunctureKit"},{"floor":54,"key":"Boot"}],"event_choices":[{"damage_healed":0,"gold_gain":0,"player_choice":"Donut","damage_taken":0,"max_hp_gain":5,"max_hp_loss":0,"event_name":"Big Fish","floor":3,"gold_loss":0},{"damage_healed":0,"gold_gain":400,"player_choice":"Sell","damage_taken":0,"max_hp_gain":0,"max_hp_loss":0,"event_name":"恩洛斯的盘子","floor":13,"relics_lost":["testmod-TestBox"],"gold_loss":0},{"damage_healed":0,"gold_gain":0,"player_choice":"Traded Relic","damage_taken":0,"relics_obtained":["Nloth\u0027s Gift"],"max_hp_gain":0,"max_hp_loss":0,"event_name":"N\u0027loth","floor":19,"relics_lost":["Anvil of the Gods"],"gold_loss":0},{"damage_healed":0,"gold_gain":0,"player_choice":"Obtained Relic","damage_taken":0,"relics_obtained":["Dota2Spire:LinkenSphere"],"max_hp_gain":0,"max_hp_loss":0,"event_name":"Addict","floor":20,"gold_loss":85},{"cards_removed":["Strike_P"],"damage_healed":0,"gold_gain":0,"player_choice":"Upgrade and Remove","damage_taken":0,"max_hp_gain":0,"max_hp_loss":0,"event_name":"Designer","floor":21,"gold_loss":90,"cards_upgraded":["Strike_P"]},{"damage_healed":0,"gold_gain":0,"player_choice":"Fight","damage_taken":0,"max_hp_gain":0,"max_hp_loss":0,"event_name":"Mysterious Sphere","floor":39,"gold_loss":0},{"damage_healed":0,"gold_gain":0,"player_choice":"Max HP","damage_taken":0,"max_hp_gain":0,"max_hp_loss":3,"event_name":"Winding Halls","floor":46,"gold_loss":0},{"damage_healed":0,"gold_gain":0,"player_choice":"Ignored","damage_taken":0,"max_hp_gain":0,"max_hp_loss":0,"event_name":"给自己的盒子","floor":47,"gold_loss":0}],"is_beta":false,"boss_relics":[{"not_picked":["Velvet Choker","MoonlightInvasionPlan"],"picked":"testmod-Prudence"},{"not_picked":["Tiny House","HolyWater"],"picked":"Dota2Spire:RefresherOrb"}],"items_purged_floors":[25,37,37,41,52],"is_endless":false,"potions_floor_spawned":[1,8,10,22,23,27,29,33,39,42,44,48],"ascension_level":11}}