{"host":"po0gzr6h085cygwo","time":1608997397,"event":{"mods":["AchievementEnabler","BaseMod","Colored Map","DeckTracker","KOR Keyword Fix","Minty Spire (QoL Compilation)","Rare Cards Sparkle","Replay The Spire","StSLib","SuperFastMode"],"gold_per_floor":[112,112,112,37,54,89,89,89,89,89,89,102,102,102,130,30,30,132,132,148,148,148],"floor_reached":21,"playtime":1009,"items_purged":["Strike_R","Defend_R"],"score":201,"play_id":"c0bf234f-57b5-4420-b749-b5862a8cf73d","local_time":"20201227004317","is_ascension_mode":true,"campfire_choices":[{"floor":8,"key":"REST"},{"data":"ReplayTheSpireMod:Strike From Hell","floor":10,"key":"SMITH"},{"floor":17,"key":"REST"}],"circlet_count":0,"master_deck":["Strike_R","Strike_R","Defend_R","Defend_R","Bash","Bloodletting","Heavy Blade","Cleave","Run Through","ReplayTheSpireMod:Strike From Hell+1","Berserk","Magnetism","Discovery","Poisoned Strike"],"relics":["Burning Blood","ReplayTheSpireMod:Ring of Exchange","Ring of Searing","Boot","Question Card","Regal Pillow","ReplayTheSpireMod:ShopPack"],"acts_visited":["Exordium","TheCity"],"potions_floor_usage":[6,15,15,21],"damage_taken":[{"damage":4,"enemies":"Cultist","floor":1,"turns":3},{"damage":11,"enemies":"Small Slimes","floor":5,"turns":4},{"damage":45,"enemies":"Lagavulin","floor":6,"turns":6},{"damage":4,"enemies":"Jaw Worm","floor":12,"turns":3},{"damage":13,"enemies":"3 Sentries","floor":15,"turns":6},{"damage":43,"enemies":"Slime Boss","floor":18,"turns":8},{"damage":57,"enemies":"Shell Parasite","floor":20,"turns":5},{"damage":29,"enemies":"3 Byrds","floor":21,"turns":3}],"seed_played":"8828980334971119341","potions_obtained":[{"floor":1,"key":"Milkshake"},{"floor":5,"key":"GamblersBrew"},{"floor":11,"key":"SkillPotion"},{"floor":11,"key":"LiquidMemories"},{"floor":11,"key":"SpeedPotion"}],"is_trial":false,"path_per_floor":["M","?","?","$","M","E","$","R","T","R","?","M","PTL","PTL","E","$","R","B",null,"M","M"],"character_chosen":"IRONCLAD","items_purchased":[],"campfire_rested":2,"item_purchase_floors":[],"current_hp_per_floor":[58,58,58,58,53,14,14,38,38,38,38,40,40,40,33,33,72,35,80,29,0,0],"gold":148,"neow_bonus":"TRANSFORM_TWO_CARDS","is_daily":false,"chose_seed":false,"campfire_upgraded":1,"win_rate":0.0,"timestamp":1608997397,"path_taken":["M","?","?","$","M","E","$","R","T","R","?","M","PTL","PTL","E","$","R","BOSS","M","M"],"items_purchased_type":[],"build_version":"2020-12-22","purchased_purges":2,"victory":false,"max_hp_per_floor":[80,80,80,80,80,80,80,80,80,80,80,80,80,80,80,80,80,80,80,80,80,80],"card_choices":[{"not_picked":["Carnage","Pommel Strike"],"picked":"Cleave","floor":1},{"not_picked":["Anger","Feel No Pain"],"picked":"Run Through","floor":5},{"not_picked":["Headbutt","Perfected Strike"],"picked":"ReplayTheSpireMod:Strike From Hell","floor":6},{"not_picked":["Blood for Blood","Heavy Blade","Anger","Body Slam"],"picked":"SKIP","floor":12},{"not_picked":["Clash","Sever Soul","Twin Strike","ReplayReversal"],"picked":"SKIP","floor":15},{"not_picked":["Double Tap","Reaper","Offering"],"picked":"Berserk","floor":18},{"not_picked":["ReplayUltimateDefense","Sadistic Nature","Transmutation"],"picked":"Magnetism","floor":19},{"not_picked":["Flash of Steel","Finesse","Dramatic Entrance"],"picked":"Discovery","floor":19},{"not_picked":["Swift Strike","Finesse","Panache"],"picked":"Poisoned Strike","floor":19},{"not_picked":["Sword Boomerang","Warcry","Reckless Charge","Whirlwind"],"picked":"SKIP","floor":20}],"player_experience":46536,"relics_obtained":[{"floor":3,"key":"ReplayTheSpireMod:Ring of Exchange"},{"floor":3,"key":"Ring of Searing"},{"floor":6,"key":"Boot"},{"floor":9,"key":"Question Card"},{"floor":15,"key":"Regal Pillow"}],"event_choices":[{"damage_healed":0,"gold_gain":0,"player_choice":"Got Potions","damage_taken":0,"max_hp_gain":0,"max_hp_loss":0,"event_name":"Lab","floor":11,"gold_loss":0}],"is_beta":false,"boss_relics":[{"not_picked":["Replay:Bronze Core","Brimstone"],"picked":"ReplayTheSpireMod:ShopPack"}],"items_purged_floors":[4,16],"is_endless":false,"potions_floor_spawned":[1,5,12],"killed_by":"3 Byrds","ascension_level":2}}