{"host":"qxeepl7ydvsgmfdb","time":1608987330,"event":{"mods":["AchievementEnabler","BaseMod","Colored Powertips","Minty Spire (QoL Compilation)","Quick Restart","slay the spire mod where everything is the same but ironclad has a cowboy hat"],"gold_per_floor":[113,113,126,30,105,105,130,130,130,149,149,149,162,178,178,273,273,293,293,293,306,231,141,171,171,171],"floor_reached":25,"playtime":801,"items_purged":["Strike_G"],"score":317,"play_id":"2b51ca1f-5373-44f7-954c-c0bf6d4b914d","local_time":"20201226075530","is_ascension_mode":true,"campfire_choices":[{"data":"Dramatic Entrance","floor":6.0,"key":"SMITH"},{"floor":12,"key":"REST"},{"data":"Sucker Punch","floor":15,"key":"SMITH"}],"circlet_count":0,"master_deck":["Strike_G","Strike_G","Strike_G","Strike_G","Defend_G","Defend_G","Defend_G+1","Defend_G","Survivor","Neutralize+1","Backflip+1","Blade Dance","Dramatic Entrance+1","Quick Slash","Slice+1","Sucker Punch+1","Die Die Die","Footwork","Endless Agony","PiercingWail","Slice+1"],"relics":["Ring of the Snake","NeowsBlessing","The Specimen","Eternal Feather","Ornamental Fan","SlaversCollar","Toy Ornithopter"],"acts_visited":["Exordium","TheCity"],"potions_floor_usage":[16,24,24],"damage_taken":[{"damage":0.0,"enemies":"Small Slimes","floor":1.0,"turns":1.0},{"damage":0.0,"enemies":"Jaw Worm","floor":3.0,"turns":1.0},{"damage":0.0,"enemies":"Gremlin Nob","floor":7.0,"turns":1.0},{"damage":0,"enemies":"Cultist","floor":10,"turns":3},{"damage":2,"enemies":"3 Louse","floor":13,"turns":2},{"damage":1,"enemies":"Exordium Thugs","floor":14,"turns":4},{"damage":54,"enemies":"Hexaghost","floor":16,"turns":15},{"damage":14,"enemies":"Chosen","floor":18,"turns":5},{"damage":2,"enemies":"Shell Parasite","floor":21,"turns":7},{"damage":12,"enemies":"Slavers","floor":24,"turns":8},{"damage":32,"enemies":"Snecko","floor":25,"turns":4}],"seed_played":"-8014736211230708659","potions_obtained":[{"floor":3.0,"key":"Swift Potion"},{"floor":16,"key":"Swift Potion"},{"floor":21,"key":"GamblersBrew"}],"is_trial":false,"path_per_floor":["M","?","M","$","?","R","E","?","T","M","?","R","M","M","R","B",null,"M","?","?","M","$","?","E","M"],"character_chosen":"THE_SILENT","items_purchased":["Dramatic Entrance"],"campfire_rested":1,"item_purchase_floors":[4],"current_hp_per_floor":[63,63,63,63,52,52,52,38,38,38,35,65,63,62,70,16,57,43,43,43,41,41,41,29,0,0],"gold":171,"neow_bonus":"THREE_ENEMY_KILL","is_daily":false,"chose_seed":false,"campfire_upgraded":2,"win_rate":0.0,"timestamp":1608987330,"path_taken":["M","?","M","$","?","R","E","?","T","M","?","R","M","M","R","BOSS","M","?","?","?","$","?","E","M"],"items_purchased_type":["Card"],"build_version":"2020-12-22","purchased_purges":1,"victory":false,"max_hp_per_floor":[70,70,70,70,70,70,70,70,70,70,70,70,70,70,70,70,70,70,70,70,70,70,70,70,70,70],"card_choices":[{"not_picked":["Bane","Dagger Throw"],"picked":"Backflip","floor":1.0},{"not_picked":["Acrobatics","Bane"],"picked":"Blade Dance","floor":3.0},{"not_picked":["Blur","Underhanded Strike"],"picked":"Quick Slash","floor":7.0},{"not_picked":["Bouncing Flask","Flechettes"],"picked":"Slice","floor":10},{"not_picked":["Burst","Prepared","Reflex"],"picked":"SKIP","floor":13},{"not_picked":["Flechettes","Leg Sweep"],"picked":"Sucker Punch","floor":14},{"not_picked":["Night Terror","After Image"],"picked":"Die Die Die","floor":16},{"not_picked":["Calculated Gamble","Tactician"],"picked":"Footwork","floor":18},{"not_picked":["Outmaneuver","Underhanded Strike","Reflex+1"],"picked":"SKIP","floor":21},{"not_picked":["Finisher","Sucker Punch"],"picked":"Slice+1","floor":24}],"player_experience":388367,"relics_obtained":[{"floor":7.0,"key":"The Specimen"},{"floor":9.0,"key":"Eternal Feather"},{"floor":24,"key":"Toy Ornithopter"}],"event_choices":[{"damage_healed":0.0,"max_hp_gain":0.0,"max_hp_loss":0.0,"gold_gain":0.0,"event_name":"Living Wall","player_choice":"Grow","floor":2.0,"gold_loss":0.0,"damage_taken":0.0,"cards_upgraded":["Backflip"]},{"damage_healed":0.0,"max_hp_gain":0.0,"max_hp_loss":0.0,"gold_gain":75.0,"event_name":"World of Goop","player_choice":"Gather Gold","floor":5.0,"gold_loss":0.0,"damage_taken":11.0},{"damage_healed":0.0,"max_hp_gain":0.0,"max_hp_loss":0.0,"gold_gain":0.0,"event_name":"Shining Light","player_choice":"Entered Light","floor":8.0,"gold_loss":0.0,"damage_taken":14.0,"cards_upgraded":["Defend_G","Neutralize"]},{"damage_healed":0,"gold_gain":0,"player_choice":"Success","damage_taken":3,"relics_obtained":["Ornamental Fan"],"max_hp_gain":0,"max_hp_loss":0,"event_name":"Scrap Ooze","floor":11,"gold_loss":0},{"damage_healed":0,"gold_gain":0,"player_choice":"Ignored","damage_taken":0,"max_hp_gain":0,"max_hp_loss":0,"event_name":"Vampires","floor":19,"gold_loss":0},{"damage_healed":0,"gold_gain":0,"player_choice":"2 cards matched","damage_taken":0,"max_hp_gain":0,"max_hp_loss":0,"event_name":"Match and Keep!","floor":20,"gold_loss":0,"cards_obtained":["Endless Agony","PiercingWail"]},{"cards_removed":["Defend_G"],"damage_healed":0,"gold_gain":0,"player_choice":"Upgrade and Remove","damage_taken":0,"max_hp_gain":0,"max_hp_loss":0,"event_name":"Designer","floor":23,"gold_loss":90,"cards_upgraded":["Slice"]}],"is_beta":false,"boss_relics":[{"not_picked":["Pandora\u0027s Box","Ring of the Serpent"],"picked":"SlaversCollar"}],"items_purged_floors":[22],"is_endless":false,"potions_floor_spawned":[3,16,21],"killed_by":"Snecko","ascension_level":6}}