{"host":"hg4d4z00zcdsq8kr","time":1608967717,"event":{"mods":["BaseMod","Downfall","Hubris","Infinite Spire","Minty Spire (QoL Compilation)","Replay The Spire","StSLib"],"gold_per_floor":[218,234,248,248,258,258,268,302,328,408,421,436,468,268,268,368,368,388,388,388,588,602,602,620,639,639,659,672,685,685,600,600,600,600],"floor_reached":33,"playtime":1980,"items_purged":["hexamod:StepThrough","Strike_R"],"score":263,"play_id":"371303f1-d9bd-47cf-98bc-cee811c88557","local_time":"20201226102837","is_ascension_mode":false,"campfire_choices":[{"floor":6,"key":"RECALL"},{"floor":15,"key":"REST"},{"data":"infinitespire:OneForAll","floor":23,"key":"SMITH"},{"data":"Life Link","floor":30,"key":"SMITH"},{"data":"Impervious","floor":32,"key":"SMITH"}],"circlet_count":0,"master_deck":["Strike_R","Strike_R","Strike_R","Strike_R","Defend_R","Defend_R","Defend_R","Defend_R","Bash","Life Link+1","Metallicize","Massacre","Blood for Blood","Pommel Strike","Iron Wave","ReplayTheSpireMod:Splinters","hexamod:BacktrackSmack","hexamod:Hexaguard","hexamod:GhostLash","infinitespire:OneForAll+1","Rupture","Replay:SS_fish_1","Armaments","Offering","hubris:Fate","Anger+1","Thunderclap","Impervious+1","Fire Breathing","Shrug It Off+1"],"relics":["Burning Blood","hubris:Towel","hubris:DisguiseKit","Dream Catcher","HornCleat","BargainBundle","Coffee Dripper","hubris:HollowSoul","Replay:Lucky Slots","Smiling Mask","infinitespire:Satchel"],"acts_visited":["Exordium","TheCity"],"potions_floor_usage":[5,5,11,16,16,16,18,24,29,33],"damage_taken":[{"damage":4,"enemies":"Small Slimes","floor":1,"turns":4},{"damage":13,"enemies":"2 Louse","floor":2,"turns":3},{"damage":3,"enemies":"Jaw Worm","floor":3,"turns":4},{"damage":17,"enemies":"Exordium Wildlife","floor":5,"turns":4},{"damage":11,"enemies":"Looter","floor":7,"turns":4},{"damage":26,"enemies":"Gremlin Nob","floor":8,"turns":4},{"damage":9,"enemies":"3 Louse","floor":11,"turns":3},{"damage":11,"enemies":"Gremlin Gang","floor":12,"turns":6},{"damage":15,"enemies":"3 Sentries","floor":13,"turns":8},{"damage":22,"enemies":"Hexaghost","floor":16,"turns":9},{"damage":20,"enemies":"Spheric Guardian","floor":18,"turns":4},{"damage":13,"enemies":"3 Byrds","floor":22,"turns":7},{"damage":29,"enemies":"Shelled Parasite and Fungi","floor":24,"turns":4},{"damage":9,"enemies":"Centurion and Healer","floor":25,"turns":6},{"damage":13,"enemies":"Chosen and Byrds","floor":27,"turns":4},{"damage":21,"enemies":"3 Cultists","floor":28,"turns":4},{"damage":8,"enemies":"Snake Plant","floor":29,"turns":3},{"damage":20,"enemies":"Champ","floor":33,"turns":5}],"seed_played":"-5321016623419825699","potions_obtained":[{"floor":1,"key":"Explosive Potion"},{"floor":3,"key":"ColorlessPotion"},{"floor":8,"key":"Adrenaline Potion"},{"floor":13,"key":"champ:CounterPotion"},{"floor":16,"key":"sneckomod:MuddlingPotion"},{"floor":18,"key":"Milkshake"},{"floor":22,"key":"Strength Potion"},{"floor":28,"key":"Languid Potion"}],"is_trial":false,"path_per_floor":["M","M","M","?","M","R","M","E","T","?","M","M","E","$","R","B",null,"M","?","AVR","?","M","R","M","M","T","M","M","M","R","?","R","B"],"character_chosen":"IRONCLAD","items_purchased":["BargainBundle","Rupture","Replay:SS_fish_1","Adrenaline Potion","Strength Potion","Block Potion","Armaments"],"campfire_rested":1,"item_purchase_floors":[14,14,14,14,14,14,14],"current_hp_per_floor":[80,73,76,76,65,65,60,40,40,40,37,32,23,23,47,31,80,66,66,66,66,59,59,36,33,33,26,11,9,9,9,9,0,0],"gold":600,"neow_bonus":"HUNDRED_GOLD","is_daily":false,"chose_seed":false,"campfire_upgraded":3,"win_rate":0.0,"timestamp":1608967717,"path_taken":["M","M","M","?","M","R","M","E","T","?","M","M","E","?","R","BOSS","M","?","AVR","?","M","R","M","?","T","M","M","M","R","?","R","BOSS"],"items_purchased_type":["Relic","Card","Card","Potion","Potion","Potion","Card"],"build_version":"2020-12-22","purchased_purges":2,"victory":false,"max_hp_per_floor":[80,80,80,80,80,80,80,80,80,80,80,80,80,80,80,80,80,80,80,80,80,80,80,80,80,80,80,80,80,80,80,80,80,80],"card_choices":[{"not_picked":["Armaments","Sword Boomerang"],"picked":"Life Link","floor":1},{"not_picked":["Shrug It Off","Replay:Undeath\u0027s Touch"],"picked":"Metallicize","floor":2},{"not_picked":["Sword Boomerang","Fiend Fire"],"picked":"Massacre","floor":3},{"not_picked":["Body Slam","Run Through"],"picked":"Blood for Blood","floor":5},{"not_picked":["Searing Blow","Armaments"],"picked":"Pommel Strike","floor":7},{"not_picked":["Warcry","Havoc"],"picked":"Iron Wave","floor":8},{"not_picked":["Twin Strike","ReplayTheSpireMod:Strike From Hell","Shrug It Off"],"picked":"hexamod:BacktrackSmack","floor":10},{"not_picked":["Rupture","Wild Strike","Dropkick"],"picked":"hexamod:Hexaguard","floor":10},{"not_picked":["Twin Strike","Second Wind","Abandon"],"picked":"hexamod:GhostLash","floor":11},{"not_picked":["Replay:Undeath\u0027s Touch","Infernal Blade","Feel No Pain"],"picked":"hexamod:StepThrough","floor":12},{"not_picked":["True Grit","Body Slam","hexamod:SearingWound"],"picked":"infinitespire:OneForAll","floor":13},{"not_picked":["Demonic Infusion","Reaper","hexamod:TurnItUp"],"picked":"Offering","floor":16},{"not_picked":["Iron Wave","Dual Wield","Pummel","hexamod:HeatShield"],"picked":"SKIP","floor":18},{"not_picked":["Burning Pact","True Grit+1","hexamod:InspiringFlames"],"picked":"Anger+1","floor":22},{"not_picked":["ReplayReversal","hubris:CleavingFinish","hexamod:ExtraCrispy"],"picked":"Thunderclap","floor":24},{"not_picked":["Thunderclap","Replay:Undeath\u0027s Touch","hexamod:SwordOfDarkness"],"picked":"Impervious","floor":25},{"not_picked":["Pommel Strike+1","Rampage","hexamod:SpectersWail"],"picked":"Fire Breathing","floor":27},{"not_picked":["hubris:ReadiedAction","ReplayReversal","Iron Wave","hexamod:FastForward"],"picked":"SKIP","floor":28},{"not_picked":["Anger","Body Slam","hexamod:NightmareStrike"],"picked":"Shrug It Off+1","floor":29}],"player_experience":611940,"relics_obtained":[{"floor":8,"key":"hubris:DisguiseKit"},{"floor":10,"key":"Dream Catcher"},{"floor":13,"key":"HornCleat"},{"floor":26,"key":"Smiling Mask"}],"event_choices":[{"damage_healed":0,"gold_gain":0,"player_choice":"Ignored","damage_taken":0,"max_hp_gain":0,"max_hp_loss":0,"event_name":"Ghosts","floor":19,"gold_loss":0},{"damage_healed":0,"gold_gain":200,"player_choice":"Gold","damage_taken":0,"max_hp_gain":0,"max_hp_loss":0,"event_name":"Wheel of Change","floor":21,"gold_loss":0},{"damage_healed":0,"gold_gain":0,"player_choice":"Obtained Relic","damage_taken":0,"relics_obtained":["infinitespire:Satchel"],"max_hp_gain":0,"max_hp_loss":0,"event_name":"Addict","floor":31,"gold_loss":85}],"is_beta":false,"boss_relics":[{"not_picked":["hubris:BlackHole","Ectoplasm"],"picked":"Coffee Dripper"}],"items_purged_floors":[14,20],"is_endless":false,"potions_floor_spawned":[1,3,8,13,16,18,22,28],"killed_by":"Champ","ascension_level":0}}