{"host":"gk9qdtkqd8dwfeg2","time":1608975939,"event":{"mods":["Act Like it!","Aspiration","BaseMod","Colored Powertips","Gensokyo","Minty Spire (QoL Compilation)","Quick Restart","Replay The Spire","Shop Mod","StSLib","TestMod","The Servant 0.9.4","Waifu the Spire","vexMod"],"gold_per_floor":[119,119,469,569,589,589,620,640,640,658,658,671,671,671,671,671,671],"floor_reached":16,"playtime":554,"items_purged":[],"score":114,"play_id":"af4cab85-0cf8-4854-847d-f82c5d5b4f04","local_time":"20201226174539","is_ascension_mode":true,"campfire_choices":[{"data":"Feel No Pain","floor":6.0,"key":"SMITH"},{"data":"Armaments","floor":13,"key":"SMITH"},{"floor":15,"key":"REST"}],"circlet_count":0,"master_deck":["Strike_R","Strike_R","Strike_R","Strike_R","Strike_R","Defend_R","Defend_R","Defend_R","Defend_R","Bash","Feel No Pain+1","Gensokyo:CrescentMoonSlash","ReplayTheSpireMod:Splinters","Burning Pact","Rupture","Armaments+1"],"relics":["Burning Blood","testmod-TestBox","testmod-Temperance","aspiration:Nostalgia","m_ScarletBlood","Ring of Peace","Tiny Chest","Old Coin","Mummified Hand","InkBottle","Gremlin Horn"],"acts_visited":["Exordium"],"potions_floor_usage":[16,16],"damage_taken":[{"damage":10.0,"enemies":"Gensokyo:Python","floor":1.0,"turns":5.0},{"damage":5.0,"enemies":"Gensokyo:2_Kodama","floor":5.0,"turns":4.0},{"damage":19,"enemies":"Gensokyo:Cirno","floor":7,"turns":6},{"damage":3,"enemies":"Gensokyo:3_Fairies","floor":8,"turns":5},{"damage":21,"enemies":"Gensokyo:CorruptedTreant","floor":10,"turns":5},{"damage":17,"enemies":"Gensokyo:Gryphon_and_Rabbit","floor":12,"turns":8},{"damage":50,"enemies":"Gensokyo:Yukari","floor":16,"turns":17}],"seed_played":"-7990634970422799299","potions_obtained":[{"floor":1.0,"key":"AttackPotion"},{"floor":8,"key":"EssenceOfSteel"},{"floor":10,"key":"Swift Potion"}],"is_trial":false,"path_per_floor":["M","?","?","?","M","R","E","M","T","M","?","M","R","T","R","B"],"character_chosen":"IRONCLAD","items_purchased":[],"campfire_rested":1,"item_purchase_floors":[],"current_hp_per_floor":[76,64,64,64,65,65,52,55,55,40,40,29,29,29,53,3,3],"gold":671,"neow_bonus":"NOSTALGIA","is_daily":false,"chose_seed":false,"campfire_upgraded":2,"win_rate":0.0,"timestamp":1608975939,"path_taken":["M","?","?","?","M","R","E","M","T","?","?","M","R","?","R","BOSS"],"items_purchased_type":[],"build_version":"2020-12-22","purchased_purges":0,"victory":false,"max_hp_per_floor":[80,80,80,80,80,80,80,80,80,80,80,80,80,80,80,80,80],"card_choices":[{"not_picked":["Whirlwind","Searing Blow"],"picked":"Feel No Pain","floor":1.0},{"not_picked":["Disarm","Shrug It Off"],"picked":"Burning Pact","floor":5.0},{"not_picked":["Metallicize","Cleave"],"picked":"Rupture","floor":7},{"not_picked":["Replay:Undeath\u0027s Touch","Cleave","Rage"],"picked":"SKIP","floor":8},{"not_picked":["Havoc","Sentinel"],"picked":"Armaments","floor":10},{"not_picked":["Heavy Blade","Twin Strike","Replay:Undeath\u0027s Touch"],"picked":"SKIP","floor":12}],"player_experience":568299,"relics_obtained":[{"floor":3.0,"key":"Ring of Peace"},{"floor":3.0,"key":"Ring of Greed"},{"floor":3.0,"key":"Tiny Chest"},{"floor":3.0,"key":"Old Coin"},{"floor":7,"key":"Mummified Hand"},{"floor":9,"key":"InkBottle"},{"floor":14,"key":"Gremlin Horn"}],"event_choices":[{"damage_healed":0.0,"max_hp_gain":0.0,"max_hp_loss":0.0,"gold_gain":100.0,"event_name":"¶÷ÂåË¹µÄÅÌ×Ó","player_choice":"Sell","floor":4.0,"relics_lost":["Ring of Greed"],"gold_loss":0.0,"damage_taken":0.0}],"is_beta":false,"boss_relics":[],"items_purged_floors":[],"is_endless":false,"potions_floor_spawned":[1,8,10,12],"killed_by":"Gensokyo:Yukari","ascension_level":3}}