{"host":"1zjc08c6hob33401","time":1608996710,"event":{"mods":["AchievementEnabler","Act Like it!","Aspiration","Bard","BaseMod","Downfall","Energized Spire","GifTheSpireLib","Hermit","Hubris","Infinite Spire","Jedi Mod","Jorbs\u0027s Wanderer Trilogy","Marisa????????","Minty Spire (QoL Compilation)","Pale of the Ancients","Quick Restart","Replay The Spire","Retaliation","Shop Mod","StSLib","Stuff the Spire","Swap Starting Deck Mod","The Blue Laboratory","The Gatherer","The Poker Player","The Runesmith","The Sage","Wandering Minibosses","[IsaacMod]????"],"gold_per_floor":[111,111,128,53,67,67,92,92,92,111,146,46,62,62,62,163,163,176,195,43,54,66,66,84,84,84],"floor_reached":25,"playtime":1579,"items_purged":["Defend_MRS","Defend_MRS"],"score":215,"play_id":"5d48217e-b685-451d-aca6-93f57f42f678","local_time":"20201226173150","is_ascension_mode":false,"campfire_choices":[{"data":"EnergyFlow","floor":6.0,"key":"SMITH"},{"data":"MilkyWay","floor":15.0,"key":"SMITH"},{"floor":23,"key":"REST"}],"circlet_count":0,"master_deck":["Strike_MRS","Strike_MRS","Strike_MRS","Strike_MRS","Defend_MRS","Defend_MRS","MasterSpark","UpSweep","BlazeAway+1","Occultation","EnergyFlow+1","OortCloud","Singularity","StarlightTyphoon","MilkyWay+1","JA","SporeBomb+1","SprinkleStarSeal+1","OrrerysSun","GalacticHalo+1","IllusionStar+1"],"relics":["MiniHakkero","HushsDoor","hubris:TerracottaHorce","MerchantsRug","Replay:Arrowhead"],"acts_visited":["Exordium","TheCity"],"potions_floor_usage":[24],"damage_taken":[{"damage":1.0,"enemies":"Cultist","floor":1.0,"turns":3.0},{"damage":2.0,"enemies":"Small Slimes","floor":3.0,"turns":2.0},{"damage":7.0,"enemies":"2 Louse","floor":5.0,"turns":2.0},{"damage":8.0,"enemies":"Gremlin Nob","floor":7.0,"turns":3.0},{"damage":13.0,"enemies":"Red Slaver","floor":10.0,"turns":2.0},{"damage":10.0,"enemies":"Lagavulin","floor":11.0,"turns":4.0},{"damage":9.0,"enemies":"2 Fungi Beasts","floor":13.0,"turns":2.0},{"damage":31.0,"enemies":"Fading Forest","floor":16.0,"turns":11.0},{"damage":5.0,"enemies":"Chosen","floor":18.0,"turns":3.0},{"damage":15.0,"enemies":"2 Thieves","floor":19.0,"turns":3.0},{"damage":32.0,"enemies":"Centurion and Healer","floor":21.0,"turns":6.0},{"damage":11.0,"enemies":"Cultist and Chosen","floor":22.0,"turns":7.0},{"damage":6,"enemies":"Chosen and Byrds","floor":24,"turns":4},{"damage":27,"enemies":"Slavers","floor":25,"turns":1}],"seed_played":"-6782650364126621685","potions_obtained":[{"floor":1.0,"key":"blueLaboratory:AbyssPotion"},{"floor":7.0,"key":"blueLaboratory:Moonshine"},{"floor":10.0,"key":"GamblersBrew"},{"floor":13.0,"key":"blueLaboratory:FruitPreserves"},{"floor":18.0,"key":"jedi:tentaclejuice"},{"floor":22.0,"key":"PowerPotion"}],"is_trial":false,"path_per_floor":["M","?","M","$","M","R","E","?","T","M","E","$","M","?","R","B",null,"M","M","$","M","M","R","M","E"],"character_chosen":"MARISA","items_purchased":["MerchantsRug","Replay:Arrowhead"],"campfire_rested":1,"item_purchase_floors":[20,20],"current_hp_per_floor":[81,81,80,80,74,74,68,68,68,56,49,49,42,42,42,17,66,63,50,50,18,7,31,25,0,0],"gold":84,"neow_bonus":"TEN_PERCENT_HP_BONUS","is_daily":false,"chose_seed":false,"campfire_upgraded":2,"win_rate":0.0,"timestamp":1608996710,"path_taken":["M","?","M","?","M","R","E","?","T","M","E","$","M","?","R","BOSS","M","M","$","M","M","R","M","E"],"items_purchased_type":["Relic","Relic"],"build_version":"2020-12-22","purchased_purges":2,"victory":false,"max_hp_per_floor":[82,82,82,82,82,82,82,82,82,82,82,82,82,82,82,82,82,82,82,82,82,82,82,82,82,82],"card_choices":[{"not_picked":["WitchOfGreed","IllusionStar"],"picked":"BlazeAway","floor":1.0},{"not_picked":["IllusionStar","GrandCross"],"picked":"Occultation","floor":3.0},{"not_picked":["PowerUp","FairyDestructionRay"],"picked":"EnergyFlow","floor":5.0},{"not_picked":["Singularity","OneTimeOff"],"picked":"OortCloud","floor":7.0},{"not_picked":["GravityBeat","ShootingEcho"],"picked":"Singularity","floor":10.0},{"not_picked":["MilkyWay","DC"],"picked":"StarlightTyphoon","floor":11.0},{"not_picked":["ShootingEcho","Occultation"],"picked":"MilkyWay","floor":13.0},{"not_picked":["FinalSpark","StarDustReverie"],"picked":"JA","floor":16.0},{"not_picked":["ShootingEcho","LuminesStrike"],"picked":"SporeBomb+1","floor":18.0},{"not_picked":["OortCloud","FairyDestructionRay"],"picked":"SprinkleStarSeal+1","floor":19.0},{"not_picked":["PowerUp","StarlightTyphoon"],"picked":"OrrerysSun","floor":21.0},{"not_picked":["StarBarrage","MysteriousBeam"],"picked":"GalacticHalo+1","floor":22.0},{"not_picked":["GalacticHalo","DoubleSpark"],"picked":"IllusionStar+1","floor":24}],"player_experience":519392,"relics_obtained":[{"floor":7.0,"key":"infinitespire:CursedDice"},{"floor":9.0,"key":"Iron Hammer"},{"floor":11.0,"key":"hubris:SlimyHat"}],"event_choices":[{"damage_healed":0.0,"max_hp_gain":0.0,"max_hp_loss":0.0,"gold_gain":0.0,"event_name":"Living Wall","player_choice":"Grow","floor":2.0,"gold_loss":0.0,"damage_taken":0.0,"cards_upgraded":["BlazeAway"]},{"damage_healed":0.0,"max_hp_gain":0.0,"max_hp_loss":0.0,"gold_gain":0.0,"event_name":"Dead Adventurer","player_choice":"Searched \u00270\u0027 times","floor":14.0,"gold_loss":0.0,"damage_taken":0.0}],"is_beta":false,"boss_relics":[{"not_picked":["aspiration:PoetsPen_weak","MagicMushroom"],"picked":"hubris:TerracottaHorce"},{"not_picked":[]}],"items_purged_floors":[4,12],"is_endless":false,"potions_floor_spawned":[1,7,10,13,18,22],"killed_by":"Slavers","ascension_level":0}}