{"host":"2461dio7vetlq1z3","time":1608996874,"event":{"mods":["2.2 Compatiblity","AchievementEnabler","Aspiration","BaseMod","Better Third Choice","Friendly Minions","Hermit","Minty Spire (QoL Compilation)","Relic Stats","Spicy Shops","StSLib","Waifu the Spire"],"gold_per_floor":[116,130,141,155,166,201,201,217,217,243,284,284,326,354,354,458,458,473,473,534,45,45,45,78,96,96,96,124,124,181,181,181,255,255,330,48,60,80,129,129,192,192,192,263,279,296,330,330,330,330,330,330,5,33,33],"floor_reached":56,"playtime":2604,"items_purged":["Writhe","Strike_P","Strike_P","Defend_P+1"],"score":2540,"play_id":"bca454a3-bee1-49bd-8225-09c78f19a298","local_time":"20201226163434","is_ascension_mode":true,"campfire_choices":[{"data":"BattleHymn","floor":7.0,"key":"SMITH"},{"data":"Wish","floor":12.0,"key":"SMITH"},{"data":"TalkToTheHand","floor":15.0,"key":"SMITH"},{"data":"CrushJoints","floor":23.0,"key":"SMITH"},{"data":"FlurryOfBlows","floor":27.0,"key":"SMITH"},{"data":"Indignation","floor":29.0,"key":"SMITH"},{"data":"TalkToTheHand","floor":32.0,"key":"SMITH"},{"data":"Omniscience","floor":40.0,"key":"SMITH"},{"floor":42,"key":"RECALL"}],"circlet_count":0,"master_deck":["AscendersBane","Defend_P+1","Defend_P+1","Eruption+1","Vigilance+1","FlurryOfBlows+1","BattleHymn+1","EmptyFist+1","InnerPeace+1","Tantrum+1","FlurryOfBlows+1","TalkToTheHand+1","Wish+1","Halt+1","CrushJoints+1","Wallop+1","LessonLearned+1","MentalFortress+1","LessonLearned+1","CarveReality+1","FlurryOfBlows+1","EmptyMind+1","Adaptation+1","Indignation+1","TalkToTheHand+1","Omniscience+1","Fasting2+1","MentalFortress+1","Omniscience+1"],"relics":["Coffee Dripper","Mummified Hand","Thread and Needle","Pen Nib","MealTicket","Astrolabe","MawBank","aspiration:HummingbirdHeart","InkBottle","aspiration:ChemicalBlood","War Paint","Bottled Flame","aspiration:PoetsPen_weak","OrangePellets","Bottled Tornado","Akabeko","Membership Card","DollysMirror","aspiration:FetidBarrel"],"acts_visited":["Exordium","TheCity","TheBeyond","TheEnding"],"potions_floor_usage":[50,54,54,55],"damage_taken":[{"damage":0.0,"enemies":"Cultist","floor":1.0,"turns":3.0},{"damage":1.0,"enemies":"2 Louse","floor":2.0,"turns":3.0},{"damage":8.0,"enemies":"Small Slimes","floor":3.0,"turns":3.0},{"damage":1.0,"enemies":"Looter","floor":4.0,"turns":2.0},{"damage":7.0,"enemies":"Lots of Slimes","floor":5.0,"turns":2.0},{"damage":0.0,"enemies":"Lagavulin","floor":6.0,"turns":4.0},{"damage":9.0,"enemies":"Exordium Wildlife","floor":8.0,"turns":4.0},{"damage":4.0,"enemies":"Gremlin Nob","floor":10.0,"turns":3.0},{"damage":3.0,"enemies":"Large Slime","floor":11.0,"turns":3.0},{"damage":8.0,"enemies":"Blue Slaver","floor":13.0,"turns":3.0},{"damage":0.0,"enemies":"Lagavulin","floor":14.0,"turns":4.0},{"damage":10.0,"enemies":"The Guardian","floor":16.0,"turns":8.0},{"damage":6.0,"enemies":"3 Byrds","floor":18.0,"turns":6.0},{"damage":5.0,"enemies":"2 Thieves","floor":20.0,"turns":5.0},{"damage":8.0,"enemies":"Slavers","floor":24.0,"turns":5.0},{"damage":7.0,"enemies":"Shelled Parasite and Fungi","floor":25.0,"turns":5.0},{"damage":8.0,"enemies":"Book of Stabbing","floor":28.0,"turns":3.0},{"damage":4.0,"enemies":"Gremlin Leader","floor":30.0,"turns":5.0},{"damage":0.0,"enemies":"Automaton","floor":33.0,"turns":7.0},{"damage":0.0,"enemies":"Orb Walker","floor":35.0,"turns":3.0},{"damage":1.0,"enemies":"3 Shapes","floor":37.0,"turns":4.0},{"damage":0.0,"enemies":"Writhing Mass","floor":38.0,"turns":3.0},{"damage":35.0,"enemies":"4 Shapes","floor":39.0,"turns":7.0},{"damage":0,"enemies":"Reptomancer","floor":41,"turns":4},{"damage":0,"enemies":"Maw","floor":44,"turns":4},{"damage":0,"enemies":"Sphere and 2 Shapes","floor":45,"turns":2},{"damage":0,"enemies":"3 Darklings","floor":46,"turns":2},{"damage":0,"enemies":"Giant Head","floor":47,"turns":2},{"damage":9,"enemies":"Donu and Deca","floor":50,"turns":3},{"damage":34,"enemies":"Shield and Spear","floor":54,"turns":3},{"damage":8,"enemies":"The Heart","floor":55,"turns":5}],"seed_played":"8548901459092810912","potions_obtained":[{"floor":2.0,"key":"LiquidBronze"},{"floor":6.0,"key":"Block Potion"},{"floor":8.0,"key":"Regen Potion"},{"floor":11.0,"key":"DistilledChaos"},{"floor":13.0,"key":"FairyPotion"},{"floor":18.0,"key":"LiquidBronze"},{"floor":30.0,"key":"StancePotion"},{"floor":39.0,"key":"Strength Potion"},{"floor":50,"key":"ColorlessPotion"},{"floor":54,"key":"Weak Potion"}],"is_trial":false,"path_per_floor":["M","M","M","M","M","E","R","M","T","E","M","R","M","E","R","B",null,"M","?","M","$","?","R","E","M","T","R","E","R","E","?","R","B",null,"M","$","M","M","M","R","E","R","T","M","M","M","E","?","R","B",null,"R","$","E","B",null],"character_chosen":"WATCHER","items_purchased":["EmptyMind","aspiration:HummingbirdHeart","OrangePellets","Membership Card","DollysMirror"],"campfire_rested":0,"item_purchase_floors":[21,21,36,53,53],"current_hp_per_floor":[61,60,52,51,44,44,44,35,35,40,37,37,29,29,29,19,56,50,50,45,60,63,63,55,48,48,48,40,40,36,24,24,24,57,57,68,67,67,32,32,32,32,32,32,32,32,32,32,32,23,57,57,68,34,26],"gold":33,"neow_bonus":"BOSS_RELIC","is_daily":false,"chose_seed":false,"campfire_upgraded":8,"win_rate":0.0,"timestamp":1608996874,"path_taken":["M","M","M","M","?","E","R","M","T","E","M","R","M","E","R","BOSS","M","?","M","$","?","R","E","M","T","R","E","R","E","?","R","BOSS","M","$","M","M","M","R","E","R","T","M","M","M","E","?","R","BOSS","R","$","E","BOSS"],"items_purchased_type":["Card","Relic","Relic","Relic","Relic"],"build_version":"2020-12-22","purchased_purges":4,"victory":true,"max_hp_per_floor":[68,68,68,68,68,68,68,68,68,68,68,68,68,68,68,68,68,68,68,68,68,68,68,68,68,68,68,68,68,68,68,68,68,68,68,68,68,68,68,68,68,68,68,68,68,68,68,68,68,68,68,68,68,68,68],"relic_stats":{"OrangePellets":[7],"counters":[31,120],"Mummified Hand":[57],"Astrolabe":["MentalFortress","LessonLearned","CarveReality"],"MealTicket":37,"Pen Nib":[33],"War Paint":["Defend_P","Defend_P"],"MawBank":24,"obtain_stats":[{"aspiration:FetidBarrel":54,"Astrolabe":17,"Thread and Needle":9,"Pen Nib":10,"aspiration:PoetsPen_weak":34,"aspiration:HummingbirdHeart":21,"War Paint":28,"Bottled Tornado":41,"MawBank":19,"Akabeko":47,"OrangePellets":36,"Bottled Flame":30,"Mummified Hand":6,"DollysMirror":53,"MealTicket":14,"Coffee Dripper":0,"Membership Card":53,"PureWater":0,"InkBottle":24,"aspiration:ChemicalBlood":26},{"aspiration:FetidBarrel":30,"Astrolabe":12,"Thread and Needle":7,"Pen Nib":8,"aspiration:PoetsPen_weak":19,"aspiration:HummingbirdHeart":14,"War Paint":17,"Bottled Tornado":24,"MawBank":13,"Akabeko":28,"OrangePellets":20,"Bottled Flame":18,"Mummified Hand":6,"DollysMirror":29,"MealTicket":11,"Coffee Dripper":0,"Membership Card":29,"PureWater":0,"InkBottle":15,"aspiration:ChemicalBlood":16},{"aspiration:FetidBarrel":115,"Astrolabe":42,"Thread and Needle":21,"Pen Nib":24,"aspiration:PoetsPen_weak":78,"aspiration:HummingbirdHeart":53,"War Paint":66,"Bottled Tornado":99,"MawBank":48,"Akabeko":109,"OrangePellets":81,"Bottled Flame":71,"Mummified Hand":17,"DollysMirror":112,"MealTicket":34,"Coffee Dripper":0,"Membership Card":112,"PureWater":0,"InkBottle":58,"aspiration:ChemicalBlood":63}],"InkBottle":[37]},"card_choices":[{"not_picked":["EmptyFist","PathToVictory"],"picked":"FlurryOfBlows","floor":1.0},{"not_picked":["Nirvana","ForeignInfluence"],"picked":"BattleHymn","floor":2.0},{"not_picked":["Protect","BowlingBash"],"picked":"EmptyFist","floor":3.0},{"not_picked":["Swivel","Evaluate"],"picked":"InnerPeace","floor":4.0},{"not_picked":["PathToVictory","Collect"],"picked":"Tantrum","floor":5.0},{"not_picked":["DeceiveReality","Prostrate"],"picked":"FlurryOfBlows","floor":6.0},{"not_picked":["CrushJoints","CutThroughFate"],"picked":"TalkToTheHand","floor":8.0},{"not_picked":["FlyingSleeves","EmptyFist"],"picked":"Wish","floor":10.0},{"not_picked":["Prostrate","BowlingBash"],"picked":"Halt","floor":11.0},{"not_picked":["SignatureMove","CutThroughFate"],"picked":"CrushJoints","floor":13.0},{"not_picked":["InnerPeace","Fasting2"],"picked":"Wallop","floor":14.0},{"not_picked":["Devotion","MasterReality"],"picked":"LessonLearned","floor":16.0},{"not_picked":["EmptyFist","JustLucky"],"picked":"FlurryOfBlows","floor":18.0},{"not_picked":["WreathOfFlame+1","ClearTheMind","EmptyFist"],"picked":"SKIP","floor":20.0},{"not_picked":["Protect+1","LessonLearned"],"picked":"Adaptation+1","floor":24.0},{"not_picked":["ClearTheMind+1","FollowUp+1","Prostrate"],"picked":"SKIP","floor":25.0},{"not_picked":["ThirdEye","Worship"],"picked":"Indignation","floor":28.0},{"not_picked":["Wallop","Halt+1"],"picked":"TalkToTheHand","floor":30.0},{"not_picked":["Wish","Establishment"],"picked":"Omniscience","floor":33.0},{"not_picked":["SashWhip","CutThroughFate+1","Conclude"],"picked":"SKIP","floor":35.0},{"not_picked":["FollowUp","CutThroughFate","ThirdEye"],"picked":"SKIP","floor":37.0},{"not_picked":["FollowUp","Pray","FlyingSleeves"],"picked":"SKIP","floor":38.0},{"not_picked":["WreathOfFlame","EmptyFist","Halt+1"],"picked":"SKIP","floor":39.0},{"not_picked":["ThirdEye","SashWhip","PathToVictory"],"picked":"SKIP","floor":41},{"not_picked":["Sanctity","SignatureMove+1","Evaluate"],"picked":"SKIP","floor":44},{"not_picked":["FollowUp","InnerPeace+1"],"picked":"Fasting2","floor":45},{"not_picked":["DeusExMachina","Wireheading+1"],"picked":"MentalFortress+1","floor":46},{"not_picked":["Worship","Evaluate","Prostrate"],"picked":"SKIP","floor":47},{"not_picked":["SashWhip","EmptyMind","Alpha"],"picked":"SKIP","floor":54}],"player_experience":945443,"relics_obtained":[{"floor":6.0,"key":"Mummified Hand"},{"floor":9.0,"key":"Thread and Needle"},{"floor":10.0,"key":"Pen Nib"},{"floor":14.0,"key":"MealTicket"},{"floor":24.0,"key":"InkBottle"},{"floor":26.0,"key":"aspiration:ChemicalBlood"},{"floor":28.0,"key":"War Paint"},{"floor":30.0,"key":"Bottled Flame"},{"floor":41,"key":"Bottled Tornado"},{"floor":47,"key":"Akabeko"},{"floor":54,"key":"aspiration:FetidBarrel"}],"event_choices":[{"damage_healed":0.0,"max_hp_gain":0.0,"max_hp_loss":0.0,"gold_gain":0.0,"event_name":"The Mausoleum","player_choice":"Opened","floor":19.0,"gold_loss":0.0,"damage_taken":0.0,"relics_obtained":["MawBank"],"cards_obtained":["Writhe"]},{"damage_healed":0,"gold_gain":0,"player_choice":"Ignored","damage_taken":0,"max_hp_gain":0,"max_hp_loss":0,"event_name":"Accursed Blacksmith","floor":48,"gold_loss":0}],"is_beta":false,"boss_relics":[{"not_picked":["Cursed Key","aspiration:RunicSpoon"],"picked":"Astrolabe"},{"not_picked":["Busted Crown","aspiration:SecretTechniqueScroll"],"picked":"aspiration:PoetsPen_weak"}],"items_purged_floors":[21,21,36,53],"is_endless":false,"potions_floor_spawned":[2,6,8,11,13,18,30,35,39,44,45,47],"ascension_level":18}}