{"host":"fjaupvxe7fzqrf4j","time":1608989076,"event":{"mods":["BaseMod","Minty Spire (QoL Compilation)","StSLib","The Saiyan"],"gold_per_floor":[90,90,101,101,101,133,133,133,133,159,186,109,144,170,170,265,265,275,23,23,23,40,65,100,100,100,100,100,115,146,106,106,208,208,226,25,42,42,42,72,72,72,72,72,106,131,159,184,184,184,184,184,92,117,117],"floor_reached":56,"playtime":3015,"items_purged":[],"score":1665,"play_id":"d0cd1459-5b0a-43f9-93e8-1476263319b0","local_time":"20201226212436","daily_mods":["SealedDeck","Heirloom","Time Dilation","Flight"],"is_ascension_mode":true,"campfire_choices":[{"data":"Saiyan:Afterimage","floor":8.0,"key":"SMITH"},{"data":"Saiyan:DragonFist","floor":15.0,"key":"SMITH"},{"data":"Saiyan:SuperSaiyanForm","floor":25.0,"key":"SMITH"},{"data":"Saiyan:ExtremeSpeed","floor":27.0,"key":"SMITH"},{"data":"Saiyan:SoulSpice","floor":28.0,"key":"SMITH"},{"data":"Saiyan:KameHameHa","floor":32.0,"key":"SMITH"},{"data":"Saiyan:FingerParry","floor":41.0,"key":"SMITH"},{"floor":42.0,"key":"RECALL"},{"data":"Saiyan:ThirstForFight","floor":49.0,"key":"SMITH"},{"data":"Saiyan:MeteorDash","floor":52.0,"key":"SMITH"}],"circlet_count":0,"master_deck":["Saiyan:SoulSpice+1","Saiyan:RemoveWeights+1","Saiyan:DragonFist+1","Saiyan:ThirstForFight+1","Saiyan:ExpandingShockwave","Saiyan:FingerParry+1","Saiyan:MeteorDash+1","Saiyan:SuperSaiyanForm+1","Saiyan:KameHameHa+1","Saiyan:Afterimage+1","Saiyan:ExtremeSpeed+1","Saiyan:SuperSaiyanForm+1","Saiyan:Honing","Saiyan:SpiritSword+1","Saiyan:PlotArmor+1","Saiyan:PowerStance+1","Saiyan:SuperSaiyanThree+1","Saiyan:WarmUp+1","Saiyan:ExtremeSpeed+1","Saiyan:Teleport+1","Saiyan:WarmUp+1","Saiyan:SaiyanHubris"],"relics":["SaiyanSoul","SaiyanHeart","Torii","Bronze Scales","Letter Opener","Strawberry","Potion Belt","Happy Flower","Du-Vu Doll","Black Star","Frozen Egg 2","Bottled Lightning","Lantern","Eternal Feather","Mercury Hourglass","Singing Bowl","Bottled Tornado","Mango","Coffee Dripper","TheAbacus","StrikeDummy","Anchor","Mummified Hand","Oddly Smooth Stone","Centennial Puzzle","CaptainsWheel","Regal Pillow","Toy Ornithopter","Dead Branch","Turnip","Molten Egg 2","Pear","Gremlin Horn"],"acts_visited":["Exordium","TheCity","TheBeyond","TheEnding"],"potions_floor_usage":[55,55],"damage_taken":[{"damage":0.0,"enemies":"Jaw Worm","floor":1.0,"turns":1.0},{"damage":0.0,"enemies":"Cultist","floor":3.0,"turns":3.0},{"damage":0.0,"enemies":"Lagavulin","floor":6.0,"turns":4.0},{"damage":10.0,"enemies":"Gremlin Nob","floor":10.0,"turns":4.0},{"damage":9.0,"enemies":"3 Sentries","floor":11.0,"turns":5.0},{"damage":6.0,"enemies":"Gremlin Nob","floor":13.0,"turns":3.0},{"damage":10.0,"enemies":"3 Sentries","floor":14.0,"turns":5.0},{"damage":0.0,"enemies":"Slime Boss","floor":16.0,"turns":4.0},{"damage":0.0,"enemies":"Chosen","floor":18.0,"turns":4.0},{"damage":0.0,"enemies":"3 Byrds","floor":22.0,"turns":3.0},{"damage":19.0,"enemies":"Gremlin Leader","floor":23.0,"turns":5.0},{"damage":28.0,"enemies":"Slavers","floor":24.0,"turns":6.0},{"damage":0.0,"enemies":"Cultist and Chosen","floor":29.0,"turns":4.0},{"damage":6.0,"enemies":"Book of Stabbing","floor":30.0,"turns":5.0},{"damage":30.0,"enemies":"Collector","floor":33.0,"turns":6.0},{"damage":2.0,"enemies":"3 Shapes","floor":35.0,"turns":4.0},{"damage":0.0,"enemies":"Orb Walker","floor":37.0,"turns":3.0},{"damage":63.0,"enemies":"Reptomancer","floor":40.0,"turns":4.0},{"damage":0.0,"enemies":"Nemesis","floor":45.0,"turns":5.0},{"damage":0.0,"enemies":"Reptomancer","floor":46.0,"turns":3.0},{"damage":0.0,"enemies":"Nemesis","floor":47.0,"turns":5.0},{"damage":1.0,"enemies":"Reptomancer","floor":48.0,"turns":3.0},{"damage":8.0,"enemies":"Time Eater","floor":50.0,"turns":4.0},{"damage":34,"enemies":"Shield and Spear","floor":54,"turns":4},{"damage":47,"enemies":"The Heart","floor":55,"turns":6}],"seed_played":"-259483115395381603","potions_obtained":[{"floor":1.0,"key":"SpeedPotion"},{"floor":10.0,"key":"BlessingOfTheForge"},{"floor":14.0,"key":"Fire Potion"},{"floor":23.0,"key":"SkillPotion"},{"floor":30.0,"key":"Fruit Juice"},{"floor":33.0,"key":"Ancient Potion"},{"floor":45.0,"key":"PowerPotion"},{"floor":46.0,"key":"Strength Potion"},{"floor":47.0,"key":"SmokeBomb"}],"is_trial":true,"path_per_floor":["M","?","M","$","?","E","$","R","T","E","E","$","E","E","R","B",null,"M","$","?","$","M","E","E","R","T","R","R","M","E","?","R","B",null,"M","$","M","T","$","E","R","R","T","$","E","E","E","E","R","B",null,"R","$","E","B",null],"character_chosen":"SAIYAJIN","items_purchased":["DuplicationPotion","Frozen Egg 2","TheAbacus","PowerPotion","Swift Potion","Saiyan:WarmUp+1"],"campfire_rested":0,"item_purchase_floors":[12,19,36,36,53,53],"current_hp_per_floor":[60,60,60,60,65,65,65,65,65,62,55,55,50,43,43,43,78,82,82,82,82,83,66,39,48,48,57,66,69,81,81,90,65,112,112,112,113,113,113,53,62,71,71,71,75,76,80,83,95,104,133,133,133,110,75],"gold":117,"neow_bonus":"","is_daily":false,"chose_seed":false,"campfire_upgraded":9,"win_rate":0.0,"timestamp":1608989076,"path_taken":["M","?","?","?","?","E","$","R","T","E","E","$","E","E","R","BOSS","M","$","?","?","?","E","E","R","T","R","R","?","E","?","R","BOSS","M","$","?","?","?","E","R","R","T","?","E","E","E","E","R","BOSS","R","$","E","BOSS"],"items_purchased_type":["Potion","Relic","Relic","Potion","Potion","Card"],"build_version":"2020-12-22","purchased_purges":0,"victory":true,"max_hp_per_floor":[60,60,60,60,65,65,65,65,65,72,74,74,75,78,78,78,78,82,82,82,82,83,85,86,86,86,86,86,89,107,107,107,112,112,114,114,115,115,115,118,118,118,118,118,122,123,127,131,131,133,133,133,133,144,146],"card_choices":[{"not_picked":["Saiyan:SaiyanHubris","Saiyan:TurtleShell"],"picked":"Saiyan:Afterimage","floor":1.0},{"not_picked":["Saiyan:Afterimage","Saiyan:DrainingStrike","Saiyan:ExpandingShockwave"],"picked":"SKIP","floor":3.0},{"not_picked":["Saiyan:KiExplosion","Saiyan:RemoveWeights","Saiyan:BigBangAttack"],"picked":"SKIP","floor":6.0},{"not_picked":["Saiyan:FingerParry","Saiyan:TransfigurationBeam","Saiyan:DoubleMasenko"],"picked":"SKIP","floor":10.0},{"not_picked":["Saiyan:Expend","Saiyan:FingerParry","Saiyan:PlotArmor"],"picked":"SKIP","floor":11.0},{"not_picked":["Saiyan:WarmUp","Saiyan:Expend","Saiyan:PowerUp"],"picked":"SKIP","floor":13.0},{"not_picked":["Saiyan:PowerPole","Saiyan:DoubleMasenko"],"picked":"Saiyan:ExtremeSpeed","floor":14.0},{"not_picked":["Saiyan:Taunt","Saiyan:Flurry"],"picked":"Saiyan:SuperSaiyanForm+1","floor":18.0},{"not_picked":["Saiyan:Medicine","Saiyan:Quickening+1"],"picked":"Saiyan:SpiritSword","floor":22.0},{"not_picked":["Saiyan:Quickening","Saiyan:ExpandingShockwave"],"picked":"Saiyan:PlotArmor+1","floor":23.0},{"not_picked":["Saiyan:PowerPole","Saiyan:GenkiDama","Saiyan:DragonFist"],"picked":"SKIP","floor":24.0},{"not_picked":["Saiyan:ConcussiveBlow+1","Saiyan:Reset"],"picked":"Saiyan:PowerStance+1","floor":29.0},{"not_picked":["Saiyan:TurtleShell+1","Saiyan:BackAttack","Saiyan:RemoveWeights"],"picked":"Singing Bowl","floor":30.0},{"not_picked":["Saiyan:Momentum+1","Saiyan:TheBomb"],"picked":"Saiyan:SuperSaiyanThree+1","floor":33.0},{"not_picked":["Saiyan:Kienzan","Saiyan:DragonFist"],"picked":"Saiyan:WarmUp+1","floor":35.0},{"not_picked":["Saiyan:KameHameHa","Saiyan:SaiyanHubris"],"picked":"Saiyan:ExtremeSpeed+1","floor":37.0},{"not_picked":["Saiyan:Quickening+1","Saiyan:LastResort","Saiyan:BurningSoul+1"],"picked":"Singing Bowl","floor":40.0},{"not_picked":["Saiyan:DoubleMasenko","Saiyan:FingerParry","Saiyan:PlotArmor+1"],"picked":"Singing Bowl","floor":45.0},{"not_picked":["Saiyan:ThirstForFight+1","Saiyan:Overexert+1"],"picked":"Saiyan:Teleport+1","floor":46.0},{"not_picked":["Saiyan:HyperTimeChamber+1","Saiyan:RemoveWeights+1","Saiyan:BigBangAttack+1"],"picked":"Singing Bowl","floor":47.0},{"not_picked":["Saiyan:AugmentedBlast+1","Saiyan:BackAttack+1","Saiyan:Flurry+1"],"picked":"Singing Bowl","floor":48.0},{"not_picked":["Saiyan:PowerStance+1","Saiyan:Taunt"],"picked":"Saiyan:SaiyanHubris","floor":54}],"player_experience":305532,"relics_obtained":[{"floor":6.0,"key":"Bronze Scales"},{"floor":9.0,"key":"Letter Opener"},{"floor":10.0,"key":"Strawberry"},{"floor":11.0,"key":"Potion Belt"},{"floor":13.0,"key":"Happy Flower"},{"floor":14.0,"key":"Du-Vu Doll"},{"floor":23.0,"key":"Bottled Lightning"},{"floor":23.0,"key":"Lantern"},{"floor":24.0,"key":"Eternal Feather"},{"floor":24.0,"key":"Mercury Hourglass"},{"floor":26.0,"key":"Singing Bowl"},{"floor":30.0,"key":"Bottled Tornado"},{"floor":30.0,"key":"Mango"},{"floor":40.0,"key":"StrikeDummy"},{"floor":40.0,"key":"Anchor"},{"floor":43.0,"key":"Mummified Hand"},{"floor":45.0,"key":"Oddly Smooth Stone"},{"floor":45.0,"key":"Centennial Puzzle"},{"floor":46.0,"key":"CaptainsWheel"},{"floor":46.0,"key":"Regal Pillow"},{"floor":47.0,"key":"Toy Ornithopter"},{"floor":47.0,"key":"Dead Branch"},{"floor":48.0,"key":"Turnip"},{"floor":48.0,"key":"Molten Egg 2"},{"floor":54,"key":"Pear"},{"floor":54,"key":"Gremlin Horn"}],"event_choices":[{"damage_healed":0.0,"max_hp_gain":0.0,"max_hp_loss":0.0,"gold_gain":0.0,"event_name":"FaceTrader","player_choice":"Leave","floor":2.0,"gold_loss":0.0,"damage_taken":0.0},{"damage_healed":0.0,"max_hp_gain":5.0,"max_hp_loss":0.0,"gold_gain":0.0,"event_name":"Big Fish","player_choice":"Donut","floor":5.0,"gold_loss":0.0,"damage_taken":0.0},{"damage_healed":0.0,"max_hp_gain":0.0,"max_hp_loss":0.0,"gold_gain":0.0,"cards_transformed":["Saiyan:FingerParry"],"event_name":"Transmorgrifier","player_choice":"Transformed","floor":20.0,"gold_loss":0.0,"damage_taken":0.0,"cards_obtained":["Saiyan:Honing"]},{"damage_healed":0.0,"max_hp_gain":0.0,"max_hp_loss":0.0,"gold_gain":0.0,"event_name":"Designer","player_choice":"Upgraded Two","floor":31.0,"gold_loss":40.0,"damage_taken":0.0,"cards_upgraded":["Saiyan:RemoveWeights","Saiyan:SpiritSword"]}],"is_beta":false,"boss_relics":[{"not_picked":["Velvet Choker","Sozu"],"picked":"Black Star"},{"not_picked":["SacredBark","Runic Dome"],"picked":"Coffee Dripper"}],"items_purged_floors":[],"is_endless":false,"potions_floor_spawned":[1,10,14,23,30,33,45,46,47],"ascension_level":1}}