{"host":"w2kjv12xyhtt0cv2","time":1608997846,"event":{"mods":["10 clothes from DAL","Act Like it!","BaseMod","Colored Map","Conspire","Downfall","Friendly Minions","Gensokyo","Highlight Path","Hubris","Marisa（F雨　魔理沙）","Minty Spire (QoL Compilation)","Quick Restart","Reimu（博丽灵梦）","Relic Stats","Replay The Spire","RumiaBox-露米娅的神秘盒子","Spicy Shops","StSLib","SuperFastMode","The Servant 0.9.4","UnlockEverythingMod","Waifu the Spire","[功能]功能增强和修复MOD","vexMod","【功能Mod】Neow奖励","【功能Mod】混沌之环修复补丁","【遗物卡牌】REMEMod","没有小屋子和绿帽子啦"],"gold_per_floor":[116,191,261,276,73,73,73],"floor_reached":6,"playtime":215,"items_purged":[],"score":34,"play_id":"a2e3afe9-b714-4ef1-b6bd-e18b86afa58b","local_time":"20201226235046","is_ascension_mode":false,"campfire_choices":[],"circlet_count":0,"master_deck":["Strike_Lin:ReiMu","Strike_Lin:ReiMu","Strike_Lin:ReiMu","Strike_Lin:ReiMu","Defend_Lin:ReiMu","Defend_Lin:ReiMu","Defend_Lin:ReiMu","Defend_Lin:ReiMu","NB:ReiMu","Stagnation:ReiMu","sneckomod:UnknownClassShop Special","Sadistic Nature","DoubleButterfly:ReiMu","ForcedLanding:ReiMu","EmergencyTakeOff:ReiMu"],"relics":["FlyPower:ReiMu","REME_ComplimentaryCards","AddBug","SecretRecord"],"acts_visited":["Exordium"],"potions_floor_usage":[],"damage_taken":[{"damage":2,"enemies":"Small Slimes","floor":1,"turns":5},{"damage":0,"enemies":"2 Louse","floor":4,"turns":1},{"damage":0,"enemies":"Gremlin Nob","floor":6,"turns":1}],"seed_played":"741947870359497305","potions_obtained":[{"floor":3,"key":"Adrenaline Potion"},{"floor":3,"key":"Fire Potion"},{"floor":3,"key":"DistilledChaos"}],"is_trial":false,"path_per_floor":["M","?","?","M","$","E"],"character_chosen":"REIMU","items_purchased":["Akabeko","Sling"],"campfire_rested":0,"item_purchase_floors":[5,5],"current_hp_per_floor":[57,46,23,23,23,23,23],"gold":73,"neow_bonus":"RANDOM_COLORLESS_2","is_daily":false,"chose_seed":false,"campfire_upgraded":0,"win_rate":0.0,"timestamp":1608997846,"path_taken":["M","?","?","?","$","E"],"items_purchased_type":["Relic","Relic"],"build_version":"2020-12-22","purchased_purges":0,"victory":false,"max_hp_per_floor":[59,59,59,59,59,59,59],"relic_stats":{"counters":[3,7],"obtain_stats":[{"AddBug":1,"SecretRecord":1,"FlyPower:ReiMu":0,"REME_ComplimentaryCards":0},{"AddBug":1,"SecretRecord":1,"FlyPower:ReiMu":0,"REME_ComplimentaryCards":0},{"AddBug":5,"SecretRecord":5,"FlyPower:ReiMu":0,"REME_ComplimentaryCards":0}]},"card_choices":[{"not_picked":["vexMod:StairwayStrike","HandOfGreed"],"picked":"Sadistic Nature","floor":0},{"not_picked":["SubcavityInstant:ReiMu","EmergencyTakeOff:ReiMu"],"picked":"DoubleButterfly:ReiMu","floor":1},{"not_picked":["Crusade:ReiMu","InherentArray:ReiMu"],"picked":"ForcedLanding:ReiMu","floor":3},{"not_picked":["Enchanting:ReiMu","Amulet:ReiMu"],"picked":"EmergencyTakeOff:ReiMu","floor":4}],"player_experience":10077,"relics_obtained":[{"floor":1,"key":"AddBug"}],"event_choices":[{"damage_healed":0,"gold_gain":75,"player_choice":"Gather Gold","damage_taken":11,"max_hp_gain":0,"max_hp_loss":0,"event_name":"World of Goop","floor":2,"gold_loss":0}],"is_beta":false,"boss_relics":[],"items_purged_floors":[],"is_endless":false,"potions_floor_spawned":[],"killed_by":"Gremlin Nob","ascension_level":0}}