{"host":"u96tfl1odv2nlyvi","time":1608958935,"event":{"mods":["AchievementEnabler","BaseMod","Colored Map","Colored Powertips","Minty Spire (QoL Compilation)","Permanent Neow","Quick Restart","Random Character Button","StSLib"],"gold_per_floor":[114,133,133,151,30,30,43,63,63,83,108,108,118,147,147,224,224,234,253,253,253,51,51,51,51,51,51,51,86,96,96,96,172,172,191,191,50,66,66,66,14,14,14,42,55,55,55,55,55],"floor_reached":48,"playtime":4699,"items_purged":["Strike_R","Pain"],"score":921,"play_id":"03ec5350-7912-499c-8165-e81e228ae5b1","local_time":"20201226000215","is_ascension_mode":true,"campfire_choices":[{"data":"Bash","floor":6.0,"key":"SMITH"},{"data":"Whirlwind","floor":12.0,"key":"SMITH"},{"data":"Bludgeon","floor":15.0,"key":"SMITH"},{"data":"Clothesline","floor":23.0,"key":"SMITH"},{"data":"Combust","floor":25.0,"key":"SMITH"},{"data":"Offering","floor":28.0,"key":"SMITH"},{"floor":32.0,"key":"REST"},{"data":"Fire Breathing","floor":40.0,"key":"SMITH"},{"data":"Feel No Pain","floor":42.0,"key":"SMITH"}],"circlet_count":0,"master_deck":["AscendersBane","Strike_R","Strike_R","Strike_R","Strike_R","Defend_R","Defend_R","Defend_R","Bash+1","Cleave","Carnage","Bludgeon+1","Shrug It Off","Combust+1","Whirlwind+1","Thunderclap","Offering+1","Clothesline+1","Writhe","Fire Breathing+1","Reaper","Ghostly Armor","Madness","Madness","Feel No Pain+1","Spot Weakness","Purity","Dark Embrace+1","Disarm"],"relics":["Burning Blood","MealTicket","WarpedTongs","Boot","Odd Mushroom","Potion Belt","SacredBark","Mummified Hand","HornCleat","Du-Vu Doll","Coffee Dripper","Blood Vial","Letter Opener"],"acts_visited":["Exordium","TheCity","TheBeyond"],"potions_floor_usage":[48,48,48],"damage_taken":[{"damage":11.0,"enemies":"Jaw Worm","floor":1.0,"turns":5.0},{"damage":1.0,"enemies":"Cultist","floor":2.0,"turns":3.0},{"damage":14.0,"enemies":"2 Louse","floor":4.0,"turns":2.0},{"damage":8.0,"enemies":"Looter","floor":7.0,"turns":2.0},{"damage":2.0,"enemies":"Large Slime","floor":8.0,"turns":4.0},{"damage":8.0,"enemies":"3 Louse","floor":10.0,"turns":2.0},{"damage":23.0,"enemies":"The Mushroom Lair","floor":11.0,"turns":4.0},{"damage":2.0,"enemies":"Exordium Wildlife","floor":13.0,"turns":3.0},{"damage":31.0,"enemies":"Lagavulin","floor":14.0,"turns":4.0},{"damage":5.0,"enemies":"Slime Boss","floor":16.0,"turns":4.0},{"damage":22.0,"enemies":"Shell Parasite","floor":18.0,"turns":3.0},{"damage":6.0,"enemies":"Chosen","floor":19.0,"turns":3.0},{"damage":33.0,"enemies":"Book of Stabbing","floor":29.0,"turns":4.0},{"damage":27.0,"enemies":"Sentry and Sphere","floor":30.0,"turns":5.0},{"damage":0.0,"enemies":"Colosseum Slavers","floor":31.0,"turns":1.0},{"damage":62.0,"enemies":"Automaton","floor":33.0,"turns":10.0},{"damage":19.0,"enemies":"3 Darklings","floor":35.0,"turns":2.0},{"damage":9.0,"enemies":"3 Shapes","floor":38.0,"turns":5.0},{"damage":41.0,"enemies":"Nemesis","floor":44.0,"turns":7.0},{"damage":0.0,"enemies":"3 Darklings","floor":45.0,"turns":2.0},{"damage":83,"enemies":"Donu and Deca","floor":48,"turns":5}],"seed_played":"4057196886957080083","potions_obtained":[{"floor":2.0,"key":"LiquidMemories"},{"floor":8.0,"key":"SkillPotion"},{"floor":11.0,"key":"FearPotion"},{"floor":16.0,"key":"EssenceOfSteel"},{"floor":19.0,"key":"Dexterity Potion"},{"floor":30.0,"key":"Fire Potion"},{"floor":35.0,"key":"SkillPotion"},{"floor":45.0,"key":"Strength Potion"}],"is_trial":false,"path_per_floor":["M","M","?","M","$","R","M","M","T","M","?","R","M","E","R","B",null,"M","M","?","?","$","R","?","R","T","$","R","E","M","?","R","B",null,"M","?","$","M","?","R","$","R","T","E","M","?","?","B"],"character_chosen":"IRONCLAD","items_purchased":["Shrug It Off","BloodPotion","Fire Potion","Feel No Pain","Strength Potion","Block Potion","Energy Potion"],"campfire_rested":1,"item_purchase_floors":[5,22,22,37,37,37,41],"current_hp_per_floor":[63,68,68,60,75,75,73,75,75,73,56,56,60,35,35,36,65,49,49,49,49,64,64,43,43,43,58,58,31,10,48,72,16,64,51,37,52,67,67,67,80,80,80,60,68,68,68,0,0],"gold":55,"neow_bonus":"RANDOM_COMMON_RELIC","is_daily":false,"chose_seed":false,"campfire_upgraded":8,"win_rate":0.0,"timestamp":1608958935,"path_taken":["M","M","?","?","?","R","M","M","T","?","?","R","M","E","R","BOSS","M","M","?","?","$","R","?","R","T","$","R","E","M","?","R","BOSS","M","?","$","M","?","R","$","R","T","E","M","?","?","BOSS"],"items_purchased_type":["Card","Potion","Potion","Card","Potion","Potion","Potion"],"build_version":"2020-12-22","purchased_purges":2,"victory":false,"max_hp_per_floor":[75,75,75,75,75,75,75,75,75,75,75,75,75,75,75,75,75,75,75,75,75,75,75,80,80,80,80,80,80,80,80,80,80,80,80,80,80,80,80,80,80,80,80,80,80,80,80,80,80],"card_choices":[{"not_picked":["Body Slam","Twin Strike"],"picked":"Cleave","floor":1.0},{"not_picked":["Perfected Strike","Iron Wave"],"picked":"Carnage","floor":2.0},{"not_picked":["Sword Boomerang","Havoc"],"picked":"Bludgeon","floor":4.0},{"not_picked":["Clash","Sentinel"],"picked":"Combust","floor":7.0},{"not_picked":["Infernal Blade","Havoc"],"picked":"Whirlwind","floor":8.0},{"not_picked":["Whirlwind","Burning Pact","Clothesline"],"picked":"SKIP","floor":10.0},{"not_picked":["Heavy Blade","Anger"],"picked":"Thunderclap","floor":11.0},{"not_picked":["Clash","Wild Strike","Reaper"],"picked":"SKIP","floor":13.0},{"not_picked":["Body Slam","Cleave","Whirlwind"],"picked":"SKIP","floor":14.0},{"not_picked":["Corruption","Bludgeon"],"picked":"Offering","floor":16.0},{"not_picked":["Sword Boomerang","Warcry"],"picked":"Clothesline","floor":18.0},{"not_picked":["Evolve","Perfected Strike","Searing Blow"],"picked":"SKIP","floor":19.0},{"not_picked":["Pommel Strike","Second Wind","Havoc"],"picked":"SKIP","floor":29.0},{"not_picked":["Anger","Body Slam"],"picked":"Fire Breathing","floor":30.0},{"not_picked":["Brutality","Offering"],"picked":"Reaper","floor":33.0},{"not_picked":["Perfected Strike","Pommel Strike"],"picked":"Ghostly Armor","floor":35.0},{"not_picked":["Wild Strike","Bloodletting"],"picked":"Spot Weakness","floor":38.0},{"not_picked":["Good Instincts","Secret Technique"],"picked":"Purity","floor":39.0},{"not_picked":["Ghostly Armor","Rage"],"picked":"Dark Embrace+1","floor":44.0},{"not_picked":["Warcry","Clothesline"],"picked":"Disarm","floor":45.0}],"player_experience":579021,"relics_obtained":[{"floor":9.0,"key":"Boot"},{"floor":11.0,"key":"Odd Mushroom"},{"floor":14.0,"key":"Potion Belt"},{"floor":26.0,"key":"HornCleat"},{"floor":29.0,"key":"Du-Vu Doll"},{"floor":43.0,"key":"Blood Vial"},{"floor":44.0,"key":"Letter Opener"}],"event_choices":[{"damage_healed":0.0,"max_hp_gain":0.0,"max_hp_loss":0.0,"gold_gain":0.0,"event_name":"Accursed Blacksmith","player_choice":"Rummage","floor":3.0,"gold_loss":0.0,"damage_taken":0.0,"relics_obtained":["WarpedTongs"],"cards_obtained":["Pain"]},{"damage_healed":0.0,"max_hp_gain":0.0,"max_hp_loss":0.0,"gold_gain":0.0,"event_name":"Mushrooms","player_choice":"Fought Mushrooms","floor":11.0,"gold_loss":0.0,"damage_taken":0.0},{"damage_healed":0.0,"max_hp_gain":0.0,"max_hp_loss":0.0,"gold_gain":0.0,"event_name":"The Mausoleum","player_choice":"Opened","floor":20.0,"gold_loss":0.0,"damage_taken":0.0,"relics_obtained":["Mummified Hand"],"cards_obtained":["Writhe"]},{"damage_healed":0.0,"max_hp_gain":5.0,"max_hp_loss":0.0,"gold_gain":0.0,"event_name":"Forgotten Altar","player_choice":"Shed Blood","floor":24.0,"gold_loss":0.0,"damage_taken":26.0},{"damage_healed":0.0,"max_hp_gain":0.0,"max_hp_loss":0.0,"gold_gain":0.0,"event_name":"Colosseum","player_choice":"Fight","floor":31.0,"gold_loss":0.0,"damage_taken":0.0},{"damage_healed":0.0,"max_hp_gain":0.0,"max_hp_loss":0.0,"gold_gain":0.0,"event_name":"Colosseum","player_choice":"Fled From Nobs","floor":31.0,"gold_loss":0.0,"damage_taken":0.0},{"damage_healed":0.0,"max_hp_gain":0.0,"max_hp_loss":0.0,"gold_gain":0.0,"event_name":"Winding Halls","player_choice":"Embrace Madness","floor":36.0,"gold_loss":0.0,"damage_taken":14.0,"cards_obtained":["Madness","Madness"]},{"damage_healed":0.0,"max_hp_gain":0.0,"max_hp_loss":0.0,"gold_gain":0.0,"event_name":"SensoryStone","player_choice":"Memory 1","floor":39.0,"gold_loss":0.0,"damage_taken":0.0},{"cards_removed":["Defend_R"],"damage_healed":0.0,"max_hp_gain":0.0,"max_hp_loss":0.0,"gold_gain":0.0,"event_name":"Falling","player_choice":"Removed Skill","floor":46.0,"gold_loss":0.0,"damage_taken":0.0},{"damage_healed":0.0,"max_hp_gain":0.0,"max_hp_loss":0.0,"gold_gain":0.0,"event_name":"SecretPortal","player_choice":"Took Portal","floor":47.0,"gold_loss":0.0,"damage_taken":0.0}],"is_beta":false,"boss_relics":[{"not_picked":["Empty Cage","SlaversCollar"],"picked":"SacredBark"},{"not_picked":["Busted Crown","Black Star"],"picked":"Coffee Dripper"}],"items_purged_floors":[5,22],"is_endless":false,"potions_floor_spawned":[2,8,11,16,19,30,35,45],"killed_by":"Donu and Deca","ascension_level":15}}