{"host":"78zdngn0u28jm0pp","time":1608967191,"event":{"mods":["BaseMod","Jorbs\u0027s Wanderer Trilogy","Minty Spire (QoL Compilation)","Permanent Neow","Quick Restart","Relic Stats","StSLib","Unceasing Turn Reminder"],"gold_per_floor":[109,109,125,139,139,139,104,104,175,208,208,228,238,28,28,105,105,105,125,142,142,142,168,168,201,228,248,267,277,277,291,291,368,368,382,392,1391,770,786,786,803,803,828,828,828,862,313,326,326,326,326],"floor_reached":50,"playtime":2293,"items_purged":["Strike_G","Normality","Strike_G"],"score":1053,"play_id":"838a74d0-b59a-4ab4-8af4-349342b14721","local_time":"20201226001951","is_ascension_mode":true,"campfire_choices":[{"data":"Poisoned Stab","floor":6,"key":"SMITH"},{"data":"Blade Dance","floor":8,"key":"SMITH"},{"floor":15,"key":"REST"},{"data":"Ghostly","floor":24,"key":"SMITH"},{"data":"Ghostly","floor":30,"key":"SMITH"},{"data":"Crippling Poison","floor":32,"key":"SMITH"},{"data":"Night Terror","floor":40,"key":"SMITH"},{"data":"Terror","floor":49,"key":"SMITH"}],"circlet_count":0,"master_deck":["AscendersBane","Strike_G+1","Defend_G","Defend_G","Defend_G","Defend_G","Defend_G","Survivor","Neutralize+1","Poisoned Stab+1","Blade Dance+1","Dash+1","Dagger Spray+1","Terror+1","Adrenaline","Unload+1","Slice+1","Ghostly+1","Ghostly+1","Ghostly","Unload+1","Blade Dance+1","Prepared+1","Well Laid Plans+1","Choke+1","Crippling Poison+1","Night Terror+1","Footwork+1","Footwork+1","Parasite","Finisher+1"],"relics":["Ring of the Snake","NeowsBlessing","Bag of Preparation","Molten Egg 2","CaptainsWheel","Philosopher\u0027s Stone","Frozen Egg 2","Toy Ornithopter","Omamori","Calling Bell","Strawberry","Meat on the Bone","StoneCalendar","Lee\u0027s Waffle","Juzu Bracelet","Pear","MawBank","Whetstone","Vajra"],"acts_visited":["Exordium","TheCity","TheBeyond"],"potions_floor_usage":[11,12,16,16,18,27,31,33,33,39,41,48,48,48,50,50],"damage_taken":[{"damage":0,"enemies":"Cultist","floor":1,"turns":1},{"damage":0,"enemies":"Jaw Worm","floor":3,"turns":1},{"damage":0,"enemies":"Small Slimes","floor":4,"turns":1},{"damage":36,"enemies":"3 Sentries","floor":10,"turns":10},{"damage":1,"enemies":"Exordium Thugs","floor":12,"turns":4},{"damage":0,"enemies":"Blue Slaver","floor":13,"turns":2},{"damage":9,"enemies":"Slime Boss","floor":16,"turns":6},{"damage":0,"enemies":"3 Byrds","floor":18,"turns":1},{"damage":7,"enemies":"Shell Parasite","floor":19,"turns":3},{"damage":0,"enemies":"Centurion and Healer","floor":20,"turns":4},{"damage":3,"enemies":"Gremlin Leader","floor":23,"turns":5},{"damage":16,"enemies":"Slavers","floor":25,"turns":6},{"damage":2,"enemies":"Shelled Parasite and Fungi","floor":27,"turns":4},{"damage":1,"enemies":"Chosen and Byrds","floor":28,"turns":5},{"damage":1,"enemies":"Cultist and Chosen","floor":29,"turns":5},{"damage":12,"enemies":"Shelled Parasite and Fungi","floor":31,"turns":4},{"damage":1,"enemies":"Champ","floor":33,"turns":8},{"damage":1,"enemies":"Orb Walker","floor":35,"turns":2},{"damage":3,"enemies":"3 Shapes","floor":36,"turns":2},{"damage":10,"enemies":"Spire Growth","floor":39,"turns":5},{"damage":19,"enemies":"3 Darklings","floor":41,"turns":3},{"damage":5,"enemies":"Giant Head","floor":46,"turns":9},{"damage":18,"enemies":"Writhing Mass","floor":48,"turns":6},{"damage":61,"enemies":"Donu and Deca","floor":50,"turns":9}],"seed_played":"-1095210097225055382","potions_obtained":[{"floor":11,"key":"Fruit Juice"},{"floor":11,"key":"LiquidMemories"},{"floor":13,"key":"Poison Potion"},{"floor":16,"key":"SmokeBomb"},{"floor":20,"key":"Ancient Potion"},{"floor":25,"key":"DuplicationPotion"},{"floor":29,"key":"Energy Potion"},{"floor":31,"key":"CultistPotion"},{"floor":41,"key":"LiquidBronze"},{"floor":46,"key":"Regen Potion"},{"floor":48,"key":"Poison Potion"}],"is_trial":false,"path_per_floor":["M","?","M","M","?","R","?","R","T","E","?","M","M","$","R","B",null,"M","M","M","?","?","E","R","E","T","M","M","M","R","M","R","B",null,"M","M","?","$","M","R","M","?","T","T","?","E","$","M","R","B"],"character_chosen":"THE_SILENT","items_purchased":["Adrenaline","AttackPotion","Footwork+1","Lee\u0027s Waffle","Strength Potion","Swift Potion","Juzu Bracelet","EntropicBrew","Whetstone","Vajra"],"campfire_rested":1,"item_purchase_floors":[14,14,38,38,38,38,38,47,47,47],"current_hp_per_floor":[59,59,59,59,24,24,40,40,40,4,9,8,8,8,29,20,58,58,51,51,35,35,32,32,16,16,19,18,17,17,10,10,19,38,37,34,34,49,39,39,25,25,25,35,35,30,30,39,39,0,0],"gold":326,"neow_bonus":"THREE_ENEMY_KILL","is_daily":false,"chose_seed":false,"campfire_upgraded":7,"win_rate":0.0,"timestamp":1608967191,"path_taken":["M","?","?","M","?","R","?","R","T","E","?","M","?","$","R","BOSS","M","M","M","?","?","E","R","E","T","M","M","M","R","M","R","BOSS","M","?","?","$","M","R","M","?","T","?","?","E","$","M","R","BOSS"],"items_purchased_type":["Card","Potion","Card","Relic","Potion","Potion","Relic","Potion","Relic","Relic"],"build_version":"2020-12-22","purchased_purges":3,"victory":false,"max_hp_per_floor":[66,66,66,66,66,66,66,66,66,66,71,71,71,71,71,71,71,71,71,71,35,35,35,35,35,35,35,35,35,35,35,35,35,42,42,42,42,49,49,49,49,49,49,59,56,56,56,56,56,56,56],"relic_stats":{"Lee\u0027s Waffle":15,"counters":[24,106],"StoneCalendar":[129],"Bag of Preparation":[42],"Juzu Bracelet":0,"Whetstone":["Neutralize","Strike_G"],"MawBank":12,"obtain_stats":[{"Lee\u0027s Waffle":38,"Pear":44,"NeowsBlessing":0,"Vajra":47,"StoneCalendar":34,"Bag of Preparation":5,"Omamori":26,"Juzu Bracelet":38,"Whetstone":47,"Frozen Egg 2":23,"MawBank":46,"Calling Bell":34,"CaptainsWheel":10,"Strawberry":34,"Molten Egg 2":9,"Philosopher\u0027s Stone":17,"Toy Ornithopter":25,"Ring of the Snake":0,"Meat on the Bone":34},{"Lee\u0027s Waffle":19,"Pear":21,"NeowsBlessing":0,"Vajra":22,"StoneCalendar":17,"Bag of Preparation":3,"Omamori":12,"Juzu Bracelet":19,"Whetstone":22,"Frozen Egg 2":11,"MawBank":22,"Calling Bell":17,"CaptainsWheel":4,"Strawberry":17,"Molten Egg 2":3,"Philosopher\u0027s Stone":7,"Toy Ornithopter":12,"Ring of the Snake":0,"Meat on the Bone":17},{"Lee\u0027s Waffle":74,"Pear":82,"NeowsBlessing":0,"Vajra":91,"StoneCalendar":70,"Bag of Preparation":3,"Omamori":44,"Juzu Bracelet":74,"Whetstone":91,"Frozen Egg 2":38,"MawBank":91,"Calling Bell":70,"CaptainsWheel":13,"Strawberry":70,"Molten Egg 2":3,"Philosopher\u0027s Stone":25,"Toy Ornithopter":44,"Ring of the Snake":0,"Meat on the Bone":70}],"Toy Ornithopter":50,"Ring of the Snake":[48],"Meat on the Bone":12},"card_choices":[{"not_picked":["Deadly Poison","Eviscerate"],"picked":"Poisoned Stab","floor":1},{"not_picked":["Reflex","Distraction"],"picked":"Blade Dance","floor":3},{"not_picked":["Skewer","Catalyst","Expertise"],"picked":"SKIP","floor":4},{"not_picked":["Bane+1","Dagger Throw+1"],"picked":"Dash+1","floor":10},{"not_picked":["Dagger Throw+1","Riddle With Holes+1"],"picked":"Dagger Spray+1","floor":12},{"not_picked":["Backflip","Quick Slash+1"],"picked":"Terror","floor":13},{"not_picked":["Envenom","Phantasmal Killer"],"picked":"Unload+1","floor":16},{"not_picked":["Deflect","Underhanded Strike+1"],"picked":"Slice+1","floor":19},{"not_picked":["Deadly Poison","Dodge and Roll","Bane+1"],"picked":"SKIP","floor":20},{"not_picked":["Flying Knee+1","Masterful Stab+1"],"picked":"Blade Dance+1","floor":23},{"not_picked":["Poisoned Stab+1","Storm of Steel","Blur"],"picked":"SKIP","floor":25},{"not_picked":["PiercingWail","Endless Agony+1"],"picked":"Prepared+1","floor":27},{"not_picked":["All Out Attack+1","Blur"],"picked":"Well Laid Plans+1","floor":28},{"not_picked":["Deflect","Infinite Blades+1"],"picked":"Choke+1","floor":29},{"not_picked":["Flying Knee+1","Sucker Punch+1"],"picked":"Crippling Poison","floor":31},{"not_picked":["Burst","Storm of Steel"],"picked":"Night Terror","floor":33},{"not_picked":["Blade Dance","Tactician","Concentrate+1"],"picked":"SKIP","floor":35},{"not_picked":["Deflect","Prepared","Dodge and Roll"],"picked":"SKIP","floor":36},{"not_picked":["Bane+1","Dodge and Roll","Dagger Spray+1"],"picked":"SKIP","floor":39},{"not_picked":["Storm of Steel","Deadly Poison"],"picked":"Footwork+1","floor":41},{"not_picked":["Endless Agony+1","Escape Plan","Sucker Punch+1"],"picked":"SKIP","floor":46},{"not_picked":["Cloak And Dagger","Skewer+1"],"picked":"Finisher+1","floor":48}],"player_experience":689563,"relics_obtained":[{"floor":9,"key":"Molten Egg 2"},{"floor":10,"key":"CaptainsWheel"},{"floor":23,"key":"Frozen Egg 2"},{"floor":25,"key":"Toy Ornithopter"},{"floor":26,"key":"Omamori"},{"floor":34,"key":"Strawberry"},{"floor":34,"key":"Meat on the Bone"},{"floor":34,"key":"StoneCalendar"},{"floor":44,"key":"Pear"},{"floor":46,"key":"MawBank"}],"event_choices":[{"cards_removed":["Strike_G"],"damage_healed":0,"gold_gain":0,"player_choice":"Purged","damage_taken":0,"max_hp_gain":0,"max_hp_loss":0,"event_name":"Purifier","floor":2,"gold_loss":0},{"damage_healed":0,"gold_gain":0,"player_choice":"Success","damage_taken":35,"relics_obtained":["Bag of Preparation"],"max_hp_gain":0,"max_hp_loss":0,"event_name":"Scrap Ooze","floor":5,"gold_loss":0},{"damage_healed":16,"gold_gain":0,"player_choice":"Healed","damage_taken":0,"max_hp_gain":0,"max_hp_loss":0,"event_name":"The Cleric","floor":7,"gold_loss":35},{"damage_healed":0,"gold_gain":0,"player_choice":"Got Potions","damage_taken":0,"max_hp_gain":0,"max_hp_loss":0,"event_name":"Lab","floor":11,"gold_loss":0},{"damage_healed":0,"gold_gain":0,"player_choice":"Became a Ghost","damage_taken":0,"max_hp_gain":0,"max_hp_loss":36,"event_name":"Ghosts","floor":21,"gold_loss":0,"cards_obtained":["Ghostly","Ghostly","Ghostly"]},{"damage_healed":0,"gold_gain":0,"cards_transformed":["Strike_G"],"player_choice":"Transformed","damage_taken":0,"max_hp_gain":0,"max_hp_loss":0,"event_name":"Transmorgrifier","floor":22,"gold_loss":0,"cards_obtained":["Unload"]},{"damage_healed":0,"gold_gain":999,"player_choice":"Gold","damage_taken":0,"max_hp_gain":0,"max_hp_loss":0,"event_name":"MindBloom","floor":37,"gold_loss":0,"cards_obtained":["Normality","Normality"]},{"damage_healed":0,"gold_gain":0,"player_choice":"Ignored","damage_taken":0,"max_hp_gain":0,"max_hp_loss":0,"event_name":"Mysterious Sphere","floor":42,"gold_loss":0},{"damage_healed":0,"gold_gain":0,"player_choice":"Max HP","damage_taken":0,"max_hp_gain":0,"max_hp_loss":3,"event_name":"Winding Halls","floor":45,"gold_loss":0}],"is_beta":false,"boss_relics":[{"not_picked":["Ectoplasm","Runic Pyramid"],"picked":"Philosopher\u0027s Stone"},{"not_picked":["Sozu","Busted Crown"],"picked":"Calling Bell"}],"items_purged_floors":[14,38,47],"is_endless":false,"potions_floor_spawned":[13,16,18,20,25,29,31,41,46,48],"killed_by":"Donu and Deca","ascension_level":20}}