{"host":"d8hh7rr4yzitjeuj","time":1608988603,"event":{"mods":["2.2 Compatiblity","AchievementEnabler","BaseMod","CapriCore","Colored Map","Colored Powertips","Highlight Path","Keyboard Shortcuts","Minty Spire (QoL Compilation)","Permanent Neow","Quick Restart","StSLib","SuperFastMode"],"gold_per_floor":[11,11,28,39,52,52,17,32,55,55,74,90,15,15,15,93,93,107,118,118,118],"floor_reached":20,"playtime":560,"items_purged":[],"score":336,"play_id":"570e4e7f-2cde-48cf-8f76-2762c2ee474d","local_time":"20201226221643","is_ascension_mode":true,"campfire_choices":[{"data":"Sunder","floor":6,"key":"SMITH"},{"data":"Creative AI","floor":10,"key":"SMITH"},{"floor":15,"key":"REST"}],"circlet_count":0,"master_deck":["AscendersBane","Strike_B","Strike_B","Strike_B","Strike_B","Defend_B","Defend_B","Defend_B","Defend_B","Zap","Dualcast","Creative AI+1","Redo+1","BootSequence","Coolheaded","Sunder+1","Auto Shields","Sweeping Beam","Chill","Biased Cognition","CurseOfTheBell","Lockon","Aggregate"],"relics":["Cracked Core","Boot","Calling Bell","Dream Catcher","Ornamental Fan","Gambling Chip"],"acts_visited":["Exordium","TheCity"],"potions_floor_usage":[16],"damage_taken":[{"damage":12,"enemies":"Jaw Worm","floor":1,"turns":3},{"damage":0,"enemies":"2 Louse","floor":3,"turns":3},{"damage":0,"enemies":"Small Slimes","floor":4,"turns":2},{"damage":10,"enemies":"2 Fungi Beasts","floor":5,"turns":3},{"damage":24,"enemies":"Exordium Thugs","floor":8,"turns":4},{"damage":1,"enemies":"3 Louse","floor":11,"turns":3},{"damage":3,"enemies":"Lots of Slimes","floor":12,"turns":4},{"damage":20,"enemies":"The Guardian","floor":16,"turns":12},{"damage":23,"enemies":"Shell Parasite","floor":18,"turns":8},{"damage":18,"enemies":"3 Byrds","floor":19,"turns":5},{"damage":21,"enemies":"Centurion and Healer","floor":20,"turns":8}],"seed_played":"6218568935095577400","potions_obtained":[{"floor":5,"key":"SpeedPotion"},{"floor":8,"key":"Dexterity Potion"},{"floor":11,"key":"BlessingOfTheForge"},{"floor":18,"key":"SpeedPotion"},{"floor":19,"key":"SkillPotion"}],"is_trial":false,"path_per_floor":["M","?","M","M","M","R","?","M","T","R","M","M","$","?","R","B",null,"M","M","M"],"character_chosen":"DEFECT","items_purchased":["Chill"],"campfire_rested":1,"item_purchase_floors":[13],"current_hp_per_floor":[52,52,52,52,42,42,59,35,35,35,34,31,31,21,42,22,59,36,18,0,0],"gold":118,"neow_bonus":"THREE_RARE_CARDS","is_daily":false,"chose_seed":false,"campfire_upgraded":2,"win_rate":0.0,"timestamp":1608988603,"path_taken":["M","?","M","M","M","R","?","M","T","R","M","M","$","?","R","BOSS","M","M","?"],"items_purchased_type":["Card"],"build_version":"2020-12-22","purchased_purges":0,"victory":false,"max_hp_per_floor":[71,71,71,71,71,71,71,71,71,71,71,71,71,71,71,71,71,71,71,71,71],"card_choices":[{"not_picked":["All For One","Core Surge"],"picked":"Creative AI","floor":0},{"not_picked":["Steam","Turbo"],"picked":"Redo","floor":1},{"not_picked":["Multi-Cast","Stack"],"picked":"BootSequence","floor":3},{"not_picked":["Conserve Battery","Redo"],"picked":"Coolheaded","floor":4},{"not_picked":["Rip and Tear","Coolheaded"],"picked":"Sunder","floor":5},{"not_picked":["Beam Cell","Redo"],"picked":"Auto Shields","floor":8},{"not_picked":["Barrage","Melter","Genetic Algorithm"],"picked":"SKIP","floor":11},{"not_picked":["Reprogram","Static Discharge"],"picked":"Sweeping Beam","floor":12},{"not_picked":["Hyperbeam","Echo Form"],"picked":"Biased Cognition","floor":16},{"not_picked":["Consume","Cold Snap"],"picked":"Lockon","floor":18},{"not_picked":["Conserve Battery","Sweeping Beam"],"picked":"Aggregate","floor":19}],"player_experience":1384140,"relics_obtained":[{"floor":9,"key":"Boot"},{"floor":17,"key":"Dream Catcher"},{"floor":17,"key":"Ornamental Fan"},{"floor":17,"key":"Gambling Chip"}],"event_choices":[{"damage_healed":0,"gold_gain":0,"player_choice":"Grow","damage_taken":0,"max_hp_gain":0,"max_hp_loss":0,"event_name":"Living Wall","floor":2,"gold_loss":0,"cards_upgraded":["Redo"]},{"damage_healed":17,"gold_gain":0,"player_choice":"Healed","damage_taken":0,"max_hp_gain":0,"max_hp_loss":0,"event_name":"The Cleric","floor":7,"gold_loss":35},{"damage_healed":0,"gold_gain":0,"player_choice":"Damaged","damage_taken":10,"max_hp_gain":0,"max_hp_loss":0,"event_name":"Wheel of Change","floor":14,"gold_loss":0}],"is_beta":false,"boss_relics":[{"not_picked":["FrozenCore","Runic Pyramid"],"picked":"Calling Bell"}],"items_purged_floors":[],"is_endless":false,"potions_floor_spawned":[5,8,11,18,19],"killed_by":"Centurion and Healer","ascension_level":20}}