{"host":"bq4pt811tk9yrmjl","time":1608987100,"event":{"mods":["AchievementEnabler","BaseMod","Colored Map","Colored Powertips","Defuse TimeMaze Blight","Minty Spire (QoL Compilation)","StSLib","SuperFastMode","UnlockEverythingMod"],"gold_per_floor":[111,111,34,47,16,48,48,48,48,48,82,95,128,143,143,264,264,287,301,301,301,301,301,138,138,207,223,264,112,152,152,152,271,271,294,294,294,315,335,335,335,335,335,355,355,355,355,45,45,45],"floor_reached":51,"playtime":934,"items_purged":[],"score":837,"play_id":"1685583d-abb9-454b-b9a2-83be2d0911ae","local_time":"20201226105140","is_ascension_mode":true,"campfire_choices":[{"data":"TalkToTheHand","floor":8,"key":"SMITH"},{"floor":15,"key":"REST"},{"floor":23,"key":"REST"},{"data":"Apotheosis","floor":25,"key":"SMITH"},{"floor":32,"key":"REST"},{"floor":40,"key":"REST"},{"data":"Prostrate","floor":42,"key":"SMITH"},{"data":"ReachHeaven","floor":45,"key":"SMITH"},{"data":"Vigilance","floor":47,"key":"SMITH"},{"data":"Eruption","floor":49,"key":"SMITH"}],"circlet_count":0,"master_deck":["Strike_P+1","Strike_P+1","Strike_P+1","Strike_P+1","Defend_P+1","Defend_P+1","Defend_P+1","Defend_P+1","Eruption+1","Vigilance+1","Prostrate+1","ReachHeaven+1","TalkToTheHand+1","Consecrate","Prostrate+1","JustLucky","Alpha+1","Apotheosis+1","Prostrate+1"],"relics":["PureWater","NeowsBlessing","Turnip","Golden Idol","Ornamental Fan","WingedGreaves","Velvet Choker","Enchiridion","Singing Bowl","Omamori","ClockworkSouvenir","Red Mask","Sozu","Blue Candle","InkBottle","Gambling Chip"],"acts_visited":["Exordium","TheCity","TheBeyond"],"potions_floor_usage":[11,11,13,14,16,18,30,30,33,50],"damage_taken":[{"damage":0,"enemies":"2 Louse","floor":1,"turns":1},{"damage":0,"enemies":"Small Slimes","floor":4,"turns":1},{"damage":0,"enemies":"Lagavulin","floor":6,"turns":1},{"damage":10,"enemies":"Gremlin Nob","floor":11,"turns":4},{"damage":0,"enemies":"Cultist","floor":12,"turns":3},{"damage":1,"enemies":"3 Sentries","floor":13,"turns":6},{"damage":0,"enemies":"Looter","floor":14,"turns":2},{"damage":0,"enemies":"Slime Boss","floor":16,"turns":7},{"damage":24,"enemies":"3 Byrds","floor":18,"turns":5},{"damage":7,"enemies":"Chosen","floor":19,"turns":5},{"damage":0,"enemies":"Centurion and Healer","floor":27,"turns":5},{"damage":8,"enemies":"Book of Stabbing","floor":28,"turns":6},{"damage":13,"enemies":"Masked Bandits","floor":30,"turns":4},{"damage":30,"enemies":"Collector","floor":33,"turns":7},{"damage":15,"enemies":"3 Shapes","floor":35,"turns":3},{"damage":6,"enemies":"Orb Walker","floor":38,"turns":6},{"damage":11,"enemies":"Transient","floor":39,"turns":5},{"damage":0,"enemies":"Maw","floor":44,"turns":7},{"damage":61,"enemies":"Awakened One","floor":50,"turns":11}],"seed_played":"1910813376216854597","potions_obtained":[{"floor":10,"key":"PowerPotion"},{"floor":10,"key":"Block Potion"},{"floor":10,"key":"DistilledChaos"},{"floor":12,"key":"LiquidBronze"},{"floor":13,"key":"Fire Potion"},{"floor":14,"key":"Fruit Juice"},{"floor":16,"key":"Strength Potion"},{"floor":28,"key":"EntropicBrew"},{"floor":33,"key":"DistilledChaos"}],"is_trial":false,"path_per_floor":["M","?","$","M","?","E","?","R","T","?","E","M","E","M","R","B",null,"M","M","?","?","?","R","$","R","T","M","E","$","?","$","R","B",null,"M","?","T","M","M","R","?","R","T","M","R","$","R","$","R","B",null],"character_chosen":"WATCHER","items_purchased":["ReachHeaven","Apotheosis","ClockworkSouvenir","Gambling Chip"],"campfire_rested":4,"item_purchase_floors":[3,24,29,48],"current_hp_per_floor":[72,72,72,72,72,72,54,54,54,54,44,44,43,48,71,71,77,53,46,46,30,30,53,53,53,53,55,49,49,38,38,62,34,85,72,74,74,68,59,86,86,86,86,88,88,88,88,88,88,27],"gold":45,"neow_bonus":"THREE_ENEMY_KILL","is_daily":false,"chose_seed":false,"campfire_upgraded":6,"win_rate":0.0,"timestamp":1608987100,"path_taken":["M","?","$","M","?","E","?","R","T","?","E","M","E","M","R","BOSS","M","?","?","?","?","R","$","R","T","M","E","$","?","$","R","BOSS","M","?","?","?","M","R","?","R","T","?","R","$","R","?","R","BOSS"],"items_purchased_type":["Card","Card","Relic","Relic"],"build_version":"2020-12-22","purchased_purges":0,"victory":true,"max_hp_per_floor":[72,72,72,72,72,72,72,72,72,72,72,72,72,77,77,77,77,77,77,77,77,77,77,77,77,77,79,81,81,83,83,83,85,85,87,89,89,89,91,91,91,91,91,93,93,93,93,93,93,93],"card_choices":[{"not_picked":["Evaluate","WaveOfTheHand"],"picked":"Prostrate","floor":1},{"not_picked":["Study","Halt"],"picked":"TalkToTheHand","floor":4},{"not_picked":["Worship","Vault"],"picked":"Consecrate","floor":6},{"not_picked":["WheelKick","SashWhip"],"picked":"Prostrate","floor":11},{"not_picked":["PathToVictory","CutThroughFate"],"picked":"JustLucky","floor":12},{"not_picked":["Tantrum","Prostrate","Halt"],"picked":"SKIP","floor":13},{"not_picked":["LikeWater","WaveOfTheHand","PathToVictory"],"picked":"SKIP","floor":14},{"not_picked":["DevaForm","SpiritShield"],"picked":"Alpha","floor":16},{"not_picked":["SashWhip","Conclude+1","Worship+1"],"picked":"SKIP","floor":18},{"not_picked":["Prostrate","SandsOfTime","FlyingSleeves"],"picked":"SKIP","floor":19},{"not_picked":["Conclude","FlurryOfBlows","LessonLearned"],"picked":"Singing Bowl","floor":27},{"not_picked":["EmptyBody","Alpha","ThirdEye+1"],"picked":"Singing Bowl","floor":28},{"not_picked":["Conclude","Tantrum+1","EmptyMind"],"picked":"Singing Bowl","floor":30},{"not_picked":["Establishment","ConjureBlade","Scrawl"],"picked":"Singing Bowl","floor":33},{"not_picked":["BattleHymn+1","FlyingSleeves+1","Pray+1"],"picked":"Singing Bowl","floor":35},{"not_picked":["Forethought","Good Instincts","Madness"],"picked":"Singing Bowl","floor":36},{"not_picked":["Protect+1","WaveOfTheHand+1"],"picked":"Prostrate+1","floor":38},{"not_picked":["FlyingSleeves+1","Perseverance","CrushJoints"],"picked":"Singing Bowl","floor":39},{"not_picked":["Study+1","CarveReality+1","Conclude+1"],"picked":"Singing Bowl","floor":44}],"player_experience":118555,"relics_obtained":[{"floor":6,"key":"Turnip"},{"floor":11,"key":"Ornamental Fan"},{"floor":13,"key":"WingedGreaves"},{"floor":21,"key":"Enchiridion"},{"floor":26,"key":"Singing Bowl"},{"floor":28,"key":"Omamori"},{"floor":30,"key":"Red Mask"},{"floor":37,"key":"Blue Candle"},{"floor":43,"key":"InkBottle"}],"event_choices":[{"damage_healed":0,"gold_gain":0,"player_choice":"Grow","damage_taken":0,"max_hp_gain":0,"max_hp_loss":0,"event_name":"Living Wall","floor":2,"gold_loss":0,"cards_upgraded":["Prostrate"]},{"damage_healed":0,"gold_gain":0,"player_choice":"Left Gold","damage_taken":0,"max_hp_gain":0,"max_hp_loss":0,"event_name":"World of Goop","floor":5,"gold_loss":31},{"damage_healed":0,"gold_gain":0,"player_choice":"Take Damage","damage_taken":18,"relics_obtained":["Golden Idol"],"max_hp_gain":0,"max_hp_loss":0,"event_name":"Golden Idol","floor":7,"gold_loss":0},{"damage_healed":0,"gold_gain":0,"player_choice":"Got Potions","damage_taken":0,"max_hp_gain":0,"max_hp_loss":0,"event_name":"Lab","floor":10,"gold_loss":0},{"damage_healed":0,"gold_gain":0,"player_choice":"Simplicity","damage_taken":0,"max_hp_gain":0,"max_hp_loss":0,"event_name":"Back to Basics","floor":20,"gold_loss":0,"cards_upgraded":["Strike_P","Strike_P","Strike_P","Strike_P","Defend_P","Defend_P","Defend_P","Defend_P"]},{"damage_healed":0,"gold_gain":0,"player_choice":"Obtained Book","damage_taken":16,"max_hp_gain":0,"max_hp_loss":0,"event_name":"Cursed Tome","floor":21,"gold_loss":0},{"damage_healed":0,"gold_gain":0,"player_choice":"Ignored","damage_taken":0,"max_hp_gain":0,"max_hp_loss":0,"event_name":"Ghosts","floor":22,"gold_loss":0},{"damage_healed":0,"gold_gain":0,"player_choice":"Fought Bandits","damage_taken":0,"max_hp_gain":0,"max_hp_loss":0,"event_name":"Masked Bandits","floor":30,"gold_loss":0},{"damage_healed":0,"gold_gain":0,"player_choice":"Memory 1","damage_taken":0,"max_hp_gain":0,"max_hp_loss":0,"event_name":"SensoryStone","floor":36,"gold_loss":0},{"damage_healed":0,"gold_gain":0,"player_choice":"Forge","damage_taken":0,"max_hp_gain":0,"max_hp_loss":0,"event_name":"Accursed Blacksmith","floor":41,"gold_loss":0,"cards_upgraded":["Alpha"]}],"is_beta":false,"boss_relics":[{"not_picked":["Pandora\u0027s Box","Fusion Hammer"],"picked":"Velvet Choker"},{"not_picked":["Coffee Dripper","Empty Cage"],"picked":"Sozu"}],"items_purged_floors":[],"is_endless":false,"potions_floor_spawned":[12,13,14,16,28,33,44],"ascension_level":1}}