{"host":"12piqfhmdln9x2la","time":1608986378,"event":{"mods":["2.2 Compatiblity","AchievementEnabler","BaseMod","BetterRewards","Colored Powertips","Minty Spire (QoL Compilation)","Quick Restart","SuperFastMode"],"gold_per_floor":[117,192,192,192,211,211,211],"floor_reached":6,"playtime":115,"items_purged":["Strike_R","Strike_R"],"score":41,"play_id":"72b3d23c-3c50-4702-9743-812aa7d43979","local_time":"20201226213938","is_ascension_mode":true,"campfire_choices":[],"circlet_count":0,"master_deck":["Strike_R","Strike_R","Strike_R","Defend_R","Defend_R","Defend_R","Defend_R","Bash","Bludgeon","Heavy Blade","Flex","Armaments","Rupture"],"relics":["Burning Blood","Membership Card","Question Card","WingedGreaves","Girya"],"acts_visited":["Exordium"],"potions_floor_usage":[6],"damage_taken":[{"damage":0,"enemies":"2 Louse","floor":1,"turns":2},{"damage":12,"enemies":"Jaw Worm","floor":3,"turns":2},{"damage":1,"enemies":"Cultist","floor":5,"turns":3},{"damage":40,"enemies":"3 Sentries","floor":6,"turns":4}],"seed_played":"-6732955306145145563","potions_obtained":[{"floor":1,"key":"LiquidMemories"}],"is_trial":false,"path_per_floor":["M","?","M","?","M","E"],"character_chosen":"IRONCLAD","items_purchased":["Membership Card","Question Card","Bludgeon","Heavy Blade"],"campfire_rested":0,"item_purchase_floors":[0,0,0,0],"current_hp_per_floor":[50,39,33,33,38,0,0],"gold":211,"neow_bonus":"","is_daily":false,"chose_seed":false,"campfire_upgraded":0,"win_rate":0.0,"timestamp":1608986378,"path_taken":["M","?","M","?","M","E"],"items_purchased_type":["Relic","Relic","Card","Card"],"build_version":"2020-12-22","purchased_purges":2,"victory":false,"max_hp_per_floor":[80,80,80,80,80,80,80],"card_choices":[{"not_picked":["Evolve","Rage","Heavy Blade"],"picked":"Flex","floor":1},{"not_picked":["Heavy Blade","Clothesline","Havoc"],"picked":"Armaments","floor":3},{"not_picked":["Perfected Strike","Twin Strike","Anger"],"picked":"Rupture","floor":5}],"player_experience":123737,"relics_obtained":[],"event_choices":[{"damage_healed":0,"gold_gain":75,"player_choice":"Gather Gold","damage_taken":11,"max_hp_gain":0,"max_hp_loss":0,"event_name":"World of Goop","floor":2,"gold_loss":0},{"damage_healed":0,"gold_gain":0,"player_choice":"Bought 0 Potions","damage_taken":0,"max_hp_gain":0,"max_hp_loss":0,"event_name":"The Woman in Blue","floor":4,"gold_loss":0}],"is_beta":false,"boss_relics":[],"items_purged_floors":[0,0],"is_endless":false,"potions_floor_spawned":[1],"killed_by":"3 Sentries","ascension_level":3}}