{"host":"tpad8qsc9e0g0pa5","time":1608980433,"event":{"mods":["BaseMod","Minty Spire (QoL Compilation)","Quick Restart","StSLib","The Bug Knight","The Servant 0.9.4"],"gold_per_floor":[109,20,20,20,95,128,144,174,201,201,16,16,27,52,52,156,156,167,92,182,200,200,200,227,56,56,56,89,105,105,116,116,212,212,223,223,78,78,91,123,123,133,133,152,169,180,180,28,28,28,28,28,28,56,56],"floor_reached":56,"playtime":12307,"items_purged":["Strike_S","Exchange"],"score":1436,"play_id":"3653c463-c8a8-470a-890e-a98a19814cfd","local_time":"20201226190033","is_ascension_mode":true,"campfire_choices":[{"floor":10.0,"key":"REST"},{"data":"Gouge","floor":12.0,"key":"SMITH"},{"floor":15.0,"key":"REST"},{"data":"BestPractice","floor":23.0,"key":"SMITH"},{"data":"BottledTime","floor":30.0,"key":"SMITH"},{"floor":32.0,"key":"RECALL"},{"floor":41.0,"key":"REST"},{"data":"SilverBlades","floor":47.0,"key":"SMITH"},{"data":"Ricochet","floor":49.0,"key":"SMITH"},{"data":"BottledTime","floor":52.0,"key":"SMITH"}],"circlet_count":0,"master_deck":["Strike_S+1","Strike_S+1","Defend_S","Defend_S","Defend_S","KidneyShot","InstantArmor","Desolation","GearUp","Ricochet+1","Starlight","Contraction","Gouge+1","BestPractice+1","Dilation","BottledTime+1","ReturningBlade+1","SilverBlades+1","Luminosity","Sunlight","BottledTime+1","InstantArmor+1","InstantArmor+1","Rearm","Rearm+1","DualDimension+1","DualDimension+1","InstantArmor+1"],"relics":["Uniform","Thread and Needle","Akabeko","Orichalcum","Whetstone","Bag of Preparation","SlaversCollar","Lantern","Ancient Tea Set","HollowMod:PaleOreRelic","Philosopher\u0027s Stone","Orrery","Meat on the Bone","Nunchaku","Vajra","Broom"],"acts_visited":["Exordium","TheCity","TheBeyond","TheEnding"],"potions_floor_usage":[55,55,55],"damage_taken":[{"damage":0.0,"enemies":"Cultist","floor":1.0,"turns":4.0},{"damage":25.0,"enemies":"Lagavulin","floor":6.0,"turns":11.0},{"damage":0.0,"enemies":"2 Louse","floor":7.0,"turns":2.0},{"damage":0.0,"enemies":"Gremlin Nob","floor":8.0,"turns":3.0},{"damage":0.0,"enemies":"Small Slimes","floor":13.0,"turns":2.0},{"damage":0.0,"enemies":"Lagavulin","floor":14.0,"turns":4.0},{"damage":0.0,"enemies":"The Guardian","floor":16.0,"turns":9.0},{"damage":0.0,"enemies":"Chosen","floor":18.0,"turns":3.0},{"damage":0.0,"enemies":"Shell Parasite","floor":21.0,"turns":3.0},{"damage":0.0,"enemies":"Gremlin Leader","floor":24.0,"turns":5.0},{"damage":9.0,"enemies":"Slavers","floor":28.0,"turns":5.0},{"damage":0.0,"enemies":"Shelled Parasite and Fungi","floor":29.0,"turns":4.0},{"damage":0.0,"enemies":"3 Cultists","floor":31.0,"turns":4.0},{"damage":0.0,"enemies":"Collector","floor":33.0,"turns":8.0},{"damage":0.0,"enemies":"3 Darklings","floor":35.0,"turns":5.0},{"damage":0.0,"enemies":"Orb Walker","floor":39.0,"turns":2.0},{"damage":37.0,"enemies":"Nemesis","floor":40.0,"turns":7.0},{"damage":0.0,"enemies":"Sphere and 2 Shapes","floor":42.0,"turns":3.0},{"damage":0.0,"enemies":"Spire Growth","floor":44.0,"turns":5.0},{"damage":0.0,"enemies":"3 Darklings","floor":45.0,"turns":4.0},{"damage":0.0,"enemies":"Transient","floor":46.0,"turns":5.0},{"damage":39.0,"enemies":"Donu and Deca","floor":50.0,"turns":10.0},{"damage":0.0,"enemies":"Shield and Spear","floor":54.0,"turns":5.0},{"damage":2,"enemies":"The Heart","floor":55,"turns":11}],"seed_played":"7375337020937790546","potions_obtained":[{"floor":7.0,"key":"ColorlessPotion"},{"floor":13.0,"key":"GamblersBrew"},{"floor":24.0,"key":"Dexterity Potion"},{"floor":28.0,"key":"ColorlessPotion"},{"floor":29.0,"key":"Strength Potion"},{"floor":35.0,"key":"BlessingOfTheForge"},{"floor":44.0,"key":"AttackPotion"}],"is_trial":false,"path_per_floor":["M","$","?","?","?","E","M","E","T","R","$","R","M","E","R","B",null,"M","?","?","M","?","R","E","$","T","?","E","M","R","M","R","B",null,"M","?","$","?","M","E","R","M","T","M","M","M","R","$","R","B",null,"R","$","E","B",null],"character_chosen":"THE_SERVANT","items_purchased":["Rearm","Desolation","Contraction","Gouge","SilverBlades","Orrery","Vajra"],"campfire_rested":3,"item_purchase_floors":[2,2,11,11,25,37,48],"current_hp_per_floor":[59,59,64,64,53,28,28,28,28,47,47,47,47,47,64,64,64,64,64,52,52,64,64,64,64,64,64,55,55,55,55,55,55,64,64,61,61,61,61,36,54,54,54,54,54,54,54,54,54,27,61,61,61,61,59],"gold":56,"neow_bonus":"ONE_RARE_RELIC","is_daily":false,"chose_seed":false,"campfire_upgraded":6,"win_rate":0.0,"timestamp":1608980433,"path_taken":["M","?","?","?","?","E","?","E","T","R","$","R","M","E","R","BOSS","M","?","?","?","?","R","E","$","T","?","E","M","R","M","R","BOSS","M","?","$","?","M","E","R","M","T","M","?","M","R","$","R","BOSS","R","$","E","BOSS"],"items_purchased_type":["Card","Card","Card","Card","Card","Relic","Relic"],"build_version":"2020-12-22","purchased_purges":2,"victory":true,"max_hp_per_floor":[59,59,64,64,64,64,64,64,64,64,64,64,64,64,64,64,64,64,64,64,64,64,64,64,64,64,64,64,64,64,64,64,64,64,64,61,61,61,61,61,61,61,61,61,61,61,61,61,61,61,61,61,61,61,61],"card_choices":[{"not_picked":["Starlight","Spin"],"picked":"InstantArmor","floor":1.0},{"not_picked":["FanOfKnives","Rewind"],"picked":"GearUp","floor":6.0},{"not_picked":["Revamp","Spin"],"picked":"Ricochet","floor":7.0},{"not_picked":["Rewind","Potential"],"picked":"Starlight","floor":8.0},{"not_picked":["DoubleEdge","Starlight","Advance"],"picked":"SKIP","floor":13.0},{"not_picked":["Read","Defy"],"picked":"BestPractice","floor":14.0},{"not_picked":["Embodiment","Deny"],"picked":"Dilation","floor":16.0},{"not_picked":["ShiftingGears","Moondial","TimeWarp+1"],"picked":"SKIP","floor":18.0},{"not_picked":["RealityMarble","ShatteredReality"],"picked":"BottledTime","floor":21.0},{"not_picked":["TimeWarp","Spin"],"picked":"ReturningBlade+1","floor":24.0},{"not_picked":["ShatteredReality+1","Deny"],"picked":"Luminosity","floor":28.0},{"not_picked":["Luminosity","Defy+1","Hightail+1"],"picked":"SKIP","floor":29.0},{"not_picked":["Ricochet","Defy","Rearm"],"picked":"SKIP","floor":31.0},{"not_picked":["FlawlessForm","Initiator"],"picked":"Sunlight","floor":33.0},{"not_picked":["BestPractice","Alleviate","MoonPhase+1"],"picked":"SKIP","floor":35.0},{"not_picked":["Duplication","Spin+1"],"picked":"BottledTime","floor":37.0},{"not_picked":["Alleviate+1","Moonlight"],"picked":"InstantArmor+1","floor":37.0},{"not_picked":["ShatteredReality","DoubleEdge"],"picked":"InstantArmor+1","floor":37.0},{"not_picked":["Starlight+1","Rewind"],"picked":"Rearm","floor":37.0},{"not_picked":["BottledTime","TrueSight"],"picked":"Rearm+1","floor":39.0},{"not_picked":["FlawlessForm","Defy","Rearm+1"],"picked":"SKIP","floor":40.0},{"not_picked":["SpecialFormula+1","Spin"],"picked":"DualDimension+1","floor":42.0},{"not_picked":["Starlight+1","Misdirection","FastForward"],"picked":"SKIP","floor":44.0},{"not_picked":["Potential","Revamp"],"picked":"DualDimension+1","floor":45.0},{"not_picked":["BottledTime","DualDimension"],"picked":"InstantArmor+1","floor":46.0},{"not_picked":["Collapse","Foresight","Rewind+1"],"picked":"SKIP","floor":54.0}],"player_experience":255747,"relics_obtained":[{"floor":6.0,"key":"Akabeko"},{"floor":8.0,"key":"Orichalcum"},{"floor":9.0,"key":"Whetstone"},{"floor":14.0,"key":"Bag of Preparation"},{"floor":24.0,"key":"Lantern"},{"floor":26.0,"key":"Ancient Tea Set"},{"floor":28.0,"key":"HollowMod:PaleOreRelic"},{"floor":40.0,"key":"Nunchaku"},{"floor":54.0,"key":"Broom"}],"event_choices":[{"damage_healed":0.0,"max_hp_gain":5.0,"max_hp_loss":0.0,"gold_gain":0.0,"event_name":"Big Fish","player_choice":"Donut","floor":3.0,"gold_loss":0.0,"damage_taken":0.0},{"cards_removed":["Defend_S"],"damage_healed":0.0,"max_hp_gain":0.0,"max_hp_loss":0.0,"gold_gain":0.0,"event_name":"Living Wall","player_choice":"Forget","floor":4.0,"gold_loss":0.0,"damage_taken":0.0},{"damage_healed":0.0,"max_hp_gain":0.0,"max_hp_loss":0.0,"gold_gain":75.0,"event_name":"World of Goop","player_choice":"Gather Gold","floor":5.0,"gold_loss":0.0,"damage_taken":11.0},{"cards_removed":["Strike_S"],"damage_healed":0.0,"max_hp_gain":0.0,"max_hp_loss":0.0,"gold_gain":0.0,"event_name":"Beggar","player_choice":"Gave Gold","floor":19.0,"gold_loss":75.0,"damage_taken":0.0},{"damage_healed":0.0,"max_hp_gain":0.0,"max_hp_loss":0.0,"gold_gain":90.0,"event_name":"Knowing Skull","player_choice":"GOLD ","floor":20.0,"potions_obtained":[],"gold_loss":0.0,"damage_taken":12.0,"cards_obtained":[]},{"damage_healed":21.0,"max_hp_gain":0.0,"max_hp_loss":0.0,"gold_gain":0.0,"event_name":"The Library","player_choice":"Heal","floor":22.0,"gold_loss":0.0,"damage_taken":0.0},{"damage_healed":0.0,"max_hp_gain":0.0,"max_hp_loss":0.0,"gold_gain":0.0,"event_name":"N\u0027loth","player_choice":"Ignored","floor":27.0,"gold_loss":0.0,"damage_taken":0.0},{"damage_healed":0.0,"max_hp_gain":0.0,"max_hp_loss":3.0,"gold_gain":0.0,"event_name":"Winding Halls","player_choice":"Max HP","floor":36.0,"gold_loss":0.0,"damage_taken":0.0},{"cards_removed":["Rearm"],"damage_healed":0.0,"max_hp_gain":0.0,"max_hp_loss":0.0,"gold_gain":0.0,"event_name":"WeMeetAgain","player_choice":"Gave Card","floor":38.0,"gold_loss":0.0,"damage_taken":0.0,"relics_obtained":["Meat on the Bone"]}],"is_beta":false,"boss_relics":[{"not_picked":["Cursed Key","Empty Cage"],"picked":"SlaversCollar"},{"not_picked":["Fusion Hammer","Runic Dome"],"picked":"Philosopher\u0027s Stone"}],"items_purged_floors":[11,25],"is_endless":false,"potions_floor_spawned":[7,13,24,28,29,35,44,45,46],"ascension_level":1}}