{"host":"6ld56ls1xbe0aj21","time":1608980827,"event":{"mods":["AchievementEnabler","BaseMod","Colored Powertips","Minty Spire (QoL Compilation)","Quick Restart","Rare Cards Sparkle","StSLib","SuperFastMode","everything is the same but u backflip on backflip","slay the spire mod where everything is the same but ironclad has a cowboy hat"],"gold_per_floor":[140,140,12,12,22,53,53,81,104,116,139,186,273,285,297,411,423,475,533,545,567,604,616,616],"floor_reached":23,"playtime":822,"items_purged":[],"score":311,"play_id":"05baadd7-6152-49ad-aed9-895f8eda5580","local_time":"20201226220707","is_ascension_mode":true,"campfire_choices":[{"floor":7.0,"key":"REST"},{"floor":15.0,"key":"REST"}],"circlet_count":0,"master_deck":["AscendersBane","Strike_P+1","Defend_P+1","Eruption","Vigilance","Wish+1","SashWhip+1","WaveOfTheHand+1","Wallop","Ragnarok+1","LessonLearned","Impatience","WaveOfTheHand","DevaForm","Prostrate","Vengeance"],"relics":["Astrolabe","Akabeko","Singing Bowl","Blue Candle","MawBank","Bird Faced Urn","Sozu","Red Mask"],"acts_visited":["Exordium","TheCity"],"potions_floor_usage":[],"damage_taken":[{"damage":21.0,"enemies":"2 Louse","floor":1.0,"turns":4.0},{"damage":2.0,"enemies":"Small Slimes","floor":5.0,"turns":2.0},{"damage":10.0,"enemies":"3 Sentries","floor":6.0,"turns":7.0},{"damage":5.0,"enemies":"Lagavulin","floor":8.0,"turns":4.0},{"damage":4.0,"enemies":"Cultist","floor":11.0,"turns":3.0},{"damage":6.0,"enemies":"3 Sentries","floor":12.0,"turns":14.0},{"damage":20.0,"enemies":"Hexaghost","floor":16.0,"turns":7.0},{"damage":3.0,"enemies":"2 Thieves","floor":18.0,"turns":4.0},{"damage":16.0,"enemies":"3 Byrds","floor":19.0,"turns":5.0},{"damage":21.0,"enemies":"Centurion and Healer","floor":21.0,"turns":4.0},{"damage":18.0,"enemies":"Masked Bandits","floor":22.0,"turns":3.0},{"damage":10,"enemies":"Gremlin Leader","floor":23,"turns":2}],"seed_played":"-8576073125186615480","potions_obtained":[{"floor":11.0,"key":"SpeedPotion"},{"floor":12.0,"key":"Dexterity Potion"},{"floor":16.0,"key":"DuplicationPotion"}],"is_trial":false,"path_per_floor":["M","?","$","?","M","E","R","E","T","?","M","E","?","?","R","B",null,"M","M","?","M","?","E"],"character_chosen":"WATCHER","items_purchased":["Ragnarok","Block Potion"],"campfire_rested":2,"item_purchase_floors":[3,3],"current_hp_per_floor":[44,19,19,19,17,7,28,25,25,25,23,19,8,8,31,11,61,60,48,48,29,13,3,3],"gold":616,"neow_bonus":"BOSS_RELIC","is_daily":false,"chose_seed":false,"campfire_upgraded":0,"win_rate":0.0,"timestamp":1608980827,"path_taken":["M","?","$","?","M","E","R","E","T","?","?","E","?","?","R","BOSS","M","?","?","M","?","E"],"items_purchased_type":["Card","Potion"],"build_version":"2020-12-22","purchased_purges":0,"victory":false,"max_hp_per_floor":[72,72,72,72,72,72,72,74,74,74,76,78,78,78,78,78,78,80,82,82,84,86,86,86],"card_choices":[{"not_picked":["Consecrate","ClearTheMind"],"picked":"Wallop","floor":1.0},{"not_picked":["Nirvana","BowlingBash","SignatureMove"],"picked":"SKIP","floor":5.0},{"not_picked":["Evaluate","Protect"],"picked":"LessonLearned","floor":6.0},{"not_picked":["CrushJoints","JustLucky","ForeignInfluence"],"picked":"Singing Bowl","floor":8.0},{"not_picked":["ClearTheMind","Halt","BowlingBash"],"picked":"Singing Bowl","floor":11.0},{"not_picked":["EmptyFist","BowlingBash","Consecrate"],"picked":"Singing Bowl","floor":12.0},{"not_picked":["ConjureBlade","Judgement"],"picked":"DevaForm","floor":16.0},{"not_picked":["Conclude","ClearTheMind","CutThroughFate"],"picked":"SKIP","floor":18.0},{"not_picked":["Conclude","ClearTheMind","CutThroughFate"],"picked":"Singing Bowl","floor":18.0},{"not_picked":["FlyingSleeves+1","Adaptation","Evaluate"],"picked":"Singing Bowl","floor":19.0},{"not_picked":["BattleHymn","InnerPeace","ForeignInfluence"],"picked":"Singing Bowl","floor":21.0},{"not_picked":["CarveReality","Nirvana","ThirdEye"],"picked":"Singing Bowl","floor":22.0}],"player_experience":265190,"relics_obtained":[{"floor":6.0,"key":"Singing Bowl"},{"floor":8.0,"key":"Blue Candle"},{"floor":9.0,"key":"MawBank"},{"floor":12.0,"key":"Bird Faced Urn"},{"floor":22.0,"key":"Red Mask"}],"event_choices":[{"damage_healed":0.0,"max_hp_gain":0.0,"max_hp_loss":0.0,"gold_gain":0.0,"event_name":"Scrap Ooze","player_choice":"Success","floor":2.0,"gold_loss":0.0,"damage_taken":25.0,"relics_obtained":["Akabeko"]},{"damage_healed":0.0,"max_hp_gain":0.0,"max_hp_loss":0.0,"gold_gain":0.0,"event_name":"Living Wall","player_choice":"Grow","floor":4.0,"gold_loss":0.0,"damage_taken":0.0,"cards_upgraded":["Ragnarok"]},{"damage_healed":0.0,"max_hp_gain":0.0,"max_hp_loss":0.0,"gold_gain":0.0,"event_name":"Match and Keep!","player_choice":"2 cards matched","floor":10.0,"gold_loss":0.0,"damage_taken":0.0,"cards_obtained":["Impatience","WaveOfTheHand"]},{"damage_healed":0.0,"max_hp_gain":0.0,"max_hp_loss":0.0,"gold_gain":75.0,"event_name":"World of Goop","player_choice":"Gather Gold","floor":13.0,"gold_loss":0.0,"damage_taken":11.0},{"cards_removed":["Defend_P"],"damage_healed":0.0,"max_hp_gain":0.0,"max_hp_loss":0.0,"gold_gain":0.0,"event_name":"Purifier","player_choice":"Purged","floor":14.0,"gold_loss":0.0,"damage_taken":0.0},{"damage_healed":0.0,"max_hp_gain":0.0,"max_hp_loss":0.0,"gold_gain":0.0,"cards_transformed":["Defend_P","Defend_P"],"event_name":"Drug Dealer","player_choice":"Became Test Subject","floor":20.0,"gold_loss":0.0,"damage_taken":0.0,"cards_obtained":["Prostrate","Vengeance"]},{"damage_healed":0.0,"max_hp_gain":0.0,"max_hp_loss":0.0,"gold_gain":0.0,"event_name":"Masked Bandits","player_choice":"Fought Bandits","floor":22.0,"gold_loss":0.0,"damage_taken":0.0}],"is_beta":false,"boss_relics":[{"not_picked":["Pandora\u0027s Box","VioletLotus"],"picked":"Sozu"}],"items_purged_floors":[],"is_endless":false,"potions_floor_spawned":[11,12,16,18,19],"killed_by":"Gremlin Leader","ascension_level":10}}