{"host":"vm8b3ptwl81uq21f","time":1608971925,"event":{"mods":["BaseMod","BetterRewards","Colored Map","Colored Powertips","Downfall","GifTheSpireLib","Googly Eyes","GungeonMod","Halation","Hubris","Minty Spire (QoL Compilation)","Quick Restart","Rare Cards Sparkle","Replay The Spire","Shop Mod","StSLib","Stuff the Spire","The Animator","The Bug Knight","The IronCluck","[IsaacMod]????"],"gold_per_floor":[113,113,133,183,183,183,217,244,244,277,294,307,307,327,327,423,423,442,76,76,76],"floor_reached":20,"playtime":951,"items_purged":["Decay"],"score":176,"play_id":"ba84d6de-1256-47f9-b0f4-9932ae3f7323","local_time":"20201226033845","is_ascension_mode":false,"campfire_choices":[{"data":"DemoMod:ManualReload","floor":6,"key":"SMITH"}],"circlet_count":0,"master_deck":["DemoMod:Strike_Huntress","DemoMod:Defend_Huntress+1","DemoMod:Defend_Huntress+1","DemoMod:Defend_Huntress","DemoMod:Roll+1","DemoMod:ManualReload+1","BettingIsNotGood+1","DemoMod:Behold!+1","DemoMod:Unmoved","DemoMod:Unmoved","DemoMod:ConditionalReflex","DemoMod:BSG+1","DemoMod:Unmoved","DemoMod:ConditionalReflex","DemoMod:Purify","DemoMod:BalloonGun+1","sneckomod:Bewildered","DemoMod:BattleInHaste"],"relics":["DemoMod:Dog","HushsDoor","DoctorsRemote","NeowsBlessing","hubris:SphereOfDissonance","Centennial Puzzle","DemoMod:Limited","Mercury Hourglass","War Paint","Kintsugi","MerchantsRug","Guide Book"],"acts_visited":["Exordium","TheCity"],"potions_floor_usage":[16,16],"damage_taken":[{"damage":0,"enemies":"2 Louse","floor":1,"turns":1},{"damage":0,"enemies":"Small Slimes","floor":3,"turns":2},{"damage":9,"enemies":"Hiden Room Battle","floor":4,"turns":2},{"damage":19,"enemies":"3 Sentries","floor":7,"turns":8},{"damage":0,"enemies":"Cultist","floor":8,"turns":4},{"damage":0,"enemies":"Large Slime","floor":10,"turns":5},{"damage":0,"enemies":"Gremlin Gang","floor":11,"turns":2},{"damage":0,"enemies":"3 Louse","floor":12,"turns":2},{"damage":0,"enemies":"Large Slime","floor":14,"turns":4},{"damage":17,"enemies":"The Guardian","floor":16,"turns":10},{"damage":23,"enemies":"Spheric Guardian","floor":18,"turns":6},{"damage":2,"enemies":"Shell Parasite","floor":20,"turns":2}],"seed_played":"-8169300626787636554","potions_obtained":[{"floor":3,"key":"BlessingOfTheForge"},{"floor":12,"key":"champ:CounterPotion"},{"floor":14,"key":"Energy Potion"},{"floor":18,"key":"Languid Potion"}],"is_trial":false,"path_per_floor":["M","?","M","?","?","R","E","M","T","M","M","M","?","M","R_BF","B",null,"M","$","M"],"character_chosen":"HUNTRESS","items_purchased":["MerchantsRug","Guide Book"],"campfire_rested":0,"item_purchase_floors":[19,19],"current_hp_per_floor":[70,70,70,66,70,70,51,51,51,51,51,51,37,37,58,51,70,47,47,45,45],"gold":76,"neow_bonus":"THREE_ENEMY_KILL","is_daily":false,"chose_seed":false,"campfire_upgraded":1,"win_rate":0.0,"timestamp":1608971925,"path_taken":["M","?","M","?","?","R","E","M","T","M","M","M","?","M","R_BF","BOSS","M","$","M"],"items_purchased_type":["Relic","Relic"],"build_version":"2020-12-22","purchased_purges":1,"victory":false,"max_hp_per_floor":[70,70,70,70,70,70,70,70,70,70,70,70,70,70,70,70,70,70,70,70,70],"card_choices":[{"not_picked":[],"picked":"BettingIsNotGood","floor":0},{"not_picked":["DemoMod:DoubleSwitch","DemoMod:FortunesFavor"],"picked":"DemoMod:Behold!","floor":1},{"not_picked":["DemoMod:HardPowerCard","DemoMod:ConditionalReflex"],"picked":"DemoMod:Unmoved","floor":3},{"not_picked":["DemoMod:BattleInHaste","DemoMod:SAA"],"picked":"DemoMod:Unmoved","floor":4},{"not_picked":["DemoMod:Ejector","DemoMod:CombinedRifle"],"picked":"DemoMod:ZorGun","floor":7},{"not_picked":["DemoMod:PotionOfGunFriendShip","DemoMod:HardPowerCard"],"picked":"DemoMod:ConditionalReflex","floor":8},{"not_picked":["DemoMod:HardPowerCard","DemoMod:AC15"],"picked":"DemoMod:BSG","floor":10},{"not_picked":["DemoMod:LifeOrb","DemoMod:TripleGun"],"picked":"DemoMod:Unmoved","floor":11},{"not_picked":["DemoMod:StickyCrossBow","DemoMod:MachoBrace"],"picked":"DemoMod:ConditionalReflex","floor":12},{"not_picked":["DemoMod:Camera","DemoMod:AbyssalTentacle"],"picked":"DemoMod:Purify","floor":14},{"not_picked":["DemoMod:DarkMarker","DemoMod:BlackHoleGun"],"picked":"DemoMod:BalloonGun","floor":16},{"not_picked":["DemoMod:TeaPot","DemoMod:JK47"],"picked":"DemoMod:BattleInHaste","floor":18}],"player_experience":315439,"relics_obtained":[{"floor":4,"key":"hubris:SphereOfDissonance"},{"floor":4,"key":"Centennial Puzzle"},{"floor":7,"key":"Mercury Hourglass"},{"floor":9,"key":"War Paint"}],"event_choices":[{"damage_healed":0,"gold_gain":0,"player_choice":"Fight","damage_taken":0,"max_hp_gain":0,"max_hp_loss":0,"event_name":"HidenRoomEvent","floor":4,"gold_loss":0},{"damage_healed":0,"gold_gain":0,"player_choice":"Entered Light","damage_taken":14,"max_hp_gain":0,"max_hp_loss":0,"event_name":"Shining Light","floor":13,"gold_loss":0,"cards_upgraded":["DemoMod:BSG","DemoMod:Defend_Huntress"]}],"is_beta":false,"boss_relics":[{"not_picked":["halation:MonkeysPaw","Runic Dome"],"picked":"Kintsugi"},{"not_picked":[]}],"items_purged_floors":[19],"is_endless":false,"potions_floor_spawned":[3,12,14,18],"killed_by":"Shell Parasite","ascension_level":0}}