{"host":"djfsqftupta9xgss","time":1608991139,"event":{"mods":["ATMod(°¢èªMod)","Act Like it!","BaseMod","Gensokyo","Lobotomy","LobotomyExtend","Minty Spire (QoL Compilation)","MostiFishMod","Pale of the Ancients","Replay The Spire","Spicy Shops","StSLib","TestMod"],"gold_per_floor":[20,20,20,39,58,83,83,83,83,112,130,158,203,820,820,919,919,938,297,316,316,10,10,43,59,136,151,181,191,208,256,256,374,374,386,386,15,30,48,48,85,109,109,109,136,174,573,590,598,598],"floor_reached":51,"playtime":3188,"items_purged":["BigBird"],"score":1058,"play_id":"617e618e-2104-4f8e-b195-bd6adef9927c","local_time":"20201226215859","is_ascension_mode":true,"campfire_choices":[{"floor":40,"key":"RECALL"}],"circlet_count":0,"master_deck":["BlueStar","CENSORED","DespairKnight","Mercenary","QueenOfHatred","Woodsman","SpecialBullet","SpecialBullet","ExtractionCode","InformationCode","DisciplinaryCode","AT_FamilyPortrait","Noise","Lamp+16","BearPaw+1","ShedSkin+1","FieryBird","DaCapo+1","Mimicry+1","RecordCode","Ecstasy+1","Ghostly+1","Ghostly+1","Ghostly+1","Ghostly+1","Ghostly+1","Porccubus","Amita+1","GreenStem+1","Twilight+1","SecurityCode","Regret_ego+1","DaCapo+1","ControlCode"],"relics":["CogitoBucket","RabbitCall","DaveBox","testmod-TestBox","BirthdayGift-Icosahedron","testmod-ObsoleteBoomerang","StoneCalendar","SynthV:TestCard","LetterFromLob","Calipers","ReplayTheSpireMod:Shallot","HornCleat","AspirationHeart","Lamp_r","InkBottle","Replay:Accelerometer","FeatherPendant","AT_ArcaneBoots","Gremlin Horn","ClockworkSouvenir","ChangeAnything","AT_SeraphEmbrace","testmod-Register","Vajra","testmod-Justice","CeramicFish","Logging_r","FleshIdol","Meat on the Bone","Justitia_r","RhineCircuit","Membership Card","testmod-Charity","testmod-Brilliant","HonorFeather","Replay:Wax Seal","InTheNameOfLoveAndHate_r","WantedRequest","Pantograph","SwordSharpenedByTears_r","CENSORED_r","SoundOfStar_r"],"acts_visited":["Exordium","TheCity","TheBeyond"],"potions_floor_usage":[39],"damage_taken":[{"damage":0.0,"enemies":"2 Louse","floor":1.0,"turns":2.0},{"damage":0.0,"enemies":"Cultist","floor":4.0,"turns":2.0},{"damage":0.0,"enemies":"Small Slimes","floor":5.0,"turns":1.0},{"damage":0.0,"enemies":"Gremlin Nob","floor":6.0,"turns":2.0},{"damage":0.0,"enemies":"3 Sentries","floor":10.0,"turns":2.0},{"damage":0.0,"enemies":"Blue Slaver","floor":11.0,"turns":4.0},{"damage":0.0,"enemies":"Gremlin Nob","floor":12.0,"turns":5.0},{"damage":0.0,"enemies":"Exordium Thugs","floor":14.0,"turns":3.0},{"damage":8.0,"enemies":"Slime Boss","floor":16.0,"turns":4.0},{"damage":0.0,"enemies":"Shell Parasite","floor":18.0,"turns":2.0},{"damage":0.0,"enemies":"Spheric Guardian","floor":20.0,"turns":1.0},{"damage":0.0,"enemies":"Slavers","floor":24.0,"turns":2.0},{"damage":0.0,"enemies":"Snake Plant","floor":25.0,"turns":1.0},{"damage":0.0,"enemies":"Centurion and Healer","floor":27.0,"turns":2.0},{"damage":0.0,"enemies":"Gremlin Leader","floor":28.0,"turns":2.0},{"damage":3.0,"enemies":"Chosen and Byrds","floor":29.0,"turns":3.0},{"damage":0.0,"enemies":"Snecko","floor":30.0,"turns":1.0},{"damage":0.0,"enemies":"Slavers","floor":31.0,"turns":1.0},{"damage":0.0,"enemies":"Automaton","floor":33.0,"turns":4.0},{"damage":0.0,"enemies":"Orb Walker","floor":35.0,"turns":2.0},{"damage":1.0,"enemies":"3 Darklings","floor":38.0,"turns":1.0},{"damage":5,"enemies":"Transient","floor":39,"turns":4},{"damage":0,"enemies":"R_Hoarder","floor":41,"turns":1},{"damage":0,"enemies":"Writhing Mass","floor":42,"turns":1},{"damage":0,"enemies":"Sphere and 2 Shapes","floor":45,"turns":1},{"damage":1,"enemies":"Nemesis","floor":46,"turns":3},{"damage":0,"enemies":"Transient","floor":48,"turns":3},{"damage":3,"enemies":"FixerMidnight","floor":50,"turns":1},{"damage":0,"enemies":"Malkuth","floor":51,"turns":2},{"damage":0,"enemies":"Netzach","floor":51,"turns":1},{"damage":0,"enemies":"Chesed","floor":51,"turns":1},{"damage":3,"enemies":"Hokma","floor":51,"turns":4},{"damage":0,"enemies":"Angela","floor":51,"turns":1}],"seed_played":"2494477646184514010","potions_obtained":[{"floor":2.0,"key":"SneckoOil"},{"floor":2.0,"key":"LifebloodPotion"},{"floor":2.0,"key":"Swift Potion"},{"floor":30.0,"key":"SkillPotion"},{"floor":45,"key":"BlessingOfTheForge"}],"is_trial":false,"path_per_floor":["M","?","$","M","M","E","R","$","T","E","M","E","?","M","R","B",null,"M","$","M","?","$","R","E","M","T","M","E","M","M","E","R","B",null,"M","?","$","M","M","R","E","M","T","?","M","E","?","M","R","B",null],"character_chosen":"Angela","items_purchased":["AT_SpeedBoots","Gremlin Horn","ClockworkSouvenir","AT_ArchangelStaff","testmod-Register","Membership Card","testmod-Charity","testmod-Brilliant"],"campfire_rested":0,"item_purchase_floors":[19,19,19,22,22,37,37,37],"current_hp_per_floor":[70,70,70,70,70,70,70,70,70,70,80,80,60,61,61,54,80,80,80,80,40,40,40,40,40,40,40,40,38,40,40,40,44,44,44,44,44,45,27,27,33,35,35,35,42,48,49,55,56,56],"gold":598,"neow_bonus":"ONE_RARE_RELIC","is_daily":false,"chose_seed":false,"campfire_upgraded":0,"win_rate":0.0,"timestamp":1608991139,"path_taken":["M","?","?","M","M","E","R","$","T","E","M","E","?","M","R","BOSS","M","$","M","?","?","R","E","M","T","M","E","?","M","E","R","BOSS","M","?","$","?","M","R","E","M","T","?","M","E","?","M","R","BOSS"],"items_purchased_type":["Relic","Relic","Relic","Relic","Relic","Relic","Relic","Relic"],"build_version":"2020-12-22","purchased_purges":1,"victory":true,"max_hp_per_floor":[70,70,70,70,70,70,70,70,70,70,80,80,80,80,80,80,80,80,80,80,40,40,40,40,40,40,40,40,40,40,40,40,44,44,44,44,44,45,27,27,33,35,35,35,42,48,49,55,56,56],"card_choices":[{"not_picked":["SomewhereSpear"],"picked":"Noise","floor":1.0},{"not_picked":["CherryBlossom","FourthMatchFlame"],"picked":"SKIP","floor":1.0},{"not_picked":["Wingbeat","Regret_ego","Adoration","WristCuter"],"picked":"SKIP","floor":4.0},{"not_picked":["TodaysExpression","Moonlight","BloodyDesire","Lantern"],"picked":"SKIP","floor":4.0},{"not_picked":["Gaze","Regret_ego","WristCuter","CherryBlossom"],"picked":"SKIP","floor":5.0},{"not_picked":["WristCuter","SomewhereSpear","MagicBullet","Tough","Galaxy"],"picked":"SKIP","floor":6.0},{"not_picked":["SwordSharpenedByTears","Discord","BearPaw","Spore","Tough"],"picked":"SKIP","floor":6.0},{"not_picked":["CherryBlossoms","HappyTeddy","RedShoes"],"picked":"Singing Bowl","floor":10.0},{"not_picked":["UniverseFragment","BeautyBeast"],"picked":"MeltingLove","floor":10.0},{"not_picked":["Loneliness","Reverberation","BlueScar","Justitia"],"picked":"Lamp","floor":10.0},{"not_picked":["CherryBlossoms","VoidDream","SpiderBud"],"picked":"Singing Bowl","floor":11.0},{"not_picked":["WallGazer","Scorched"],"picked":"BigBird","floor":11.0},{"not_picked":["Noise+1","Horn+1","TodaysExpression+1","CherryBlossom+1"],"picked":"BearPaw+1","floor":11.0},{"not_picked":["MHz","HappyTeddy","Bloodbath"],"picked":"Singing Bowl","floor":12.0},{"not_picked":["Harvest+1","CUTE+1","InTheNameOfLoveAndHate+1","Adoration+1","Noise+1"],"picked":"SKIP","floor":12.0},{"not_picked":["Discord+1","Tough+1","SolemnVow+1","Logging+1","Horn+1"],"picked":"SKIP","floor":12.0},{"not_picked":["Beak+1","FourthMatchFlame+1","RapturousDream+1","TodaysExpression+1"],"picked":"ShedSkin+1","floor":13.0},{"not_picked":["Scorched","HeroicMonk","Murderer"],"picked":"Singing Bowl","floor":14.0},{"not_picked":["CherryBlossoms","UniverseFragment"],"picked":"FieryBird","floor":14.0},{"not_picked":["RedEyes+1","Noise+1","FourthMatchFlame+1","Gaze+1","Harvest+1"],"picked":"SKIP","floor":14.0},{"not_picked":["Adoration+1","GoldRush+1","Mimicry+1","CENSORED_ego+1"],"picked":"DaCapo+1","floor":16.0},{"not_picked":["BeautyBeast","VoidDream","Scorched"],"picked":"Singing Bowl","floor":16.0},{"not_picked":["Pinks+1","Justitia+1","GoldRush+1","ParadiseLost+1"],"picked":"Mimicry+1","floor":16.0},{"not_picked":["HeroicMonk","Scarecrow","MHz"],"picked":"Singing Bowl","floor":18.0},{"not_picked":["TodaysExpression+1","Moonlight+1","FourthMatchFlame+1","Lantern+1","RedEyes+1"],"picked":"SKIP","floor":18.0},{"not_picked":["Christmas+1","Loneliness+1","Logging+1","RapturousDream+1"],"picked":"Ecstasy+1","floor":20.0},{"not_picked":["MHz","GreedKing"],"picked":"CENSORED","floor":20.0},{"not_picked":["Logging+1","CrimsonScar+1","Harvest+1","Tough+1","BlueScar+1"],"picked":"SKIP","floor":20.0},{"not_picked":["BigBird","ShyLook","VoidDream"],"picked":"Singing Bowl","floor":24.0},{"not_picked":["CENSORED_ego+1","Wingbeat+1","Discord+1","SomewhereSpear+1","FrostShard+1"],"picked":"SKIP","floor":24.0},{"not_picked":["CrumblingArmor","FairyFestival","GreedKing"],"picked":"Singing Bowl","floor":25.0},{"not_picked":["SpiderBud","Wellcheers"],"picked":"Porccubus","floor":25.0},{"not_picked":["WristCuter+1","Harvest+1","TodaysExpression+1","Gaze+1","Penitence+1"],"picked":"SKIP","floor":25.0},{"not_picked":["Scorched","PunishingBird","OldLady"],"picked":"Singing Bowl","floor":27.0},{"not_picked":["HeroicMonk","BlackSwan"],"picked":"BodiesMountain","floor":27.0},{"not_picked":["FrostShard+1","Beak+1","GrinderMk4+1","CENSORED_ego+1"],"picked":"Amita+1","floor":27.0},{"not_picked":["SilentOrchestra","CherryBlossoms"],"picked":"Woodsman","floor":28.0},{"not_picked":["Hypocrisy+1","Logging+1","CrimsonScar+1","SomewhereSpear+1","Adoration+1"],"picked":"SKIP","floor":28.0},{"not_picked":["SnowQueen","Rudolta","LittleHelper"],"picked":"Singing Bowl","floor":29.0},{"not_picked":["ShedSkin+1","Diffraction+1","RapturousDream+1","WristCuter+1","Mimicry+1"],"picked":"SKIP","floor":29.0},{"not_picked":["FeatherOfHonor+1","RedEyes+1","Horn+1","Tough+1","Lantern+1"],"picked":"SKIP","floor":29.0},{"not_picked":["NothingThere","Laetitia","SnowQueen"],"picked":"Singing Bowl","floor":30.0},{"not_picked":["CrimsonScar+1","CUTE+1","Ecstasy+1","Noise+1","Spore+1"],"picked":"SKIP","floor":30.0},{"not_picked":["SwordSharpenedByTears+1","Spore+1","Galaxy+1","Soda+1","Tough+1"],"picked":"SKIP","floor":30.0},{"not_picked":["BeautyBeast","GreedKing"],"picked":"LongBird","floor":31.0},{"not_picked":["Beak+1","MagicBullet+1","Regret_ego+1","Diffraction+1"],"picked":"GreenStem+1","floor":31.0},{"not_picked":["BearPaw+1","Logging+1","FrostShard+1","ShedSkin+1","Horn+1"],"picked":"SKIP","floor":31.0},{"not_picked":["NakedNest","ShyLook","SpiderBud"],"picked":"Singing Bowl","floor":33.0},{"not_picked":["SilentOrchestra","SingingMachine"],"picked":"QueenOfHatred","floor":33.0},{"not_picked":["Pinks+1","Mimicry+1","CENSORED_ego+1","GoldRush+1"],"picked":"Twilight+1","floor":33.0},{"not_picked":["Alriune","Yin","Bloodbath"],"picked":"Singing Bowl","floor":35.0},{"not_picked":["CherryBlossom+1","WristCuter+1","Tough+1","Penitence+1","Horn+1"],"picked":"SKIP","floor":35.0},{"not_picked":["BlueScar+1","Loneliness+1","Regret_ego+1","Mimicry+1","Soda+1"],"picked":"SKIP","floor":35.0},{"not_picked":["DreamingCurrent","Scarecrow","Variant"],"picked":"Singing Bowl","floor":38.0},{"not_picked":["TodaysExpression+1","Loneliness+1","Wingbeat+1","Ecstasy+1","Tough+1"],"picked":"SKIP","floor":38.0},{"not_picked":["Beak+1","FourthMatchFlame+1","CENSORED_ego+1","RedEyes+1","BloodyDesire+1"],"picked":"SKIP","floor":38.0},{"not_picked":["OSAHOGD","SilentOrchestra","Scarecrow"],"picked":"Singing Bowl","floor":39},{"not_picked":["CUTE+1","Lamp+1","BearPaw+1","LifeForTheDareDevil+1","BloodyDesire+1"],"picked":"SKIP","floor":39},{"not_picked":["Soda+1","Tough+1","Reverberation+1","Noise+1","RedEyes+1"],"picked":"SKIP","floor":39},{"not_picked":["BigBird","HeroicMonk"],"picked":"DespairKnight","floor":41},{"not_picked":["Soda+1","Beak+1","LifeForTheDareDevil+1","RapturousDream+1","Hornet+1"],"picked":"SKIP","floor":41},{"not_picked":["Pleasure+1","Ecstasy+1","Noise+1","Pinks+1","Lamp+1"],"picked":"SKIP","floor":41},{"not_picked":["OSAHOGD","Laetitia","Yin"],"picked":"Singing Bowl","floor":42},{"not_picked":["FourthMatchFlame+1","Adoration+1","Lantern+1","SolemnVow+1"],"picked":"Regret_ego+1","floor":42},{"not_picked":["Loneliness+1","Tough+1","RapturousDream+1","FourthMatchFlame+1","Penitence+1"],"picked":"SKIP","floor":42},{"not_picked":["Variant","DreamingCurrent","HappyTeddy"],"picked":"Singing Bowl","floor":45},{"not_picked":["NothingThere","WhitesApple"],"picked":"Mercenary","floor":45},{"not_picked":["WristCuter+1","Lantern+1","Wingbeat+1","FourthMatchFlame+1"],"picked":"DaCapo+1","floor":45},{"not_picked":["CherryBlossom+1","Regret_ego+1","Lantern+1","Discord+1","RedEyes+1"],"picked":"SKIP","floor":45},{"not_picked":["CENSORED","LongBird"],"picked":"BlueStar","floor":46},{"not_picked":["Soda+1","Discord+1","Penitence+1","CUTE+1","WristCuter+1"],"picked":"SKIP","floor":46},{"not_picked":["Wingbeat+1","BlueScar+1","Penitence+1","RedEyes+1","Pleasure+1"],"picked":"SKIP","floor":46},{"not_picked":["HeroicMonk","NakedNest","LittlePrince"],"picked":"Singing Bowl","floor":48},{"not_picked":["SilentOrchestra","Yin"],"picked":"CENSORED","floor":48},{"not_picked":["ShedSkin+1","Regret_ego+1","BlueScar+1","FourthMatchFlame+1","Soda+1"],"picked":"SKIP","floor":48},{"not_picked":["Soda+1","Penitence+1","Discord+1","Pleasure+1","BloodyDesire+1"],"picked":"SKIP","floor":48},{"not_picked":["FourthMatchFlame+1","Diffraction+1","FrostShard+1","Pleasure+1","WristCuter+1"],"picked":"SKIP","floor":48}],"player_experience":364905,"relics_obtained":[{"floor":1.0,"key":"SynthV:TestCard"},{"floor":1.0,"key":"LetterFromLob"},{"floor":6.0,"key":"Calipers"},{"floor":9.0,"key":"ReplayTheSpireMod:Shallot"},{"floor":10.0,"key":"HornCleat"},{"floor":12.0,"key":"InkBottle"},{"floor":13.0,"key":"Replay:Accelerometer"},{"floor":24.0,"key":"Vajra"},{"floor":26.0,"key":"testmod-Justice"},{"floor":28.0,"key":"CeramicFish"},{"floor":31.0,"key":"Meat on the Bone"},{"floor":41,"key":"Replay:Wax Seal"},{"floor":46,"key":"Pantograph"}],"event_choices":[{"damage_healed":0.0,"max_hp_gain":0.0,"max_hp_loss":0.0,"gold_gain":0.0,"event_name":"Lab","player_choice":"Got Potions","floor":2.0,"gold_loss":0.0,"damage_taken":0.0},{"damage_healed":0.0,"max_hp_gain":0.0,"max_hp_loss":40.0,"gold_gain":0.0,"event_name":"Ghosts","player_choice":"Became a Ghost","floor":21.0,"gold_loss":0.0,"damage_taken":0.0,"cards_obtained":["Ghostly","Ghostly","Ghostly","Ghostly","Ghostly"]},{"cards_removed":["LongBird"],"damage_healed":0.0,"max_hp_gain":0.0,"max_hp_loss":0.0,"gold_gain":0.0,"event_name":"Purifier","player_choice":"Purged","floor":36.0,"gold_loss":0.0,"damage_taken":0.0},{"damage_healed":0,"gold_gain":400,"player_choice":"Sell","damage_taken":0,"max_hp_gain":0,"max_hp_loss":0,"event_name":"¶÷ÂåË¹µÄÅÌ×Ó","floor":47,"relics_lost":["AT_ATBox"],"gold_loss":0}],"is_beta":false,"boss_relics":[{"not_picked":["RhineFirstAidKit","Busted Crown"],"picked":"FeatherPendant"},{"not_picked":["testmod-StringDisintegrator","Cursed Key"],"picked":"RhineCircuit"}],"items_purged_floors":[19],"is_endless":false,"potions_floor_spawned":[5,14,18,30,33,38,45],"ascension_level":1}}