{"host":"gooba","time":1608980730,"event":{"mods":["AchievementEnabler","BaseMod","Downfall","Minty Spire (QoL Compilation)","StSLib","Trackpad"],"gold_per_floor":[99,99,99,274,40,50,50,35,368,368,27,39,58,58,75,172,172,172,190,190,290,127,146,146,165,165,165,177,177,177,194,209,308,308,308,325,325,342,442,452,499,499,499],"floor_reached":41,"playtime":2936,"items_purged":["Doubt"],"score":441,"play_id":"963b25e3-acc9-425a-8803-60aee4f5de38","local_time":"20201226120530","is_ascension_mode":false,"campfire_choices":[{"data":"Guardian:TwinSlam","floor":1.0,"key":"SMITH"},{"data":"Guardian:SentryBeam","floor":10.0,"key":"SMITH"},{"data":"Guardian:StasisStrike","floor":18.0,"key":"SMITH"},{"data":"Guardian:PrismaticBeam","floor":27.0,"key":"SMITH"},{"floor":29.0,"key":"RECALL"},{"data":"Guardian:SentryBeam","floor":35,"key":"SMITH"}],"circlet_count":0,"master_deck":["Guardian:Strike_Guardian","Guardian:Strike_Guardian","Guardian:Strike_Guardian","Guardian:Strike_Guardian","Guardian:Defend_Guardian","Guardian:Defend_Guardian","Guardian:Defend_Guardian","Guardian:Defend_Guardian","Guardian:TwinSlam+1","Guardian:SentryBeam+1","Guardian:SentryBeam+1","Guardian:PrismaticBeam+1","Guardian:PrismaticBarrier","Parasite","Guardian:StasisStrike+1","Guardian:CrystalBeam+1","Guardian:Gem_Crimson","Guardian:CrystalBeam","Guardian:CrystalBeam+1","expansioncontent:FaceSlap","expansioncontent:AwakenDeath","expansioncontent:Chronoboost"],"relics":["Guardian:ModeShifterPlus","downfall:HeartsMalice","Centennial Puzzle","Old Coin","Membership Card","Orichalcum","Oddly Smooth Stone","Pantograph","Dead Branch","Mango","Nilry\u0027s Codex","Anchor","SacredBark","downfall:GremlinWheel","Strawberry"],"acts_visited":["Exordium","TheCity","TheBeyond"],"potions_floor_usage":[],"damage_taken":[{"damage":0.0,"enemies":"2 Louse","floor":2.0,"turns":1.0},{"damage":0.0,"enemies":"Jaw Worm","floor":3.0,"turns":1.0},{"damage":0.0,"enemies":"downfall:FleeingMerchant","floor":5.0,"turns":1.0},{"damage":3.0,"enemies":"Small Slimes","floor":6.0,"turns":3.0},{"damage":0.0,"enemies":"downfall:FleeingMerchant","floor":8.0,"turns":4.0},{"damage":10.0,"enemies":"3 Sentries","floor":9.0,"turns":8.0},{"damage":0.0,"enemies":"downfall:FleeingMerchant","floor":11.0,"turns":4.0},{"damage":0.0,"enemies":"3 Louse","floor":12.0,"turns":3.0},{"damage":4.0,"enemies":"Lots of Slimes","floor":13.0,"turns":3.0},{"damage":0.0,"enemies":"Exordium Thugs","floor":15.0,"turns":4.0},{"damage":19.0,"enemies":"downfall:Silent","floor":16.0,"turns":12.0},{"damage":1.0,"enemies":"Spheric Guardian","floor":19.0,"turns":4.0},{"damage":1.0,"enemies":"Colosseum Nobs","floor":21.0,"turns":3.0},{"damage":0.0,"enemies":"downfall:FleeingMerchant","floor":22.0,"turns":4.0},{"damage":8.0,"enemies":"Centurion and Healer","floor":23.0,"turns":3.0},{"damage":0.0,"enemies":"Snecko","floor":25.0,"turns":3.0},{"damage":0.0,"enemies":"Cultist and Chosen","floor":28.0,"turns":4.0},{"damage":0.0,"enemies":"Centurion and Healer","floor":31.0,"turns":3.0},{"damage":4.0,"enemies":"Snecko","floor":32.0,"turns":4.0},{"damage":22.0,"enemies":"downfall:Ironclad","floor":33.0,"turns":7.0},{"damage":0,"enemies":"Orb Walker","floor":36,"turns":2},{"damage":10,"enemies":"3 Darklings","floor":38,"turns":5},{"damage":0,"enemies":"3 Darklings","floor":39,"turns":2},{"damage":17,"enemies":"Maw","floor":40,"turns":7}],"seed_played":"609196903046597609","potions_obtained":[{"floor":6.0,"key":"Guardian:DefensiveModePotion"},{"floor":9.0,"key":"Energy Potion"},{"floor":12.0,"key":"Energy Potion"},{"floor":16.0,"key":"Explosive Potion"},{"floor":23.0,"key":"ColorlessPotion"}],"is_trial":false,"path_per_floor":["R","M","M","?","$","M","T","$","E","R","$","M","M","?","M","B",null,"R","M","?","?","$","M","T","M","?","R","M","R","?","M","M","B",null,"R","M","?","M","?","M","T"],"character_chosen":"GUARDIAN","items_purchased":["Guardian:PrismaticBeam","Guardian:PrismaticBarrier","Guardian:Gem_Red","Membership Card","Guardian:Gem_Fragmented","Orichalcum","Oddly Smooth Stone","Mango"],"campfire_rested":0,"item_purchase_floors":[5,5,5,11,11,11,11,22],"current_hp_per_floor":[80,80,80,80,80,77,77,77,67,67,67,67,63,80,80,61,80,80,79,79,78,92,84,84,84,68,68,68,68,68,68,64,67,94,94,94,84,74,74,57,64,64,64],"gold":499,"neow_bonus":"THREE_ENEMY_KILL","is_daily":false,"chose_seed":false,"campfire_upgraded":5,"win_rate":0.0,"timestamp":1608980730,"path_taken":["R","M","M","?","$","M","T","$","E","R","$","M","M","?","M","BOSS","R","M","?","?","?","M","T","?","?","R","M","R","?","M","M","BOSS","R","M","?","M","?","M","T"],"items_purchased_type":["Card","Card","Card","Relic","Card","Relic","Relic","Relic"],"build_version":"2020-12-18","purchased_purges":1,"victory":false,"max_hp_per_floor":[80,80,80,80,80,80,80,80,80,80,80,80,80,80,80,80,80,80,80,80,80,94,94,94,94,94,94,94,94,94,94,94,94,94,94,94,94,94,94,94,101,101,101],"card_choices":[{"not_picked":["Guardian:ChargeCore","Guardian:RefractedBeam"],"picked":"Guardian:Gem_Crimson","floor":2.0},{"not_picked":["Guardian:ChargeCore","Guardian:BronzeOrb"],"picked":"Guardian:SentryBeam","floor":3.0},{"not_picked":["Guardian:ChargeCore","Guardian:Gem_Lightblue"],"picked":"Guardian:SentryBeam","floor":5.0},{"not_picked":["Guardian:DecasProtection","Guardian:Gem_Red"],"picked":"Guardian:Gem_Cyan","floor":6.0},{"not_picked":["Guardian:ShieldCharger","Guardian:CrystalBeam"],"picked":"Guardian:Gem_White","floor":8.0},{"not_picked":["Guardian:ShieldCharger","Guardian:PrimingBeam"],"picked":"Guardian:Gem_Purple","floor":9.0},{"not_picked":["Guardian:Emergency","Guardian:BaubleBeam","Guardian:TemporalStrike"],"picked":"SKIP","floor":11.0},{"not_picked":["Guardian:Gem_Lightblue","Guardian:ShieldCharger"],"picked":"Guardian:Gem_Green","floor":12.0},{"not_picked":["Guardian:Gem_Lightblue","Guardian:FloatingOrbs"],"picked":"Guardian:Gem_Cyan","floor":13.0},{"not_picked":["Guardian:ChargeCore","Guardian:WalkerClaw","Guardian:Gem_Lightblue"],"picked":"SKIP","floor":15.0},{"not_picked":["Guardian:ConstructionForm","Guardian:Gem_Orange"],"picked":"Guardian:StasisStrike","floor":16.0},{"not_picked":["Guardian:Gem_Blue","Guardian:RollAttack+1"],"picked":"Guardian:CrystalBeam+1","floor":19.0},{"not_picked":["Guardian:Gem_Cyan","Guardian:ChargeUp"],"picked":"Guardian:Gem_Crimson","floor":21.0},{"not_picked":["Guardian:Gem_Green","Guardian:HyperBeam_Guardian"],"picked":"Guardian:CrystalBeam","floor":22.0},{"not_picked":["Guardian:Recover","Guardian:ChargeCore","Guardian:PrismaticBeam"],"picked":"SKIP","floor":23.0},{"not_picked":["Guardian:VentSteam","Guardian:ChargeCore+1","Guardian:RollAttack"],"picked":"SKIP","floor":25.0},{"not_picked":["Guardian:TemporalShield","Guardian:Repulse+1","Guardian:CrystalBeam+1"],"picked":"SKIP","floor":28.0},{"not_picked":["Guardian:TemporalShield","Guardian:Repulse+1"],"picked":"Guardian:CrystalBeam+1","floor":28.0},{"not_picked":["Guardian:VentSteam","Guardian:FloatingOrbs+1","Guardian:TemporalShield"],"picked":"SKIP","floor":31.0},{"not_picked":["Guardian:GuardianWhirl","Guardian:ChargeCore+1","Guardian:VentSteam+1"],"picked":"SKIP","floor":32.0},{"not_picked":["Guardian:Gem_Cyan","Guardian:Preprogram+1","Guardian:Gem_Green"],"picked":"SKIP","floor":36},{"not_picked":["expansioncontent:YouAreMine","expansioncontent:Hexaburn"],"picked":"expansioncontent:FaceSlap","floor":37},{"not_picked":["expansioncontent:Torchfire","expansioncontent:LastStand"],"picked":"expansioncontent:AwakenDeath","floor":37},{"not_picked":["expansioncontent:CaCaw","expansioncontent:Flail"],"picked":"expansioncontent:Chronoboost","floor":37},{"not_picked":["Guardian:Gem_Red","Guardian:TemporalStrike","Guardian:Suspension+1"],"picked":"SKIP","floor":38},{"not_picked":["Guardian:Gem_Purple","Guardian:Reroute","Guardian:Emergency"],"picked":"SKIP","floor":40}],"player_experience":232971,"relics_obtained":[{"floor":7.0,"key":"Centennial Puzzle"},{"floor":9.0,"key":"Old Coin"},{"floor":21.0,"key":"Pantograph"},{"floor":21.0,"key":"Dead Branch"},{"floor":26.0,"key":"Nilry\u0027s Codex"},{"floor":39,"key":"downfall:GremlinWheel"},{"floor":41,"key":"Strawberry"}],"event_choices":[{"damage_healed":20.0,"max_hp_gain":0.0,"max_hp_loss":0.0,"gold_gain":0.0,"event_name":"Mushrooms","player_choice":"Healed and dodged fight","floor":14.0,"gold_loss":0.0,"damage_taken":0.0,"cards_obtained":["Parasite"]}],"is_beta":true,"boss_relics":[{"not_picked":["Snecko Eye","Black Star"],"picked":"Guardian:ModeShifterPlus"},{"not_picked":["trackpad:Trackpad","Fusion Hammer"],"picked":"SacredBark"}],"items_purged_floors":[5],"is_endless":false,"potions_floor_spawned":[6,9,12,15,16,23,28,33,38,40],"ascension_level":0}}