{"host":"tpad8qsc9e0g0pa5","time":1608983534,"event":{"mods":["BaseMod","Minty Spire (QoL Compilation)","Quick Restart","StSLib","The Bug Knight","The Servant 0.9.4"],"gold_per_floor":[111,36,36,46,66,66,95,95,95,106,116,16,44,44,44,148,148,163,78,90,13,13,13,13,13,13,13,40,53,82,98,98,193,193,213,213,229,247,247,247],"floor_reached":39,"playtime":2511,"items_purged":["Strike_S","Defend_S"],"score":499,"play_id":"6507b72f-7923-4646-9b17-d860972391cd","local_time":"20201226195214","is_ascension_mode":true,"campfire_choices":[{"floor":6.0,"key":"REST"},{"floor":15.0,"key":"REST"},{"data":"FlawlessForm","floor":24.0,"key":"SMITH"},{"floor":27.0,"key":"REST"},{"data":"MoonPhase","floor":32.0,"key":"SMITH"}],"circlet_count":0,"master_deck":["Strike_S","Strike_S","Defend_S","Defend_S","Defend_S","KidneyShot","Exchange","CurseOfTheBell","DoubleEdge","DoubleEdge","BottledTime","BestPractice","Hightail","FlawlessForm+1","Defy","Spin","Sabotage","Reset","BottledTime","MoonPhase+1","TheWorld","Unruled+1"],"relics":["Calling Bell","Centennial Puzzle","Letter Opener","Pocketwatch","Ornamental Fan","Ginger","Mango","SplendidAttire","Broom","Dream Catcher","Ancient Tea Set","Omamori","Runic Pyramid"],"acts_visited":["Exordium","TheCity","TheBeyond"],"potions_floor_usage":[37],"damage_taken":[{"damage":0.0,"enemies":"Cultist","floor":1.0,"turns":3.0},{"damage":11.0,"enemies":"2 Louse","floor":4.0,"turns":2.0},{"damage":5.0,"enemies":"Small Slimes","floor":5.0,"turns":2.0},{"damage":29.0,"enemies":"HollowMod:MossKnight","floor":7.0,"turns":6.0},{"damage":0.0,"enemies":"2 Fungi Beasts","floor":10.0,"turns":3.0},{"damage":16.0,"enemies":"Exordium Wildlife","floor":11.0,"turns":5.0},{"damage":8.0,"enemies":"Gremlin Nob","floor":13.0,"turns":3.0},{"damage":26.0,"enemies":"Hexaghost","floor":16.0,"turns":10.0},{"damage":3.0,"enemies":"Shell Parasite","floor":18.0,"turns":7.0},{"damage":0.0,"enemies":"3 Byrds","floor":20.0,"turns":5.0},{"damage":0.0,"enemies":"HollowMod:Nosk","floor":28.0,"turns":6.0},{"damage":7.0,"enemies":"3 Cultists","floor":29.0,"turns":5.0},{"damage":20.0,"enemies":"Slavers","floor":30.0,"turns":9.0},{"damage":0.0,"enemies":"Snake Plant","floor":31.0,"turns":4.0},{"damage":6.0,"enemies":"Collector","floor":33.0,"turns":10.0},{"damage":13.0,"enemies":"3 Darklings","floor":35.0,"turns":4.0},{"damage":36,"enemies":"3 Shapes","floor":37,"turns":4},{"damage":16,"enemies":"Jaw Worm Horde","floor":38,"turns":5},{"damage":15,"enemies":"Writhing Mass","floor":39,"turns":2}],"seed_played":"-493526875785065246","potions_obtained":[{"floor":1.0,"key":"PowerPotion"},{"floor":7.0,"key":"DuplicationPotion"},{"floor":16.0,"key":"Fire Potion"},{"floor":18.0,"key":"SpeedPotion"},{"floor":30.0,"key":"DuplicationPotion"},{"floor":31.0,"key":"AttackPotion"},{"floor":35.0,"key":"Swift Potion"},{"floor":37,"key":"Explosive Potion"},{"floor":38,"key":"Weak Potion"}],"is_trial":false,"path_per_floor":["M","$","$","M","M","R","E","?","T","M","M","$","E","?","R","B",null,"M","?","M","$","?","$","R","?","T","R","E","M","E","M","R","B",null,"M","?","M","M","M"],"character_chosen":"THE_SERVANT","items_purchased":["Sabotage"],"campfire_rested":3,"item_purchase_floors":[21],"current_hp_per_floor":[65,65,65,54,49,65,36,36,36,36,20,20,12,23,46,20,79,76,76,76,76,76,76,76,76,76,79,79,72,52,52,52,46,79,66,66,30,14,0,0],"gold":247,"neow_bonus":"BOSS_RELIC","is_daily":false,"chose_seed":false,"campfire_upgraded":2,"win_rate":0.0,"timestamp":1608983534,"path_taken":["M","?","$","M","?","R","E","?","T","M","M","$","E","?","R","BOSS","M","?","M","$","?","?","R","?","T","R","E","M","E","?","R","BOSS","M","?","M","M","?"],"items_purchased_type":["Card"],"build_version":"2020-12-22","purchased_purges":2,"victory":false,"max_hp_per_floor":[65,65,65,65,65,65,65,65,65,65,65,65,65,79,79,79,79,79,79,79,79,79,79,79,79,79,79,79,79,79,79,79,79,79,79,79,79,79,79,79],"card_choices":[{"not_picked":["Misdirection","Starlight"],"picked":"DoubleEdge","floor":1.0},{"not_picked":["WasteNot","Ricochet"],"picked":"DoubleEdge","floor":4.0},{"not_picked":["Manipulate","Starlight"],"picked":"BottledTime","floor":5.0},{"not_picked":["Potential","Misdirection","WasteNot"],"picked":"SKIP","floor":7.0},{"not_picked":["TimeWarp","BottledTime"],"picked":"BestPractice","floor":10.0},{"not_picked":["Comet","Unruled","TimeWarp"],"picked":"SKIP","floor":11.0},{"not_picked":["Replace","SurpressingFire"],"picked":"Hightail","floor":13.0},{"not_picked":["Sunlight","Solidify"],"picked":"FlawlessForm","floor":16.0},{"not_picked":["Unruled+1","Contraction"],"picked":"Defy","floor":18.0},{"not_picked":["DoubleEdge","Collapse"],"picked":"Spin","floor":20.0},{"not_picked":["ShatteredReality","Rearm"],"picked":"Reset","floor":27.0},{"not_picked":["TimeWarp","Foresight"],"picked":"BottledTime","floor":28.0},{"not_picked":["Sunlight","InstantArmor+1","Replace+1"],"picked":"SKIP","floor":29.0},{"not_picked":["Alleviate","BottledTime","Starlight"],"picked":"SKIP","floor":30.0},{"not_picked":["Rearm+1","Spin+1"],"picked":"MoonPhase","floor":31.0},{"not_picked":["Sunlight","SoulSculpture"],"picked":"TheWorld","floor":33.0},{"not_picked":["Moonlight","ShatteredReality+1"],"picked":"Unruled+1","floor":35.0},{"not_picked":["ShatteredReality+1","SurpressingFire","Starlight+1"],"picked":"SKIP","floor":37},{"not_picked":["Unruled","Rewind","FastForward+1"],"picked":"SKIP","floor":38}],"player_experience":268054,"relics_obtained":[{"floor":0.0,"key":"Centennial Puzzle"},{"floor":0.0,"key":"Letter Opener"},{"floor":0.0,"key":"Pocketwatch"},{"floor":7.0,"key":"Ornamental Fan"},{"floor":13.0,"key":"Ginger"},{"floor":26.0,"key":"Dream Catcher"},{"floor":28.0,"key":"Ancient Tea Set"},{"floor":30.0,"key":"Omamori"}],"event_choices":[{"damage_healed":0.0,"max_hp_gain":0.0,"max_hp_loss":0.0,"gold_gain":0.0,"event_name":"Dead Adventurer","player_choice":"Searched \u00270\u0027 times","floor":8.0,"gold_loss":0.0,"damage_taken":0.0},{"damage_healed":0.0,"max_hp_gain":0.0,"max_hp_loss":0.0,"gold_gain":0.0,"event_name":"Scrap Ooze","player_choice":"Success","floor":14.0,"gold_loss":0.0,"damage_taken":3.0,"relics_obtained":["Mango"]},{"damage_healed":0.0,"max_hp_gain":0.0,"max_hp_loss":0.0,"gold_gain":0.0,"event_name":"Addict","player_choice":"Obtained Relic","floor":19.0,"gold_loss":85.0,"damage_taken":0.0,"relics_obtained":["Broom"]},{"damage_healed":0.0,"max_hp_gain":0.0,"max_hp_loss":0.0,"gold_gain":0.0,"event_name":"Ghosts","player_choice":"Ignored","floor":22.0,"gold_loss":0.0,"damage_taken":0.0},{"cards_removed":["Strike_S"],"damage_healed":0.0,"max_hp_gain":0.0,"max_hp_loss":0.0,"gold_gain":0.0,"event_name":"Back to Basics","player_choice":"Elegance","floor":25.0,"gold_loss":0.0,"damage_taken":0.0},{"damage_healed":0.0,"max_hp_gain":0.0,"max_hp_loss":0.0,"gold_gain":0.0,"event_name":"SecretPortal","player_choice":"Ignored","floor":36.0,"gold_loss":0.0,"damage_taken":0.0}],"is_beta":false,"boss_relics":[{"not_picked":["SlaversCollar","Sozu"],"picked":"SplendidAttire"},{"not_picked":["Snecko Eye","Tiny House"],"picked":"Runic Pyramid"}],"items_purged_floors":[2,12],"is_endless":false,"potions_floor_spawned":[1,7,16,18,30,31,35,37,38],"killed_by":"Writhing Mass","ascension_level":2}}