{"host":"2461dio7vetlq1z3","time":1608948870,"event":{"mods":["2.2 Compatiblity","AchievementEnabler","Aspiration","BaseMod","Better Skull","Better Third Choice","Friendly Minions","Hermit","Hubris","Minty Spire (QoL Compilation)","Relic Stats","Spicy Shops","StSLib","Waifu the Spire"],"gold_per_floor":[109,1,19,19,38,38,72,72,97,117,146,158,158,168,168,242,242,242,242,162,4,4,4,4,4],"floor_reached":24,"playtime":1087,"items_purged":["Strike_G"],"score":512,"play_id":"c7e940c1-812a-4c54-a26a-4bd5c5eccd7e","local_time":"20201226031430","is_ascension_mode":true,"campfire_choices":[{"data":"Noxious Fumes","floor":6,"key":"SMITH"},{"data":"Footwork","floor":8,"key":"SMITH"},{"data":"Glass Knife","floor":13,"key":"SMITH"},{"data":"Neutralize","floor":15,"key":"SMITH"},{"data":"Night Terror","floor":23,"key":"SMITH"}],"circlet_count":0,"master_deck":["AscendersBane","Strike_G","Strike_G","Strike_G","Strike_G","Defend_G","Defend_G","Defend_G","Defend_G","Defend_G","Survivor","Neutralize+1","Noxious Fumes+1","Dagger Throw","Dagger Throw","Footwork+1","Glass Knife+1","Venomology","Dagger Throw","Night Terror+1","Blade Dance","Masterful Stab"],"relics":["hubris:Stopwatch","Omamori","hubris:AncientText","hubris:MysteriousPyramids","Ectoplasm","CultistMask","HornCleat"],"acts_visited":["Exordium","TheCity"],"potions_floor_usage":[11,12,16,16,20,24],"damage_taken":[{"damage":29,"enemies":"Jaw Worm","floor":1,"turns":9},{"damage":0,"enemies":"Cultist","floor":3,"turns":4},{"damage":1,"enemies":"Small Slimes","floor":5,"turns":4},{"damage":29,"enemies":"Lagavulin","floor":7,"turns":9},{"damage":5,"enemies":"Blue Slaver","floor":10,"turns":4},{"damage":7,"enemies":"3 Sentries","floor":11,"turns":7},{"damage":1,"enemies":"3 Louse","floor":12,"turns":2},{"damage":0,"enemies":"2 Fungi Beasts","floor":14,"turns":4},{"damage":0,"enemies":"The Guardian","floor":16,"turns":10},{"damage":0,"enemies":"Chosen","floor":18,"turns":2},{"damage":28,"enemies":"2 Thieves","floor":20,"turns":4},{"damage":36,"enemies":"Gremlin Leader","floor":24,"turns":4}],"seed_played":"-6867729524736131132","potions_obtained":[{"floor":1,"key":"Explosive Potion"},{"floor":5,"key":"SteroidPotion"},{"floor":11,"key":"SkillPotion"},{"floor":16,"key":"ColorlessPotion"},{"floor":20,"key":"Block Potion"}],"is_trial":false,"path_per_floor":["M","$","M","?","M","R","E","R","T","M","E","M","R","M","R","B",null,"M","?","M","$","T","R","E"],"character_chosen":"THE_SILENT","items_purchased":["Dagger Throw","Masterful Stab"],"campfire_rested":0,"item_purchase_floors":[2,21],"current_hp_per_floor":[30,30,30,66,65,65,36,36,36,31,24,23,23,23,23,23,55,55,55,27,27,27,27,0,0],"gold":4,"neow_bonus":"BOSS_RELIC","is_daily":false,"chose_seed":false,"campfire_upgraded":5,"win_rate":0.0,"timestamp":1608948870,"path_taken":["M","$","M","?","?","R","E","R","T","M","E","M","R","M","R","BOSS","M","?","M","$","?","R","E"],"items_purchased_type":["Card","Card"],"build_version":"2020-12-22","purchased_purges":1,"victory":false,"max_hp_per_floor":[66,66,66,66,66,66,66,66,66,66,66,66,66,66,66,66,66,66,66,66,66,66,66,66,66],"relic_stats":{"counters":[12,63],"Ectoplasm":104,"obtain_stats":[{"HornCleat":22,"hubris:Stopwatch":0,"Ectoplasm":17,"CultistMask":19,"Omamori":7,"hubris:MysteriousPyramids":11,"hubris:AncientText":9,"Ring of the Snake":0},{"HornCleat":11,"hubris:Stopwatch":0,"Ectoplasm":9,"CultistMask":10,"Omamori":4,"hubris:MysteriousPyramids":6,"hubris:AncientText":4,"Ring of the Snake":0},{"HornCleat":59,"hubris:Stopwatch":0,"Ectoplasm":53,"CultistMask":55,"Omamori":26,"hubris:MysteriousPyramids":37,"hubris:AncientText":26,"Ring of the Snake":0}]},"card_choices":[{"not_picked":["Outmaneuver","All Out Attack"],"picked":"Noxious Fumes","floor":1},{"not_picked":["Dagger Throw","Acrobatics"],"picked":"hubris:Counter","floor":3},{"not_picked":["Flechettes","Terror"],"picked":"Dagger Throw","floor":5},{"not_picked":["Choke","Deflect"],"picked":"Footwork","floor":7},{"not_picked":["Sucker Punch","Bouncing Flask"],"picked":"Glass Knife","floor":10},{"not_picked":["Escape Plan","Eviscerate"],"picked":"Venomology","floor":11},{"not_picked":["hubris:SlightOfHand","Flechettes","hubris:Sniper"],"picked":"SKIP","floor":12},{"not_picked":["Expertise","Dagger Spray"],"picked":"Dagger Throw","floor":14},{"not_picked":["Die Die Die","Adrenaline"],"picked":"Night Terror","floor":16},{"not_picked":["hubris:Sniper+1","Heel Hook","Dagger Throw"],"picked":"SKIP","floor":18},{"not_picked":["Slice","hubris:SlightOfHand"],"picked":"Blade Dance","floor":20}],"player_experience":921466,"relics_obtained":[{"floor":7,"key":"Omamori"},{"floor":9,"key":"hubris:AncientText"},{"floor":11,"key":"hubris:MysteriousPyramids"},{"floor":22,"key":"HornCleat"}],"event_choices":[{"cards_removed":["hubris:Counter"],"damage_healed":36,"gold_gain":0,"player_choice":"Offered Uncommon","damage_taken":0,"max_hp_gain":0,"max_hp_loss":0,"event_name":"Bonfire Elementals","floor":4,"gold_loss":0},{"damage_healed":0,"gold_gain":0,"player_choice":"Trade","damage_taken":0,"relics_obtained":["CultistMask"],"max_hp_gain":0,"max_hp_loss":0,"event_name":"FaceTrader","floor":19,"gold_loss":0}],"is_beta":false,"boss_relics":[{"not_picked":["aspiration:WatcherSkillbook","HoveringKite"],"picked":"Ectoplasm"}],"items_purged_floors":[21],"is_endless":false,"potions_floor_spawned":[1,5,10,11,16,20],"killed_by":"Gremlin Leader","ascension_level":20}}