{"host":"oy4pyvr762z5n0bb","time":1608963158,"event":{"mods":["AchievementEnabler","BaseMod","Colored Map","Colored Powertips","Googly Eyes","Key Reminder","Minty Spire (QoL Compilation)","Quick Restart","Relic Sorter","StSLib","SuperFastMode","Unceasing Turn Reminder","slay the spire mod where everything is the same but ironclad has a cowboy hat"],"gold_per_floor":[119,133,147,147,51,84,84,84,110,110,134,134,177,195,195,325,325,325,325,325,136,136,136,136,136,136],"floor_reached":25,"playtime":623,"items_purged":["Strike_G"],"score":295,"play_id":"287add68-527e-4c91-a4c4-9980ad4b7c52","local_time":"20201225221238","is_ascension_mode":true,"campfire_choices":[{"data":"Finisher","floor":7,"key":"SMITH"},{"data":"Slice","floor":10,"key":"SMITH"},{"data":"Choke","floor":12,"key":"SMITH"},{"data":"Survivor","floor":15,"key":"SMITH"},{"floor":23,"key":"REST"}],"circlet_count":0,"master_deck":["Strike_G","Strike_G","Strike_G","Strike_G","Defend_G","Defend_G","Defend_G","Defend_G","Defend_G","Survivor+1","Neutralize+1","Dagger Spray","Slice+1","Choke+1","Injury","Finisher+1","Dagger Throw","Slice+1","Heel Hook","A Thousand Cuts","Slice+1","Writhe","Acrobatics","Footwork"],"relics":["Ring of the Snake","Golden Idol","Bag of Marbles","Happy Flower","Bag of Preparation","Strawberry","Ectoplasm","Nunchaku"],"acts_visited":["Exordium","TheCity"],"potions_floor_usage":[6,6,13,20,25],"damage_taken":[{"damage":0,"enemies":"Cultist","floor":1,"turns":3},{"damage":2,"enemies":"Jaw Worm","floor":2,"turns":4},{"damage":4,"enemies":"Small Slimes","floor":3,"turns":3},{"damage":12,"enemies":"3 Sentries","floor":6,"turns":6},{"damage":0,"enemies":"Gremlin Nob","floor":13,"turns":3},{"damage":0,"enemies":"Blue Slaver","floor":14,"turns":2},{"damage":42,"enemies":"Hexaghost","floor":16,"turns":10},{"damage":1,"enemies":"3 Byrds","floor":18,"turns":3},{"damage":6,"enemies":"Spheric Guardian","floor":20,"turns":3},{"damage":9,"enemies":"Centurion and Healer","floor":22,"turns":5},{"damage":3,"enemies":"Cultist and Chosen","floor":24,"turns":2},{"damage":76,"enemies":"Gremlin Leader","floor":25,"turns":7}],"seed_played":"3013195291402546049","potions_obtained":[{"floor":2,"key":"Block Potion"},{"floor":3,"key":"ColorlessPotion"},{"floor":6,"key":"EntropicBrew"},{"floor":22,"key":"Block Potion"}],"is_trial":false,"path_per_floor":["M","M","M","?","$","E","R","?","T","R","T","R","E","M","R","B",null,"M","?","M","$","M","R","M","E"],"character_chosen":"THE_SILENT","items_purchased":["Finisher","Dagger Throw","Footwork","Ancient Potion"],"campfire_rested":1,"item_purchase_floors":[5,5,21,21],"current_hp_per_floor":[70,68,64,64,64,52,52,52,52,52,52,52,59,59,59,17,62,61,61,55,55,46,69,66,0,0],"gold":136,"neow_bonus":"UPGRADE_CARD","is_daily":false,"chose_seed":false,"campfire_upgraded":4,"win_rate":0.0,"timestamp":1608963158,"path_taken":["M","?","M","?","$","E","R","?","T","R","?","R","E","?","R","BOSS","M","?","M","$","M","R","M","E"],"items_purchased_type":["Card","Card","Card","Potion"],"build_version":"2020-12-22","purchased_purges":1,"victory":false,"max_hp_per_floor":[70,70,70,70,70,70,70,70,70,70,70,70,77,77,77,77,77,77,77,77,77,77,77,77,77,77],"card_choices":[{"not_picked":["Prepared","Reflex"],"picked":"Dagger Spray","floor":1},{"not_picked":["Backflip","Bane"],"picked":"Slice","floor":2},{"not_picked":["Masterful Stab","Leg Sweep"],"picked":"Choke","floor":3},{"not_picked":["Acrobatics","Sucker Punch"],"picked":"Slice","floor":6},{"not_picked":["PiercingWail","Dagger Throw"],"picked":"Heel Hook","floor":13},{"not_picked":["Flying Knee","Poisoned Stab","Tactician"],"picked":"SKIP","floor":14},{"not_picked":["After Image","Die Die Die"],"picked":"A Thousand Cuts","floor":16},{"not_picked":["Finisher","Prepared"],"picked":"Slice+1","floor":18},{"not_picked":["Underhanded Strike","Deflect"],"picked":"Acrobatics","floor":20},{"not_picked":["Poisoned Stab+1","Bane+1","Accuracy"],"picked":"SKIP","floor":22},{"not_picked":["Backflip","Deflect+1","Bane"],"picked":"SKIP","floor":24}],"player_experience":581068,"relics_obtained":[{"floor":6,"key":"Bag of Marbles"},{"floor":9,"key":"Happy Flower"},{"floor":11,"key":"Bag of Preparation"},{"floor":13,"key":"Strawberry"}],"event_choices":[{"damage_healed":0,"gold_gain":0,"player_choice":"Take Wound","damage_taken":0,"relics_obtained":["Golden Idol"],"max_hp_gain":0,"max_hp_loss":0,"event_name":"Golden Idol","floor":4,"gold_loss":0,"cards_obtained":["Injury"]},{"damage_healed":0,"gold_gain":0,"player_choice":"Grow","damage_taken":0,"max_hp_gain":0,"max_hp_loss":0,"event_name":"Living Wall","floor":8,"gold_loss":0,"cards_upgraded":["Slice"]},{"damage_healed":0,"gold_gain":0,"player_choice":"Opened","damage_taken":0,"relics_obtained":["Nunchaku"],"max_hp_gain":0,"max_hp_loss":0,"event_name":"The Mausoleum","floor":19,"gold_loss":0,"cards_obtained":["Writhe"]}],"is_beta":false,"boss_relics":[{"not_picked":["Calling Bell","Velvet Choker"],"picked":"Ectoplasm"}],"items_purged_floors":[21],"is_endless":false,"potions_floor_spawned":[2,3,6,14,22],"killed_by":"Gremlin Leader","ascension_level":5}}