{"host":"7t8rqoeeopyy0nh0","time":1608952148,"event":{"mods":["AchievementEnabler","BaseMod","Better Third Choice","BetterRewards","Colored Map","Colored Powertips","Downfall","Hubris","Infinite Spire","Marisa????????","Minty Spire (QoL Compilation)","Replay The Spire","StSLib","The Animator","The Construct","The Cursed","The Hierophant"],"gold_per_floor":[113,126,96,107,127,127,177,177,225,260,260,20,34,34,34,109,109,69,69],"floor_reached":18,"playtime":488,"items_purged":["Strike_R"],"score":507,"play_id":"f30d5928-99be-42e5-94bb-046190dc22b3","local_time":"20201225220908","is_ascension_mode":true,"campfire_choices":[{"data":"Feed","floor":6,"key":"SMITH"},{"data":"Bash","floor":8,"key":"SMITH"},{"data":"Shrug It Off","floor":11,"key":"SMITH"},{"data":"Offering","floor":15,"key":"SMITH"}],"circlet_count":0,"master_deck":["AscendersBane","Strike_R+1","Strike_R","Strike_R","Strike_R","Defend_R","Defend_R","Defend_R","Bash+1","Whirlwind+1","Feel No Pain+1","Dropkick","Thunderclap","Shrug It Off","Feed+1","Shrug It Off+1","Offering+1","Metallicize","Immolate"],"relics":["Black Blood","Orichalcum","Guide Book","Blue Doll","Darkstone Periapt"],"acts_visited":["Exordium","TheCity"],"potions_floor_usage":[10,16],"damage_taken":[{"damage":6,"enemies":"Jaw Worm","floor":1,"turns":2},{"damage":0,"enemies":"Cultist","floor":2,"turns":2},{"damage":4,"enemies":"2 Louse","floor":4,"turns":4},{"damage":17,"enemies":"Gremlin Gang","floor":5,"turns":4},{"damage":10,"enemies":"Gremlin Nob","floor":10,"turns":4},{"damage":6,"enemies":"3 Louse","floor":13,"turns":1},{"damage":37,"enemies":"The Guardian","floor":16,"turns":16},{"damage":14,"enemies":"2 Thieves","floor":18,"turns":2}],"seed_played":"5433064721824254191","potions_obtained":[{"floor":3,"key":"Adrenaline Potion"},{"floor":3,"key":"Ancient Potion"},{"floor":13,"key":"Explosive Potion"},{"floor":16,"key":"Elixir"}],"is_trial":false,"path_per_floor":["M","M","?","M","M","R","?","R","T","E","R","$","M","?","R","B",null,"M"],"character_chosen":"IRONCLAD","items_purchased":["Whirlwind+1","Feel No Pain","Orichalcum","Guide Book","BlessingOfTheForge","Offering"],"campfire_rested":0,"item_purchase_floors":[0,0,0,0,0,12],"current_hp_per_floor":[42,48,48,53,45,45,45,45,45,45,45,45,45,45,45,14,67,53,53],"gold":69,"neow_bonus":"","is_daily":false,"chose_seed":false,"campfire_upgraded":4,"win_rate":0.0,"timestamp":1608952148,"path_taken":["M","M","?","M","?","R","?","R","T","E","R","$","?","?","R","BOSS","M"],"items_purchased_type":["Card","Card","Relic","Relic","Potion","Card"],"build_version":"2020-12-22","purchased_purges":1,"victory":false,"max_hp_per_floor":[75,75,75,78,81,81,81,81,81,85,85,85,85,85,85,85,85,85,85],"card_choices":[{"not_picked":["Cleave","Anger"],"picked":"Shrug It Off","floor":1},{"not_picked":["Shrug It Off","Body Slam"],"picked":"Feed","floor":2},{"not_picked":["Anger","ReplayTheSpireMod:Strike From Hell"],"picked":"Shrug It Off","floor":4},{"not_picked":["ReplayTheSpireMod:LeadingStrike","Replay:Undeath\u0027s Touch","Thunderclap"],"picked":"SKIP","floor":5},{"not_picked":["Replay:Undeath\u0027s Touch","Defy Death","Whirlwind"],"picked":"SKIP","floor":10},{"not_picked":["Intimidate","Havoc"],"picked":"Metallicize","floor":13},{"not_picked":["Exhume","Limit Break"],"picked":"Immolate","floor":16}],"player_experience":372858,"relics_obtained":[{"floor":9,"key":"Blue Doll"},{"floor":10,"key":"Darkstone Periapt"}],"event_choices":[{"damage_healed":0,"gold_gain":0,"player_choice":"Bought 2 Potions","damage_taken":0,"max_hp_gain":0,"max_hp_loss":0,"event_name":"The Woman in Blue","floor":3,"gold_loss":0},{"damage_healed":0,"gold_gain":50,"player_choice":"Pray","damage_taken":0,"max_hp_gain":0,"max_hp_loss":0,"event_name":"Golden Shrine","floor":7,"gold_loss":0}],"is_beta":false,"boss_relics":[{"not_picked":["hubris:Backtick","Sozu"],"picked":"Black Blood"}],"items_purged_floors":[12],"is_endless":false,"potions_floor_spawned":[5,13,16],"killed_by":"2 Thieves","ascension_level":19}}