{"host":"6pgtslebjnyv5xmi","time":1608988104,"event":{"mods":["AchievementEnabler","BaseMod","Colored Map","Minty Spire (QoL Compilation)","Rare Cards Sparkle","StSLib","SuperFastMode","Td1madao Mod","everything is the same but u backflip on backflip"],"gold_per_floor":[117,42,217,235,2,2,33,33,33,105,120,120,131,81,81,81,81],"floor_reached":16,"playtime":702,"items_purged":["Strike_R","Doubt"],"score":137,"play_id":"2ece49a5-3aeb-4453-9863-44880e36bf69","local_time":"20201226220824","is_ascension_mode":true,"campfire_choices":[{"data":"Entrench","floor":6,"key":"SMITH"},{"data":"Body Slam","floor":8,"key":"SMITH"},{"data":"Second Wind","floor":12,"key":"SMITH"},{"data":"Feel No Pain","floor":15,"key":"SMITH"}],"circlet_count":0,"master_deck":["Strike_R","Defend_R","Defend_R","Defend_R","Defend_R","Bash","Body Slam+1","Entrench+1","Thunderclap","Second Wind+1","Feel No Pain+1"],"relics":["Burning Blood","Membership Card","WingedGreaves","Meat on the Bone","White Beast Statue"],"acts_visited":["Exordium"],"potions_floor_usage":[7,7,13,16],"damage_taken":[{"damage":9.0,"enemies":"Cultist","floor":1.0,"turns":5.0},{"damage":10,"enemies":"Small Slimes","floor":4,"turns":5},{"damage":42,"enemies":"Lagavulin","floor":7,"turns":9},{"damage":3,"enemies":"Jaw Worm","floor":11,"turns":5},{"damage":18,"enemies":"Exordium Thugs","floor":13,"turns":4},{"damage":49,"enemies":"The Guardian","floor":16,"turns":16}],"seed_played":"2007386030085713315","potions_obtained":[{"floor":1.0,"key":"Explosive Potion"},{"floor":4,"key":"FearPotion"},{"floor":11,"key":"LiquidMemories"},{"floor":13,"key":"ColorlessPotion"}],"is_trial":false,"path_per_floor":["M","$","?","M","$","R","E","R","T","T","M","R","M","?","R","B"],"character_chosen":"IRONCLAD","items_purchased":["Membership Card","Feel No Pain"],"campfire_rested":0,"item_purchase_floors":[5,5],"current_hp_per_floor":[69,69,69,65,65,65,29,29,29,29,44,44,44,44,44,0,0],"gold":81,"neow_bonus":"TRANSFORM_TWO_CARDS","is_daily":false,"chose_seed":false,"campfire_upgraded":4,"win_rate":0.0,"timestamp":1608988104,"path_taken":["M","?","?","M","$","R","E","R","T","?","M","R","?","?","R","BOSS"],"items_purchased_type":["Relic","Card"],"build_version":"2020-12-22","purchased_purges":2,"victory":false,"max_hp_per_floor":[72,72,72,72,72,72,72,72,72,72,72,72,72,72,72,72,72],"card_choices":[{"not_picked":["Whirlwind","Heavy Blade"],"picked":"Thunderclap","floor":1.0},{"not_picked":["Power Through","Flex"],"picked":"Second Wind","floor":4},{"not_picked":["Shockwave","Bloodletting","Sever Soul"],"picked":"SKIP","floor":7},{"not_picked":["Warcry","Twin Strike","Flex"],"picked":"SKIP","floor":11},{"not_picked":["Armaments","Cleave","True Grit"],"picked":"SKIP","floor":13}],"player_experience":491417,"relics_obtained":[{"floor":7,"key":"WingedGreaves"},{"floor":9,"key":"Meat on the Bone"},{"floor":10,"key":"White Beast Statue"}],"event_choices":[{"damage_healed":0.0,"max_hp_gain":0.0,"max_hp_loss":0.0,"gold_gain":175.0,"event_name":"Liars Game","player_choice":"AGREE","floor":3.0,"gold_loss":0.0,"damage_taken":0.0,"cards_obtained":["Doubt"]},{"cards_removed":["Strike_R"],"damage_healed":0,"gold_gain":0,"player_choice":"Card Removal","damage_taken":0,"max_hp_gain":0,"max_hp_loss":0,"event_name":"The Cleric","floor":14,"gold_loss":50}],"is_beta":false,"boss_relics":[],"items_purged_floors":[2,5],"is_endless":false,"potions_floor_spawned":[1,4,11,13],"killed_by":"The Guardian","ascension_level":8}}