{"host":"hgkb2zpbo2dcws21","time":1608982041,"event":{"mods":["AchievementEnabler","BaseMod","Colored Map","Colored Powertips","Custom Start","DeckTracker","KOR Keyword Fix","Minty Spire (QoL Compilation)","Relic Stats","StSLib","SuperFastMode"],"gold_per_floor":[111,126,126,138,149,149,149,149],"floor_reached":7,"playtime":144,"items_purged":[],"score":77,"play_id":"b41cd74c-ff7f-4f4e-91db-01d0c15066b3","local_time":"20201226202721","is_ascension_mode":true,"campfire_choices":[{"data":"Eruption","floor":6,"key":"SMITH"}],"circlet_count":0,"master_deck":["AscendersBane","Strike_P","Strike_P","Strike_P","Strike_P","Defend_P","Defend_P","Defend_P","Defend_P","Eruption+1","Vigilance","Tantrum","FlurryOfBlows"],"relics":["PureWater","StoneCalendar","FaceOfCleric"],"acts_visited":["Exordium"],"potions_floor_usage":[],"damage_taken":[{"damage":2,"enemies":"Cultist","floor":1,"turns":3},{"damage":5,"enemies":"Small Slimes","floor":2,"turns":3},{"damage":3,"enemies":"2 Louse","floor":4,"turns":4},{"damage":13,"enemies":"Large Slime","floor":5,"turns":6},{"damage":57,"enemies":"Gremlin Nob","floor":7,"turns":3}],"seed_played":"-4704693438725125419","potions_obtained":[],"is_trial":false,"path_per_floor":["M","M","?","M","M","R","E"],"character_chosen":"WATCHER","items_purchased":[],"campfire_rested":0,"item_purchase_floors":[],"current_hp_per_floor":[59,54,54,52,40,40,0,0],"gold":149,"neow_bonus":"ONE_RARE_RELIC","is_daily":false,"chose_seed":false,"campfire_upgraded":1,"win_rate":0.0,"timestamp":1608982041,"path_taken":["M","?","?","M","M","R","E"],"items_purchased_type":[],"build_version":"2020-12-22","purchased_purges":0,"victory":false,"max_hp_per_floor":[62,62,62,63,64,64,64,64],"relic_stats":{"FaceOfCleric":2,"counters":[5,19],"StoneCalendar":[0],"obtain_stats":[{"FaceOfCleric":3,"StoneCalendar":0,"PureWater":0},{"FaceOfCleric":2,"StoneCalendar":0,"PureWater":0},{"FaceOfCleric":6,"StoneCalendar":0,"PureWater":0}]},"card_choices":[{"not_picked":["Crescendo","EmptyBody"],"picked":"Tantrum","floor":1},{"not_picked":["BowlingBash","Study","SignatureMove"],"picked":"SKIP","floor":2},{"not_picked":["EmptyBody","Study"],"picked":"FlurryOfBlows","floor":4},{"not_picked":["Fasting2","SashWhip","Prostrate"],"picked":"SKIP","floor":5}],"player_experience":1107220,"relics_obtained":[],"event_choices":[{"damage_healed":0,"gold_gain":0,"player_choice":"Trade","damage_taken":0,"relics_obtained":["FaceOfCleric"],"max_hp_gain":0,"max_hp_loss":0,"event_name":"FaceTrader","floor":3,"gold_loss":0}],"is_beta":false,"boss_relics":[],"items_purged_floors":[],"is_endless":false,"potions_floor_spawned":[],"killed_by":"Gremlin Nob","ascension_level":16}}