{"host":"qwttrqaysb380yri","time":1608982614,"event":{"mods":["BaseMod","Custom Start","Minty Spire (QoL Compilation)","Permanent Neow","Puzzle Mod","Relic Stats","StSLib","The Cursed","The Hierophant"],"gold_per_floor":[115,115,134,111,149,149,149,149,149,149,184,214,283,315,315,386,386,378,378,247,282,318,318,333,380,407,456,456,455,455,488,488,539,539,579,429,462,513,513,513,526,526,551,506,506,210,210,263,263,144],"floor_reached":51,"playtime":1985,"items_purged":["hierophant:Punish","hierophant:Defend_Hierophant+1"],"score":1452,"play_id":"23932a58-0a83-4f6e-9548-93b8a0e66b24","local_time":"20201226123654","is_ascension_mode":true,"campfire_choices":[{"data":"hierophant:FieryStrike","floor":6,"key":"SMITH"},{"data":"hierophant:HammerAndAnvil","floor":8,"key":"SMITH"},{"data":"hierophant:OrnateJavelin","floor":10,"key":"SMITH"},{"data":"hierophant:ArchangelShield","floor":15,"key":"SMITH"},{"data":"hierophant:MirrorShield","floor":23,"key":"SMITH"},{"data":"hierophant:Chorus","floor":32,"key":"SMITH"},{"floor":40,"key":"REST"},{"floor":42,"key":"REST"},{"floor":49,"key":"REST"}],"circlet_count":0,"master_deck":["AscendersBane","hierophant:Strike_Hierophant+1","hierophant:Strike_Hierophant+1","hierophant:Strike_Hierophant+1","hierophant:Defend_Hierophant+1","hierophant:Defend_Hierophant+1","hierophant:Defend_Hierophant+1","hierophant:ChurchCoffers+1","hierophant:HammerAndAnvil+1","hierophant:SecretStash","hierophant:FieryStrike+1","hierophant:OrnateJavelin+1","hierophant:FieryStrike","hierophant:ThreeLashes","hierophant:ArchangelShield+1","hierophant:Levitation+1","hierophant:Endure","hierophant:HolyVerse+1","hierophant:MirrorShield+1","hierophant:ThreeLashes+1","hierophant:Purify","hierophant:Chorus+1","hierophant:Endure","RitualDagger","hierophant:Encroach","hierophant:Zeal","hierophant:Shelter+1","Trip","Panacea","hierophant:ArchangelShield+1","hierophant:OrnateJavelin+1","hierophant:Bribe+1"],"relics":["hierophant:PropheticMaskRelic","Anchor","Eternal Feather","Bag of Preparation","Blood Vial","SacredBark","Gambling Chip","Strawberry","Dream Catcher","Shuriken","Mummified Hand","Fusion Hammer","Dead Branch","Happy Flower","TungstenRod","War Paint","PreservedInsect"],"acts_visited":["Exordium","TheCity","TheBeyond"],"potions_floor_usage":[12,16,24,25,27,33,38,44,50,50],"damage_taken":[{"damage":1,"enemies":"Cultist","floor":1,"turns":3},{"damage":2,"enemies":"Jaw Worm","floor":3,"turns":3},{"damage":0,"enemies":"2 Louse","floor":5,"turns":1},{"damage":0,"enemies":"Blue Slaver","floor":11,"turns":1},{"damage":20,"enemies":"Lagavulin","floor":12,"turns":5},{"damage":8,"enemies":"Gremlin Nob","floor":14,"turns":3},{"damage":36,"enemies":"The Guardian","floor":16,"turns":15},{"damage":7,"enemies":"2 Thieves","floor":18,"turns":5},{"damage":0,"enemies":"Chosen","floor":21,"turns":4},{"damage":4,"enemies":"Centurion and Healer","floor":22,"turns":4},{"damage":6,"enemies":"Shelled Parasite and Fungi","floor":24,"turns":3},{"damage":17,"enemies":"Slavers","floor":25,"turns":6},{"damage":8,"enemies":"Gremlin Leader","floor":27,"turns":6},{"damage":2,"enemies":"Book of Stabbing","floor":29,"turns":4},{"damage":18,"enemies":"Slavers","floor":31,"turns":4},{"damage":18,"enemies":"Automaton","floor":33,"turns":7},{"damage":13,"enemies":"Orb Walker","floor":35,"turns":3},{"damage":6,"enemies":"3 Darklings","floor":37,"turns":5},{"damage":10,"enemies":"Mind Bloom Boss Battle","floor":38,"turns":5},{"damage":20,"enemies":"4 Shapes","floor":41,"turns":6},{"damage":37,"enemies":"Giant Head","floor":44,"turns":7},{"damage":0,"enemies":"Nemesis","floor":48,"turns":5},{"damage":36,"enemies":"Time Eater","floor":50,"turns":14}],"seed_played":"4243029931592115025","potions_obtained":[{"floor":3,"key":"SkillPotion"},{"floor":11,"key":"Energy Potion"},{"floor":14,"key":"AttackPotion"},{"floor":21,"key":"DistilledChaos"},{"floor":25,"key":"DuplicationPotion"},{"floor":29,"key":"Strength Potion"},{"floor":31,"key":"Ancient Potion"},{"floor":38,"key":"Swift Potion"},{"floor":41,"key":"PowerPotion"}],"is_trial":false,"path_per_floor":["M","?","M","$","M","R","?","R","T","R","M","E","?","E","R","B",null,"M","?","$","M","M","R","M","E","T","E","?","E","?","E","R","B",null,"M","$","M","?","?","R","M","R","T","E","?","$","?","E","R","B",null],"character_chosen":"HIEROPHANT","items_purchased":["hierophant:FieryStrike","hierophant:HolyVerse","DuplicationPotion","LiquidMemories","War Paint","Block Potion"],"campfire_rested":3,"item_purchase_floors":[4,20,20,36,46,46],"current_hp_per_floor":[67,22,20,20,20,20,45,45,45,54,54,34,34,26,35,1,57,52,52,52,54,52,64,60,45,52,46,46,46,40,24,39,23,67,56,56,52,44,34,76,58,82,82,45,45,45,45,47,82,46],"gold":144,"neow_bonus":"UPGRADE_CARD","is_daily":false,"chose_seed":false,"campfire_upgraded":6,"win_rate":0.0,"timestamp":1608982614,"path_taken":["M","?","M","$","M","R","?","R","T","R","M","E","?","E","R","BOSS","M","?","$","M","M","R","M","E","T","E","?","E","?","E","R","BOSS","M","$","M","?","?","R","M","R","T","E","?","$","?","E","R","BOSS"],"items_purchased_type":["Card","Card","Potion","Potion","Relic","Potion"],"build_version":"2020-12-22","purchased_purges":2,"victory":true,"max_hp_per_floor":[75,75,75,75,75,75,75,75,75,75,75,75,75,75,75,75,75,75,75,75,75,75,75,75,75,82,82,82,82,82,82,82,82,82,82,82,82,82,82,82,82,82,82,82,82,82,82,82,82,82],"relic_stats":{"Happy Flower":[8],"counters":[23,119],"Dead Branch":[27],"Eternal Feather":99,"PreservedInsect":0,"Bag of Preparation":[36],"War Paint":["hierophant:HolyVerse","hierophant:Levitation"],"Blood Vial":30,"Dream Catcher":3,"Shuriken":[24],"Mummified Hand":[18],"Gambling Chip":[48],"obtain_stats":[{"Happy Flower":43,"hierophant:PropheticMaskRelic":0,"SacredBark":17,"Dead Branch":38,"Eternal Feather":9,"PreservedInsect":48,"Bag of Preparation":12,"War Paint":46,"Blood Vial":14,"Anchor":2,"Dream Catcher":27,"Shuriken":29,"Mummified Hand":31,"Gambling Chip":25,"Strawberry":26,"Fusion Hammer":34,"TungstenRod":44},{"Happy Flower":20,"hierophant:PropheticMaskRelic":0,"SacredBark":7,"Dead Branch":19,"Eternal Feather":3,"PreservedInsect":22,"Bag of Preparation":5,"War Paint":21,"Blood Vial":6,"Anchor":1,"Dream Catcher":13,"Shuriken":14,"Mummified Hand":15,"Gambling Chip":12,"Strawberry":12,"Fusion Hammer":16,"TungstenRod":21},{"Happy Flower":93,"hierophant:PropheticMaskRelic":0,"SacredBark":31,"Dead Branch":87,"Eternal Feather":7,"PreservedInsect":105,"Bag of Preparation":13,"War Paint":100,"Blood Vial":16,"Anchor":3,"Dream Catcher":59,"Shuriken":63,"Mummified Hand":67,"Gambling Chip":53,"Strawberry":53,"Fusion Hammer":74,"TungstenRod":100}],"TungstenRod":6},"card_choices":[{"not_picked":["hierophant:MorningPrayer","hierophant:Patience"],"picked":"hierophant:HammerAndAnvil","floor":1},{"not_picked":["hierophant:Doubloon","hierophant:Rebuild"],"picked":"hierophant:SecretStash","floor":3},{"not_picked":["hierophant:MirrorShield","hierophant:Shelter"],"picked":"hierophant:OrnateJavelin","floor":5},{"not_picked":["hierophant:Repentance","hierophant:Charity"],"picked":"hierophant:FieryStrike","floor":11},{"not_picked":["hierophant:ArchangelShield","hierophant:Doomsaying"],"picked":"hierophant:ThreeLashes","floor":12},{"not_picked":["hierophant:Mercenaries","hierophant:SolarFlare"],"picked":"hierophant:ArchangelShield","floor":14},{"not_picked":["hierophant:Cornucopia","hierophant:WrathOfGod"],"picked":"hierophant:Levitation","floor":16},{"not_picked":["hierophant:ConvertCurrency","hierophant:HammerAndAnvil"],"picked":"hierophant:Endure","floor":18},{"not_picked":["hierophant:Endure","hierophant:OrnateBuckler+1"],"picked":"hierophant:MirrorShield","floor":21},{"not_picked":["hierophant:FaithHealing","hierophant:MorningPrayer","hierophant:ArchangelShield"],"picked":"SKIP","floor":22},{"not_picked":["hierophant:ArchangelShield","hierophant:DisplayOfPower"],"picked":"hierophant:ThreeLashes+1","floor":24},{"not_picked":["hierophant:FieryStrike","hierophant:OrnateBuckler"],"picked":"hierophant:Purify","floor":25},{"not_picked":["hierophant:Patience","hierophant:Sermon"],"picked":"hierophant:Chorus","floor":27},{"not_picked":["hierophant:Remorse+1","hierophant:HolyVerse"],"picked":"hierophant:Endure","floor":29},{"not_picked":["hierophant:SealAway+1","hierophant:Shelter"],"picked":"hierophant:Encroach","floor":31},{"not_picked":["hierophant:Repentance+1","hierophant:SealAway+1","hierophant:HammerAndAnvil"],"picked":"SKIP","floor":35},{"not_picked":["hierophant:AuricBeam","hierophant:ArchangelShield"],"picked":"hierophant:Zeal","floor":37},{"not_picked":["hierophant:MirrorShield","hierophant:Determination"],"picked":"hierophant:Shelter+1","floor":38},{"not_picked":["Discovery","Good Instincts"],"picked":"Trip","floor":39},{"not_picked":["Secret Technique","HandOfGreed"],"picked":"Panacea","floor":39},{"not_picked":["hierophant:Doubloon","hierophant:AuricBeam","hierophant:Purify"],"picked":"SKIP","floor":41},{"not_picked":["hierophant:Patience","hierophant:Shelter","hierophant:CoinFling"],"picked":"SKIP","floor":44},{"not_picked":["hierophant:CursedGold+1","hierophant:Repentance+1"],"picked":"hierophant:OrnateJavelin+1","floor":48},{"not_picked":["hierophant:Shelter","hierophant:Purify"],"picked":"hierophant:Bribe+1","floor":49}],"player_experience":1947934,"relics_obtained":[{"floor":9,"key":"Eternal Feather"},{"floor":12,"key":"Bag of Preparation"},{"floor":14,"key":"Blood Vial"},{"floor":25,"key":"Gambling Chip"},{"floor":26,"key":"Strawberry"},{"floor":27,"key":"Dream Catcher"},{"floor":29,"key":"Shuriken"},{"floor":31,"key":"Mummified Hand"},{"floor":38,"key":"Dead Branch"},{"floor":43,"key":"Happy Flower"},{"floor":44,"key":"TungstenRod"},{"floor":48,"key":"PreservedInsect"}],"event_choices":[{"damage_healed":0,"gold_gain":0,"player_choice":"Success","damage_taken":45,"relics_obtained":["Anchor"],"max_hp_gain":0,"max_hp_loss":0,"event_name":"Scrap Ooze","floor":2,"gold_loss":0},{"damage_healed":25,"gold_gain":0,"player_choice":"Banana","damage_taken":0,"max_hp_gain":0,"max_hp_loss":0,"event_name":"Big Fish","floor":7,"gold_loss":0},{"damage_healed":0,"gold_gain":69,"player_choice":"Gained Gold","damage_taken":0,"max_hp_gain":0,"max_hp_loss":0,"event_name":"Golden Wing","floor":13,"gold_loss":0},{"damage_healed":0,"gold_gain":0,"player_choice":"Simplicity","damage_taken":0,"max_hp_gain":0,"max_hp_loss":0,"event_name":"Back to Basics","floor":19,"gold_loss":0,"cards_upgraded":["hierophant:Strike_Hierophant","hierophant:Strike_Hierophant","hierophant:Strike_Hierophant","hierophant:Strike_Hierophant","hierophant:Defend_Hierophant","hierophant:Defend_Hierophant","hierophant:Defend_Hierophant","hierophant:Defend_Hierophant"]},{"damage_healed":0,"gold_gain":0,"player_choice":"Ignored","damage_taken":0,"max_hp_gain":0,"max_hp_loss":0,"event_name":"Ghosts","floor":28,"gold_loss":0},{"damage_healed":0,"gold_gain":0,"player_choice":"Joined the Cult","damage_taken":6,"max_hp_gain":0,"max_hp_loss":0,"event_name":"Nest","floor":30,"gold_loss":0,"cards_obtained":["RitualDagger"]},{"damage_healed":0,"gold_gain":0,"player_choice":"Fight","damage_taken":0,"max_hp_gain":0,"max_hp_loss":0,"event_name":"MindBloom","floor":38,"gold_loss":0},{"damage_healed":0,"gold_gain":0,"player_choice":"Memory 3","damage_taken":10,"max_hp_gain":0,"max_hp_loss":0,"event_name":"SensoryStone","floor":39,"gold_loss":0},{"cards_removed":["hierophant:Strike_Hierophant"],"damage_healed":0,"gold_gain":0,"player_choice":"Removed Attack","damage_taken":0,"max_hp_gain":0,"max_hp_loss":0,"event_name":"Falling","floor":45,"gold_loss":0},{"damage_healed":0,"gold_gain":0,"player_choice":"Copied","damage_taken":0,"max_hp_gain":0,"max_hp_loss":0,"event_name":"Duplicator","floor":47,"gold_loss":0,"cards_obtained":["hierophant:ArchangelShield"]}],"is_beta":false,"boss_relics":[{"not_picked":["Runic Dome","SlaversCollar"],"picked":"SacredBark"},{"not_picked":["Calling Bell","Velvet Choker"],"picked":"Fusion Hammer"}],"items_purged_floors":[36,46],"is_endless":false,"potions_floor_spawned":[3,11,14,21,22,25,29,31,38,41],"ascension_level":15}}