{"host":"s8k08j4eybfen9r6","time":1608998871,"event":{"mods":["Aspiration","BaseMod","Better Altar","Better Match","Better Note","Better Sensory Stone","Better Skull","Better Third Choice","BetterRewards","Downfall","Duelist Mod","Hubris","Minty Spire (QoL Compilation)","MostiFishMod","Rare Cards Sparkle","Shop Mod","Spicy Shops","StSLib"],"gold_per_floor":[137,137,153,153,164,194,194,221,221,249,260,280,305,325,325,421,421,441,441,521,403,420,420,436,469,496,48,83,83,83,83,83,183,183,197,197,212,231,246,281,330,361,388,422,441,441,441,27,27,27],"floor_reached":51,"playtime":4000,"items_purged":["theDuelist:RobbinZombie"],"score":1326,"play_id":"c20b2107-de34-43f6-9e78-28b8b1207236","local_time":"20201227020751","is_ascension_mode":true,"campfire_choices":[{"data":"theDuelist:PyramidWonders","floor":7,"key":"SMITH"},{"data":"theDuelist:VendreadBattlelord","floor":15,"key":"SMITH"},{"data":"theDuelist:VendreadNightmare","floor":23,"key":"SMITH"},{"data":"theDuelist:MammothGraveyard","floor":29,"key":"SMITH"},{"floor":32,"key":"REST"},{"data":"theDuelist:DimensionFusion","floor":47,"key":"SMITH"},{"data":"theDuelist:UltraPolymerization","floor":49,"key":"SMITH"}],"circlet_count":0,"master_deck":["theDuelist:VendreadBattlelord+1","theDuelist:Relinkuriboh","theDuelist:BookEclipse","theDuelist:SkullConductor","theDuelist:VendreadCore+1","theDuelist:PyramidWonders+1","theDuelist:ZombieWarrior","theDuelist:VampireLady","theDuelist:ArmoredZombie+1","theDuelist:VampireDragon","theDuelist:ZombieCorpse","theDuelist:ZombieCorpse","theDuelist:ZombieCorpse","theDuelist:BookTaiyou+1","theDuelist:VampireFamiliar+1","theDuelist:ClownZombie","theDuelist:DimensionFusion+1","theDuelist:ShallowGrave","theDuelist:DecayedCommander","theDuelist:VampireScarletScourge","theDuelist:Wightprince","theDuelist:PatricianDarkness","theDuelist:PyramidLight+1","theDuelist:MammothGraveyard+1","theDuelist:DeltaMagnet","theDuelist:VendreadNightmare+1","theDuelist:ShiranuiSwordmaster","theDuelist:UltraPolymerization+1","theDuelist:TutanMask","Regret","theDuelist:ZombieCorpse","theDuelist:Mezuki+1","theDuelist:VampireKingdom","theDuelist:YukiOnnaAbsolute+1","theDuelist:CurseArmaments"],"relics":["theDuelist:MillenniumPuzzle","theDuelist:CardPoolRelic","theDuelist:CardPoolBasicRelic","theDuelist:BoosterPackPoolRelic","theDuelist:CardPoolAddRelic","theDuelist:CardPoolMinusRelic","theDuelist:CardPoolSaveRelic","theDuelist:CardPoolOptionsRelic","DaveBox","FeatherPendant","SynthV:TestCard","hubris:FunFungus","DaCapo","StoneCalendar","theDuelist:MetronomeRelicD","Sundial","Odd Mushroom","theDuelist:ZombieResummonBuffRelic","Philosopher\u0027s Stone","hubris:Icosahedron","ImprovedEquipment","hubris:SphereOfDissonance","Snake Skull","Bag of Preparation","theDuelist:NuclearDecay","War Paint","aspiration:RitualStick","OneHitWonderSystem","Du-Vu Doll","Lantern","hubris:TinFlute","theDuelist:MillenniumRing","MetatronsCube"],"acts_visited":["Exordium","TheCity","TheBeyond"],"potions_floor_usage":[33,33],"damage_taken":[{"damage":0,"enemies":"Jaw Worm","floor":1,"turns":2},{"damage":1,"enemies":"2 Louse","floor":3,"turns":3},{"damage":0,"enemies":"Cultist","floor":5,"turns":2},{"damage":2,"enemies":"3 Sentries","floor":6,"turns":4},{"damage":2,"enemies":"Gremlin Nob","floor":8,"turns":2},{"damage":12,"enemies":"Lagavulin","floor":10,"turns":4},{"damage":0,"enemies":"3 Louse","floor":11,"turns":2},{"damage":18,"enemies":"The Mushroom Lair","floor":12,"turns":3},{"damage":18,"enemies":"Gremlin Nob","floor":13,"turns":3},{"damage":0,"enemies":"2 Fungi Beasts","floor":14,"turns":2},{"damage":0,"enemies":"Hexaghost","floor":16,"turns":3},{"damage":13,"enemies":"Shell Parasite","floor":18,"turns":2},{"damage":0,"enemies":"3 Byrds","floor":22,"turns":3},{"damage":8,"enemies":"Shelled Parasite and Fungi","floor":24,"turns":4},{"damage":41,"enemies":"Gremlin Leader","floor":25,"turns":6},{"damage":0,"enemies":"Book of Stabbing","floor":28,"turns":2},{"damage":1,"enemies":"hubris:MusketHawk","floor":33,"turns":5},{"damage":0,"enemies":"Orb Walker","floor":35,"turns":2},{"damage":0,"enemies":"3 Shapes","floor":37,"turns":2},{"damage":0,"enemies":"Writhing Mass","floor":38,"turns":1},{"damage":0,"enemies":"Jaw Worm Horde","floor":39,"turns":2},{"damage":0,"enemies":"Giant Head","floor":40,"turns":4},{"damage":0,"enemies":"2 Orb Walkers","floor":41,"turns":5},{"damage":0,"enemies":"Nemesis","floor":42,"turns":4},{"damage":0,"enemies":"Reptomancer","floor":44,"turns":3},{"damage":0,"enemies":"3 Darklings","floor":45,"turns":2},{"damage":0,"enemies":"Donu and Deca","floor":50,"turns":4}],"seed_played":"8025189658657166328","potions_obtained":[{"floor":1,"key":"sneckomod:MuddlingPotion"},{"floor":3,"key":"champ:CounterPotion"},{"floor":5,"key":"theDuelist:FreezingPotion"},{"floor":10,"key":"theDuelist:SolderPotionB"},{"floor":33,"key":"theDuelist:ReducerPotion"},{"floor":39,"key":"DuplicationPotion"}],"is_trial":false,"path_per_floor":["M","?","M","?","M","E","R","E","T","E","M","?","E","M","R","B",null,"M","?","T","$","M","R","M","E","T","$","E","R","?","?","R","B",null,"M","?","M","M","M","E","?","E","T","E","M","?","R","$","R","B",null],"character_chosen":"THE_DUELIST","items_purchased":["theDuelist:DimensionFusion","theDuelist:VampireDragon","Bag of Preparation","theDuelist:NuclearDecay","MetatronsCube"],"campfire_rested":1,"item_purchase_floors":[21,27,27,27,48],"current_hp_per_floor":[80,80,79,79,79,77,77,75,75,64,64,46,30,30,30,31,80,68,68,68,68,68,68,63,28,28,28,28,28,12,12,36,37,1,1,1,1,1,1,1,1,1,1,1,1,1,1,1,1,1],"gold":27,"neow_bonus":"THREE_CARDS","is_daily":false,"chose_seed":false,"campfire_upgraded":6,"win_rate":0.0,"timestamp":1608998871,"path_taken":["M","?","M","?","M","E","R","E","T","E","?","?","E","M","R","BOSS","M","?","?","$","M","R","M","E","T","$","E","R","?","?","R","BOSS","M","?","M","M","M","E","?","E","T","E","M","?","R","$","R","BOSS"],"items_purchased_type":["Card","Card","Relic","Relic","Relic"],"build_version":"2020-12-22","purchased_purges":1,"victory":true,"max_hp_per_floor":[80,80,80,80,80,80,80,80,80,80,80,80,80,80,80,80,80,80,80,80,80,80,80,80,80,80,80,80,80,80,80,80,80,1,1,1,1,1,1,1,1,1,1,1,1,1,1,1,1,1],"card_choices":[{"not_picked":["theDuelist:BattleFusion","theDuelist:VisionFusion"],"picked":"theDuelist:ZombieWarrior","floor":0},{"not_picked":["theDuelist:GhostrickMary","theDuelist:BloodSucker","theDuelist:CalledByGrave","theDuelist:PurplePainOni"],"picked":"theDuelist:SkullFlame","floor":1},{"not_picked":["theDuelist:PMCaptor","theDuelist:FlashFusion","theDuelist:SeaMonsterTheseus","theDuelist:ReturnToDoomed","theDuelist:SynchroFusionist"],"picked":"SKIP","floor":3},{"not_picked":["theDuelist:CorrodingShark","theDuelist:FlameGhost","theDuelist:FossilDragon","theDuelist:ShiranuiSpectralsword"],"picked":"theDuelist:Relinkuriboh","floor":5},{"not_picked":["theDuelist:ZombiePowerStruggle","theDuelist:Wasteland","theDuelist:BookMoon"],"picked":"theDuelist:PyramidWonders","floor":6},{"not_picked":["theDuelist:ZombieMaster","theDuelist:VendreadDaybreak","theDuelist:VampireGrace","theDuelist:BookEclipse"],"picked":"theDuelist:VendreadNightmare","floor":8},{"not_picked":["theDuelist:FlameGhost","theDuelist:GhostrickNekomusume","theDuelist:GreyGreedOni","theDuelist:GhostrickDoll"],"picked":"theDuelist:ShiranuiSwordmaster","floor":10},{"not_picked":["theDuelist:VendreadNightmare","theDuelist:MayakashiWinter","theDuelist:InstantFusion","theDuelist:FusionGuard"],"picked":"theDuelist:RobbinZombie","floor":11},{"not_picked":["theDuelist:VampireDuke","theDuelist:ShiranuiSwordsaga","theDuelist:GhostrickJiangshi","theDuelist:Gashadokuro"],"picked":"theDuelist:VendreadBattlelord","floor":12},{"not_picked":["theDuelist:VampireLord","theDuelist:VampireGenesis","theDuelist:Gashadokuro","theDuelist:Dakki"],"picked":"theDuelist:VampireScarletScourge","floor":13},{"not_picked":["theDuelist:SkullConductor","theDuelist:DarkDustSpirit","theDuelist:Wightprincess","theDuelist:GhostrickBreak"],"picked":"theDuelist:VampireLady","floor":14},{"not_picked":["theDuelist:VendreadNightmare","theDuelist:Scapeghost","theDuelist:MayakashiWinter","theDuelist:BookLife"],"picked":"theDuelist:UltraPolymerization","floor":16},{"not_picked":["theDuelist:ZombieWarrior","theDuelist:GhostrickYeti+1","theDuelist:GhostrickAlucard+1","theDuelist:FossilSkullknight","theDuelist:Gernia"],"picked":"SKIP","floor":18},{"not_picked":["theDuelist:ShiranuiSamuraisaga","theDuelist:ShiranuiSmith","theDuelist:ShiranuiSolitaire","theDuelist:ShiranuiSquiresaga","theDuelist:ShiranuiSwordsaga"],"picked":"SKIP","floor":22},{"not_picked":["theDuelist:BattleFusion","theDuelist:VampireSorcerer+1","theDuelist:VampireLady","theDuelist:VendreadRevenants"],"picked":"theDuelist:VendreadCore+1","floor":24},{"not_picked":["theDuelist:SouleatingOviraptor+1","theDuelist:Miscellaneousaurus","theDuelist:FossilSkullKing","theDuelist:Chewbone"],"picked":"theDuelist:MammothGraveyard","floor":25},{"not_picked":["theDuelist:FuryFire","theDuelist:ShiranuiSunsaga","theDuelist:PlaguespreaderZombie","theDuelist:FossilDragon"],"picked":"theDuelist:BookTaiyou+1","floor":28},{"not_picked":["theDuelist:VendreadDaybreak+1","theDuelist:SoulRelease+1","theDuelist:OverpoweringEye","theDuelist:BookLife"],"picked":"theDuelist:BookEclipse","floor":33},{"not_picked":["theDuelist:FusionWeapon+1","theDuelist:GhostrickStein+1","theDuelist:GhostrickSkeleton+1","theDuelist:CrimsonKnightVampire"],"picked":"theDuelist:DecayedCommander","floor":35},{"not_picked":["theDuelist:Skelesaurus+1","theDuelist:Miscellaneousaurus","theDuelist:FossilSkullKing","theDuelist:Chewbone+1","theDuelist:FossilKnight"],"picked":"SKIP","floor":37},{"not_picked":["theDuelist:WightLady+1","theDuelist:ShadowVampire","theDuelist:MoltenZombie","theDuelist:GiantAxeMummy+1"],"picked":"theDuelist:VampireFamiliar+1","floor":38},{"not_picked":["theDuelist:CorrodingShark+1","theDuelist:Skullgios+1","theDuelist:ShiranuiSamurai+1","theDuelist:ShiranuiSmith"],"picked":"theDuelist:PyramidLight+1","floor":39},{"not_picked":["theDuelist:Skelesaurus+1","theDuelist:OvertexQoatlus","theDuelist:Miscellaneousaurus","theDuelist:MammothGraveyard","theDuelist:FossilSkullknight+1"],"picked":"SKIP","floor":40},{"not_picked":["theDuelist:Skelesaurus","theDuelist:Bonecrusher"],"picked":"theDuelist:Wightprince","floor":41},{"not_picked":["theDuelist:OvertexQoatlus+1","theDuelist:GhostBelle","theDuelist:ParallelWorldFusion+1","theDuelist:Tsukahagi"],"picked":"theDuelist:Mezuki+1","floor":42},{"not_picked":["theDuelist:VendreadNights+1","theDuelist:VisionFusion+1","theDuelist:GhostrickMansion","theDuelist:TyrantDinoFusion"],"picked":"theDuelist:VampireKingdom","floor":44},{"not_picked":["theDuelist:VendreadNightmare+1","theDuelist:MayakashiWinter+1"],"picked":"theDuelist:YukiOnnaAbsolute+1","floor":45}],"player_experience":380602,"relics_obtained":[{"floor":1,"key":"SynthV:TestCard"},{"floor":6,"key":"DaCapo"},{"floor":8,"key":"StoneCalendar"},{"floor":9,"key":"theDuelist:MetronomeRelicD"},{"floor":10,"key":"Sundial"},{"floor":12,"key":"Odd Mushroom"},{"floor":13,"key":"theDuelist:ZombieResummonBuffRelic"},{"floor":20,"key":"ImprovedEquipment"},{"floor":25,"key":"hubris:SphereOfDissonance"},{"floor":26,"key":"Snake Skull"},{"floor":28,"key":"War Paint"},{"floor":41,"key":"Du-Vu Doll"},{"floor":43,"key":"Lantern"},{"floor":44,"key":"hubris:TinFlute"}],"event_choices":[{"damage_healed":0,"gold_gain":0,"player_choice":"Box","damage_taken":0,"relics_obtained":["hubris:FunFungus"],"max_hp_gain":0,"max_hp_loss":0,"event_name":"Big Fish","floor":2,"gold_loss":0,"cards_obtained":["Regret"]},{"damage_healed":0,"gold_gain":0,"player_choice":"Delta Electro","duelist":true,"damage_taken":0,"max_hp_gain":0,"max_hp_loss":0,"event_name":"Egyptian Village","floor":4,"gold_loss":0,"cards_obtained":["Delta Electromagnet Warrior"]},{"damage_healed":0,"gold_gain":0,"player_choice":"Fought Mushrooms","damage_taken":0,"max_hp_gain":0,"max_hp_loss":0,"event_name":"Mushrooms","floor":12,"gold_loss":0},{"damage_healed":0,"gold_gain":0,"player_choice":"Leave","duelist":true,"damage_taken":0,"max_hp_gain":0,"max_hp_loss":0,"event_name":"Card Trader","floor":31,"gold_loss":0},{"cards_removed":["theDuelist:ArmoredZombie"],"damage_healed":0,"gold_gain":0,"player_choice":"Removed Skill","damage_taken":0,"max_hp_gain":0,"max_hp_loss":0,"event_name":"Falling","floor":36,"gold_loss":0},{"damage_healed":0,"gold_gain":0,"player_choice":"Fight","damage_taken":0,"max_hp_gain":0,"max_hp_loss":0,"event_name":"Mysterious Sphere","floor":41,"gold_loss":0},{"damage_healed":0,"gold_gain":0,"player_choice":"Took item - Received: Millennium Ring","duelist":true,"damage_taken":0,"max_hp_gain":0,"max_hp_loss":0,"event_name":"Millennium Items","floor":46,"gold_loss":0}],"is_beta":false,"boss_relics":[{"not_picked":["hubris:Backtick","theDuelist:GamblerChip"],"picked":"Philosopher\u0027s Stone"},{"not_picked":["Tiny House","Inserter"],"picked":"OneHitWonderSystem"}],"items_purged_floors":[27],"is_endless":false,"potions_floor_spawned":[1,3,5,10,13,14,16,18,25,33,37,39,41,44],"ascension_level":3}}