{"host":"zekcc3vicrep0och","time":1608989435,"event":{"mods":["AchievementEnabler","BaseMod","Colored Map","Colored Powertips","Displayed Cursed Tome","Minty Spire (QoL Compilation)","Relic Stats","StSLib"],"gold_per_floor":[111,7,22,34,34,69,82,92,92,105,119,150,210,238,238,313,313,326,326,276,294,307,342,355,381,381,34,46,146,217,230,230,304,304,321,1,55,65,78,78,95,95,163,163,181,193,210,210,210,210],"floor_reached":51,"playtime":2797,"items_purged":["Conclude"],"score":1337,"play_id":"81cb144e-b77e-4660-9e70-c741c13c4662","local_time":"20201226163035","is_ascension_mode":true,"campfire_choices":[{"data":"1","floor":15.0,"key":"LIFT"},{"floor":32.0,"key":"REST"},{"data":"2","floor":40.0,"key":"LIFT"},{"data":"3","floor":42,"key":"LIFT"},{"data":"Fasting2","floor":44,"key":"SMITH"},{"floor":49,"key":"REST"}],"circlet_count":0,"master_deck":["AscendersBane","Strike_P+1","Strike_P+1","Strike_P+1","Strike_P+1","Defend_P+1","Defend_P+1","Defend_P+1","Defend_P+1","Eruption+1","Vigilance","WaveOfTheHand+1","Evaluate","Tantrum+1","BowlingBash+1","FearNoEvil+1","Protect+1","LessonLearned+1","Wallop+1","CrushJoints","Perseverance","TalkToTheHand","Judgement+1","ThirdEye+1","Pray","FollowUp+1","Devotion","EmptyFist+1","InnerPeace+1","Prostrate","LikeWater+1","Crescendo+1","SandsOfTime+1","Ragnarok+1","Prostrate+1","Fasting2+1","LikeWater","DevaForm","TalkToTheHand","ClearTheMind+1","Adaptation+1","Meditate+1"],"relics":["Velvet Choker","Blood Vial","The Courier","Girya","Eternal Feather","Mango","SlaversCollar","Juzu Bracelet","Prayer Wheel","Matryoshka","HandDrill","Shuriken","GoldenEye","Question Card","Mercury Hourglass","InkBottle","VioletLotus","Potion Belt","Incense Burner","Nunchaku","Bottled Tornado"],"acts_visited":["TheCity","TheBeyond"],"potions_floor_usage":[41,45,50,50,50],"damage_taken":[{"damage":1.0,"enemies":"Cultist","floor":1.0,"turns":4.0},{"damage":1.0,"enemies":"Small Slimes","floor":3.0,"turns":3.0},{"damage":0.0,"enemies":"2 Louse","floor":4.0,"turns":1.0},{"damage":0.0,"enemies":"Lagavulin","floor":6.0,"turns":4.0},{"damage":2.0,"enemies":"2 Fungi Beasts","floor":7.0,"turns":4.0},{"damage":6.0,"enemies":"Gremlin Gang","floor":8.0,"turns":5.0},{"damage":14.0,"enemies":"Exordium Wildlife","floor":10.0,"turns":6.0},{"damage":3.0,"enemies":"Red Slaver","floor":11.0,"turns":2.0},{"damage":0.0,"enemies":"Gremlin Nob","floor":12.0,"turns":3.0},{"damage":13.0,"enemies":"3 Sentries","floor":13.0,"turns":8.0},{"damage":5.0,"enemies":"Lagavulin","floor":14.0,"turns":5.0},{"damage":21.0,"enemies":"Hexaghost","floor":16.0,"turns":9.0},{"damage":2.0,"enemies":"3 Byrds","floor":18.0,"turns":4.0},{"damage":17.0,"enemies":"Shell Parasite","floor":21.0,"turns":5.0},{"damage":11.0,"enemies":"Snake Plant","floor":22.0,"turns":5.0},{"damage":16.0,"enemies":"Book of Stabbing","floor":23.0,"turns":7.0},{"damage":9.0,"enemies":"Centurion and Healer","floor":24.0,"turns":7.0},{"damage":9.0,"enemies":"Gremlin Leader","floor":25.0,"turns":3.0},{"damage":0.0,"enemies":"Snecko","floor":28.0,"turns":4.0},{"damage":3.0,"enemies":"Colosseum Slavers","floor":29.0,"turns":8.0},{"damage":1.0,"enemies":"Colosseum Nobs","floor":29.0,"turns":6.0},{"damage":15.0,"enemies":"Chosen and Byrds","floor":31.0,"turns":5.0},{"damage":10.0,"enemies":"Champ","floor":33.0,"turns":8.0},{"damage":6.0,"enemies":"3 Darklings","floor":35.0,"turns":7.0},{"damage":41.0,"enemies":"2 Orb Walkers","floor":37.0,"turns":5.0},{"damage":11.0,"enemies":"3 Shapes","floor":38.0,"turns":6.0},{"damage":0.0,"enemies":"Maw","floor":39.0,"turns":7.0},{"damage":1,"enemies":"Sphere and 2 Shapes","floor":41,"turns":6},{"damage":12,"enemies":"4 Shapes","floor":45,"turns":5},{"damage":39,"enemies":"Spire Growth","floor":46,"turns":8},{"damage":10,"enemies":"3 Darklings","floor":47,"turns":3},{"damage":8,"enemies":"Time Eater","floor":50,"turns":9}],"seed_played":"5185177125661378736","potions_obtained":[{"floor":4.0,"key":"CultistPotion"},{"floor":7.0,"key":"Fire Potion"},{"floor":10.0,"key":"StancePotion"},{"floor":11.0,"key":"Strength Potion"},{"floor":13.0,"key":"Fire Potion"},{"floor":14.0,"key":"PowerPotion"},{"floor":21.0,"key":"BlessingOfTheForge"},{"floor":24.0,"key":"Explosive Potion"},{"floor":25.0,"key":"Explosive Potion"},{"floor":31.0,"key":"GamblersBrew"},{"floor":33.0,"key":"Fire Potion"},{"floor":38.0,"key":"BottledMiracle"},{"floor":39.0,"key":"Energy Potion"},{"floor":41,"key":"EssenceOfSteel"},{"floor":47,"key":"Weak Potion"}],"is_trial":false,"path_per_floor":["M","$","M","M","?","E","M","M","T","M","M","E","?","E","R","B",null,"M","?","?","M","M","E","M","E","T","$","M","?","T","M","R","B",null,"M","$","?","M","M","R","M","R","T","R","M","M","M","?","R","B",null],"character_chosen":"WATCHER","items_purchased":["Evaluate","Tantrum","HandDrill","Shuriken","LikeWater","Potion Belt","BottledMiracle","SpeedPotion"],"campfire_rested":2,"item_purchase_floors":[2,2,27,27,36,36,36,36],"current_hp_per_floor":[60,60,59,59,59,59,59,55,55,43,42,44,33,44,56,37,71,71,71,71,56,47,33,26,19,19,19,21,21,21,8,50,42,72,68,68,29,20,22,43,44,65,65,82,70,33,25,25,73,67],"gold":210,"neow_bonus":"BOSS_RELIC","is_daily":false,"chose_seed":false,"campfire_upgraded":1,"win_rate":0.0,"timestamp":1608989435,"path_taken":["M","$","M","M","?","E","M","M","T","M","M","E","?","E","R","BOSS","M","?","?","M","M","E","M","E","T","$","M","?","?","M","R","BOSS","M","?","?","M","M","R","M","R","T","R","M","M","M","?","R","BOSS"],"items_purchased_type":["Card","Card","Relic","Relic","Card","Relic","Potion","Potion"],"build_version":"2020-12-22","purchased_purges":1,"victory":true,"max_hp_per_floor":[68,68,68,68,68,68,68,68,68,68,68,68,68,82,82,82,82,82,82,82,82,82,82,82,82,82,82,82,82,82,82,82,82,82,82,82,82,82,82,82,82,82,82,82,82,82,82,82,82,82],"relic_stats":{"counters":[32,172],"Eternal Feather":113,"Juzu Bracelet":1,"GoldenEye":[17],"Question Card":18,"Mercury Hourglass":[276],"Blood Vial":54,"Nunchaku":[3],"Shuriken":[16],"Prayer Wheel":9,"VioletLotus":[9],"HandDrill":[20],"obtain_stats":[{"Potion Belt":36,"Girya":12,"Velvet Choker":0,"Eternal Feather":13,"Mango":14,"The Courier":9,"Juzu Bracelet":23,"Incense Burner":37,"Bottled Tornado":43,"GoldenEye":29,"Question Card":29,"Mercury Hourglass":30,"Blood Vial":6,"SlaversCollar":17,"Nunchaku":43,"Matryoshka":26,"Shuriken":27,"Prayer Wheel":25,"VioletLotus":34,"HandDrill":27,"PureWater":0,"InkBottle":30},{"Potion Belt":24,"Girya":9,"Velvet Choker":0,"Eternal Feather":9,"Mango":11,"The Courier":6,"Juzu Bracelet":16,"Incense Burner":25,"Bottled Tornado":28,"GoldenEye":21,"Question Card":21,"Mercury Hourglass":21,"Blood Vial":4,"SlaversCollar":12,"Nunchaku":28,"Matryoshka":18,"Shuriken":18,"Prayer Wheel":18,"VioletLotus":23,"HandDrill":18,"PureWater":0,"InkBottle":21},{"Potion Belt":123,"Girya":32,"Velvet Choker":0,"Eternal Feather":32,"Mango":45,"The Courier":21,"Juzu Bracelet":75,"Incense Burner":128,"Bottled Tornado":147,"GoldenEye":103,"Question Card":103,"Mercury Hourglass":103,"Blood Vial":12,"SlaversCollar":54,"Nunchaku":147,"Matryoshka":85,"Shuriken":85,"Prayer Wheel":85,"VioletLotus":116,"HandDrill":85,"PureWater":0,"InkBottle":103}],"InkBottle":[25]},"card_choices":[{"not_picked":["Prostrate","BowlingBash"],"picked":"WaveOfTheHand","floor":1.0},{"not_picked":["Worship","CrushJoints"],"picked":"BowlingBash","floor":3.0},{"not_picked":["FlyingSleeves","FollowUp"],"picked":"FearNoEvil","floor":4.0},{"not_picked":["Consecrate","Worship","WaveOfTheHand"],"picked":"SKIP","floor":6.0},{"not_picked":["ThirdEye","CrushJoints"],"picked":"Protect","floor":7.0},{"not_picked":["SashWhip","TalkToTheHand"],"picked":"LessonLearned","floor":8.0},{"not_picked":["FlurryOfBlows","WindmillStrike"],"picked":"Wallop","floor":10.0},{"not_picked":["JustLucky","EmptyFist"],"picked":"Conclude","floor":11.0},{"not_picked":["WaveOfTheHand","Study"],"picked":"CrushJoints","floor":12.0},{"not_picked":["Indignation","CutThroughFate"],"picked":"Perseverance","floor":13.0},{"not_picked":["FlyingSleeves","Consecrate"],"picked":"TalkToTheHand","floor":14.0},{"not_picked":["Establishment","LessonLearned"],"picked":"Judgement","floor":16.0},{"not_picked":["EmptyBody","DeceiveReality"],"picked":"ThirdEye","floor":18.0},{"not_picked":["Protect","CutThroughFate"],"picked":"Pray","floor":21.0},{"not_picked":["Nirvana","DeceiveReality"],"picked":"FollowUp+1","floor":22.0},{"not_picked":["FlyingSleeves","BowlingBash"],"picked":"Devotion","floor":23.0},{"not_picked":["Consecrate","CrushJoints"],"picked":"EmptyFist","floor":24.0},{"not_picked":["SashWhip","CrushJoints"],"picked":"InnerPeace","floor":25.0},{"not_picked":["CrushJoints","BowlingBash"],"picked":"Prostrate","floor":28.0},{"not_picked":["Swivel","MentalFortress"],"picked":"LikeWater","floor":28.0},{"not_picked":["Weave","LikeWater","CutThroughFate"],"picked":"Crescendo+1","floor":31.0},{"not_picked":["FollowUp","PathToVictory","EmptyFist"],"picked":"SandsOfTime+1","floor":31.0},{"not_picked":["DeusExMachina","Establishment","Blasphemy"],"picked":"Ragnarok","floor":33.0},{"not_picked":["FollowUp","Halt","Evaluate"],"picked":"Prostrate+1","floor":35.0},{"not_picked":["Worship","ClearTheMind","Pray"],"picked":"Fasting2","floor":35.0},{"not_picked":["Fasting2","ClearTheMind","SashWhip+1"],"picked":"DevaForm","floor":38.0},{"not_picked":["Fasting2+1","EmptyMind","EmptyBody","FlurryOfBlows"],"picked":"SKIP","floor":38.0},{"not_picked":["ThirdEye","EmptyFist","Perseverance","Evaluate"],"picked":"SKIP","floor":39.0},{"not_picked":["PathToVictory","EmptyBody","FearNoEvil","WreathOfFlame"],"picked":"SKIP","floor":39.0},{"not_picked":["FlurryOfBlows","ThirdEye","CutThroughFate+1"],"picked":"TalkToTheHand","floor":41},{"not_picked":["ReachHeaven","JustLucky","CrushJoints+1","PathToVictory+1"],"picked":"SKIP","floor":41},{"not_picked":["Prostrate","BattleHymn","JustLucky"],"picked":"ClearTheMind+1","floor":45},{"not_picked":["Blasphemy","EmptyFist","TalkToTheHand"],"picked":"Adaptation+1","floor":45},{"not_picked":["JustLucky+1","Sanctity","EmptyFist+1","CutThroughFate"],"picked":"SKIP","floor":46},{"not_picked":["Halt+1","PathToVictory","FlurryOfBlows+1","FollowUp"],"picked":"SKIP","floor":46},{"not_picked":["CrushJoints+1","SignatureMove","FlyingSleeves"],"picked":"Meditate+1","floor":47},{"not_picked":["EmptyBody","EmptyFist","LikeWater","ThirdEye"],"picked":"SKIP","floor":47}],"player_experience":466984,"relics_obtained":[{"floor":6.0,"key":"Blood Vial"},{"floor":9.0,"key":"The Courier"},{"floor":12.0,"key":"Girya"},{"floor":14.0,"key":"Mango"},{"floor":23.0,"key":"Juzu Bracelet"},{"floor":25.0,"key":"Prayer Wheel"},{"floor":26.0,"key":"Matryoshka"},{"floor":29.0,"key":"GoldenEye"},{"floor":29.0,"key":"Question Card"},{"floor":30.0,"key":"Mercury Hourglass"},{"floor":30.0,"key":"InkBottle"},{"floor":37.0,"key":"Incense Burner"},{"floor":43,"key":"Nunchaku"},{"floor":43,"key":"Bottled Tornado"}],"event_choices":[{"damage_healed":0.0,"max_hp_gain":0.0,"max_hp_loss":0.0,"gold_gain":0.0,"event_name":"Scrap Ooze","player_choice":"Fled","floor":5.0,"gold_loss":0.0,"damage_taken":0.0},{"damage_healed":0.0,"max_hp_gain":0.0,"max_hp_loss":0.0,"gold_gain":0.0,"event_name":"Dead Adventurer","player_choice":"Searched \u00273\u0027 times","floor":13.0,"gold_loss":0.0,"damage_taken":0.0,"relics_obtained":["Eternal Feather"]},{"damage_healed":0.0,"max_hp_gain":0.0,"max_hp_loss":0.0,"gold_gain":0.0,"event_name":"Back to Basics","player_choice":"Simplicity","floor":19.0,"gold_loss":0.0,"damage_taken":0.0,"cards_upgraded":["Strike_P","Strike_P","Strike_P","Defend_P","Defend_P","Defend_P"]},{"damage_healed":0.0,"max_hp_gain":0.0,"max_hp_loss":0.0,"gold_gain":0.0,"event_name":"Designer","player_choice":"Upgrade","floor":20.0,"gold_loss":50.0,"damage_taken":0.0,"cards_upgraded":["Eruption"]},{"damage_healed":0.0,"max_hp_gain":0.0,"max_hp_loss":0.0,"gold_gain":0.0,"event_name":"Colosseum","player_choice":"Fight","floor":29.0,"gold_loss":0.0,"damage_taken":0.0},{"damage_healed":0.0,"max_hp_gain":0.0,"max_hp_loss":0.0,"gold_gain":0.0,"event_name":"Colosseum","player_choice":"Fought Nobs","floor":29.0,"gold_loss":0.0,"damage_taken":0.0},{"damage_healed":0.0,"max_hp_gain":0.0,"max_hp_loss":0.0,"gold_gain":0.0,"event_name":"Mysterious Sphere","player_choice":"Fight","floor":37.0,"gold_loss":0.0,"damage_taken":0.0},{"damage_healed":0,"gold_gain":0,"player_choice":"Upgraded","damage_taken":0,"max_hp_gain":0,"max_hp_loss":0,"event_name":"Upgrade Shrine","floor":48,"gold_loss":0,"cards_upgraded":["Ragnarok"]}],"is_beta":false,"boss_relics":[{"not_picked":["Empty Cage","Coffee Dripper"],"picked":"SlaversCollar"},{"not_picked":["Astrolabe","Philosopher\u0027s Stone"],"picked":"VioletLotus"}],"items_purged_floors":[36],"is_endless":false,"potions_floor_spawned":[4,7,10,11,13,14,21,24,25,31,33,38,39,41,47],"ascension_level":16}}