{"host":"zr590xw2unlz0wv7","time":1608978482,"event":{"mods":["BaseMod","Minty Spire (QoL Compilation)","READ ME - Guardian Mod","StSLib"],"gold_per_floor":[114,43,8,22,22,50,50,62,113,133,133,150,150,160,160,256,256,274,274,248,329,254,254,288,288,288,288,288],"floor_reached":27,"playtime":973,"items_purged":[],"score":307,"play_id":"54a65070-4879-4ccc-9cd9-5ea20b7ee2fe","local_time":"20201226182802","is_ascension_mode":true,"campfire_choices":[{"data":"Envenom","floor":7,"key":"SMITH"},{"data":"Neutralize","floor":11,"key":"SMITH"},{"floor":15,"key":"REST"},{"data":"Venomology","floor":23,"key":"SMITH"}],"circlet_count":0,"master_deck":["Strike_G+1","Strike_G","Strike_G","Defend_G","Defend_G","Defend_G","Defend_G","Defend_G","Survivor","Neutralize+1","Bouncing Flask","Noxious Fumes+1","Envenom+1","Poisoned Stab","Venomology+1","Catalyst+1","Prepared","Outmaneuver"],"relics":["Ring of the Snake","NeowsBlessing","Regal Pillow","Boot","HoveringKite","Question Card","Pear","HornCleat"],"acts_visited":["Exordium","TheCity"],"potions_floor_usage":[16,18,18,18,18,24,25,27],"damage_taken":[{"damage":0,"enemies":"Jaw Worm","floor":1,"turns":1},{"damage":0,"enemies":"Small Slimes","floor":4,"turns":1},{"damage":0,"enemies":"Lagavulin","floor":6,"turns":2},{"damage":7,"enemies":"Cultist","floor":8,"turns":4},{"damage":2,"enemies":"3 Louse","floor":10,"turns":3},{"damage":10,"enemies":"Exordium Wildlife","floor":12,"turns":5},{"damage":17,"enemies":"Exordium Thugs","floor":14,"turns":4},{"damage":42,"enemies":"Slime Boss","floor":16,"turns":10},{"damage":23,"enemies":"2 Thieves","floor":18,"turns":4},{"damage":45,"enemies":"Slavers","floor":24,"turns":6},{"damage":0,"enemies":"Chosen","floor":25,"turns":1},{"damage":25,"enemies":"3 Cultists","floor":27,"turns":4}],"seed_played":"4551337860621454243","potions_obtained":[{"floor":1,"key":"ColorlessPotion"},{"floor":8,"key":"Energy Potion"},{"floor":12,"key":"SkillPotion"},{"floor":14,"key":"EssenceOfSteel"},{"floor":16,"key":"Poison Potion"}],"is_trial":false,"path_per_floor":["M","$","?","M","?","E","R","M","T","M","R","M","?","M","R","B",null,"M","?","$","T","?","R","E","M","T","M"],"character_chosen":"THE_SILENT","items_purchased":["Noxious Fumes","Prepared"],"campfire_rested":1,"item_purchase_floors":[2,20],"current_hp_per_floor":[70,70,70,70,70,70,70,63,63,61,61,51,37,20,56,14,70,47,47,47,47,47,47,12,12,12,0,0],"gold":288,"neow_bonus":"THREE_ENEMY_KILL","is_daily":false,"chose_seed":false,"campfire_upgraded":3,"win_rate":0.0,"timestamp":1608978482,"path_taken":["M","$","?","M","?","E","R","M","T","M","R","?","?","M","R","BOSS","M","?","$","?","?","R","E","M","T","M"],"items_purchased_type":["Card","Card"],"build_version":"2020-12-22","purchased_purges":0,"victory":false,"max_hp_per_floor":[70,70,70,70,70,70,70,70,70,70,70,70,70,70,70,70,70,70,70,70,70,70,70,80,80,80,80,80],"card_choices":[{"not_picked":["Well Laid Plans","Cloak And Dagger"],"picked":"Bouncing Flask","floor":1},{"not_picked":["Blur","Choke","Flechettes"],"picked":"SKIP","floor":4},{"not_picked":["Accuracy","Deflect","Crippling Poison"],"picked":"SKIP","floor":6},{"not_picked":["Underhanded Strike","Backflip","Sucker Punch"],"picked":"SKIP","floor":8},{"not_picked":["Cloak And Dagger","Eviscerate","Deflect"],"picked":"SKIP","floor":10},{"not_picked":["Tactician","Eviscerate"],"picked":"Poisoned Stab","floor":12},{"not_picked":["Calculated Gamble","Doppelganger","Deflect"],"picked":"SKIP","floor":14},{"not_picked":["Grand Finale","Bullet Time"],"picked":"Venomology","floor":16},{"not_picked":["Distraction+1","Endless Agony"],"picked":"Catalyst+1","floor":18},{"not_picked":["Escape Plan+1","Sucker Punch","Cloak And Dagger"],"picked":"Outmaneuver","floor":24}],"player_experience":523451,"relics_obtained":[{"floor":6,"key":"Regal Pillow"},{"floor":9,"key":"Boot"},{"floor":21,"key":"Question Card"},{"floor":24,"key":"Pear"},{"floor":26,"key":"HornCleat"}],"event_choices":[{"damage_healed":17,"gold_gain":0,"player_choice":"Healed","damage_taken":0,"max_hp_gain":0,"max_hp_loss":0,"event_name":"The Cleric","floor":3,"gold_loss":35},{"damage_healed":0,"gold_gain":0,"cards_transformed":["Strike_G"],"player_choice":"Transformed","damage_taken":0,"max_hp_gain":0,"max_hp_loss":0,"event_name":"Transmorgrifier","floor":5,"gold_loss":0,"cards_obtained":["Envenom"]},{"damage_healed":0,"gold_gain":0,"player_choice":"Entered Light","damage_taken":14,"max_hp_gain":0,"max_hp_loss":0,"event_name":"Shining Light","floor":13,"gold_loss":0,"cards_upgraded":["Noxious Fumes","Strike_G"]},{"damage_healed":0,"gold_gain":0,"player_choice":"Bought 0 Potions","damage_taken":0,"max_hp_gain":0,"max_hp_loss":0,"event_name":"The Woman in Blue","floor":19,"gold_loss":0},{"cards_removed":["Strike_G"],"damage_healed":0,"gold_gain":0,"player_choice":"Gave Gold","damage_taken":0,"max_hp_gain":0,"max_hp_loss":0,"event_name":"Beggar","floor":22,"gold_loss":75}],"is_beta":false,"boss_relics":[{"not_picked":["SacredBark","WristBlade"],"picked":"HoveringKite"}],"items_purged_floors":[],"is_endless":false,"potions_floor_spawned":[1,8,12,14,16],"killed_by":"3 Cultists","ascension_level":4}}