{"host":"0mf7robgulk01ko7","time":1608996319,"event":{"mods":["AchievementEnabler","BaseMod","Colored Map","DeckTracker","Minty Spire (QoL Compilation)","Quick Restart","Rare Cards Sparkle","Relic Stats","SuperFastMode"],"gold_per_floor":[117,128,128,144,162,162,187,37,62,81,99,99,99,99],"floor_reached":13,"playtime":369,"items_purged":["Strike_B"],"score":174,"play_id":"c9ebad3a-5e38-411a-adb9-af3707069059","local_time":"20201227002519","is_ascension_mode":true,"campfire_choices":[{"data":"Ball Lightning","floor":6.0,"key":"SMITH"},{"data":"Chaos","floor":12.0,"key":"SMITH"}],"circlet_count":0,"master_deck":["AscendersBane","Strike_B","Strike_B","Strike_B","Defend_B","Defend_B","Defend_B","Defend_B","Zap","Dualcast","Hologram","Skim","Ball Lightning+1","Chaos+1","Capacitor","Capacitor"],"relics":["Velvet Choker","Ancient Tea Set","Omamori","Strawberry"],"acts_visited":["Exordium"],"potions_floor_usage":[],"damage_taken":[{"damage":1.0,"enemies":"Cultist","floor":1.0,"turns":4.0},{"damage":0.0,"enemies":"Small Slimes","floor":2.0,"turns":2.0},{"damage":0.0,"enemies":"2 Louse","floor":4.0,"turns":2.0},{"damage":18.0,"enemies":"Exordium Thugs","floor":5.0,"turns":5.0},{"damage":20.0,"enemies":"3 Sentries","floor":7.0,"turns":6.0},{"damage":3.0,"enemies":"Looter","floor":10.0,"turns":3.0},{"damage":12.0,"enemies":"Large Slime","floor":11.0,"turns":4.0},{"damage":17,"enemies":"Lagavulin","floor":13,"turns":5}],"seed_played":"-8746131588425305254","potions_obtained":[{"floor":5.0,"key":"Explosive Potion"},{"floor":7.0,"key":"Block Potion"},{"floor":10.0,"key":"Explosive Potion"}],"is_trial":false,"path_per_floor":["M","M","?","M","M","R","E","$","T","M","M","R","E"],"character_chosen":"DEFECT","items_purchased":["Capacitor"],"campfire_rested":0,"item_purchase_floors":[8],"current_hp_per_floor":[63,63,63,63,45,45,25,25,32,29,17,17,0,0],"gold":99,"neow_bonus":"BOSS_RELIC","is_daily":false,"chose_seed":false,"campfire_upgraded":2,"win_rate":0.0,"timestamp":1608996319,"path_taken":["M","M","?","M","M","R","E","?","T","M","M","R","E"],"items_purchased_type":["Card"],"build_version":"2020-12-22","purchased_purges":1,"victory":false,"max_hp_per_floor":[71,71,71,71,71,71,71,71,78,78,78,78,78,78],"relic_stats":{"counters":[8,31],"obtain_stats":[{"Strawberry":9,"Velvet Choker":0,"Omamori":7,"Cracked Core":0,"Ancient Tea Set":3},{"Strawberry":5,"Velvet Choker":0,"Omamori":5,"Cracked Core":0,"Ancient Tea Set":2},{"Strawberry":19,"Velvet Choker":0,"Omamori":19,"Cracked Core":0,"Ancient Tea Set":6}]},"card_choices":[{"not_picked":["Barrage","Go for the Eyes"],"picked":"Streamline","floor":1.0},{"not_picked":["Leap","Scrape"],"picked":"Hologram","floor":2.0},{"not_picked":["Fission","Compile Driver"],"picked":"Skim","floor":4.0},{"not_picked":["Skim","Cold Snap"],"picked":"Ball Lightning","floor":5.0},{"not_picked":["Ball Lightning","Melter"],"picked":"Chaos","floor":7.0},{"not_picked":["Leap","Gash","Scrape"],"picked":"SKIP","floor":10.0},{"not_picked":["Ball Lightning","Coolheaded"],"picked":"Capacitor","floor":11.0}],"player_experience":409242,"relics_obtained":[{"floor":7.0,"key":"Omamori"},{"floor":9.0,"key":"Strawberry"}],"event_choices":[{"cards_removed":["Streamline"],"damage_healed":0.0,"max_hp_gain":0.0,"max_hp_loss":0.0,"gold_gain":0.0,"event_name":"WeMeetAgain","player_choice":"Gave Card","floor":3.0,"gold_loss":0.0,"damage_taken":0.0,"relics_obtained":["Ancient Tea Set"]}],"is_beta":false,"boss_relics":[],"items_purged_floors":[8],"is_endless":false,"potions_floor_spawned":[5,7,10],"killed_by":"Lagavulin","ascension_level":20}}