{"host":"d50bw6kybq14xu1u","time":1608964586,"event":{"mods":["BaseMod","Colored Map","Colored Powertips","Minty Spire (QoL Compilation)","Quick Restart"],"gold_per_floor":[112,112,112,128,141,141,151,180,231,84,112,127,157,85,85,188,188,204,234,251,251,268,299,349,349,400,428,440,458,458,558,558,660,660,670,688,6,21,38,38,54,68,138,155,155,183,183,183,183,183],"floor_reached":51,"playtime":2883,"items_purged":["Defend_G"],"score":814,"play_id":"81f07bee-9d6a-413d-b84f-46fb82aad941","local_time":"20201226143626","is_ascension_mode":false,"campfire_choices":[{"data":"Cloak And Dagger","floor":6,"key":"SMITH"},{"data":"Infinite Blades","floor":15,"key":"SMITH"},{"data":"After Image","floor":25,"key":"SMITH"},{"data":"Blade Dance","floor":30,"key":"SMITH"},{"data":"Accuracy","floor":32,"key":"SMITH"},{"data":"Blade Dance","floor":40,"key":"SMITH"},{"data":"Noxious Fumes","floor":45,"key":"SMITH"},{"data":"Neutralize","floor":49,"key":"SMITH"}],"circlet_count":0,"master_deck":["Strike_G","Strike_G","Strike_G","Strike_G","Strike_G","Defend_G","Defend_G","Defend_G","Defend_G","Survivor","Neutralize+1","Noxious Fumes+1","Cloak And Dagger+1","Bane","Blade Dance+1","Dagger Spray","Infinite Blades+1","Prepared","Noxious Fumes+1","After Image+1","CurseOfTheBell","Crippling Poison+1","Backstab","Accuracy+1","Die Die Die","Blade Dance+1","Catalyst+1"],"relics":["Coffee Dripper","Letter Opener","PreservedInsect","Dream Catcher","Sling","StoneCalendar","Mercury Hourglass","Calling Bell","Bronze Scales","White Beast Statue","CaptainsWheel","Red Mask","Singing Bowl","Pen Nib","Matryoshka","Incense Burner","HornCleat","HoveringKite","Lizard Tail","Bottled Tornado","Sundial","Bottled Lightning","Du-Vu Doll"],"acts_visited":["TheCity","TheBeyond"],"potions_floor_usage":[8,13,18,27,31,33,33,50,50,50],"damage_taken":[{"damage":0,"enemies":"2 Louse","floor":1,"turns":3},{"damage":0,"enemies":"Cultist","floor":4,"turns":4},{"damage":0,"enemies":"Small Slimes","floor":5,"turns":3},{"damage":0,"enemies":"3 Louse","floor":7,"turns":3},{"damage":13,"enemies":"Lagavulin","floor":8,"turns":6},{"damage":0,"enemies":"Gremlin Nob","floor":11,"turns":2},{"damage":1,"enemies":"2 Fungi Beasts","floor":12,"turns":2},{"damage":8,"enemies":"Lagavulin","floor":13,"turns":3},{"damage":11,"enemies":"Slime Boss","floor":16,"turns":6},{"damage":11,"enemies":"2 Thieves","floor":18,"turns":3},{"damage":10,"enemies":"Masked Bandits","floor":19,"turns":3},{"damage":5,"enemies":"Shell Parasite","floor":20,"turns":4},{"damage":2,"enemies":"Chosen and Byrds","floor":22,"turns":4},{"damage":6,"enemies":"Book of Stabbing","floor":23,"turns":3},{"damage":15,"enemies":"Slavers","floor":27,"turns":3},{"damage":0,"enemies":"3 Cultists","floor":28,"turns":4},{"damage":3,"enemies":"Cultist and Chosen","floor":29,"turns":3},{"damage":2,"enemies":"Colosseum Slavers","floor":31,"turns":3},{"damage":2,"enemies":"Colosseum Nobs","floor":31,"turns":3},{"damage":3,"enemies":"Automaton","floor":33,"turns":7},{"damage":5,"enemies":"3 Shapes","floor":35,"turns":5},{"damage":0,"enemies":"Orb Walker","floor":36,"turns":3},{"damage":3,"enemies":"Transient","floor":38,"turns":5},{"damage":6,"enemies":"4 Shapes","floor":39,"turns":6},{"damage":12,"enemies":"Writhing Mass","floor":41,"turns":5},{"damage":2,"enemies":"Maw","floor":42,"turns":6},{"damage":11,"enemies":"4 Shapes","floor":44,"turns":5},{"damage":0,"enemies":"Reptomancer","floor":46,"turns":4},{"damage":53,"enemies":"Time Eater","floor":50,"turns":7}],"seed_played":"8532891424841308960","potions_obtained":[{"floor":5,"key":"Dexterity Potion"},{"floor":8,"key":"DistilledChaos"},{"floor":11,"key":"ColorlessPotion"},{"floor":12,"key":"EssenceOfSteel"},{"floor":16,"key":"LiquidBronze"},{"floor":18,"key":"SmokeBomb"},{"floor":20,"key":"DuplicationPotion"},{"floor":27,"key":"Weak Potion"},{"floor":31,"key":"Swift Potion"},{"floor":33,"key":"Ancient Potion"},{"floor":35,"key":"LiquidMemories"},{"floor":41,"key":"SteroidPotion"},{"floor":46,"key":"DuplicationPotion"}],"is_trial":false,"path_per_floor":["M","?","?","M","M","R","M","E","T","$","E","M","E","$","R","B",null,"M","?","M","?","M","E","?","R","T","E","M","M","R","?","R","B",null,"M","M","$","M","M","R","M","M","T","M","R","E","?","?","R","B",null],"character_chosen":"THE_SILENT","items_purchased":["Sling","Noxious Fumes","Lizard Tail","Bottled Tornado","Blade Dance"],"campfire_rested":0,"item_purchase_floors":[10,14,37,37,37],"current_hp_per_floor":[70,70,67,67,67,67,67,54,54,54,54,53,45,45,45,34,70,59,49,44,31,29,25,25,25,25,12,14,13,13,9,9,6,83,80,82,82,81,77,77,67,67,67,56,56,58,58,60,60,7],"gold":183,"neow_bonus":"BOSS_RELIC","is_daily":false,"chose_seed":false,"campfire_upgraded":8,"win_rate":0.0,"timestamp":1608964586,"path_taken":["M","?","?","M","M","R","M","E","T","$","E","M","E","$","R","BOSS","M","?","M","?","M","E","?","R","T","E","M","?","R","?","R","BOSS","M","M","$","M","M","R","M","M","T","M","R","E","?","?","R","BOSS"],"items_purchased_type":["Relic","Card","Relic","Relic","Card"],"build_version":"2020-12-22","purchased_purges":1,"victory":true,"max_hp_per_floor":[70,70,70,70,70,70,70,70,70,70,70,70,70,70,70,70,70,70,70,70,75,75,77,77,77,77,79,81,83,83,83,83,83,83,85,87,87,89,91,91,93,95,95,95,95,97,97,99,99,99],"card_choices":[{"not_picked":["Blade Dance","Masterful Stab"],"picked":"Noxious Fumes","floor":1},{"not_picked":["Backflip","Acrobatics","Cloak And Dagger"],"picked":"SKIP","floor":4},{"not_picked":["Backflip","Acrobatics"],"picked":"Cloak And Dagger","floor":4},{"not_picked":["All Out Attack","Endless Agony"],"picked":"Poisoned Stab","floor":5},{"not_picked":["Poisoned Stab","Slice"],"picked":"Bane","floor":7},{"not_picked":["Quick Slash","Bane"],"picked":"Blade Dance","floor":8},{"not_picked":["Dodge and Roll","Deadly Poison"],"picked":"Dagger Spray","floor":11},{"not_picked":["Deadly Poison","Quick Slash"],"picked":"Infinite Blades","floor":12},{"not_picked":["Acrobatics","Endless Agony"],"picked":"Prepared","floor":13},{"not_picked":["Tools of the Trade","Glass Knife"],"picked":"After Image","floor":16},{"not_picked":["Deadly Poison","Dodge and Roll"],"picked":"Crippling Poison+1","floor":18},{"not_picked":["Crippling Poison+1","Predator+1"],"picked":"Backstab","floor":19},{"not_picked":["Heel Hook+1","Well Laid Plans","Expertise"],"picked":"SKIP","floor":20},{"not_picked":["Prepared","Tactician","Acrobatics"],"picked":"SKIP","floor":22},{"not_picked":["Tactician","Caltrops","PiercingWail+1"],"picked":"Singing Bowl","floor":23},{"not_picked":["Well Laid Plans","Underhanded Strike","Deadly Poison"],"picked":"Singing Bowl","floor":27},{"not_picked":["Well Laid Plans","Dagger Spray","Calculated Gamble+1"],"picked":"Singing Bowl","floor":28},{"not_picked":["Expertise","Dagger Spray+1","PiercingWail"],"picked":"Singing Bowl","floor":29},{"not_picked":["Dagger Spray","Expertise"],"picked":"Accuracy","floor":31},{"not_picked":["Venomology","Unload"],"picked":"Die Die Die","floor":33},{"not_picked":["Deflect+1","Slice","Finisher+1"],"picked":"Singing Bowl","floor":35},{"not_picked":["Infinite Blades+1","Escape Plan","Dash"],"picked":"Singing Bowl","floor":36},{"not_picked":["Escape Plan","Underhanded Strike","Cloak And Dagger"],"picked":"Singing Bowl","floor":38},{"not_picked":["Deflect+1","Predator","Dagger Throw+1"],"picked":"Singing Bowl","floor":39},{"not_picked":["Outmaneuver","Prepared","Bane+1"],"picked":"Singing Bowl","floor":41},{"not_picked":["Die Die Die","Finisher+1","Footwork+1"],"picked":"Singing Bowl","floor":42},{"not_picked":["Outmaneuver","Poisoned Stab+1"],"picked":"Catalyst+1","floor":44},{"not_picked":["Backflip+1","Night Terror","Dagger Spray"],"picked":"Singing Bowl","floor":46},{"not_picked":["Apotheosis","Dark Shackles","Mind Blast"],"picked":"Singing Bowl","floor":48}],"player_experience":18156,"relics_obtained":[{"floor":8,"key":"PreservedInsect"},{"floor":9,"key":"Dream Catcher"},{"floor":11,"key":"StoneCalendar"},{"floor":13,"key":"Mercury Hourglass"},{"floor":17,"key":"Bronze Scales"},{"floor":17,"key":"White Beast Statue"},{"floor":17,"key":"CaptainsWheel"},{"floor":19,"key":"Red Mask"},{"floor":23,"key":"Singing Bowl"},{"floor":26,"key":"Pen Nib"},{"floor":27,"key":"Matryoshka"},{"floor":31,"key":"Incense Burner"},{"floor":31,"key":"HornCleat"},{"floor":43,"key":"Sundial"},{"floor":43,"key":"Bottled Lightning"},{"floor":46,"key":"Du-Vu Doll"}],"event_choices":[{"damage_healed":0,"gold_gain":0,"player_choice":"Grow","damage_taken":0,"max_hp_gain":0,"max_hp_loss":0,"event_name":"Living Wall","floor":2,"gold_loss":0,"cards_upgraded":["Noxious Fumes"]},{"damage_healed":0,"gold_gain":0,"player_choice":"Success","damage_taken":3,"relics_obtained":["Letter Opener"],"max_hp_gain":0,"max_hp_loss":0,"event_name":"Scrap Ooze","floor":3,"gold_loss":0},{"damage_healed":0,"gold_gain":0,"player_choice":"Fought Bandits","damage_taken":0,"max_hp_gain":0,"max_hp_loss":0,"event_name":"Masked Bandits","floor":19,"gold_loss":0},{"damage_healed":0,"gold_gain":0,"player_choice":"Shed Blood","damage_taken":18,"max_hp_gain":5,"max_hp_loss":0,"event_name":"Forgotten Altar","floor":21,"gold_loss":0},{"damage_healed":0,"gold_gain":100,"player_choice":"Bet on Murderer","damage_taken":0,"max_hp_gain":0,"max_hp_loss":0,"event_name":"The Joust","floor":24,"gold_loss":50},{"damage_healed":0,"gold_gain":0,"player_choice":"Fight","damage_taken":0,"max_hp_gain":0,"max_hp_loss":0,"event_name":"Colosseum","floor":31,"gold_loss":0},{"damage_healed":0,"gold_gain":0,"player_choice":"Fought Nobs","damage_taken":0,"max_hp_gain":0,"max_hp_loss":0,"event_name":"Colosseum","floor":31,"gold_loss":0},{"cards_removed":["Poisoned Stab"],"damage_healed":0,"gold_gain":0,"player_choice":"Removed Attack","damage_taken":0,"max_hp_gain":0,"max_hp_loss":0,"event_name":"Falling","floor":47,"gold_loss":0},{"damage_healed":0,"gold_gain":0,"player_choice":"Memory 1","damage_taken":0,"max_hp_gain":0,"max_hp_loss":0,"event_name":"SensoryStone","floor":48,"gold_loss":0}],"is_beta":false,"boss_relics":[{"not_picked":["Fusion Hammer","Cursed Key"],"picked":"Calling Bell"},{"not_picked":["SacredBark","Philosopher\u0027s Stone"],"picked":"HoveringKite"}],"items_purged_floors":[37],"is_endless":false,"potions_floor_spawned":[5,8,11,12,16,18,19,20,22,23,27,28,29,31,31,33,35,36,38,39,41,42,44,46],"ascension_level":0}}