{"host":"q0yztes6vyjz67b3","time":1608967138,"event":{"mods":["BaseMod","Better Altar","Better Match","Better Note","Better Sensory Stone","Better Skull","Better Third Choice","Energized Spire","Minty Spire (QoL Compilation)","Replay The Spire","StSLib","The Gatherer"],"gold_per_floor":[113,125,52,52,52,85,97,126,153,171,188,221,241,268,268,367,367,377,390,415,415,432,463,102,134,134,146,146,158,258,357,357,462,512,530,542,569,581,120,120,0,0,0,31,31,31,44,44,56,69,69,69],"floor_reached":53,"playtime":2639,"items_purged":["Strike_G","Defend_G"],"score":784,"play_id":"78f80d85-a3e9-489b-bbd3-131ecdef49b3","local_time":"20201225231858","is_ascension_mode":false,"campfire_choices":[{"data":"Draining Mist","floor":15,"key":"SMITH"},{"data":"Tactician","floor":28,"key":"SMITH"},{"floor":32,"key":"REST"},{"data":"1","floor":40,"key":"LIFT"},{"data":"2","floor":51,"key":"LIFT"}],"circlet_count":0,"master_deck":["Strike_G","Strike_G","Strike_G","Defend_G","Defend_G+1","Defend_G+2","Survivor","Neutralize","Quick Slash","Draining Mist+1","Heel Hook","Unload+1","Sucker Punch","Backflip","Dagger Throw","Backstab","Reflex","Tools of the Trade","Prepared","PiercingWail","SashWhip","Outmaneuver","Tactician+1","Prepared","Reflex+1","Underhanded Strike","Tactician","Poison Darts","Backflip","Reflex+1","Quick Slash+1","ReplayTheSpireMod:The Works","Acrobatics+1","Heel Hook+1","Backflip+1","PiercingWail+1"],"relics":["energizedSpire:NeverEndingSparkler","Bag of Marbles","Bronze Scales","Oddly Smooth Stone","Pen Nib","Toy Ornithopter","Replay:Grab Bag","energizedSpire:PogoStick","Painkiller Herb","Snecko Heart","Snecko Eye","Blood Vial","Replay:Rubber Ducky","Onion Ring","The Specimen","Quantum Egg","Unceasing Top","Ornamental Fan","Tiny House","Girya","Mummified Hand","Red Mask","Nunchaku","Art of War","Simple Rune"],"acts_visited":["Exordium","TheCity","TheBeyond"],"potions_floor_usage":[6,6,6,8,12,16,16,25,33,33,36,47,52],"damage_taken":[{"damage":12,"enemies":"Jaw Worm","floor":1,"turns":7},{"damage":0,"enemies":"2 Louse","floor":2,"turns":2},{"damage":0,"enemies":"Gremlin Nob","floor":6,"turns":4},{"damage":0,"enemies":"Cultist","floor":7,"turns":3},{"damage":23,"enemies":"Lagavulin","floor":8,"turns":4},{"damage":0,"enemies":"Red Slaver","floor":10,"turns":2},{"damage":0,"enemies":"2 Fungi Beasts","floor":11,"turns":3},{"damage":0,"enemies":"Gremlin Nob","floor":12,"turns":3},{"damage":0,"enemies":"Exordium Thugs","floor":13,"turns":3},{"damage":2,"enemies":"3 Sentries","floor":14,"turns":7},{"damage":3,"enemies":"Fading Forest","floor":16,"turns":11},{"damage":0,"enemies":"Spheric Guardian","floor":18,"turns":2},{"damage":6,"enemies":"3 Byrds","floor":19,"turns":4},{"damage":0,"enemies":"Snecko","floor":22,"turns":1},{"damage":3,"enemies":"Replay:Snechameleon","floor":23,"turns":3},{"damage":6,"enemies":"Slavers","floor":25,"turns":5},{"damage":0,"enemies":"Chosen and Byrds","floor":27,"turns":3},{"damage":0,"enemies":"Centurion and Healer","floor":29,"turns":2},{"damage":0,"enemies":"Colosseum Slavers","floor":30,"turns":1},{"damage":23,"enemies":"Colosseum Nobs","floor":30,"turns":4},{"damage":16,"enemies":"Automaton","floor":33,"turns":7},{"damage":0,"enemies":"3 Shapes","floor":35,"turns":2},{"damage":16,"enemies":"3 Darklings","floor":36,"turns":5},{"damage":0,"enemies":"Jaw Worm Horde","floor":38,"turns":3},{"damage":17,"enemies":"Nemesis","floor":44,"turns":3},{"damage":0,"enemies":"Maw","floor":47,"turns":4},{"damage":1,"enemies":"Writhing Mass","floor":49,"turns":4},{"damage":0,"enemies":"Sphere and 2 Shapes","floor":50,"turns":2},{"damage":25,"enemies":"Replay:Hell Engine","floor":52,"turns":8}],"seed_played":"1068128997638550091","potions_obtained":[{"floor":2,"key":"LiquidMemories"},{"floor":5,"key":"SpeedPotion"},{"floor":5,"key":"Explosive Potion"},{"floor":7,"key":"FearPotion"},{"floor":10,"key":"Reflective Coating"},{"floor":11,"key":"SteroidPotion"},{"floor":14,"key":"DistilledChaos"},{"floor":16,"key":"Elixir"},{"floor":18,"key":"Strength Potion"},{"floor":23,"key":"Adrenaline Potion"},{"floor":25,"key":"PowerPotion"},{"floor":34,"key":"Weak Potion"},{"floor":35,"key":"Cursed Concoction"},{"floor":44,"key":"Block Potion"},{"floor":47,"key":"SmokeBomb"}],"is_trial":false,"path_per_floor":["M","M","$","?","?","E","M","E","T","M","M","E","M","E","R","B",null,"?","?","T","?","?","E","T","E","T","?","T","?","?","?","T","B",null,"?","?","?","?","T","T","?","PTL","PTL","E","T","T","?","?","?","?","T","B",null],"character_chosen":"THE_SILENT","items_purchased":["Heel Hook","Prepared","Onion Ring","Mummified Hand","ReplayTheSpireMod:The Works","Acrobatics+1"],"campfire_rested":1,"item_purchase_floors":[3,24,24,39,39,39],"current_hp_per_floor":[58,58,58,58,58,58,58,35,35,35,35,35,35,33,33,56,70,70,64,64,64,66,65,65,64,64,66,66,68,47,47,68,54,75,75,59,59,61,61,61,61,61,61,46,46,46,53,53,54,56,56,38],"gold":69,"neow_bonus":"BOSS_RELIC","is_daily":false,"chose_seed":false,"campfire_upgraded":2,"win_rate":0.0,"timestamp":1608967138,"path_taken":["M","M","$","?","?","E","M","E","T","M","?","E","M","E","R","BOSS","?","?","?","?","?","E","T","E","T","?","T","?","?","?","T","BOSS","?","?","?","?","?","T","?","PTL","PTL","E","T","?","?","?","?","?","T","BOSS"],"items_purchased_type":["Card","Card","Relic","Relic","Card","Card"],"build_version":"2020-12-22","purchased_purges":2,"victory":true,"max_hp_per_floor":[70,70,70,70,70,70,70,70,70,70,70,70,70,70,70,70,70,70,70,70,70,70,70,70,70,70,70,70,70,70,70,70,70,75,75,75,75,75,75,75,75,75,75,75,75,75,75,75,75,75,75,75],"card_choices":[{"not_picked":["Underhanded Strike","Flying Knee"],"picked":"Quick Slash","floor":1},{"not_picked":["Crippling Poison","Blade Dance"],"picked":"Draining Mist","floor":2},{"not_picked":["Outmaneuver","Dodge and Roll"],"picked":"Sucker Punch","floor":6},{"not_picked":["Deadly Poison","ReplayTheSpireMod:Scrap Shanks"],"picked":"Backflip","floor":7},{"not_picked":["Sucker Punch","Fluid Movement","Hidden Blade"],"picked":"SKIP","floor":8},{"not_picked":["Corpse Explosion","Bane","Poisoned Stab"],"picked":"SKIP","floor":10},{"not_picked":["ReplayTheSpireMod:Scrap Shanks","Draining Mist","Flechettes"],"picked":"SKIP","floor":11},{"not_picked":["Flying Knee","Deadly Poison"],"picked":"Dagger Throw","floor":12},{"not_picked":["Dagger Throw","ReplayTheSpireMod:Speed Training"],"picked":"Backstab","floor":13},{"not_picked":["Crippling Poison","Hidden Blade"],"picked":"Reflex","floor":14},{"not_picked":["Adrenaline","After Image"],"picked":"Tools of the Trade","floor":16},{"not_picked":["Deflect","Footwork"],"picked":"Prepared","floor":18},{"not_picked":["Skewer","Escape Plan"],"picked":"PiercingWail","floor":19},{"not_picked":["Deflect","Slice+1"],"picked":"Outmaneuver","floor":22},{"not_picked":["Dagger Throw","Bane"],"picked":"Tactician","floor":23},{"not_picked":["Backflip","Tactician"],"picked":"Reflex+1","floor":25},{"not_picked":["Noxious Fumes","Dodge and Roll"],"picked":"Underhanded Strike","floor":27},{"not_picked":["Sucker Punch+1","Toxin Wave"],"picked":"Tactician","floor":29},{"not_picked":["Grand Finale","Die Die Die"],"picked":"Poison Darts","floor":33},{"not_picked":["Outmaneuver","Slice"],"picked":"Backflip","floor":34},{"not_picked":["Dagger Spray+1","Hidden Blade"],"picked":"Reflex+1","floor":35},{"not_picked":["Replay:Poison Smokescreen+1","ReplayTheSpireMod:Shiv Toss","Poison Darts"],"picked":"SKIP","floor":36},{"not_picked":["Dodge and Roll+1","Deadly Poison+1"],"picked":"Quick Slash+1","floor":38},{"not_picked":["Deadly Poison+1","Sucker Punch"],"picked":"Heel Hook+1","floor":44},{"not_picked":["Prepared","Slice+1","Blade Dance+1"],"picked":"SKIP","floor":47},{"not_picked":["Bane","PiercingWail"],"picked":"Backflip+1","floor":49},{"not_picked":["Dagger Throw+1","Setup"],"picked":"PiercingWail+1","floor":50}],"player_experience":520820,"relics_obtained":[{"floor":6,"key":"Bag of Marbles"},{"floor":8,"key":"Bronze Scales"},{"floor":9,"key":"Oddly Smooth Stone"},{"floor":12,"key":"Pen Nib"},{"floor":14,"key":"Toy Ornithopter"},{"floor":20,"key":"Blood Vial"},{"floor":23,"key":"Replay:Rubber Ducky"},{"floor":25,"key":"The Specimen"},{"floor":26,"key":"Quantum Egg"},{"floor":30,"key":"Unceasing Top"},{"floor":30,"key":"Ornamental Fan"},{"floor":37,"key":"Girya"},{"floor":44,"key":"Nunchaku"},{"floor":45,"key":"Art of War"},{"floor":46,"key":"Simple Rune"}],"event_choices":[{"damage_healed":0,"gold_gain":0,"player_choice":"Got Potions","damage_taken":0,"max_hp_gain":0,"max_hp_loss":0,"event_name":"Lab","floor":5,"gold_loss":0},{"cards_removed":["Backstab"],"damage_healed":0,"gold_gain":0,"player_choice":"Take \u0026 Give","damage_taken":0,"max_hp_gain":0,"max_hp_loss":0,"event_name":"betterNote:BetterNote","floor":21,"gold_loss":0,"cards_obtained":["SashWhip"]},{"damage_healed":0,"gold_gain":0,"player_choice":"Fight","damage_taken":0,"max_hp_gain":0,"max_hp_loss":0,"event_name":"Colosseum","floor":30,"gold_loss":0},{"damage_healed":0,"gold_gain":0,"player_choice":"Fought Nobs","damage_taken":0,"max_hp_gain":0,"max_hp_loss":0,"event_name":"Colosseum","floor":30,"gold_loss":0},{"damage_healed":0,"gold_gain":99,"player_choice":"Steal","damage_taken":0,"max_hp_gain":0,"max_hp_loss":0,"event_name":"betterThird:BetterNest","floor":31,"gold_loss":0},{"damage_healed":0,"gold_gain":0,"player_choice":"Paid","damage_taken":0,"relics_obtained":["Red Mask"],"max_hp_gain":0,"max_hp_loss":0,"event_name":"Tomb of Lord Red Mask","floor":41,"gold_loss":120},{"cards_removed":["Strike_G"],"damage_healed":0,"gold_gain":0,"player_choice":"Purged","damage_taken":0,"max_hp_gain":0,"max_hp_loss":0,"event_name":"Purifier","floor":48,"gold_loss":0}],"is_beta":false,"boss_relics":[{"not_picked":["SlaversCollar","Ring of Chaos"],"picked":"Replay:Grab Bag"},{"not_picked":["energizedSpire:OgreHead","energizedSpire:StickyHand"],"picked":"energizedSpire:PogoStick"},{"not_picked":["Busted Crown","ReplayTheSpireMod:Onyx Gauntlets"],"picked":"Painkiller Herb"},{"not_picked":["Calling Bell","Kintsugi"],"picked":"Snecko Heart"},{"not_picked":["Pandora\u0027s Box","Black Star"],"picked":"Snecko Eye"},{"not_picked":["Honey Jar","energizedSpire:MagnifyingGlass"],"picked":"Tiny House"}],"items_purged_floors":[24,39],"is_endless":false,"potions_floor_spawned":[2,7,10,11,14,16,18,23,25,27,35,44,47],"ascension_level":0}}