{"host":"0rxdudjy6rylha1k","time":1608963585,"event":{"mods":["Aspiration","BaseMod","Colored Map","Colored Powertips","Downfall","Highlight Path","Hubris","Minty Spire (QoL Compilation)","StSLib"],"gold_per_floor":[99,109,124,141,141,172,226,151,184,184,204,204,34,134,154,250,250,250,260,273,323,343,409,434,359,377,427,477,477,495,545,563,667,717,717,731,746,822,722,439,439,457,468,38,88,107,169,219,229,229],"floor_reached":51,"playtime":6202,"items_purged":["sneckomod:Bewildered"],"score":904,"play_id":"239eef45-549e-4fa7-aab1-e5a774e6da47","local_time":"20201225231945","is_ascension_mode":true,"campfire_choices":[{"floor":1.0,"key":"RECALL"},{"floor":8.0,"key":"REST"},{"floor":10.0,"key":"REST"},{"data":"sneckomod:DiceBoulder","floor":18.0,"key":"SMITH"},{"floor":25.0,"key":"REST"},{"floor":29.0,"key":"REST"},{"data":"sneckomod:SnakeSap","floor":35.0,"key":"SMITH"}],"circlet_count":0,"master_deck":["sneckomod:Strike","sneckomod:Strike","sneckomod:Defend","sneckomod:Defend","sneckomod:Defend","sneckomod:TailWhip","sneckomod:SnekBite+1","sneckomod:Unknown","sneckomod:Unknown","sneckomod:DiceCrush","sneckomod:Nope","sneckomod:Unknown0Cost","sneckomod:SnakeSap+1","sneckomod:UnknownDexterity","sneckomod:UnknownVulnerable","sneckomod:DiceBoulder+2","sneckomod:UnlimitedRolls","sneckomod:MorePower","sneckomod:UnknownColorless+1","sneckomod:UnknownRareAttack","sneckomod:SlitherStrike+1","sneckomod:UnknownVulnerable+1","sneckomod:CheapStock+1","sneckomod:ImprovisedAttack+1","Forethought","sneckomod:Unknown3Cost","sneckomod:UnknownRarePower"],"relics":["sneckomod:SneckoSoul","Tiny Chest","hubris:SlimyHat","hubris:OldNail","downfall:HeartBlessingRed","aspiration:ChemicalBlood","MealTicket","Toy Ornithopter","ClockworkSouvenir","downfall:CloakOfManyFaces","CultistMask","FaceOfCleric","NlothsMask","GremlinMask","SsserpentHead","Busted Crown","downfall:HeartBlessingBlue","sneckomod:BabySnecko","aspiration:DSix","Tiny House","Singing Bowl","Gremlin Horn","Lizard Tail","Blood Vial"],"acts_visited":["Exordium","TheCity","TheBeyond"],"potions_floor_usage":[49,49,50],"damage_taken":[{"damage":10.0,"enemies":"2 Louse","floor":2.0,"turns":2.0},{"damage":6.0,"enemies":"Cultist","floor":3.0,"turns":3.0},{"damage":6.0,"enemies":"Small Slimes","floor":4.0,"turns":3.0},{"damage":36.0,"enemies":"3 Sentries","floor":6.0,"turns":11.0},{"damage":18.0,"enemies":"Lagavulin","floor":9.0,"turns":5.0},{"damage":4.0,"enemies":"Blue Slaver","floor":11.0,"turns":3.0},{"damage":0.0,"enemies":"downfall:FleeingMerchant","floor":13.0,"turns":4.0},{"damage":6.0,"enemies":"downfall:FaceTrader","floor":14.0,"turns":4.0},{"damage":3.0,"enemies":"2 Fungi Beasts","floor":15.0,"turns":3.0},{"damage":51.0,"enemies":"downfall:Silent","floor":16.0,"turns":10.0},{"damage":30.0,"enemies":"Shell Parasite","floor":19.0,"turns":6.0},{"damage":11.0,"enemies":"3 Byrds","floor":20.0,"turns":5.0},{"damage":27.0,"enemies":"Cultist and Chosen","floor":22.0,"turns":6.0},{"damage":13.0,"enemies":"Snecko","floor":23.0,"turns":3.0},{"damage":48.0,"enemies":"3 Cultists","floor":26.0,"turns":6.0},{"damage":14.0,"enemies":"Centurion and Healer","floor":30.0,"turns":5.0},{"damage":29.0,"enemies":"Chosen and Byrds","floor":32.0,"turns":7.0},{"damage":31.0,"enemies":"downfall:Watcher","floor":33.0,"turns":8.0},{"damage":24.0,"enemies":"3 Shapes","floor":36.0,"turns":3.0},{"damage":43.0,"enemies":"3 Darklings","floor":37.0,"turns":7.0},{"damage":18.0,"enemies":"Spire Growth","floor":42.0,"turns":2.0},{"damage":36.0,"enemies":"Sphere and 2 Shapes","floor":43.0,"turns":4.0},{"damage":8.0,"enemies":"downfall:FleeingMerchant","floor":44.0,"turns":4.0},{"damage":64.0,"enemies":"Transient","floor":46.0,"turns":5.0},{"damage":45.0,"enemies":"Writhing Mass","floor":47.0,"turns":3.0},{"damage":51,"enemies":"Spire Growth","floor":49,"turns":5},{"damage":12,"enemies":"downfall:Defect","floor":50,"turns":4}],"seed_played":"-2892809353768556755","potions_obtained":[{"floor":2.0,"key":"BlessingOfTheForge"},{"floor":6.0,"key":"FearPotion"},{"floor":9.0,"key":"AttackPotion"},{"floor":11.0,"key":"champ:CounterPotion"},{"floor":14.0,"key":"sneckomod:DiceRollPotion"},{"floor":15.0,"key":"sneckomod:MuddlingPotion"},{"floor":19.0,"key":"Block Potion"},{"floor":22.0,"key":"champ:CounterPotion"},{"floor":32.0,"key":"BlessingOfTheForge"},{"floor":34.0,"key":"SpeedPotion"},{"floor":37.0,"key":"Explosive Potion"},{"floor":46.0,"key":"FairyPotion"},{"floor":47.0,"key":"SpeedPotion"},{"floor":49,"key":"FearPotion"}],"is_trial":false,"path_per_floor":["R","M","M","M","?","E","T","R","E","R","M","$","$","?","M","B",null,"R","M","M","T","M","M","T","R","M","?","?","R","M","T","M","B",null,"R","M","M","?","NS","?","T","M","M","$","T","M","M","?","M","B",null],"character_chosen":"THE_SNECKO","items_purchased":["MealTicket","Toy Ornithopter","Block Potion","BlessingOfTheForge","ClockworkSouvenir","Lizard Tail","BlessingOfTheForge","Explosive Potion"],"campfire_rested":4,"item_purchase_floors":[12,12,12,12,13,44,44,44],"current_hp_per_floor":[81,71,65,59,59,32,32,59,41,68,65,39,60,64,72,37,81,81,62,63,63,37,40,40,83,41,41,41,74,67,67,39,25,99,99,86,49,49,49,140,140,135,104,118,118,86,56,57,27,23],"gold":229,"neow_bonus":"RANDOM_COMMON_RELIC","is_daily":false,"chose_seed":false,"campfire_upgraded":2,"win_rate":0.0,"timestamp":1608963585,"path_taken":["R","M","M","M","?","E","T","R","E","R","M","?","$","?","M","BOSS","R","M","M","?","M","?","T","R","M","?","?","R","M","?","M","BOSS","R","M","M","?","NS","?","T","M","M","?","?","M","?","?","M","BOSS"],"items_purchased_type":["Relic","Relic","Potion","Potion","Relic","Relic","Potion","Potion"],"build_version":"2020-12-22","purchased_purges":1,"victory":true,"max_hp_per_floor":[90,90,90,90,90,91,91,91,91,91,92,92,93,93,94,95,95,95,97,99,99,100,101,101,111,112,112,112,112,114,114,115,117,122,122,123,124,124,124,140,140,143,148,150,150,155,158,159,168,169],"card_choices":[{"not_picked":["sneckomod:IronFang","sneckomod:UnknownStrike"],"picked":"sneckomod:DiceCrush","floor":2.0},{"not_picked":["sneckomod:SoulRoll","sneckomod:RainOfDice","sneckomod:UnknownClassBLUE"],"picked":"SKIP","floor":3.0},{"not_picked":["sneckomod:UnknownCommonAttack","sneckomod:UnknownUncommonSkill"],"picked":"sneckomod:Nope","floor":4.0},{"not_picked":["sneckomod:UnknownStrike","sneckomod:DiceBlock"],"picked":"sneckomod:Unknown0Cost","floor":6.0},{"not_picked":["sneckomod:UnknownClassPURPLE","sneckomod:SoulRoll"],"picked":"sneckomod:SnakeSap","floor":9.0},{"not_picked":["sneckomod:RainOfDice","sneckomod:QuickMove"],"picked":"sneckomod:UnknownDexterity","floor":11.0},{"not_picked":["sneckomod:Unknown1Cost","sneckomod:WideSting"],"picked":"sneckomod:UnknownVulnerable","floor":13.0},{"not_picked":["sneckomod:UnknownVulnerable","sneckomod:UnknownUncommonPower"],"picked":"sneckomod:DiceBoulder","floor":14.0},{"not_picked":["sneckomod:Nope","sneckomod:WideSting"],"picked":"sneckomod:UnlimitedRolls","floor":15.0},{"not_picked":["sneckomod:Transmogrify","sneckomod:UnknownColorless"],"picked":"sneckomod:MorePower","floor":16.0},{"not_picked":[],"picked":"sneckomod:UnknownX+1","floor":19.0},{"not_picked":["sneckomod:UnknownCommonSkill"],"picked":"SKIP","floor":19.0},{"not_picked":[],"picked":"sneckomod:UnknownWeak+1","floor":20.0},{"not_picked":["sneckomod:UnknownBlock"],"picked":"SKIP","floor":20.0},{"not_picked":["sneckomod:Unknown1Cost+1"],"picked":"SKIP","floor":22.0},{"not_picked":["sneckomod:UnknownEthereal"],"picked":"SKIP","floor":22.0},{"not_picked":["sneckomod:UnknownBlock+1"],"picked":"SKIP","floor":23.0},{"not_picked":["sneckomod:UnknownUncommonAttack+1"],"picked":"SKIP","floor":26.0},{"not_picked":["sneckomod:UnknownClassPURPLE+1"],"picked":"SKIP","floor":26.0},{"not_picked":[],"picked":"sneckomod:UnknownColorless+1","floor":30.0},{"not_picked":["sneckomod:UnknownClassTHE_CHAMP_GRAY+1"],"picked":"SKIP","floor":30.0},{"not_picked":["sneckomod:Unknown1Cost+1"],"picked":"SKIP","floor":32.0},{"not_picked":["sneckomod:UnknownCommonAttack+1"],"picked":"SKIP","floor":32.0},{"not_picked":[],"picked":"sneckomod:UnknownRareAttack","floor":33.0},{"not_picked":[],"picked":"sneckomod:SlitherStrike+1","floor":36.0},{"not_picked":["sneckomod:UnknownClassBLUE+1"],"picked":"SKIP","floor":37.0},{"not_picked":["sneckomod:UnknownCommonAttack"],"picked":"SKIP","floor":37.0},{"not_picked":["sneckomod:SoulRoll"],"picked":"Singing Bowl","floor":42.0},{"not_picked":["sneckomod:UnknownClassGUARDIAN+1"],"picked":"Singing Bowl","floor":43.0},{"not_picked":["sneckomod:UnknownStrike+1"],"picked":"Singing Bowl","floor":43.0},{"not_picked":[],"picked":"sneckomod:UnknownVulnerable+1","floor":44.0},{"not_picked":[],"picked":"sneckomod:CheapStock+1","floor":44.0},{"not_picked":["sneckomod:Unknown3Cost+1"],"picked":"Singing Bowl","floor":46.0},{"not_picked":["sneckomod:RainOfDice"],"picked":"Singing Bowl","floor":46.0},{"not_picked":["sneckomod:Unknown+1"],"picked":"Singing Bowl","floor":47.0},{"not_picked":[],"picked":"sneckomod:ImprovisedAttack+1","floor":47.0},{"not_picked":["sneckomod:UnknownStrike+1"],"picked":"Singing Bowl","floor":49},{"not_picked":[],"picked":"sneckomod:UnknownRarePower","floor":49}],"player_experience":2362454,"relics_obtained":[{"floor":6.0,"key":"hubris:SlimyHat"},{"floor":7.0,"key":"hubris:OldNail"},{"floor":9.0,"key":"aspiration:ChemicalBlood"},{"floor":14.0,"key":"downfall:CloakOfManyFaces"},{"floor":31.0,"key":"aspiration:DSix"},{"floor":38.0,"key":"Singing Bowl"},{"floor":41.0,"key":"Gremlin Horn"},{"floor":45.0,"key":"Blood Vial"}],"event_choices":[{"cards_removed":["sneckomod:Strike"],"damage_healed":0.0,"max_hp_gain":0.0,"max_hp_loss":0.0,"gold_gain":0.0,"event_name":"Bonfire Elementals","player_choice":"Offered Basic","floor":5.0,"gold_loss":0.0,"damage_taken":0.0}],"is_beta":false,"boss_relics":[{"not_picked":["Empty Cage","aspiration:RunicSpoon"],"picked":"Busted Crown"},{"not_picked":["hubris:RunicObelisk","aspiration:DefectSkillbook"],"picked":"Tiny House"}],"items_purged_floors":[44],"is_endless":false,"potions_floor_spawned":[2,6,9,11,14,15,19,22,32,37,46,47,49],"ascension_level":6}}