{"host":"oy4pyvr762z5n0bb","time":1608962533,"event":{"mods":["AchievementEnabler","BaseMod","Colored Map","Colored Powertips","Googly Eyes","Key Reminder","Minty Spire (QoL Compilation)","Quick Restart","Relic Sorter","StSLib","SuperFastMode","Unceasing Turn Reminder","slay the spire mod where everything is the same but ironclad has a cowboy hat"],"gold_per_floor":[112,129,129,143,219,219,251,251,274,285,285,315,326,12,12,115,115,133,48,61,61,0,26,26,40,40,75,75,75,87,97,97,192,192,205,218,229,229,3,3,34,34,34,34,54,54,54,81,81,81,81],"floor_reached":50,"playtime":1230,"items_purged":["Strike_G","Writhe"],"score":810,"play_id":"f4d20b47-0619-411c-867d-eade1e7aedd1","local_time":"20201225220213","is_ascension_mode":true,"campfire_choices":[{"data":"Sucker Punch","floor":6,"key":"SMITH"},{"data":"Backstab","floor":11,"key":"SMITH"},{"data":"Doppelganger","floor":15,"key":"SMITH"},{"floor":24,"key":"REST"},{"floor":28,"key":"REST"},{"floor":32,"key":"REST"},{"data":"Riddle With Holes","floor":40,"key":"SMITH"},{"data":"Adrenaline","floor":42,"key":"SMITH"},{"data":"Survivor","floor":44,"key":"SMITH"},{"data":"Master of Strategy","floor":49,"key":"SMITH"}],"circlet_count":0,"master_deck":["Defend_G","Defend_G","Defend_G","Defend_G","Defend_G+1","Survivor+1","Noxious Fumes+1","Backstab+1","Sucker Punch+1","Riddle With Holes+1","Dagger Throw","Prepared+1","Doppelganger+1","Adrenaline+1","Backstab+1","Quick Slash+1","Envenom+1","Skewer","Backflip+1","Dagger Spray+1","Quick Slash+1","Riddle With Holes+1","Footwork+1","After Image+1","Riddle With Holes+1","Blade Dance+1","Master of Strategy+1","Infinite Blades+1"],"relics":["Ring of the Snake","NeowsBlessing","StrikeDummy","Akabeko","Happy Flower","Blue Candle","Bottled Tornado","Astrolabe","Pen Nib","Smiling Mask","Boot","Frozen Egg 2","War Paint","Nloth\u0027s Gift","Coffee Dripper","Ancient Tea Set","Toxic Egg 2","Lantern"],"acts_visited":["Exordium","TheCity","TheBeyond"],"potions_floor_usage":[12,16,16,23,27,30,37,45,50,50],"damage_taken":[{"damage":0,"enemies":"Small Slimes","floor":1,"turns":1},{"damage":0,"enemies":"Jaw Worm","floor":2,"turns":1},{"damage":0,"enemies":"2 Louse","floor":4,"turns":1},{"damage":14,"enemies":"3 Sentries","floor":7,"turns":7},{"damage":0,"enemies":"Exordium Thugs","floor":10,"turns":1},{"damage":0,"enemies":"Gremlin Nob","floor":12,"turns":2},{"damage":0,"enemies":"Red Slaver","floor":13,"turns":1},{"damage":0,"enemies":"Hexaghost","floor":16,"turns":8},{"damage":16,"enemies":"3 Byrds","floor":18,"turns":4},{"damage":0,"enemies":"Chosen","floor":20,"turns":1},{"damage":22,"enemies":"Gremlin Leader","floor":23,"turns":5},{"damage":15,"enemies":"Snake Plant","floor":25,"turns":3},{"damage":32,"enemies":"Slavers","floor":27,"turns":5},{"damage":18,"enemies":"Centurion and Healer","floor":30,"turns":4},{"damage":0,"enemies":"Snecko","floor":31,"turns":2},{"damage":35,"enemies":"Collector","floor":33,"turns":7},{"damage":0,"enemies":"3 Shapes","floor":35,"turns":4},{"damage":0,"enemies":"Orb Walker","floor":36,"turns":2},{"damage":27,"enemies":"Spire Growth","floor":37,"turns":4},{"damage":12,"enemies":"Giant Head","floor":41,"turns":6},{"damage":0,"enemies":"3 Darklings","floor":45,"turns":2},{"damage":0,"enemies":"Nemesis","floor":48,"turns":5},{"damage":25,"enemies":"Donu and Deca","floor":50,"turns":5}],"seed_played":"-7881732104850971159","potions_obtained":[{"floor":2,"key":"BlessingOfTheForge"},{"floor":4,"key":"SteroidPotion"},{"floor":12,"key":"Dexterity Potion"},{"floor":13,"key":"DistilledChaos"},{"floor":25,"key":"Regen Potion"},{"floor":27,"key":"Explosive Potion"},{"floor":31,"key":"SneckoOil"},{"floor":37,"key":"Strength Potion"},{"floor":41,"key":"Swift Potion"},{"floor":48,"key":"Fire Potion"}],"is_trial":false,"path_per_floor":["M","M","?","M","T","R","E","?","T","M","R","E","M","$","R","B",null,"M","?","M","?","?","E","R","M","T","E","R","?","M","M","R","B",null,"M","M","M","?","$","R","E","R","T","R","M","?","?","E","R","B"],"character_chosen":"THE_SILENT","items_purchased":["Bottled Tornado","Master of Strategy"],"campfire_rested":3,"item_purchase_floors":[14,39],"current_hp_per_floor":[70,70,70,70,70,70,56,56,56,56,56,56,56,56,56,56,67,51,51,51,51,51,29,50,35,35,17,38,38,20,20,41,6,54,54,54,27,27,27,27,15,15,15,15,15,15,15,15,15,0,0],"gold":81,"neow_bonus":"THREE_ENEMY_KILL","is_daily":false,"chose_seed":false,"campfire_upgraded":7,"win_rate":0.0,"timestamp":1608962533,"path_taken":["M","M","?","M","?","R","E","?","T","?","R","E","M","?","R","BOSS","M","?","M","?","?","E","R","M","T","E","R","?","M","M","R","BOSS","M","M","?","?","$","R","E","R","T","R","M","?","?","E","R","BOSS"],"items_purchased_type":["Relic","Card"],"build_version":"2020-12-22","purchased_purges":2,"victory":false,"max_hp_per_floor":[70,70,70,70,70,70,70,70,70,70,70,70,70,70,70,70,70,70,70,70,70,70,70,70,70,70,70,70,70,70,70,70,70,70,70,70,70,70,70,70,70,70,70,70,70,70,70,70,70,70,70],"card_choices":[{"not_picked":["Dagger Throw","Heel Hook"],"picked":"Noxious Fumes","floor":1},{"not_picked":["Poisoned Stab","Slice"],"picked":"Backstab","floor":2},{"not_picked":["Underhanded Strike","Blade Dance"],"picked":"Sucker Punch","floor":4},{"not_picked":["Backflip","PiercingWail"],"picked":"Riddle With Holes","floor":7},{"not_picked":["Slice","Dodge and Roll"],"picked":"Dagger Throw","floor":10},{"not_picked":["Slice","Outmaneuver"],"picked":"Prepared","floor":12},{"not_picked":["Choke","Predator"],"picked":"Doppelganger","floor":13},{"not_picked":["Malaise","Night Terror"],"picked":"Adrenaline","floor":16},{"not_picked":["All Out Attack","Deflect"],"picked":"Skewer","floor":18},{"not_picked":["Dodge and Roll","Eviscerate"],"picked":"Backflip+1","floor":20},{"not_picked":["Deadly Poison","Bouncing Flask"],"picked":"Dagger Spray+1","floor":23},{"not_picked":["Blade Dance","Concentrate+1"],"picked":"Quick Slash+1","floor":25},{"not_picked":["Leg Sweep+1","Poisoned Stab"],"picked":"Riddle With Holes","floor":27},{"not_picked":["Expertise","Noxious Fumes+1"],"picked":"Footwork+1","floor":30},{"not_picked":["Deflect","Dagger Throw+1","Catalyst"],"picked":"SKIP","floor":31},{"not_picked":["Phantasmal Killer","Tools of the Trade+1"],"picked":"After Image+1","floor":33},{"not_picked":["Sucker Punch+1","Deflect+1","Terror+1"],"picked":"SKIP","floor":35},{"not_picked":["Blade Dance+1","Masterful Stab"],"picked":"Riddle With Holes+1","floor":36},{"not_picked":["Expertise+1","Dagger Spray+1"],"picked":"Blade Dance+1","floor":37},{"not_picked":["Concentrate+1","Calculated Gamble","Doppelganger"],"picked":"SKIP","floor":41},{"not_picked":["Dagger Throw+1","Acrobatics+1","Distraction+1"],"picked":"SKIP","floor":45},{"not_picked":["Doppelganger+1","Outmaneuver+1","Poisoned Stab"],"picked":"SKIP","floor":48}],"player_experience":581068,"relics_obtained":[{"floor":5,"key":"StrikeDummy"},{"floor":7,"key":"Akabeko"},{"floor":9,"key":"Happy Flower"},{"floor":12,"key":"Blue Candle"},{"floor":23,"key":"Boot"},{"floor":26,"key":"Frozen Egg 2"},{"floor":27,"key":"War Paint"},{"floor":41,"key":"Ancient Tea Set"},{"floor":43,"key":"Toxic Egg 2"},{"floor":48,"key":"Lantern"}],"event_choices":[{"damage_healed":0,"gold_gain":0,"player_choice":"Grow","damage_taken":0,"max_hp_gain":0,"max_hp_loss":0,"event_name":"Living Wall","floor":3,"gold_loss":0,"cards_upgraded":["Noxious Fumes"]},{"damage_healed":0,"gold_gain":0,"player_choice":"Upgraded","damage_taken":0,"max_hp_gain":0,"max_hp_loss":0,"event_name":"Upgrade Shrine","floor":8,"gold_loss":0,"cards_upgraded":["Riddle With Holes"]},{"damage_healed":0,"gold_gain":0,"player_choice":"Obtained Relic","damage_taken":0,"relics_obtained":["Pen Nib"],"max_hp_gain":0,"max_hp_loss":0,"event_name":"Addict","floor":19,"gold_loss":85},{"damage_healed":0,"gold_gain":0,"player_choice":"Opened","damage_taken":0,"relics_obtained":["Smiling Mask"],"max_hp_gain":0,"max_hp_loss":0,"event_name":"The Mausoleum","floor":21,"gold_loss":0,"cards_obtained":["Writhe"]},{"damage_healed":0,"gold_gain":0,"player_choice":"Paid Fearfully","damage_taken":0,"max_hp_gain":0,"max_hp_loss":0,"event_name":"Masked Bandits","floor":22,"gold_loss":61},{"damage_healed":0,"gold_gain":0,"player_choice":"Traded Relic","damage_taken":0,"relics_obtained":["Nloth\u0027s Gift"],"max_hp_gain":0,"max_hp_loss":0,"event_name":"N\u0027loth","floor":29,"relics_lost":["keyreminder:keyreminder"],"gold_loss":0},{"damage_healed":0,"gold_gain":0,"player_choice":"Ignored","damage_taken":0,"max_hp_gain":0,"max_hp_loss":0,"event_name":"Mysterious Sphere","floor":38,"gold_loss":0},{"cards_removed":["Neutralize"],"damage_healed":0,"gold_gain":0,"player_choice":"Removed Attack","damage_taken":0,"max_hp_gain":0,"max_hp_loss":0,"event_name":"Falling","floor":46,"gold_loss":0},{"damage_healed":0,"gold_gain":0,"cards_transformed":["Strike_G"],"player_choice":"Transformed","damage_taken":0,"max_hp_gain":0,"max_hp_loss":0,"event_name":"Transmorgrifier","floor":47,"gold_loss":0,"cards_obtained":["Infinite Blades"]}],"is_beta":false,"boss_relics":[{"not_picked":["Pandora\u0027s Box","Black Star"],"picked":"Astrolabe"},{"not_picked":["WristBlade","Tiny House"],"picked":"Coffee Dripper"}],"items_purged_floors":[14,39],"is_endless":false,"potions_floor_spawned":[2,4,12,13,25,27,31,37,41,48],"killed_by":"Donu and Deca","ascension_level":5}}