{"host":"4akf6f7tvzk9vus6","time":1608959828,"event":{"mods":["BaseMod","Downfall","Minty Spire (QoL Compilation)","StSLib"],"gold_per_floor":[116,291,291,365,36,64,64,92,138,138,165,86,102,102,102,200,200,220,220,206,223,242,276,22,22,46,0,0,0,18,18,18,115,115,129,129,144,144,16,16,50,50,76,76,76],"floor_reached":44,"playtime":3618,"items_purged":["Regret","Doubt"],"score":760,"play_id":"3a4cb73c-41da-4e62-abee-7115cbca2712","local_time":"20201225231708","is_ascension_mode":true,"campfire_choices":[{"data":"Accuracy","floor":10,"key":"SMITH"},{"data":"Noxious Fumes","floor":15,"key":"SMITH"},{"data":"After Image","floor":29,"key":"SMITH"},{"data":"Footwork","floor":32,"key":"SMITH"},{"data":"Footwork","floor":40,"key":"SMITH"}],"circlet_count":0,"master_deck":["Defend_G","Defend_G","Defend_G","Defend_G","Survivor","Neutralize","Calculated Gamble","Accuracy+1","Poisoned Stab","Backflip","Footwork+1","Noxious Fumes+1","After Image+1","Blade Dance","Forethought","Bandage Up","Cloak And Dagger","Poisoned Stab+1","Acrobatics","A Thousand Cuts","Bite","Bite","Bite","Bite","Bite","Slice+1","Blade Dance+1","Acrobatics+1","Bandage Up","Secret Weapon","Footwork+1","Cloak And Dagger","Deflect+1"],"relics":["Ring of the Snake","NeowsBlessing","Centennial Puzzle","HornCleat","White Beast Statue","Ninja Scroll","Snake Skull","Bag of Marbles","Shuriken","Philosopher\u0027s Stone","Anchor","Strange Spoon","Vajra","Empty Cage","MealTicket","Nunchaku","Boot"],"acts_visited":["Exordium","TheCity","TheBeyond"],"potions_floor_usage":[20,23,23,33,33,33,41],"damage_taken":[{"damage":0,"enemies":"2 Louse","floor":1,"turns":1},{"damage":0,"enemies":"Lagavulin","floor":6,"turns":1},{"damage":0,"enemies":"Gremlin Nob","floor":8,"turns":1},{"damage":17,"enemies":"3 Sentries","floor":11,"turns":10},{"damage":0,"enemies":"Jaw Worm","floor":13,"turns":2},{"damage":0,"enemies":"Hexaghost","floor":16,"turns":9},{"damage":2,"enemies":"Shell Parasite","floor":18,"turns":3},{"damage":6,"enemies":"2 Thieves","floor":20,"turns":4},{"damage":10,"enemies":"Centurion and Healer","floor":21,"turns":6},{"damage":19,"enemies":"Shelled Parasite and Fungi","floor":22,"turns":4},{"damage":9,"enemies":"Slavers","floor":23,"turns":4},{"damage":0,"enemies":"Chosen and Byrds","floor":30,"turns":4},{"damage":40,"enemies":"Collector","floor":33,"turns":6},{"damage":12,"enemies":"3 Darklings","floor":35,"turns":4},{"damage":0,"enemies":"Orb Walker","floor":37,"turns":2},{"damage":49,"enemies":"Nemesis","floor":41,"turns":5},{"damage":12,"enemies":"Writhing Mass","floor":44,"turns":1}],"seed_played":"1081871953725167404","potions_obtained":[{"floor":6,"key":"BlessingOfTheForge"},{"floor":8,"key":"SteroidPotion"},{"floor":11,"key":"FearPotion"},{"floor":16,"key":"ColorlessPotion"},{"floor":18,"key":"Regen Potion"},{"floor":20,"key":"sneckomod:MuddlingPotion"},{"floor":21,"key":"SkillPotion"},{"floor":22,"key":"Regen Potion"},{"floor":23,"key":"AttackPotion"},{"floor":30,"key":"DistilledChaos"},{"floor":33,"key":"Regen Potion"},{"floor":35,"key":"Explosive Potion"},{"floor":37,"key":"FearPotion"},{"floor":41,"key":"AttackPotion"}],"is_trial":false,"path_per_floor":["M","?","?","T","$","E","?","E","T","R","E","$","M","?","R","B",null,"M","?","M","M","M","E","$","?","T","?","$","R","M","$","R","B",null,"M","?","M","?","$","R","E","?","T","M"],"character_chosen":"THE_SILENT","items_purchased":["White Beast Statue","Footwork","Strange Spoon","Footwork","Cloak And Dagger"],"campfire_rested":0,"item_purchase_floors":[5,12,24,39,39],"current_hp_per_floor":[70,70,70,70,70,70,70,70,70,70,53,53,53,53,53,53,66,64,37,47,41,26,33,33,33,33,33,33,33,45,45,45,21,42,40,40,44,39,49,49,6,6,6,0,0],"gold":76,"neow_bonus":"THREE_ENEMY_KILL","is_daily":false,"chose_seed":false,"campfire_upgraded":5,"win_rate":0.0,"timestamp":1608959828,"path_taken":["M","?","?","?","?","E","?","E","T","R","E","$","?","?","R","BOSS","M","?","M","?","M","E","$","?","T","?","$","R","M","$","R","BOSS","M","?","?","?","$","R","E","?","T","M"],"items_purchased_type":["Relic","Card","Relic","Card","Card"],"build_version":"2020-12-22","purchased_purges":2,"victory":false,"max_hp_per_floor":[70,70,70,70,70,70,70,70,70,70,70,70,70,70,70,70,70,70,70,70,70,70,70,70,49,49,49,49,49,49,49,49,49,49,49,49,49,49,49,49,49,49,49,49,49],"card_choices":[{"not_picked":["Slice","Leg Sweep"],"picked":"Calculated Gamble","floor":1},{"not_picked":["Masterful Stab","Escape Plan"],"picked":"Accuracy","floor":6},{"not_picked":["Dagger Throw","Dagger Spray"],"picked":"Poisoned Stab","floor":8},{"not_picked":["Bane","Flying Knee"],"picked":"Backflip","floor":11},{"not_picked":["Heel Hook","PiercingWail"],"picked":"Noxious Fumes","floor":13},{"not_picked":["Venomology","Unload"],"picked":"After Image","floor":16},{"not_picked":["Blur","PiercingWail"],"picked":"Blade Dance","floor":18},{"not_picked":["Concentrate","Well Laid Plans+1"],"picked":"Cloak And Dagger","floor":20},{"not_picked":["Calculated Gamble","Outmaneuver"],"picked":"Poisoned Stab+1","floor":21},{"not_picked":["Prepared+1","Well Laid Plans"],"picked":"Acrobatics","floor":22},{"not_picked":["Quick Slash","Dagger Spray"],"picked":"A Thousand Cuts","floor":23},{"not_picked":["Concentrate+1","Dagger Throw+1"],"picked":"Slice+1","floor":30},{"not_picked":["Calculated Gamble","Prepared"],"picked":"Blade Dance+1","floor":35},{"not_picked":["Slice+1","Dagger Spray"],"picked":"Acrobatics+1","floor":37},{"not_picked":["expansioncontent:DecasProtection","Magnetism"],"picked":"Bandage Up","floor":38},{"not_picked":["expansioncontent:DashGenerateEvil","expansioncontent:FaceSlap"],"picked":"Secret Weapon","floor":38},{"not_picked":["All Out Attack","Terror"],"picked":"Deflect+1","floor":41}],"player_experience":290470,"relics_obtained":[{"floor":4,"key":"HornCleat"},{"floor":6,"key":"Ninja Scroll"},{"floor":8,"key":"Snake Skull"},{"floor":9,"key":"Bag of Marbles"},{"floor":11,"key":"Shuriken"},{"floor":23,"key":"Anchor"},{"floor":26,"key":"Vajra"},{"floor":41,"key":"Nunchaku"},{"floor":43,"key":"Boot"}],"event_choices":[{"damage_healed":0,"gold_gain":175,"player_choice":"AGREE","damage_taken":0,"max_hp_gain":0,"max_hp_loss":0,"event_name":"Liars Game","floor":2,"gold_loss":0,"cards_obtained":["Doubt"]},{"damage_healed":0,"gold_gain":0,"player_choice":"Box","damage_taken":0,"relics_obtained":["Centennial Puzzle"],"max_hp_gain":0,"max_hp_loss":0,"event_name":"Big Fish","floor":3,"gold_loss":0,"cards_obtained":["Regret"]},{"damage_healed":0,"gold_gain":0,"cards_transformed":["Strike_G"],"player_choice":"Transformed","damage_taken":0,"max_hp_gain":0,"max_hp_loss":0,"event_name":"Transmorgrifier","floor":7,"gold_loss":0,"cards_obtained":["Leg Sweep"]},{"cards_removed":["Defend_G"],"damage_healed":0,"gold_gain":0,"player_choice":"Forget","damage_taken":0,"max_hp_gain":0,"max_hp_loss":0,"event_name":"Living Wall","floor":14,"gold_loss":0},{"damage_healed":0,"gold_gain":0,"player_choice":"CARD CARD CARD ","damage_taken":27,"max_hp_gain":0,"max_hp_loss":0,"event_name":"Knowing Skull","floor":19,"potions_obtained":[],"gold_loss":0,"cards_obtained":["Panacea","Forethought","Bandage Up"]},{"damage_healed":0,"gold_gain":0,"player_choice":"Became a vampire","damage_taken":0,"max_hp_gain":0,"max_hp_loss":21,"event_name":"Vampires","floor":25,"gold_loss":0,"cards_obtained":["Bite","Bite","Bite","Bite","Bite"]},{"damage_healed":0,"gold_gain":0,"player_choice":"Paid Fearfully","damage_taken":0,"max_hp_gain":0,"max_hp_loss":0,"event_name":"Masked Bandits","floor":27,"gold_loss":46},{"damage_healed":0,"gold_gain":0,"player_choice":"Gave Potion","damage_taken":0,"relics_obtained":["MealTicket"],"max_hp_gain":0,"max_hp_loss":0,"event_name":"WeMeetAgain","floor":36,"gold_loss":0},{"damage_healed":0,"gold_gain":0,"player_choice":"Memory 2","damage_taken":5,"max_hp_gain":0,"max_hp_loss":0,"event_name":"SensoryStone","floor":38,"gold_loss":0},{"damage_healed":0,"gold_gain":0,"player_choice":"Bought 0 Potions","damage_taken":0,"max_hp_gain":0,"max_hp_loss":0,"event_name":"The Woman in Blue","floor":42,"gold_loss":0}],"is_beta":false,"boss_relics":[{"not_picked":["Ring of the Serpent","SlaversCollar"],"picked":"Philosopher\u0027s Stone"},{"not_picked":["Calling Bell","Tiny House"],"picked":"Empty Cage"}],"items_purged_floors":[5,24],"is_endless":false,"potions_floor_spawned":[6,8,11,13,16,18,20,21,22,23,30,33,35,37,41],"killed_by":"Writhing Mass","ascension_level":5}}