{"host":"s0rqbuvjzggdtc2s","time":1608987892,"event":{"mods":["ATMod(°¢èªMod)","BaseMod","Hermit","Minty Spire (QoL Compilation)","StSLib","The Bug Knight","¡¾ÒÅÎï¿¨ÅÆ¡¿REMEMod","²ÐÁôÖ®Îï"],"gold_per_floor":[118,118,133,148,23,23,42,57,105,117,130,145,145,172,172,268,268,282,282,314,334,334,369,369,369,369,369,384,395,395,412,412,512,512,532,545,565,575,575,575,591,591,591,591,611,624,624,634,634,634],"floor_reached":51,"playtime":2842,"items_purged":[],"score":692,"play_id":"00047bc6-788a-4d0e-83ed-9574584c2f83","local_time":"20201226210452","is_ascension_mode":false,"campfire_choices":[{"data":"HollowMod:FocusHealStart","floor":6,"key":"SMITH"},{"data":"HollowMod:DesolateDive","floor":13,"key":"SMITH"},{"floor":15,"key":"REST"},{"floor":24,"key":"REST"},{"data":"HollowMod:SoulStrike","floor":27,"key":"SMITH"},{"floor":32,"key":"REST"},{"floor":40,"key":"REST"},{"floor":42,"key":"REST"},{"data":"HollowMod:SoulSplash","floor":49,"key":"SMITH"}],"circlet_count":0,"master_deck":["HollowMod:NailStrikeStart","HollowMod:NailStrikeStart","HollowMod:NailStrikeStart","HollowMod:NailStrikeStart","HollowMod:QuickDashStart","HollowMod:QuickDashStart","HollowMod:QuickDashStart","HollowMod:FocusHealStart+1","HollowMod:PogoStrike","HollowMod:SoulSplash+1","HollowMod:VengefulSpirit","HollowMod:DashSlash","HollowMod:DreamGate","HollowMod:DesolateDive+1","HollowMod:SoulStrike+1","HollowMod:CrystalDash","HollowMod:FastStrike","HollowMod:CloakDash","HollowMod:SharpenedNail","HollowMod:SharpenedNail","HollowMod:LifebloodCore","Unload","HollowMod:DoubleDash","HollowMod:CoiledNail","HollowMod:CloakDash","HollowMod:SoulMaster","HollowMod:DashSlash+1","HollowMod:SoulSplash","REME_EyeOfCthun","HollowMod:HowlingWraiths+1","Mind Blast+1","REME_EyeOfCthun","Chrysalis","HollowMod:CoiledNail+1","Bandage Up+1","HollowMod:NewJinnsSoul+1"],"relics":["HollowMod:VesselMask","AT_ATBox","REME_ComplimentaryCards","MealTicket","Toy Ornithopter","AT_TrinityForce","Nilry\u0027s Codex","HollowMod:GreatKnightMask","AT_SilvercatRing","REME_LowDesire","Tiny Chest","PlaceholderMod:DeVermisMysteriis","AT_SilverBalance","REME_HourglassOfDeath"],"acts_visited":["Exordium","TheCity","TheBeyond"],"potions_floor_usage":[10,23,50,50,50],"damage_taken":[{"damage":7,"enemies":"Small Slimes","floor":1,"turns":3},{"damage":11,"enemies":"Jaw Worm","floor":3,"turns":3},{"damage":1,"enemies":"Cultist","floor":4,"turns":3},{"damage":7,"enemies":"Lots of Slimes","floor":7,"turns":3},{"damage":8,"enemies":"2 Fungi Beasts","floor":8,"turns":3},{"damage":5,"enemies":"Gremlin Gang","floor":10,"turns":3},{"damage":7,"enemies":"Blue Slaver","floor":11,"turns":2},{"damage":11,"enemies":"3 Louse","floor":12,"turns":2},{"damage":12,"enemies":"Slime Boss","floor":16,"turns":6},{"damage":0,"enemies":"Chosen","floor":18,"turns":3},{"damage":0,"enemies":"HollowMod:Zote","floor":20,"turns":2},{"damage":19,"enemies":"2 Thieves","floor":21,"turns":3},{"damage":2,"enemies":"HollowMod:Nosk","floor":23,"turns":7},{"damage":0,"enemies":"Snake Plant","floor":28,"turns":4},{"damage":1,"enemies":"Snecko","floor":29,"turns":4},{"damage":22,"enemies":"Centurion and Healer","floor":31,"turns":5},{"damage":47,"enemies":"Automaton","floor":33,"turns":8},{"damage":3,"enemies":"Orb Walker","floor":35,"turns":2},{"damage":13,"enemies":"3 Darklings","floor":36,"turns":4},{"damage":2,"enemies":"Transient","floor":37,"turns":5},{"damage":49,"enemies":"Maw","floor":38,"turns":6},{"damage":22,"enemies":"4 Shapes","floor":41,"turns":3},{"damage":9,"enemies":"3 Darklings","floor":45,"turns":3},{"damage":16,"enemies":"Spire Growth","floor":46,"turns":4},{"damage":17,"enemies":"Maw","floor":48,"turns":5},{"damage":65,"enemies":"HollowMod:Radiance","floor":50,"turns":11}],"seed_played":"5304707342217780993","potions_obtained":[{"floor":1,"key":"SkillPotion"},{"floor":3,"key":"Energy Potion"},{"floor":10,"key":"Dexterity Potion"},{"floor":18,"key":"Dexterity Potion"},{"floor":20,"key":"DistilledChaos"},{"floor":28,"key":"AttackPotion"},{"floor":45,"key":"Block Potion"}],"is_trial":false,"path_per_floor":["M","?","M","M","$","R","M","M","T","M","M","M","R","T","R","B",null,"M","?","?","M","?","E","R","?","T","R","M","M","?","M","R","B",null,"M","M","M","M","?","R","M","R","T","?","M","M","T","M","R","B",null],"character_chosen":"THE_BUGKNIGHT","items_purchased":["HollowMod:DesolateDive","HollowMod:SoulStrike"],"campfire_rested":5,"item_purchase_floors":[5,5],"current_hp_per_floor":[74,74,63,68,68,68,67,65,65,70,69,58,58,58,75,63,75,75,59,59,46,32,41,65,65,65,65,71,70,70,54,78,31,80,80,67,71,28,28,52,30,54,54,54,37,24,24,35,35,6],"gold":634,"neow_bonus":"THREE_CARDS","is_daily":false,"chose_seed":false,"campfire_upgraded":4,"win_rate":0.0,"timestamp":1608987892,"path_taken":["M","?","M","M","$","R","M","M","T","M","M","M","R","?","R","BOSS","M","?","?","M","?","E","R","?","T","R","M","M","?","M","R","BOSS","M","M","M","M","?","R","M","R","T","?","?","M","?","M","R","BOSS"],"items_purchased_type":["Card","Card"],"build_version":"2020-12-22","purchased_purges":0,"victory":true,"max_hp_per_floor":[75,75,75,75,75,75,75,75,75,75,75,75,75,75,75,75,75,75,75,75,75,80,80,80,80,80,80,80,80,80,80,80,80,80,80,80,80,80,80,80,80,80,80,80,80,80,80,80,80,80],"card_choices":[{"not_picked":["HollowMod:GreatSlash","HollowMod:SharpenedShadows"],"picked":"HollowMod:SoulSplash","floor":0},{"not_picked":["HollowMod:DungDefenderAura","HollowMod:DashSlash"],"picked":"HollowMod:VengefulSpirit","floor":1},{"not_picked":["HollowMod:SharpenedShadows","HollowMod:BlackTendrils"],"picked":"HollowMod:DashSlash","floor":3},{"not_picked":["HollowMod:DoubleDash","HollowMod:BlackTendrils"],"picked":"HollowMod:DreamGate","floor":4},{"not_picked":["HollowMod:SharpenedNail","HollowMod:SoulStrike"],"picked":"HollowMod:CrystalDash","floor":7},{"not_picked":["HollowMod:DungDefenderAura","HollowMod:InfectedCysts"],"picked":"HollowMod:FastStrike","floor":8},{"not_picked":["HollowMod:AbyssShriek","HollowMod:BlackTendrils"],"picked":"HollowMod:CloakDash","floor":10},{"not_picked":["HollowMod:NewJinnsSoul","HollowMod:MawleksShell"],"picked":"HollowMod:SharpenedNail","floor":11},{"not_picked":["HollowMod:ElderbugsWisdom","HollowMod:NewJinnsSoul"],"picked":"HollowMod:SharpenedNail","floor":12},{"not_picked":["HollowMod:ElderbugsWisdom","HollowMod:VoidDash"],"picked":"HollowMod:LifebloodCore","floor":16},{"not_picked":["HollowMod:InfectedCysts","HollowMod:LifebloodCocoon"],"picked":"HollowMod:DoubleDash","floor":18},{"not_picked":["HollowMod:HowlingWraiths","HollowMod:ShadowDash"],"picked":"HollowMod:CoiledNail","floor":20},{"not_picked":["HollowMod:NewJinnsSoul","HollowMod:GreatSlash","HollowMod:HeavyBlow"],"picked":"SKIP","floor":21},{"not_picked":["HollowMod:CornifersMapStart","HollowMod:InfectedAttack"],"picked":"HollowMod:CloakDash","floor":23},{"not_picked":["HollowMod:InfectedCysts","HollowMod:SoulShaman+1"],"picked":"HollowMod:SoulMaster","floor":28},{"not_picked":["HollowMod:InfectedAttack+1","HollowMod:MothsMistake"],"picked":"HollowMod:DashSlash+1","floor":29},{"not_picked":["HollowMod:WraithStrike","HollowMod:SoulSplash","HollowMod:BrokenVessel+1"],"picked":"SKIP","floor":31},{"not_picked":["HollowMod:SiblingsSouls+1","HollowMod:TaintedHusks+1","HollowMod:NewLittleFool+1"],"picked":"REME_EyeOfCthun","floor":35},{"not_picked":["HollowMod:SharpenedShadows","HollowMod:GoodIntentions+1","Deep Breath"],"picked":"HollowMod:HowlingWraiths+1","floor":36},{"not_picked":["HollowMod:HeavyBlow","HollowMod:theNailsmith","HollowMod:LifebloodCocoon+1"],"picked":"Mind Blast+1","floor":37},{"not_picked":["HollowMod:NewJinnsSoul","HollowMod:MothsMistake","HollowMod:HuntersJournal"],"picked":"REME_EyeOfCthun","floor":38},{"not_picked":["HollowMod:DescendingDark+1","HollowMod:NewGlowingWomb+1","HollowMod:Grubsong"],"picked":"Chrysalis","floor":41},{"not_picked":["HollowMod:SiblingsSouls+1","HollowMod:VengefulSpirit","Purity"],"picked":"HollowMod:CoiledNail+1","floor":45},{"not_picked":["HollowMod:SoulVessel+1","HollowMod:SoulSplash+1","HollowMod:Grubsong"],"picked":"Bandage Up+1","floor":46},{"not_picked":["HollowMod:SharpenedNail+1","HollowMod:VengefulVoid","Thinking Ahead"],"picked":"HollowMod:NewJinnsSoul+1","floor":48}],"player_experience":206349,"relics_obtained":[{"floor":9,"key":"MealTicket"},{"floor":14,"key":"Toy Ornithopter"},{"floor":19,"key":"Nilry\u0027s Codex"},{"floor":20,"key":"HollowMod:GreatKnightMask"},{"floor":23,"key":"AT_SilvercatRing"},{"floor":34,"key":"Tiny Chest"},{"floor":34,"key":"PlaceholderMod:DeVermisMysteriis"},{"floor":43,"key":"AT_SilverBalance"},{"floor":47,"key":"REME_HourglassOfDeath"}],"event_choices":[{"damage_healed":0,"gold_gain":0,"player_choice":"Ignored","damage_taken":0,"max_hp_gain":0,"max_hp_loss":0,"event_name":"Liars Game","floor":2,"gold_loss":0},{"damage_healed":0,"gold_gain":0,"player_choice":"Obtained Book","damage_taken":16,"max_hp_gain":0,"max_hp_loss":0,"event_name":"Cursed Tome","floor":19,"gold_loss":0},{"damage_healed":0,"gold_gain":0,"player_choice":"Shed Blood","damage_taken":19,"max_hp_gain":5,"max_hp_loss":0,"event_name":"Forgotten Altar","floor":22,"gold_loss":0},{"damage_healed":0,"gold_gain":0,"player_choice":"Ignored","damage_taken":0,"max_hp_gain":0,"max_hp_loss":0,"event_name":"Ghosts","floor":25,"gold_loss":0},{"damage_healed":0,"gold_gain":0,"player_choice":"Read","damage_taken":0,"max_hp_gain":0,"max_hp_loss":0,"event_name":"The Library","floor":30,"gold_loss":0,"cards_obtained":["HollowMod:SoulSplash"]},{"cards_removed":["HollowMod:QuickDashStart"],"damage_healed":0,"gold_gain":0,"player_choice":"Removed Skill","damage_taken":0,"max_hp_gain":0,"max_hp_loss":0,"event_name":"Falling","floor":39,"gold_loss":0},{"damage_healed":0,"gold_gain":0,"player_choice":"Got Potions","damage_taken":0,"max_hp_gain":0,"max_hp_loss":0,"event_name":"Lab","floor":44,"gold_loss":0}],"is_beta":false,"boss_relics":[{"not_picked":["Busted Crown","Snecko Eye"],"picked":"AT_TrinityForce"},{"not_picked":["Sozu","PlaceholderMod:LiveLive"],"picked":"REME_LowDesire"}],"items_purged_floors":[],"is_endless":false,"potions_floor_spawned":[1,3,10,18,20,28,31,41,45,46],"ascension_level":0}}