{"host":"ktoxvvst1mwxww91","time":1608979383,"event":{"mods":["BaseMod","Hermit","Minty Spire (QoL Compilation)","StSLib","The Hierophant","The Mystic","The Necromancer"],"gold_per_floor":[116,132,144,0,14,43,61,92,160,173,173,98,117,117,117,214,214,230,243,262,13,13,44,44,72,72,72,107,107,107,107,107],"floor_reached":31,"playtime":1122,"items_purged":["hermit:Cheat","hermit:Snapshot"],"score":320,"play_id":"6065a112-a13f-4a68-b764-b1bb3a5e095b","local_time":"20201226114303","is_ascension_mode":true,"campfire_choices":[{"floor":11,"key":"REST"},{"data":"hermit:Maintenance","floor":15,"key":"SMITH"},{"floor":27,"key":"REST"},{"floor":29,"key":"REST"}],"circlet_count":0,"master_deck":["hermit:Strike_Hermit","hermit:Strike_Hermit","hermit:Strike_Hermit","hermit:Strike_Hermit","hermit:Defend_Hermit","hermit:Defend_Hermit","hermit:Defend_Hermit","hermit:Defend_Hermit","hermit:Covet","hermit:Shortfuse","hermit:CursedWeapon","hermit:Maintenance+1","hermit:BodyArmor","hermit:HighNoon","hermit:BodyArmor","hermit:Purgatory","Shame","hermit:CursedWeapon+1","hermit:Virtue+1"],"relics":["hermit:Momento","NeowsBlessing","ClockworkSouvenir","Pantograph","Anchor","Sundial","hermit:BartenderGlass","Toy Ornithopter","StoneCalendar","Bag of Marbles","Ancient Tea Set","MealTicket"],"acts_visited":["Exordium","TheCity"],"potions_floor_usage":[6,6,13,13,20,23,23,23,23,25,25,25,25,25],"damage_taken":[{"damage":0,"enemies":"Cultist","floor":1,"turns":1},{"damage":0,"enemies":"Jaw Worm","floor":2,"turns":1},{"damage":0,"enemies":"2 Louse","floor":3,"turns":1},{"damage":0,"enemies":"Looter","floor":5,"turns":2},{"damage":22,"enemies":"Lagavulin","floor":6,"turns":6},{"damage":12,"enemies":"3 Louse","floor":7,"turns":3},{"damage":34,"enemies":"Gremlin Nob","floor":8,"turns":5},{"damage":4,"enemies":"Large Slime","floor":10,"turns":7},{"damage":2,"enemies":"Gremlin Gang","floor":13,"turns":2},{"damage":18,"enemies":"The Guardian","floor":16,"turns":11},{"damage":2,"enemies":"Chosen","floor":18,"turns":6},{"damage":20,"enemies":"3 Byrds","floor":19,"turns":9},{"damage":2,"enemies":"Cultist and Chosen","floor":20,"turns":5},{"damage":6,"enemies":"Slavers","floor":23,"turns":7},{"damage":52,"enemies":"Gremlin Leader","floor":25,"turns":7},{"damage":40,"enemies":"Book of Stabbing","floor":28,"turns":7},{"damage":57,"enemies":"Gremlin Leader","floor":31,"turns":5}],"seed_played":"2524973951709035824","potions_obtained":[{"floor":1,"key":"DistilledChaos"},{"floor":2,"key":"SpeedPotion"},{"floor":8,"key":"SkillPotion"},{"floor":10,"key":"Dexterity Potion"},{"floor":18,"key":"SneckoOil"},{"floor":19,"key":"DistilledChaos"}],"is_trial":false,"path_per_floor":["M","M","M","$","M","E","M","E","T","M","R","$","M","?","R","B",null,"M","M","M","$","?","E","?","E","T","R","E","R","$","E"],"character_chosen":"HERMIT","items_purchased":["ClockworkSouvenir","Toy Ornithopter"],"campfire_rested":3,"item_purchase_floors":[4,21],"current_hp_per_floor":[75,75,75,75,75,53,41,7,7,3,25,25,23,16,16,23,75,73,53,51,51,37,51,51,24,24,48,8,32,47,0,0],"gold":107,"neow_bonus":"THREE_ENEMY_KILL","is_daily":false,"chose_seed":false,"campfire_upgraded":1,"win_rate":0.0,"timestamp":1608979383,"path_taken":["M","M","?","$","M","E","M","E","T","M","R","$","M","?","R","BOSS","M","M","M","$","?","E","?","E","T","R","E","R","$","E"],"items_purchased_type":["Relic","Relic"],"build_version":"2020-12-22","purchased_purges":2,"victory":false,"max_hp_per_floor":[75,75,75,75,75,75,75,75,75,75,75,75,75,75,75,75,75,75,75,75,75,80,80,80,80,80,80,80,80,80,80,80],"card_choices":[{"not_picked":["hermit:DeadMansHand","hermit:Quickdraw"],"picked":"hermit:SprayPray","floor":1},{"not_picked":["hermit:Dive","hermit:Snipe"],"picked":"hermit:Cheat","floor":2},{"not_picked":["hermit:WideOpen","hermit:Feint"],"picked":"hermit:Shortfuse","floor":3},{"not_picked":["hermit:Misfire","hermit:Roulette"],"picked":"hermit:CursedWeapon","floor":5},{"not_picked":["hermit:Feint","hermit:HoleUp"],"picked":"hermit:Maintenance","floor":6},{"not_picked":["hermit:Feint","hermit:Snipe","hermit:Misfire"],"picked":"SKIP","floor":7},{"not_picked":["hermit:Virtue","hermit:Spite"],"picked":"hermit:BodyArmor","floor":8},{"not_picked":["hermit:Enervate","hermit:LowProfile","hermit:Headshot"],"picked":"SKIP","floor":10},{"not_picked":["hermit:Dive","hermit:Brawl","hermit:Grudge"],"picked":"SKIP","floor":13},{"not_picked":["hermit:Roughhouse","hermit:Magnum"],"picked":"hermit:HighNoon","floor":16},{"not_picked":["hermit:ItchyTrigger","hermit:Feint","hermit:Misfire+1"],"picked":"SKIP","floor":18},{"not_picked":["hermit:Desperado","hermit:Glare"],"picked":"hermit:BodyArmor","floor":19},{"not_picked":["hermit:Roulette+1","hermit:Snipe","hermit:LowProfile+1"],"picked":"SKIP","floor":20},{"not_picked":["hermit:LoneWolf","hermit:Quickdraw"],"picked":"hermit:Purgatory","floor":23},{"not_picked":["hermit:TrackingShot","hermit:Manifest"],"picked":"hermit:CursedWeapon+1","floor":25},{"not_picked":["hermit:Coalescence","hermit:Feint"],"picked":"hermit:Virtue+1","floor":28}],"player_experience":929323,"relics_obtained":[{"floor":6,"key":"Pantograph"},{"floor":8,"key":"Anchor"},{"floor":9,"key":"Sundial"},{"floor":23,"key":"StoneCalendar"},{"floor":25,"key":"Ancient Tea Set"},{"floor":28,"key":"MealTicket"}],"event_choices":[{"cards_removed":["hermit:SprayPray"],"damage_healed":0,"gold_gain":0,"player_choice":"Card Removal","damage_taken":7,"max_hp_gain":0,"max_hp_loss":0,"event_name":"Golden Wing","floor":14,"gold_loss":0},{"damage_healed":0,"gold_gain":0,"player_choice":"Shed Blood","damage_taken":19,"max_hp_gain":5,"max_hp_loss":0,"event_name":"Forgotten Altar","floor":22,"gold_loss":0},{"damage_healed":0,"gold_gain":0,"player_choice":"Stole Relic","damage_taken":0,"relics_obtained":["Bag of Marbles"],"max_hp_gain":0,"max_hp_loss":0,"event_name":"Addict","floor":24,"gold_loss":0,"cards_obtained":["Shame"]}],"is_beta":false,"boss_relics":[{"not_picked":["Velvet Choker","Ectoplasm"],"picked":"hermit:BartenderGlass"}],"items_purged_floors":[12,21],"is_endless":false,"potions_floor_spawned":[1,2,8,10,18,19],"killed_by":"Gremlin Leader","ascension_level":1}}