{"host":"2hlhnd4tei6r1t0s","time":1608980596,"event":{"mods":["ATMod(阿瑾Mod)","Act Like it!","Aspiration","Astrologer","BaseMod","Conspire","Dota2Spire","Downfall","Gensokyo","Gremlin Mod","GungeonMod","Hallownest","Hermit","HumanHunterMod(怪物杀人mod)","Jedi Mod","Jorbs\u0027s Wanderer Trilogy","Koishi","Lobotomy","LobotomyExtend","Luminous","Mari Mod (Legacy)","Mari\u0027s V1 Patch","Minty Spire (QoL Compilation)","MostiFishMod","Pale of the Ancients","Potionbrewer","Prisma Mod","Quick Restart","Relic Stats","Replay The Spire","Robot Space Explorer","RumiaBox-露米娅的神秘盒子","Slay the Relics Exporter","StSLib","Synergy Search","TestMod","The Administrix","The Alterego","The Cursed","The Hayseed","The Mystic","The Poker Player","The Runesmith","TheWitcher","Uncapped","WarShipGirlsR/战舰少女R mod","Yakumo Yukari mod","[IsaacMod]以撒尖塔","[地精首领爬塔]The Maniac","noobMod","vexMod","【功能Mod】混沌之环修复补丁","【功能Mod】聪明的最终Boss","【遗物卡牌】REMEMod","残留之物"],"gold_per_floor":[109,998853,998868,998868,998868,998900,997678,997705,997705,997705,997722,997747,997747,997747,997747,997849,997849,997859,996995,997010,995876,995895,995895,995925,995925,995925,995939,995955,995955,994645,994645,994645,994742,994742,994752,994752,993482,993457,993528,993528,993577,992363,992363,992409,992447,992447,991314,991416,991416,991431],"floor_reached":51,"playtime":3412,"items_purged":["PlaceholderMod:BaseDefend","PlaceholderMod:BaseDefend","PlaceholderMod:BaseDefend","PlaceholderMod:BaseDefend","PlaceholderMod:Crystal","PlaceholderMod:UnpureUse","Blind"],"score":1061,"play_id":"b138dc4d-d944-400d-aa49-f77b71e1cf29","local_time":"20201226190316","is_ascension_mode":false,"campfire_choices":[{"data":"MostiFishMod:Mottled+1","floor":10,"key":"SMITH"},{"data":"PlaceholderMod:HornyCollision","floor":13,"key":"SMITH"},{"data":"testmod-DeathImprint","floor":15,"key":"SMITH"},{"data":"PlaceholderMod:HardStrike","floor":23,"key":"SMITH"},{"data":"MostiFishMod:Mottled+2","floor":29,"key":"SMITH"},{"floor":32,"key":"DIG"},{"data":"Mind Blast","floor":40,"key":"SMITH"}],"circlet_count":0,"master_deck":["PlaceholderMod:BaseStrike","PlaceholderMod:BaseStrike","PlaceholderMod:BaseStrike","PlaceholderMod:BaseStrike","PlaceholderMod:BaseStrike","PlaceholderMod:PoisonWhip","AT_Desolate","MostiFishMod:FlyOverUtopia+1","PlaceholderMod:HardStrike+1","PlaceholderMod:Sweep","PlaceholderMod:Sweep","PlaceholderMod:OHStrongAttack","PlaceholderMod:FastReaction","PlaceholderMod:PoisonBlast","MostiFishMod:Mottled+3","PlaceholderMod:BlastSpray","PlaceholderMod:HardStrike","PlaceholderMod:HardStrike","PlaceholderMod:TriggerStrike","PlaceholderMod:Stable","testmod-DeathImprint+1","testmod-TreasureHunter","PlaceholderMod:OHStrongAttack","PlaceholderMod:HornyCollision+1","PlaceholderMod:BlastSpray","PlaceholderMod:ConsolidateHit","PlaceholderMod:Assimilation","Panache","PlaceholderMod:SelfCoupling","PlaceholderMod:ContinueSpray","PlaceholderMod:Crystallization","PlaceholderMod:AttackAsDefend","PlaceholderMod:ProliferateStrike+1","Sadistic Nature+1","PlaceholderMod:StressReaction","PlaceholderMod:Break","PlaceholderMod:PoisonBlast","PlaceholderMod:PoisonBlast","PlaceholderMod:HardStinger","PlaceholderMod:AbsorbTouch+1","PlaceholderMod:HardStinger+1","PlaceholderMod:Colorful","testmod-Reflect+1","PlaceholderMod:ComplexForm+1","PlaceholderMod:ProliferateStrike+1","PlaceholderMod:TriggerStrike","PlaceholderMod:DirectingGroup","BettingIsNotGood","PlaceholderMod:SpinBlade","PlaceholderMod:ProliferateStrike","PlaceholderMod:HardStrike","PlaceholderMod:HealingAttack","PlaceholderMod:MultiReaction+1","PlaceholderMod:Eat+1","PlaceholderMod:RadicalHit","PlaceholderMod:CrystallizationStrike","PlaceholderMod:Activation+1","REME_BattleFury+1","MostiFishMod:ButterFly","PlaceholderMod:HighConcentration","PlaceholderMod:SevereHeat","PlaceholderMod:SeverePoisonStrike+1","testmod-SelfRegulatingSystem+1","Mind Blast+1","PlaceholderMod:TriggerStrike","PlaceholderMod:ConsolidateHit","PlaceholderMod:Stable","PlaceholderMod:StressReaction","PlaceholderMod:DirectingGroup","PlaceholderMod:ProliferateStrike+1","PlaceholderMod:Sweep","Sadistic Nature+1","testmod-RabbitOfFibonacci","PlaceholderMod:StressReaction","PlaceholderMod:Assimilation+1","PlaceholderMod:CrystallizationStrike","PlaceholderMod:ThreeBenzyolStart","PlaceholderMod:Activation+1","PlaceholderMod:SevereHeat+1","testmod-ChaoticCore+1","PlaceholderMod:ComplexForm","PlaceholderMod:CorePoison+1","PlaceholderMod:Break","PlaceholderMod:AttackAsDefend+1"],"relics":["ice","testmod-TestBox","DaveBox","REME_ComplimentaryCards","HushsDoor","AT_ATBox","DeathBook","testmod-Fanaticism","EGODaCapo","SacredBark","SynthV:TestCard","Dota2Spire:MagicBottle","DemoMod:ChaffGrenade","DemoMod:GnawedKey","Technique","Ring of Fangs","Ring of Panic","testmod-IndustrialRevolution","Dota2Spire:MonkeyKingBar","Dota2Spire:Mjollnir","conspire:TreasureMap","aspiration:ChemicalBlood","MagicDraw3","testmod-Alchemist","HaiYi:Twilight","BelialBook","testmod-BouquetWithThorns","Dota2Spire:PhaseBoots","Strange Spoon","Toy Ornithopter","aspiration:DSix","BrkXgEgg","jedi:firstaidkit","alterego_mod:FleetingLove","PlaceholderMod:DaolothFragment","potionbrewer:WarMedal","conspire:Flyswatter","potionbrewer:BoosterPack","conspire:InfiniteJournal","SoulBox","GuppysCollar","Regal Pillow","REME_ArchaeologicalTools","vexMod:Cooldron","Singing Bowl","Letter Opener","Toolbox","AT_SpeedBoots","conspire:BottledYoYo","ReplayTheSpireMod:TigerMarble","jedi:bottledfury","Eternal Feather","testmod-Register"],"acts_visited":["Exordium","TheCity","TheBeyond"],"potions_floor_usage":[24,28,28,28,28,41,45,45,48,48,48,48],"damage_taken":[{"damage":2,"enemies":"conspire:RoseBush","floor":1,"turns":1},{"damage":13,"enemies":"2 Louse","floor":3,"turns":2},{"damage":4,"enemies":"Lagavulin","floor":6,"turns":2},{"damage":4,"enemies":"Gremlin Nob","floor":8,"turns":2},{"damage":4,"enemies":"Small Slimes","floor":11,"turns":1},{"damage":0,"enemies":"Replay:BlueRogue","floor":12,"turns":3},{"damage":0,"enemies":"Slime Boss","floor":16,"turns":2},{"damage":12,"enemies":"conspire:FuzzyDice","floor":18,"turns":3},{"damage":4,"enemies":"Chosen","floor":20,"turns":1},{"damage":28,"enemies":"Snake Plant","floor":22,"turns":1},{"damage":15,"enemies":"Slavers","floor":24,"turns":2},{"damage":6,"enemies":"Chosen and Byrds","floor":27,"turns":2},{"damage":4,"enemies":"Snecko","floor":28,"turns":2},{"damage":14,"enemies":"Collector","floor":33,"turns":3},{"damage":4,"enemies":"Orb Walker","floor":35,"turns":1},{"damage":4,"enemies":"3 Shapes","floor":39,"turns":4},{"damage":26,"enemies":"Writhing Mass","floor":41,"turns":4},{"damage":4,"enemies":"R_Hoarder","floor":44,"turns":2},{"damage":6,"enemies":"4 Shapes","floor":45,"turns":3},{"damage":4,"enemies":"Maw","floor":48,"turns":3},{"damage":0,"enemies":"conspire:OrnateMirror","floor":50,"turns":2},{"damage":4,"enemies":"Malkuth","floor":51,"turns":2},{"damage":4,"enemies":"Netzach","floor":51,"turns":2},{"damage":6,"enemies":"Chesed","floor":51,"turns":4},{"damage":0,"enemies":"Hokma","floor":51,"turns":3},{"damage":38,"enemies":"Angela","floor":51,"turns":2}],"seed_played":"5453596672795339056","potions_obtained":[{"floor":3,"key":"potionbrewer:MidasPotion"},{"floor":6,"key":"conspire:TimeTravelPotion"},{"floor":18,"key":"PlaceholderMod:PlaceholderPotion"},{"floor":24,"key":"Milkshake"},{"floor":24,"key":"champ:CounterPotion"},{"floor":28,"key":"SkillPotion"},{"floor":39,"key":"EntropicBrew"},{"floor":41,"key":"EntropicBrew"},{"floor":48,"key":"EntropicBrew"}],"is_trial":false,"path_per_floor":["M","$","M","?","?","E","$","E","T","R","M","E","R","?","R","B",null,"M","$","M","$","M","R","E","?","T","M","M","R","$","?","R","B",null,"M","?","$","?","M","R","M","$","T","E","M","?","$","M","R","B",null],"character_chosen":"THE_PLACEHOLDER","items_purchased":["PlaceholderMod:Sweep","PlaceholderMod:OHStrongAttack","PlaceholderMod:Hard","PlaceholderMod:FastReaction","PlaceholderMod:PoisonBlast","Dota2Spire:MagicBottle","MostiFishMod:Mottled","DemoMod:ChaffGrenade","DemoMod:GnawedKey","Technique","Dota2Spire:MonkeyKingBar","Dota2Spire:Mjollnir","conspire:TreasureMap","PlaceholderMod:HardStrike","PlaceholderMod:TriggerStrike","PlaceholderMod:Stable","testmod-DeathImprint","testmod-TreasureHunter","PlaceholderMod:ConsolidateHit","PlaceholderMod:Assimilation","Panache","Blind","PlaceholderMod:SelfCoupling","BelialBook","testmod-BouquetWithThorns","Dota2Spire:PhaseBoots","Strange Spoon","PlaceholderMod:Crystallization","PlaceholderMod:AttackAsDefend","Toy Ornithopter","aspiration:DSix","BrkXgEgg","Sadistic Nature+1","PlaceholderMod:StressReaction","PlaceholderMod:Break","PlaceholderMod:PoisonBlast","potionbrewer:WarMedal","conspire:Flyswatter","testmod-Reflect+1","PlaceholderMod:ComplexForm+1","PlaceholderMod:ProliferateStrike","PlaceholderMod:TriggerStrike","PlaceholderMod:DirectingGroup","BettingIsNotGood","potionbrewer:BoosterPack","GuppysCollar","PlaceholderMod:RadicalHit","PlaceholderMod:CrystallizationStrike","PlaceholderMod:Activation","REME_BattleFury","MostiFishMod:ButterFly","PlaceholderMod:HighConcentration","PlaceholderMod:SevereHeat","Regal Pillow","REME_ArchaeologicalTools","vexMod:Cooldron","testmod-SelfRegulatingSystem+1","Mind Blast","PlaceholderMod:TriggerStrike","PlaceholderMod:ConsolidateHit","PlaceholderMod:Stable","PlaceholderMod:StressReaction","PlaceholderMod:DirectingGroup","Singing Bowl","Letter Opener","Toolbox","Sadistic Nature+1","testmod-RabbitOfFibonacci","PlaceholderMod:StressReaction","PlaceholderMod:Assimilation+1","PlaceholderMod:CrystallizationStrike","PlaceholderMod:ThreeBenzyolStart","testmod-ChaoticCore+1","jedi:bottledfury","Eternal Feather","testmod-Register","PlaceholderMod:ComplexForm","PlaceholderMod:CorePoison+1","PlaceholderMod:Break"],"campfire_rested":0,"item_purchase_floors":[2,2,2,2,2,2,2,2,2,2,7,7,7,7,7,7,7,7,17,17,17,17,17,17,19,19,19,19,19,21,21,21,21,21,21,21,30,30,30,30,30,30,30,30,30,34,34,34,34,34,34,34,34,37,37,37,37,37,37,37,37,37,37,42,42,42,42,42,42,42,42,42,47,47,47,47,47,47,47],"current_hp_per_floor":[76,76,63,63,56,54,54,50,50,50,47,50,50,43,43,46,47,47,47,43,43,18,18,47,47,47,44,57,57,57,57,57,50,30,26,26,26,26,29,29,37,37,37,37,41,26,26,42,42,43],"gold":991539,"neow_bonus":"BOSS_RELIC","is_daily":false,"chose_seed":false,"campfire_upgraded":6,"win_rate":0.0,"timestamp":1608980596,"path_taken":["M","$","M","?","?","E","$","E","T","R","?","E","R","?","R","BOSS","M","$","M","$","M","R","E","?","T","M","?","R","$","?","R","BOSS","M","?","$","?","M","R","?","$","T","E","M","?","$","M","R","BOSS"],"items_purchased_type":["Card","Card","Card","Card","Card","Relic","Card","Relic","Relic","Relic","Relic","Relic","Relic","Card","Card","Card","Card","Card","Card","Card","Card","Card","Card","Relic","Relic","Relic","Relic","Card","Card","Relic","Relic","Relic","Card","Card","Card","Card","Relic","Relic","Card","Card","Card","Card","Card","Card","Relic","Relic","Card","Card","Card","Card","Card","Card","Card","Relic","Relic","Relic","Card","Card","Card","Card","Card","Card","Card","Relic","Relic","Relic","Card","Card","Card","Card","Card","Card","Card","Relic","Relic","Relic","Card","Card","Card"],"build_version":"2020-12-22","purchased_purges":7,"victory":true,"max_hp_per_floor":[78,78,78,78,78,78,78,78,78,78,78,78,78,78,78,78,47,47,47,47,47,47,47,47,47,47,56,57,57,57,57,57,64,30,30,30,30,30,32,32,37,37,37,37,41,41,41,42,42,43],"relic_stats":{"Strange Spoon":[25],"Regal Pillow":0,"Singing Bowl":0,"counters":[26,59],"Eternal Feather":0,"Letter Opener":[20],"obtain_stats":[{"AT_ATBox":0,"DemoMod:GlassGuonStoneRelic":8,"SoulBox":34,"ice":0,"jedi:bottledfury":47,"MagicDraw3":9,"Dota2Spire:MagicBottle":2,"testmod-Fanaticism":0,"alterego_mod:FleetingLove":25,"jedi:firstaidkit":24,"Dota2Spire:Mjollnir":7,"REME_ArchaeologicalTools":37,"aspiration:DSix":21,"KeepersGift":0,"conspire:TreasureMap":7,"potionbrewer:WarMedal":30,"testmod-TestBox":0,"testmod-Register":47,"DemoMod:ChaffGrenade":2,"BelialBook":17,"Eternal Feather":47,"Letter Opener":42,"vexMod:Cooldron":37,"AT_SpeedBoots":43,"EGODaCapo":0,"conspire:BottledYoYo":44,"ReplayTheSpireMod:TigerMarble":46,"Technique":2,"HushsDoor":0,"Dota2Spire:MonkeyKingBar":7,"GuppysCollar":34,"Dota2Spire:PhaseBoots":19,"conspire:Flyswatter":30,"PlaceholderMod:Tancle":0,"Regal Pillow":37,"DaveBox":0,"PlaceholderMod:DaolothFragment":26,"Singing Bowl":42,"SacredBark":0,"testmod-BouquetWithThorns":19,"conspire:InfiniteJournal":32,"DeathBook":0,"Ring of Fangs":4,"testmod-Alchemist":12,"Toolbox":42,"DemoMod:GnawedKey":2,"Ring of Panic":4,"aspiration:ChemicalBlood":8,"BrkXgEgg":21,"testmod-IndustrialRevolution":6,"Strange Spoon":19,"SynthV:TestCard":1,"potionbrewer:BoosterPack":30,"HaiYi:Twilight":17,"Toy Ornithopter":21,"REME_ComplimentaryCards":0},{"AT_ATBox":0,"DemoMod:GlassGuonStoneRelic":4,"SoulBox":14,"ice":0,"jedi:bottledfury":19,"MagicDraw3":4,"Dota2Spire:MagicBottle":1,"testmod-Fanaticism":0,"alterego_mod:FleetingLove":11,"jedi:firstaidkit":11,"Dota2Spire:Mjollnir":3,"REME_ArchaeologicalTools":15,"aspiration:DSix":9,"KeepersGift":0,"conspire:TreasureMap":3,"potionbrewer:WarMedal":13,"testmod-TestBox":0,"testmod-Register":19,"DemoMod:ChaffGrenade":1,"BelialBook":7,"Eternal Feather":19,"Letter Opener":17,"vexMod:Cooldron":15,"AT_SpeedBoots":17,"EGODaCapo":0,"conspire:BottledYoYo":18,"ReplayTheSpireMod:TigerMarble":19,"Technique":1,"HushsDoor":0,"Dota2Spire:MonkeyKingBar":3,"GuppysCollar":14,"Dota2Spire:PhaseBoots":8,"conspire:Flyswatter":13,"PlaceholderMod:Tancle":0,"Regal Pillow":15,"DaveBox":0,"PlaceholderMod:DaolothFragment":11,"Singing Bowl":17,"SacredBark":0,"testmod-BouquetWithThorns":8,"conspire:InfiniteJournal":13,"DeathBook":0,"Ring of Fangs":2,"testmod-Alchemist":6,"Toolbox":17,"DemoMod:GnawedKey":1,"Ring of Panic":2,"aspiration:ChemicalBlood":4,"BrkXgEgg":9,"testmod-IndustrialRevolution":3,"Strange Spoon":8,"SynthV:TestCard":1,"potionbrewer:BoosterPack":13,"HaiYi:Twilight":7,"Toy Ornithopter":9,"REME_ComplimentaryCards":0},{"AT_ATBox":0,"DemoMod:GlassGuonStoneRelic":7,"SoulBox":27,"ice":0,"jedi:bottledfury":41,"MagicDraw3":7,"Dota2Spire:MagicBottle":1,"testmod-Fanaticism":0,"alterego_mod:FleetingLove":20,"jedi:firstaidkit":20,"Dota2Spire:Mjollnir":5,"REME_ArchaeologicalTools":28,"aspiration:DSix":17,"KeepersGift":0,"conspire:TreasureMap":5,"potionbrewer:WarMedal":24,"testmod-TestBox":0,"testmod-Register":41,"DemoMod:ChaffGrenade":1,"BelialBook":13,"Eternal Feather":41,"Letter Opener":36,"vexMod:Cooldron":28,"AT_SpeedBoots":36,"EGODaCapo":0,"conspire:BottledYoYo":38,"ReplayTheSpireMod:TigerMarble":41,"Technique":1,"HushsDoor":0,"Dota2Spire:MonkeyKingBar":5,"GuppysCollar":27,"Dota2Spire:PhaseBoots":16,"conspire:Flyswatter":24,"PlaceholderMod:Tancle":0,"Regal Pillow":28,"DaveBox":0,"PlaceholderMod:DaolothFragment":20,"Singing Bowl":36,"SacredBark":0,"testmod-BouquetWithThorns":16,"conspire:InfiniteJournal":24,"DeathBook":0,"Ring of Fangs":3,"testmod-Alchemist":11,"Toolbox":36,"DemoMod:GnawedKey":1,"Ring of Panic":3,"aspiration:ChemicalBlood":7,"BrkXgEgg":17,"testmod-IndustrialRevolution":5,"Strange Spoon":16,"SynthV:TestCard":1,"potionbrewer:BoosterPack":24,"HaiYi:Twilight":13,"Toy Ornithopter":17,"REME_ComplimentaryCards":0}],"Toy Ornithopter":49},"card_choices":[{"not_picked":[],"picked":"Bomb","floor":0},{"not_picked":["PlaceholderMod:MultipleOxi","PlaceholderMod:PoisonAbsorb"],"picked":"PlaceholderMod:HardStrike","floor":1},{"not_picked":["PlaceholderMod:ParasiteChange","PlaceholderMod:Polyp","PlaceholderMod:DissolvingSpikes","PlaceholderMod:NearChange"],"picked":"PlaceholderMod:BlastSpray","floor":3},{"not_picked":["PlaceholderMod:DiffusionChemical","PlaceholderMod:SprayAttack","PlaceholderMod:Polyp","PlaceholderMod:DissolvingSpikes"],"picked":"PlaceholderMod:HardStrike","floor":6},{"not_picked":["PlaceholderMod:FastReaction","PlaceholderMod:Crystallization","PlaceholderMod:DirectingGroup","PlaceholderMod:Turn"],"picked":"PlaceholderMod:OHStrongAttack","floor":8},{"not_picked":["Bomb","PlaceholderMod:Crystallization","PlaceholderMod:HardStrike","PlaceholderMod:NutritionAbsorb"],"picked":"PlaceholderMod:HornyCollision","floor":11},{"not_picked":["PlaceholderMod:Corrosion","PlaceholderMod:EvolutionSpray","PlaceholderMod:PoisonAbsorb","PlaceholderMod:NearChange"],"picked":"Bomb","floor":12},{"not_picked":["PlaceholderMod:CorePoison","PlaceholderMod:AbsorbTouch","PlaceholderMod:DoublePoint","PlaceholderMod:GrowthForm"],"picked":"PlaceholderMod:BlastSpray","floor":16},{"not_picked":["PlaceholderMod:OHStrongAttack","PlaceholderMod:ConsolidateHit","PlaceholderMod:PoisonAbsorb+1","PlaceholderMod:TriggerStrike"],"picked":"PlaceholderMod:ContinueSpray","floor":18},{"not_picked":["PlaceholderMod:Break","PlaceholderMod:TriggerStrike","PlaceholderMod:InnerSoften","PlaceholderMod:CrystallizationStrike"],"picked":"PlaceholderMod:ProliferateStrike+1","floor":20},{"not_picked":["PlaceholderMod:PoisonAbsorb+1","PlaceholderMod:DissolvingSpikes","PlaceholderMod:UnpureUse","PlaceholderMod:Crystallization"],"picked":"PlaceholderMod:HardStinger","floor":22},{"not_picked":["PlaceholderMod:ComplexForm+1","PlaceholderMod:MultipleOxi","PlaceholderMod:ParasiteChange","PlaceholderMod:HealingAttack"],"picked":"PlaceholderMod:AbsorbTouch+1","floor":24},{"not_picked":["PlaceholderMod:UnpureUse","PlaceholderMod:HornyBlast+1","PlaceholderMod:StressReaction","PlaceholderMod:HardStrike"],"picked":"PlaceholderMod:HardStinger+1","floor":27},{"not_picked":["PlaceholderMod:SevereHeat","PlaceholderMod:ParasiteChange","PlaceholderMod:StressReaction","PlaceholderMod:NutritionAbsorb+1"],"picked":"PlaceholderMod:Colorful","floor":28},{"not_picked":["PlaceholderMod:InnerSoften+1","PlaceholderMod:QualitativeChange+1","PlaceholderMod:DoublePoint+1","PlaceholderMod:MultiReaction+1"],"picked":"PlaceholderMod:Eat+1","floor":33},{"not_picked":["PlaceholderMod:ParasiteChange+1","PlaceholderMod:Sweep","PlaceholderMod:DissolvingSpikes+1","PlaceholderMod:UnpureUse+1"],"picked":"PlaceholderMod:SeverePoisonStrike+1","floor":35},{"not_picked":["PlaceholderMod:SprayAttack+1","PlaceholderMod:StrongAcid","PlaceholderMod:SeverePoisonStrike","PlaceholderMod:NutritionAbsorb+1"],"picked":"PlaceholderMod:ProliferateStrike+1","floor":39},{"not_picked":["PlaceholderMod:MultipleOxi+1","PlaceholderMod:DirectingGroup+1","PlaceholderMod:PoisonExcitation+1","PlaceholderMod:SprayAttack"],"picked":"PlaceholderMod:Sweep","floor":41},{"not_picked":["PlaceholderMod:DissolvingSpikes+1","PlaceholderMod:RadicalHit+1","PlaceholderMod:StrongAcid","PlaceholderMod:DirectingGroup+1"],"picked":"PlaceholderMod:Activation+1","floor":44},{"not_picked":["PlaceholderMod:Sweep+1","PlaceholderMod:SeverePoisonStrike","PlaceholderMod:CrystallizationStrike+1","PlaceholderMod:AttackAsDefend+1"],"picked":"PlaceholderMod:SevereHeat+1","floor":45},{"not_picked":["PlaceholderMod:PoisonBlast+1","PlaceholderMod:Break","PlaceholderMod:PoisonAbsorb","PlaceholderMod:Hyperplasia+1"],"picked":"PlaceholderMod:AttackAsDefend+1","floor":48}],"player_experience":14388,"relics_obtained":[{"floor":1,"key":"SynthV:TestCard"},{"floor":4,"key":"Ring of Fangs"},{"floor":4,"key":"Ring of Panic"},{"floor":6,"key":"testmod-IndustrialRevolution"},{"floor":8,"key":"aspiration:ChemicalBlood"},{"floor":9,"key":"MagicDraw3"},{"floor":12,"key":"testmod-Alchemist"},{"floor":24,"key":"jedi:firstaidkit"},{"floor":26,"key":"PlaceholderMod:DaolothFragment"},{"floor":32,"key":"conspire:InfiniteJournal"},{"floor":43,"key":"AT_SpeedBoots"},{"floor":44,"key":"conspire:BottledYoYo"}],"event_choices":[{"cards_removed":["PlaceholderMod:BaseDefend"],"damage_healed":0,"gold_gain":0,"player_choice":"Card Removal","damage_taken":7,"max_hp_gain":0,"max_hp_loss":0,"event_name":"Golden Wing","floor":5,"gold_loss":0},{"damage_healed":0,"gold_gain":0,"player_choice":"Ignored","damage_taken":7,"max_hp_gain":0,"max_hp_loss":0,"event_name":"恩洛斯的盘子","floor":14,"gold_loss":0},{"damage_healed":0,"gold_gain":0,"player_choice":"Choice 1","damage_taken":0,"relics_obtained":["alterego_mod:FleetingLove"],"max_hp_gain":0,"max_hp_loss":0,"event_name":"爱的神圣花园","floor":25,"gold_loss":0},{"damage_healed":0,"gold_gain":0,"player_choice":"Ignored","damage_taken":0,"max_hp_gain":0,"max_hp_loss":0,"event_name":"Ghosts","floor":31,"gold_loss":0},{"cards_removed":["PlaceholderMod:Hard"],"damage_healed":0,"gold_gain":0,"player_choice":"Removed Skill","damage_taken":0,"max_hp_gain":0,"max_hp_loss":0,"event_name":"Falling","floor":36,"gold_loss":0}],"is_beta":false,"boss_relics":[{"not_picked":["testmod-NegativeEmotionEnhancer","Kintsugi"],"picked":"HaiYi:Twilight"},{"not_picked":[]},{"not_picked":["vexMod:DeviousBotling","GuanYuAspect"],"picked":"SoulBox"},{"not_picked":[]}],"items_purged_floors":[2,7,17,19,21,30,37],"is_endless":false,"potions_floor_spawned":[3,6,18,22,28,39,48],"ascension_level":0}}