{"host":"baymyijz6sxaqj5s","time":1608981951,"event":{"mods":["AchievementEnabler","BaseMod","Colored Map","Colored Powertips","DeckTracker","KOR Keyword Fix","Keyboard Shortcuts","Minty Spire (QoL Compilation)","Quick Restart","StSLib","SuperFastMode"],"gold_per_floor":[119,119,129,129,144,154,173,185,234,234,234,252,252,262,262,361,361,380,396,102,102,102,132,145,145,145,158,158,173,173,75,75,75,75],"floor_reached":33,"playtime":928,"items_purged":["Strike_R"],"score":287,"play_id":"c694646a-7789-4d3c-ae5d-e8d0af56a78f","local_time":"20201226202551","is_ascension_mode":true,"campfire_choices":[{"data":"Body Slam","floor":11,"key":"SMITH"},{"data":"Body Slam","floor":13,"key":"SMITH"},{"data":"Flame Barrier","floor":15,"key":"SMITH"},{"floor":32,"key":"REST"}],"circlet_count":0,"master_deck":["Strike_R","Strike_R","Strike_R","Defend_R","Defend_R","Defend_R","Defend_R","Bash","Armaments+1","Body Slam+1","Spot Weakness","Cleave","Body Slam+1","Seeing Red","Flame Barrier+1","Offering","Shrug It Off+1","Heavy Blade","Demon Form","Barricade","Sword Boomerang"],"relics":["Burning Blood","Blood Vial","SacredBark","Bronze Scales","Question Card","Sundial","MutagenicStrength"],"acts_visited":["Exordium","TheCity"],"potions_floor_usage":[16,23,23,27,27,33],"damage_taken":[{"damage":2,"enemies":"2 Louse","floor":1,"turns":3},{"damage":1,"enemies":"Cultist","floor":3,"turns":3},{"damage":0,"enemies":"Jaw Worm","floor":5,"turns":4},{"damage":13,"enemies":"3 Louse","floor":6,"turns":3},{"damage":15,"enemies":"Red Slaver","floor":7,"turns":5},{"damage":0,"enemies":"Large Slime","floor":8,"turns":5},{"damage":5,"enemies":"2 Fungi Beasts","floor":12,"turns":3},{"damage":8,"enemies":"Blue Slaver","floor":14,"turns":5},{"damage":56,"enemies":"Slime Boss","floor":16,"turns":13},{"damage":29,"enemies":"2 Thieves","floor":18,"turns":4},{"damage":6,"enemies":"3 Byrds","floor":19,"turns":5},{"damage":23,"enemies":"Book of Stabbing","floor":23,"turns":6},{"damage":33,"enemies":"Cultist and Chosen","floor":24,"turns":8},{"damage":41,"enemies":"Centurion and Healer","floor":27,"turns":6},{"damage":32,"enemies":"Snake Plant","floor":29,"turns":4},{"damage":119,"enemies":"Collector","floor":33,"turns":10}],"seed_played":"-6138214768404265908","potions_obtained":[{"floor":1,"key":"FearPotion"},{"floor":7,"key":"BloodPotion"},{"floor":14,"key":"Weak Potion"},{"floor":19,"key":"AttackPotion"},{"floor":23,"key":"LiquidBronze"},{"floor":24,"key":"AttackPotion"}],"is_trial":false,"path_per_floor":["M","?","M","?","M","M","M","M","T","?","R","M","R","M","R","B",null,"M","M","$","?","?","E","M","?","T","M","?","M","?","$","R","B"],"character_chosen":"IRONCLAD","items_purchased":["Demon Form","Bronze Scales","FairyPotion"],"campfire_rested":1,"item_purchase_floors":[20,20,31],"current_hp_per_floor":[88,88,88,88,88,81,72,78,78,78,78,81,81,81,81,33,88,65,67,67,67,67,52,27,10,10,14,45,21,21,21,48,0,0],"gold":75,"neow_bonus":"TEN_PERCENT_HP_BONUS","is_daily":false,"chose_seed":false,"campfire_upgraded":3,"win_rate":0.0,"timestamp":1608981951,"path_taken":["M","?","?","?","M","M","M","M","T","?","R","M","R","M","R","BOSS","M","M","$","?","?","E","M","?","T","?","?","M","?","?","R","BOSS"],"items_purchased_type":["Card","Relic","Potion"],"build_version":"2020-12-22","purchased_purges":1,"victory":false,"max_hp_per_floor":[88,88,88,88,88,88,88,88,88,88,88,88,88,88,88,88,88,88,88,88,88,88,88,88,93,93,93,93,93,93,93,93,93,93],"card_choices":[{"not_picked":["Infernal Blade","Wild Strike"],"picked":"Armaments","floor":1},{"not_picked":["Perfected Strike","Cleave"],"picked":"Body Slam","floor":3},{"not_picked":["Battle Trance","True Grit"],"picked":"Spot Weakness","floor":5},{"not_picked":["Metallicize","Flex","Dual Wield"],"picked":"SKIP","floor":6},{"not_picked":["Wild Strike","Havoc"],"picked":"Cleave","floor":7},{"not_picked":["Iron Wave","Wild Strike"],"picked":"Body Slam","floor":8},{"not_picked":["Inflame","Metallicize"],"picked":"Flame Barrier","floor":12},{"not_picked":["Evolve","Iron Wave","Perfected Strike"],"picked":"SKIP","floor":14},{"not_picked":["Exhume","Immolate"],"picked":"Offering","floor":16},{"not_picked":["Rupture+1","Iron Wave"],"picked":"Shrug It Off+1","floor":18},{"not_picked":["Shrug It Off","Cleave"],"picked":"Heavy Blade","floor":19},{"not_picked":["Flex","Berserk"],"picked":"Barricade","floor":23},{"not_picked":["Pommel Strike","Cleave","Wild Strike+1","Warcry"],"picked":"SKIP","floor":24},{"not_picked":["Whirlwind","Flex+1","Evolve"],"picked":"Sword Boomerang","floor":27},{"not_picked":["Clothesline","Whirlwind","Shockwave+1","Dropkick"],"picked":"SKIP","floor":29}],"player_experience":249833,"relics_obtained":[{"floor":9,"key":"Blood Vial"},{"floor":23,"key":"Question Card"},{"floor":26,"key":"Sundial"}],"event_choices":[{"damage_healed":0,"gold_gain":0,"player_choice":"Forge","damage_taken":0,"max_hp_gain":0,"max_hp_loss":0,"event_name":"Accursed Blacksmith","floor":2,"gold_loss":0,"cards_upgraded":["Armaments"]},{"damage_healed":0,"gold_gain":0,"player_choice":"Ignored","damage_taken":0,"max_hp_gain":0,"max_hp_loss":0,"event_name":"Liars Game","floor":4,"gold_loss":0},{"damage_healed":0,"gold_gain":0,"cards_transformed":["Strike_R"],"player_choice":"Transformed","damage_taken":0,"max_hp_gain":0,"max_hp_loss":0,"event_name":"Transmorgrifier","floor":10,"gold_loss":0,"cards_obtained":["Seeing Red"]},{"damage_healed":0,"gold_gain":0,"player_choice":"Ignored","damage_taken":0,"max_hp_gain":0,"max_hp_loss":0,"event_name":"Vampires","floor":21,"gold_loss":0},{"damage_healed":0,"gold_gain":0,"player_choice":"Ignored","damage_taken":0,"max_hp_gain":0,"max_hp_loss":0,"event_name":"Ghosts","floor":22,"gold_loss":0},{"damage_healed":0,"gold_gain":0,"player_choice":"Shed Blood","damage_taken":22,"max_hp_gain":5,"max_hp_loss":0,"event_name":"Forgotten Altar","floor":25,"gold_loss":0},{"damage_healed":31,"gold_gain":0,"player_choice":"Heal","damage_taken":0,"max_hp_gain":0,"max_hp_loss":0,"event_name":"The Library","floor":28,"gold_loss":0},{"damage_healed":0,"gold_gain":0,"player_choice":"Inject Mutagens","damage_taken":0,"relics_obtained":["MutagenicStrength"],"max_hp_gain":0,"max_hp_loss":0,"event_name":"Drug Dealer","floor":30,"gold_loss":0}],"is_beta":false,"boss_relics":[{"not_picked":["Cursed Key","Calling Bell"],"picked":"SacredBark"}],"items_purged_floors":[20],"is_endless":false,"potions_floor_spawned":[1,7,14,19,23,24],"killed_by":"Collector","ascension_level":2}}