{"host":"utqe55yv0jihe4d6","time":1608955277,"event":{"mods":["2.2 Compatiblity","AchievementEnabler","BaseMod","Block Reminder","Colored Map","Colored Powertips","Minty Spire (QoL Compilation)","Quick Restart","Rare Cards Sparkle","Relic Stats","SuperFastMode"],"gold_per_floor":[118,130,1,1,1,27,77,77,155,173,200,215,246,260,260,260,260],"floor_reached":16,"playtime":562,"items_purged":["Defend_P"],"score":290,"play_id":"086835ea-7af5-403c-9b93-d7f442e7e123","local_time":"20201225230117","is_ascension_mode":true,"campfire_choices":[{"floor":8,"key":"REST"},{"floor":15,"key":"REST"}],"circlet_count":0,"master_deck":["AscendersBane","Strike_P","Strike_P","Strike_P+1","Strike_P+1","Defend_P","Defend_P","Defend_P","Eruption","Vigilance","FlyingSleeves","FlurryOfBlows","ClearTheMind","ReachHeaven","Wireheading+1","CutThroughFate","LikeWater+1","WaveOfTheHand"],"relics":["PureWater","Frozen Egg 2","Shuriken","Vajra","Ancient Tea Set"],"acts_visited":["Exordium"],"potions_floor_usage":[6,13],"damage_taken":[{"damage":6,"enemies":"Small Slimes","floor":1,"turns":6},{"damage":0,"enemies":"Cultist","floor":2,"turns":3},{"damage":37,"enemies":"3 Sentries","floor":6,"turns":8},{"damage":2,"enemies":"2 Louse","floor":10,"turns":3},{"damage":7,"enemies":"Lagavulin","floor":11,"turns":5},{"damage":5,"enemies":"Exordium Wildlife","floor":12,"turns":3},{"damage":0,"enemies":"3 Sentries","floor":13,"turns":3},{"damage":9,"enemies":"Red Slaver","floor":14,"turns":3},{"damage":26,"enemies":"Hexaghost","floor":16,"turns":9}],"seed_played":"-6649372239360671530","potions_obtained":[{"floor":10,"key":"Energy Potion"},{"floor":12,"key":"LiquidMemories"},{"floor":13,"key":"GamblersBrew"}],"is_trial":false,"path_per_floor":["M","M","$","?","?","E","?","R","T","M","E","M","E","M","R","B"],"character_chosen":"WATCHER","items_purchased":["PowerPotion"],"campfire_rested":2,"item_purchase_floors":[3],"current_hp_per_floor":[61,61,61,39,39,2,2,24,24,22,15,10,10,1,23,0,0],"gold":260,"neow_bonus":"TEN_PERCENT_HP_BONUS","is_daily":false,"chose_seed":false,"campfire_upgraded":0,"win_rate":0.0,"timestamp":1608955277,"path_taken":["M","M","$","?","?","E","?","R","T","M","E","M","E","M","R","BOSS"],"items_purchased_type":["Potion"],"build_version":"2020-12-22","purchased_purges":1,"victory":false,"max_hp_per_floor":[74,74,74,74,74,74,74,74,74,74,74,74,74,74,74,74,74],"relic_stats":{"counters":[9,43],"Shuriken":[7],"obtain_stats":[{"Shuriken":9,"Vajra":11,"PureWater":0,"Frozen Egg 2":6,"Ancient Tea Set":13},{"Shuriken":3,"Vajra":5,"PureWater":0,"Frozen Egg 2":3,"Ancient Tea Set":7},{"Shuriken":17,"Vajra":25,"PureWater":0,"Frozen Egg 2":17,"Ancient Tea Set":31}]},"card_choices":[{"not_picked":["Crescendo","ThirdEye"],"picked":"FlyingSleeves","floor":1},{"not_picked":["ClearTheMind","BowlingBash"],"picked":"FlurryOfBlows","floor":2},{"not_picked":["Evaluate","SignatureMove"],"picked":"ClearTheMind","floor":6},{"not_picked":["ForeignInfluence","LikeWater+1"],"picked":"ReachHeaven","floor":10},{"not_picked":["LikeWater+1","MasterReality+1"],"picked":"Wireheading+1","floor":11},{"not_picked":["SashWhip","Crescendo"],"picked":"CutThroughFate","floor":12},{"not_picked":["CrushJoints","ReachHeaven"],"picked":"LikeWater+1","floor":13},{"not_picked":["Crescendo","EmptyFist"],"picked":"WaveOfTheHand","floor":14}],"player_experience":2864560,"relics_obtained":[{"floor":6,"key":"Frozen Egg 2"},{"floor":9,"key":"Shuriken"},{"floor":11,"key":"Vajra"},{"floor":13,"key":"Ancient Tea Set"}],"event_choices":[{"damage_healed":0,"gold_gain":0,"player_choice":"Entered Light","damage_taken":22,"max_hp_gain":0,"max_hp_loss":0,"event_name":"Shining Light","floor":4,"gold_loss":0,"cards_upgraded":["Strike_P","Strike_P"]},{"damage_healed":0,"gold_gain":0,"player_choice":"Ignored","damage_taken":0,"max_hp_gain":0,"max_hp_loss":0,"event_name":"Liars Game","floor":5,"gold_loss":0},{"damage_healed":0,"gold_gain":50,"player_choice":"Pray","damage_taken":0,"max_hp_gain":0,"max_hp_loss":0,"event_name":"Golden Shrine","floor":7,"gold_loss":0}],"is_beta":false,"boss_relics":[],"items_purged_floors":[3],"is_endless":false,"potions_floor_spawned":[10,12,13],"killed_by":"Hexaghost","ascension_level":20}}