{"host":"1zjc08c6hob33401","time":1608994435,"event":{"mods":["AchievementEnabler","Act Like it!","Aspiration","Bard","BaseMod","Downfall","Energized Spire","GifTheSpireLib","Hermit","Hubris","Infinite Spire","Jedi Mod","Jorbs\u0027s Wanderer Trilogy","Marisa????????","Minty Spire (QoL Compilation)","Pale of the Ancients","Quick Restart","Replay The Spire","Retaliation","Shop Mod","StSLib","Stuff the Spire","Swap Starting Deck Mod","The Blue Laboratory","The Gatherer","The Poker Player","The Runesmith","The Sage","Wandering Minibosses","[IsaacMod]????"],"gold_per_floor":[115,115,115,130,488,488,499,529,529,541,541,373,390,390,390,407,407,121,121,141,141,157,177,251,251,281,281,299,325,325,429,429,444,444,444,460,460,495,495,94,94,109,109,125,125,200,54,54,54,74,0,0,0,0,0,16,26,26,0],"floor_reached":51,"playtime":3883,"items_purged":["Strike_G","Wraith","Looming Evil"],"score":764,"play_id":"ac6f2b3c-1e0a-4cae-b0be-677cf5f3e0cd","local_time":"20201226165355","is_ascension_mode":true,"campfire_choices":[{"data":"infinitespire:Oblivion","floor":6.0,"key":"SMITH"},{"data":"Unload","floor":11.0,"key":"SMITH"},{"floor":15.0,"key":"REST"},{"data":"ReplayTheSpireMod:Necrosis","floor":21.0,"key":"SMITH"},{"data":"Crippling Poison","floor":25.0,"key":"SMITH"},{"floor":30.0,"key":"DIG"},{"data":"jedi:collectorvenom","floor":39,"key":"SMITH"},{"data":"expansioncontent:BronzeBeam","floor":40,"key":"SMITH"},{"data":"StuffTheSpire:Ambrosia","floor":45,"key":"SMITH"},{"data":"Pot Of Greed","floor":46,"key":"SMITH"}],"circlet_count":0,"master_deck":["Strike_G","Strike_G","Strike_G","Strike_G","Defend_G+1","Defend_G+1","Defend_G+1","Defend_G+1","Defend_G+1","Survivor+1","Neutralize","Forethought+1","Escape Plan+1","infinitespire:Oblivion+1","Blur+1","Slice","Unload+1","StuffTheSpire:MirrorStance+1","Masterful Stab+1","jedi:pocketpoison+1","expansioncontent:BronzeBeam+1","Replay:Poison Smokescreen+1","PiercingWail+1","ReplayTheSpireMod:Necrosis+1","Bane+1","Crippling Poison+1","Pot Of Greed+1","Pot Of Greed","Pot Of Greed","jedi:collectorvenom+1","Poisoned Stab","jedi:studypoison","Deadly Poison+1","Pot Of Greed","StuffTheSpire:Ambrosia+1"],"relics":["Ring of the Snake","HushsDoor","GuppysTail","wanderingMiniBosses:LockLocket","BargainBundle","Replay:Wax Seal","Mirror","Grinning Jar","Ring of Fangs","Ring of Panic","Leech","infinitespire:CursedDice","WristBlade","hubris:Icosahedron","aspiration:SecretTechniqueScroll","aspiration:ChemicalBlood","TheAbacus","infinitespire:Beetle Shell","StuffTheSpire:PointBlank","Shuriken","Red Mask","Byrd Skull"],"acts_visited":["Exordium","TheBeyond"],"potions_floor_usage":[38,38,42,42,42,42,41,50,50,50,50],"damage_taken":[{"damage":1.0,"enemies":"Small Slimes","floor":1.0,"turns":4.0},{"damage":0.0,"enemies":"2 Louse","floor":4.0,"turns":3.0},{"damage":2.0,"enemies":"Jaw Worm","floor":5.0,"turns":27.0},{"damage":17.0,"enemies":"Exordium Thugs","floor":7.0,"turns":4.0},{"damage":20.0,"enemies":"Gremlin Nob","floor":8.0,"turns":4.0},{"damage":0.0,"enemies":"3 Louse","floor":10.0,"turns":2.0},{"damage":30.0,"enemies":"Lagavulin","floor":12.0,"turns":5.0},{"damage":0.0,"enemies":"2 Fungi Beasts","floor":13.0,"turns":2.0},{"damage":0.0,"enemies":"Jaw Worm","floor":16.0,"turns":2.0},{"damage":0.0,"enemies":"Cultist","floor":20.0,"turns":1.0},{"damage":0.0,"enemies":"Small Slimes","floor":22.0,"turns":2.0},{"damage":0.0,"enemies":"3 Louse","floor":23.0,"turns":2.0},{"damage":5.0,"enemies":"Lagavulin","floor":26.0,"turns":5.0},{"damage":5.0,"enemies":"Blue Slaver","floor":28.0,"turns":2.0},{"damage":8.0,"enemies":"3 Sentries","floor":29.0,"turns":4.0},{"damage":16.0,"enemies":"The Guardian","floor":31.0,"turns":7.0},{"damage":10.0,"enemies":"3 Shapes","floor":33.0,"turns":2.0},{"damage":21.0,"enemies":"3 Darklings","floor":36.0,"turns":4.0},{"damage":41,"enemies":"Giant Head","floor":38,"turns":7},{"damage":8,"enemies":"Spire Growth","floor":42,"turns":4},{"damage":14,"enemies":"3 Shapes","floor":35,"turns":2},{"damage":18,"enemies":"Writhing Mass","floor":41,"turns":4},{"damage":19,"enemies":"Sphere and 2 Shapes","floor":47,"turns":3},{"damage":0,"enemies":"Maw","floor":48,"turns":6},{"damage":60,"enemies":"hubris:GrandSnecko","floor":50,"turns":8}],"seed_played":"7340685283487180478","potions_obtained":[{"floor":4.0,"key":"blueLaboratory:ArtistsPotion"},{"floor":5.0,"key":"Dexterity Potion"},{"floor":8.0,"key":"blueLaboratory:BubblePotion"},{"floor":10.0,"key":"sneckomod:MuddlingPotion"},{"floor":26.0,"key":"sagemod:Wine"},{"floor":28.0,"key":"jedi:StrikingPotion"},{"floor":29.0,"key":"Regen Potion"},{"floor":36.0,"key":"Venom Potion"},{"floor":35,"key":"blueLaboratory:BottleOfRum"},{"floor":41,"key":"jedi:wingpotion"},{"floor":50,"key":"GamblersBrew"}],"is_trial":false,"path_per_floor":["M","?","?","M","M","R","M","E","T","M","R","E","M","?","R","M","?","$","?","M","R","M","M","T","R","E","?","M","E","R","B",null,"M","?","?","M","AVR","E","R","$","T","M","M","M","?","?","$","T","R","M","?","T","?","R","R","M","M","R","B",null],"character_chosen":"THE_SILENT","items_purchased":["BargainBundle","blueLaboratory:LouseDecoction","FearPotion","blueLaboratory:EnragingPotion","PiercingWail+1","Replay:Wax Seal","TheAbacus","infinitespire:Beetle Shell","Juzu Bracelet"],"campfire_rested":1,"item_purchase_floors":[18,18,18,18,18,18,40,40,38],"current_hp_per_floor":[62,45,45,45,43,43,26,6,6,6,6,1,1,1,58,58,58,58,63,63,63,63,63,63,63,58,58,53,45,45,35,65,57,57,57,54,54,19,19,19,19,15,60,48,48,48,48,48,48,34,34,34,34,34,34,19,26,49,50],"gold":0,"neow_bonus":"RANDOM_COLORLESS","is_daily":false,"chose_seed":false,"campfire_upgraded":8,"win_rate":0.0,"timestamp":1608994435,"path_taken":["M","?","?","M","M","R","M","E","T","M","R","E","M","?","R","M","?","$","?","M","R","?","M","T","R","E","?","M","E","R","BOSS","M","?","?","M","AVR","E","R","?","T","M","M","M","?","?","$","?","R","M","?","T","?","R","R","M","M","R","BOSS"],"items_purchased_type":["Relic","Potion","Potion","Potion","Card","Relic","Relic","Relic","Relic"],"build_version":"2020-12-22","purchased_purges":3,"victory":true,"max_hp_per_floor":[70,70,70,70,70,70,70,70,70,70,70,70,70,70,70,70,70,70,75,75,75,75,75,75,75,75,75,75,75,75,75,75,75,75,75,75,75,75,75,75,75,75,75,75,75,75,75,75,75,75,75,75,75,75,75,77,79,79,81],"card_choices":[{"not_picked":[],"picked":"ChaosCard","floor":0.0},{"not_picked":["Swift Strike","expansioncontent:DefensiveMode"],"picked":"Forethought","floor":0.0},{"not_picked":["Blade Dance","hubris:SlightOfHand"],"picked":"Escape Plan","floor":1.0},{"not_picked":["ReplayTheSpireMod:Book of Names","ReplayTheSpireMod:Haul"],"picked":"infinitespire:Oblivion","floor":2.0},{"not_picked":["Blade Dance","Slice"],"picked":"Blur","floor":4.0},{"not_picked":["Blur","Hidden Blade"],"picked":"Slice","floor":5.0},{"not_picked":["StuffTheSpire:ClusterCrunch","ReplayTheSpireMod:The Works"],"picked":"Unload","floor":7.0},{"not_picked":["Bouncing Flask","Cloak And Dagger"],"picked":"StuffTheSpire:MirrorStance","floor":8.0},{"not_picked":["jedi:acidrain","StuffTheSpire:Python"],"picked":"Masterful Stab","floor":10.0},{"not_picked":["Expertise","StuffTheSpire:BumpUp"],"picked":"jedi:pocketpoison","floor":12.0},{"not_picked":["StuffTheSpire:Python","Reflex","Concentrate"],"picked":"SKIP","floor":13.0},{"not_picked":["expansioncontent:DecasProtection","Replay:Bootleg Shield Generator"],"picked":"expansioncontent:BronzeBeam","floor":15.0},{"not_picked":["Cloak And Dagger","jedi:pocketpoison"],"picked":"Replay:Poison Smokescreen","floor":16.0},{"not_picked":["Prepared","hubris:Counter"],"picked":"ReplayTheSpireMod:Necrosis","floor":20.0},{"not_picked":["StuffTheSpire:Python","hubris:Counter"],"picked":"Bane","floor":22.0},{"not_picked":["Cloak And Dagger","Hidden Blade"],"picked":"Crippling Poison","floor":23.0},{"not_picked":["Blur","Eviscerate"],"picked":"jedi:collectorvenom","floor":26.0},{"not_picked":["Dagger Spray","jedi:pocketpoison"],"picked":"Poisoned Stab","floor":28.0},{"not_picked":["jedi:pocketpoison","Burst"],"picked":"jedi:collectorvenom","floor":29.0},{"not_picked":["jedi:collectorvenom","Unload"],"picked":"jedi:studypoison","floor":31.0},{"not_picked":["Dodge and Roll+1","Choke+1"],"picked":"jedi:collectorvenom","floor":33.0},{"not_picked":["Dagger Spray","Prepared+1"],"picked":"jedi:collectorvenom","floor":36.0},{"not_picked":["StuffTheSpire:ClusterCrunch","hubris:Sniper","jedi:acidrain+1"],"picked":"SKIP","floor":38},{"not_picked":["Venomology","Backflip+1"],"picked":"Deadly Poison+1","floor":42},{"not_picked":["Dagger Throw","StuffTheSpire:Sprint+1"],"picked":"jedi:collectorvenom+1","floor":35},{"not_picked":["Poisoned Stab+1","Blade Dance"],"picked":"jedi:collectorvenom+1","floor":41},{"not_picked":["StuffTheSpire:CelestialWarden","StuffTheSpire:Vigor"],"picked":"StuffTheSpire:Ambrosia","floor":44},{"not_picked":["StuffTheSpire:Python","StuffTheSpire:BrimstoneBlast"],"picked":"jedi:collectorvenom+1","floor":47},{"not_picked":["Malaise","Slice"],"picked":"jedi:collectorvenom+1","floor":48}],"player_experience":515509,"relics_obtained":[{"floor":5.0,"key":"wanderingMiniBosses:LockLocket"},{"floor":8.0,"key":"Akabeko"},{"floor":12.0,"key":"ForgetMeNow"},{"floor":24.0,"key":"Mirror"},{"floor":26.0,"key":"Grinning Jar"},{"floor":27.0,"key":"Ring of Fangs"},{"floor":27.0,"key":"Ring of Panic"},{"floor":29.0,"key":"Leech"},{"floor":30.0,"key":"infinitespire:CursedDice"},{"floor":38,"key":"aspiration:ChemicalBlood"},{"floor":41,"key":"StuffTheSpire:PointBlank"},{"floor":39,"key":"Shuriken"},{"floor":43,"key":"Byrd Skull"}],"event_choices":[{"damage_healed":0.0,"max_hp_gain":5.0,"max_hp_loss":0.0,"gold_gain":0.0,"event_name":"Big Fish","player_choice":"Donut","floor":19.0,"gold_loss":0.0,"damage_taken":0.0},{"damage_healed":0.0,"max_hp_gain":0.0,"max_hp_loss":0.0,"gold_gain":0.0,"event_name":"OrinTheCat","player_choice":"Ignored","floor":34.0,"gold_loss":0.0,"damage_taken":0.0},{"damage_healed":0,"gold_gain":0,"player_choice":"Paid","damage_taken":0,"relics_obtained":["Red Mask"],"max_hp_gain":0,"max_hp_loss":0,"event_name":"Tomb of Lord Red Mask","floor":42,"gold_loss":74}],"is_beta":false,"boss_relics":[{"not_picked":["energizedSpire:SpiderWeb","Runic Dome"],"picked":"WristBlade"},{"not_picked":[]}],"items_purged_floors":[18,37,40],"is_endless":false,"potions_floor_spawned":[4,5,8,10,26,28,29,36,35,41],"ascension_level":6}}