{"host":"qj91dvco5uhu9oti","time":1608982420,"event":{"mods":["BaseMod","Colored Map","Minty Spire (QoL Compilation)","Permanent Neow","Relic Stats","StSLib","SuperFastMode","everything is the same but u backflip on backflip"],"gold_per_floor":[115,125,50,50,60,95,109,109,109,123,134,146,146,7,7,7,7],"floor_reached":16,"playtime":392,"items_purged":["Writhe"],"score":208,"play_id":"04482a7c-9a42-4d48-8ec1-e6ec441b0e7e","local_time":"20201226203340","is_ascension_mode":true,"campfire_choices":[{"data":"Flex","floor":8,"key":"SMITH"},{"floor":13,"key":"REST"},{"data":"Sword Boomerang","floor":15,"key":"SMITH"}],"circlet_count":0,"master_deck":["AscendersBane","Strike_R","Strike_R","Strike_R","Strike_R","Defend_R","Defend_R","Defend_R","Defend_R","Bash","Reaper","Sword Boomerang+1","Rage","Heavy Blade","Flex+1","Evolve","Spot Weakness","Wild Strike","Flex","Reaper"],"relics":["Burning Blood","The Courier","Unceasing Top"],"acts_visited":["Exordium"],"potions_floor_usage":[11],"damage_taken":[{"damage":11.0,"enemies":"2 Louse","floor":1.0,"turns":3.0},{"damage":6.0,"enemies":"Cultist","floor":2.0,"turns":3.0},{"damage":4.0,"enemies":"Small Slimes","floor":5.0,"turns":4.0},{"damage":52.0,"enemies":"3 Sentries","floor":6.0,"turns":14.0},{"damage":16.0,"enemies":"Blue Slaver","floor":7.0,"turns":4.0},{"damage":15,"enemies":"Looter","floor":10,"turns":4},{"damage":15,"enemies":"Lots of Slimes","floor":11,"turns":5},{"damage":34,"enemies":"Exordium Thugs","floor":12,"turns":6},{"damage":42,"enemies":"Hexaghost","floor":16,"turns":8}],"seed_played":"-8486916178976067195","potions_obtained":[{"floor":7,"key":"AttackPotion"},{"floor":10,"key":"ElixirPotion"}],"is_trial":false,"path_per_floor":["M","M","$","?","M","E","M","R","T","M","M","M","R","$","R","B"],"character_chosen":"IRONCLAD","items_purchased":["Reaper"],"campfire_rested":1,"item_purchase_floors":[14],"current_hp_per_floor":[70,70,70,70,75,34,28,28,28,23,29,9,31,31,31,0,0],"gold":7,"neow_bonus":"THREE_RARE_CARDS","is_daily":false,"chose_seed":false,"campfire_upgraded":2,"win_rate":0.0,"timestamp":1608982420,"path_taken":["M","M","$","?","?","E","?","R","T","M","M","M","R","$","R","BOSS"],"items_purchased_type":["Card"],"build_version":"2020-12-22","purchased_purges":1,"victory":false,"max_hp_per_floor":[75,75,75,75,75,75,75,75,75,75,75,75,75,75,75,75,75],"relic_stats":{"counters":[9,51],"obtain_stats":[{"The Courier":6,"Burning Blood":0,"Unceasing Top":9},{"The Courier":4,"Burning Blood":0,"Unceasing Top":5},{"The Courier":24,"Burning Blood":0,"Unceasing Top":28}],"Burning Blood":47,"Unceasing Top":[0]},"card_choices":[{"not_picked":["Berserk","Double Tap"],"picked":"Reaper","floor":0.0},{"not_picked":["Perfected Strike","Shrug It Off"],"picked":"Sword Boomerang","floor":1.0},{"not_picked":["Pommel Strike","Disarm"],"picked":"Rage","floor":2.0},{"not_picked":["Body Slam","Havoc","Clothesline"],"picked":"SKIP","floor":5.0},{"not_picked":["Entrench","Iron Wave"],"picked":"Flex","floor":6.0},{"not_picked":["Shrug It Off","Armaments"],"picked":"Evolve","floor":7},{"not_picked":["Iron Wave","Impervious"],"picked":"Spot Weakness","floor":10},{"not_picked":["Dark Embrace","Hemokinesis"],"picked":"Wild Strike","floor":11},{"not_picked":["Perfected Strike","Havoc"],"picked":"Flex","floor":12}],"player_experience":283539,"relics_obtained":[{"floor":6.0,"key":"The Courier"},{"floor":9,"key":"Unceasing Top"}],"event_choices":[{"damage_healed":0.0,"max_hp_gain":0.0,"max_hp_loss":0.0,"gold_gain":0.0,"cards_transformed":["Strike_R"],"event_name":"Transmorgrifier","player_choice":"Transformed","floor":4.0,"gold_loss":0.0,"damage_taken":0.0,"cards_obtained":["Heavy Blade"]}],"is_beta":false,"boss_relics":[],"items_purged_floors":[3],"is_endless":false,"potions_floor_spawned":[7,10],"killed_by":"Hexaghost","ascension_level":20}}