{"host":"ggy1mjjy92c62u6a","time":1608994255,"event":{"mods":["10 clothes from DAL","BaseMod","LazyManMod","Minty Spire (QoL Compilation)","Quick Restart","Relic Stats","Shop Mod","Spicy Shops","StSLib","【人物mod】游戏王New YuGiOh mod","【功能Mod】混沌之环修复补丁","【遗物卡牌】REMEMod"],"gold_per_floor":[115,135,235,248,266,299,299,299,299,323,343,343,371,384,384,481,481,481,350,362,362,637,664,664,694,721,737,737,737],"floor_reached":28,"playtime":1722,"items_purged":["StoneGiant","MoonlightDragon","LibraryManager"],"score":366,"play_id":"360f1c98-1c4f-4341-bf79-14cff8900f4d","local_time":"20201226225055","is_ascension_mode":false,"campfire_choices":[{"data":"GroundShake","floor":8,"key":"PURGE"},{"data":"StoneGiant","floor":15,"key":"PURGE"},{"data":"Regret","floor":24,"key":"PURGE"}],"circlet_count":0,"master_deck":["GroundShake","GroundShake","SuddenShock","SideExchange","SideChaos","IceDragon","Earth","CooperationSpell","PetDragon","WhiteMage","DifficultSpell","Forecast","DragonTear","Student","Friendship","DragonOrigin","LoliMage","DragonReflection"],"relics":["Question Card","Thousand","REME_ComplimentaryCards","NeowsBlessing","dwlrmod:ProjectRecorder","MerchantsRug","Membership Card","Shuriken","Gremlin Horn","The Courier","Lantern"],"acts_visited":["TheCity"],"potions_floor_usage":[16,16,16,23,23],"damage_taken":[{"damage":0,"enemies":"Cultist","floor":1,"turns":1},{"damage":0,"enemies":"Small Slimes","floor":2,"turns":1},{"damage":0,"enemies":"2 Louse","floor":4,"turns":1},{"damage":0,"enemies":"Looter","floor":5,"turns":2},{"damage":0,"enemies":"Gremlin Nob","floor":6,"turns":3},{"damage":13,"enemies":"The Mushroom Lair","floor":10,"turns":3},{"damage":6,"enemies":"Exordium Wildlife","floor":11,"turns":2},{"damage":0,"enemies":"3 Sentries","floor":13,"turns":3},{"damage":8,"enemies":"Hexaghost","floor":16,"turns":5},{"damage":30,"enemies":"Shell Parasite","floor":18,"turns":6},{"damage":0,"enemies":"Chosen","floor":20,"turns":3},{"damage":3,"enemies":"Book of Stabbing","floor":23,"turns":4},{"damage":13,"enemies":"Slavers","floor":25,"turns":5},{"damage":0,"enemies":"Snake Plant","floor":27,"turns":2},{"damage":15,"enemies":"Snecko","floor":28,"turns":3}],"seed_played":"5440196426086608935","potions_obtained":[{"floor":1,"key":"FearPotion"},{"floor":5,"key":"Strength Potion"},{"floor":13,"key":"ColorlessPotion"},{"floor":16,"key":"FearPotion"},{"floor":18,"key":"DuplicationPotion"},{"floor":20,"key":"LiquidMemories"},{"floor":23,"key":"EntropicBrew"}],"is_trial":false,"path_per_floor":["M","M","?","M","M","E","T","R","T","?","M","?","E","$","R","B",null,"M","$","M","?","?","E","R","E","T","M","M"],"character_chosen":"AnotherSideServant","items_purchased":["MerchantsRug","Membership Card","Student","Shuriken"],"campfire_rested":0,"item_purchase_floors":[14,14,19,19],"current_hp_per_floor":[60,60,60,60,60,60,60,60,60,47,42,30,31,31,31,25,60,30,30,32,32,32,31,31,20,20,22,9,9],"gold":737,"neow_bonus":"THREE_ENEMY_KILL","is_daily":false,"chose_seed":false,"campfire_upgraded":0,"win_rate":0.0,"timestamp":1608994255,"path_taken":["M","M","?","M","?","E","?","R","T","?","M","?","E","$","R","BOSS","M","$","M","?","?","E","R","E","T","M","?"],"items_purchased_type":["Relic","Relic","Card","Relic"],"build_version":"2020-12-22","purchased_purges":3,"victory":false,"max_hp_per_floor":[60,60,60,60,60,60,60,60,60,60,60,60,60,60,60,60,60,60,60,60,60,60,60,60,60,60,60,60,60],"relic_stats":{"Gremlin Horn":[2,2],"counters":[15,44],"Shuriken":[17],"Question Card":19,"obtain_stats":[{"MerchantsRug":14,"dwlrmod:ProjectRecorder":2,"Lantern":26,"NeowsBlessing":0,"Gremlin Horn":23,"Thousand":0,"Velvet Choker":17,"Eternal Feather":6,"The Courier":25,"Odd Mushroom":10,"Question Card":0,"Peace Pipe":7,"Shuriken":19,"Pantograph":12,"Bottled Lightning":9,"Membership Card":14,"FossilizedHelix":13,"REME_ComplimentaryCards":0},{"MerchantsRug":8,"dwlrmod:ProjectRecorder":2,"Lantern":13,"NeowsBlessing":0,"Gremlin Horn":12,"Thousand":0,"Velvet Choker":9,"Eternal Feather":5,"The Courier":13,"Odd Mushroom":6,"Question Card":0,"Peace Pipe":5,"Shuriken":10,"Pantograph":7,"Bottled Lightning":5,"Membership Card":8,"FossilizedHelix":8,"REME_ComplimentaryCards":0},{"MerchantsRug":16,"dwlrmod:ProjectRecorder":2,"Lantern":39,"NeowsBlessing":0,"Gremlin Horn":34,"Thousand":0,"Velvet Choker":21,"Eternal Feather":8,"The Courier":39,"Odd Mushroom":11,"Question Card":0,"Peace Pipe":8,"Shuriken":27,"Pantograph":13,"Bottled Lightning":8,"Membership Card":16,"FossilizedHelix":16,"REME_ComplimentaryCards":0}]},"card_choices":[{"not_picked":["DemoMage","MagicAmplify","ChainBoob"],"picked":"CooperationSpell","floor":1},{"not_picked":["Student","DragonAnger","SideChaos"],"picked":"PetDragon","floor":2},{"not_picked":["DemoTeacher","DarkDoor","DoubleDragon","DragonMage"],"picked":"SKIP","floor":4},{"not_picked":["ExpansiveShield","DragonReflection","MoonlightDragon"],"picked":"LibraryManager","floor":5},{"not_picked":["LibraryManager","CardExchange","LoliMage","ExpansiveShield"],"picked":"SKIP","floor":6},{"not_picked":["MoonlightDragon","DemoExchange","SoundFromHell"],"picked":"WhiteMage","floor":10},{"not_picked":["MoonlightDragon","DemoMage","IceDragon","WhiteMage"],"picked":"SKIP","floor":11},{"not_picked":["TrapMaster","LinkMage","MagicAmplify"],"picked":"DifficultSpell","floor":13},{"not_picked":["DemoDragon","Blessing","GodWarning"],"picked":"Forecast","floor":16},{"not_picked":["DemoHunter+1","DragonAnger+1","LoliMage"],"picked":"DragonTear","floor":18},{"not_picked":["MagicAmplify","DifficultSpell+1","CardExchange"],"picked":"Friendship","floor":20},{"not_picked":["BlackMage","DragonTear","DragonMage"],"picked":"DragonOrigin","floor":23},{"not_picked":["RedEyeDragon","LinkMage","DemoMage+1"],"picked":"LoliMage","floor":25},{"not_picked":["LibraryManager+1","DemoGhost+1","AntiMana"],"picked":"DragonReflection","floor":27}],"player_experience":45735,"relics_obtained":[{"floor":2,"key":"dwlrmod:ProjectRecorder"},{"floor":6,"key":"Eternal Feather"},{"floor":7,"key":"Peace Pipe"},{"floor":9,"key":"Bottled Lightning"},{"floor":10,"key":"Odd Mushroom"},{"floor":13,"key":"FossilizedHelix"},{"floor":23,"key":"Gremlin Horn"},{"floor":25,"key":"The Courier"},{"floor":26,"key":"Lantern"}],"event_choices":[{"damage_healed":0,"gold_gain":100,"player_choice":"Gold","damage_taken":0,"max_hp_gain":0,"max_hp_loss":0,"event_name":"Wheel of Change","floor":3,"gold_loss":0},{"damage_healed":0,"gold_gain":0,"player_choice":"Fought Mushrooms","damage_taken":0,"max_hp_gain":0,"max_hp_loss":0,"event_name":"Mushrooms","floor":10,"gold_loss":0},{"damage_healed":0,"gold_gain":0,"player_choice":"Success","damage_taken":12,"relics_obtained":["Pantograph"],"max_hp_gain":0,"max_hp_loss":0,"event_name":"Scrap Ooze","floor":12,"gold_loss":0},{"damage_healed":0,"gold_gain":0,"player_choice":"Ignored","damage_taken":0,"max_hp_gain":0,"max_hp_loss":0,"event_name":"Ghosts","floor":21,"gold_loss":0},{"damage_healed":0,"gold_gain":275,"player_choice":"Desecrate","damage_taken":0,"max_hp_gain":0,"max_hp_loss":0,"event_name":"Golden Shrine","floor":22,"gold_loss":0,"cards_obtained":["Regret"]}],"is_beta":false,"boss_relics":[{"not_picked":["Astrolabe","SacredBark"],"picked":"Velvet Choker"}],"items_purged_floors":[14,19,19],"is_endless":false,"potions_floor_spawned":[1,5,13,16,18,20,23],"killed_by":"Snecko","ascension_level":0}}