{"host":"ttx8tv95o5vka1nm","time":1608976273,"event":{"mods":["BaseMod","Downfall","Minty Spire (QoL Compilation)","Replay The Spire","StSLib"],"gold_per_floor":[99,150,168,184,198,198,223,223,223,242,257,287,22,49,68,169,169,94,4,4,23,36,36,36,76,102,11,56,101,160,1,31,167,226,244,13,59,104,142,172,197,249,291,291,355,407,458,498,542,564],"floor_reached":51,"playtime":7369,"items_purged":["Writhe","CommonCold"],"score":981,"play_id":"2b0f182e-d602-4bf0-8822-668d878b9f0f","local_time":"20201226195113","is_ascension_mode":false,"campfire_choices":[{"data":"Guardian:FloatingOrbs","floor":6,"key":"SMITH"},{"data":"expansioncontent:DonusPower","floor":9,"key":"SMITH"},{"data":"Guardian:DecasProtection","floor":23,"key":"SMITH"},{"data":"Guardian:BaubleBeam","floor":44,"key":"SMITH"}],"circlet_count":0,"master_deck":["Guardian:Defend_Guardian","Guardian:Defend_Guardian","Guardian:Defend_Guardian","Guardian:Defend_Guardian","Guardian:CurlUp","Guardian:TwinSlam","expansioncontent:DonusPower+1","Guardian:TimeBomb","Guardian:FloatingOrbs+1","Guardian:ShieldCharger","Guardian:Orbwalk","Guardian:DecasProtection+1","Guardian:TemporalStrike","Guardian:BronzeOrb","Guardian:BaubleBeam+1","Guardian:FloatingOrbs","Guardian:RevengeProtocol","AbeCurse","Guardian:Reroute","Guardian:Emergency","Guardian:RollAttack+1","Guardian:SpikerProtocol","Guardian:DonusPower","Guardian:Recover","Guardian:Recover","Guardian:TemporalShield","Guardian:Incinerate","Guardian:ChargeCore+1","Bite","Bite","Bite","Bite","Bite","Guardian:SpikerProtocol+1","Guardian:GuardianWhirl","Pot Of Greed","Pot Of Greed","Pot Of Greed","Pot Of Greed","Guardian:WalkerClaw","Guardian:FierceBash","Guardian:PiercingHide+1","Guardian:Gem_Blue","Guardian:HyperBeam_Guardian","Guardian:Suspension","Guardian:ShieldCharger+1","Guardian:Suspension+1","Guardian:DonusPower","Pot Of Greed","Guardian:BronzeArmor+1","Guardian:ChargeUp","Guardian:ShieldSpikes+1"],"relics":["Guardian:ModeShifterPlus","Replay:Wax Seal","Letter Opener","Shuriken","Tiny Chest","Replay:Grab Bag","Abe\u0027s Treasure","ReplayTheSpireMod:Onyx Gauntlets","Black Star","downfall:HeartBlessingGreen","Lantern","Nloth\u0027s Gift","Bag of Marbles","Replay:Bandana","CeramicFish","Boot","Guardian:PickAxe","Ice Cream","Vajra","Grinning Jar","Sling","Tiny House","ReplayTheSpireMod:CursedCoin","Pet Ghost","Regal Pillow","Peace Pipe","Omamori","ReplayTheSpireMod:Lightbulb"],"acts_visited":["Exordium","TheCity","TheBeyond"],"potions_floor_usage":[4,22,22,25,30,31,31,31,31,32],"damage_taken":[{"damage":1,"enemies":"Cultist","floor":3,"turns":4},{"damage":1,"enemies":"Jaw Worm","floor":4,"turns":3},{"damage":0,"enemies":"2 Louse","floor":5,"turns":3},{"damage":10,"enemies":"Lots of Slimes","floor":10,"turns":5},{"damage":0,"enemies":"Large Slime","floor":11,"turns":4},{"damage":7,"enemies":"Replay:BlueRogue","floor":12,"turns":6},{"damage":4,"enemies":"downfall:FleeingMerchant","floor":13,"turns":4},{"damage":10,"enemies":"Gremlin Nob","floor":14,"turns":4},{"damage":0,"enemies":"Gremlin Gang","floor":15,"turns":3},{"damage":23,"enemies":"downfall:Silent","floor":16,"turns":5},{"damage":1,"enemies":"downfall:FleeingMerchant","floor":19,"turns":4},{"damage":0,"enemies":"Chosen","floor":21,"turns":4},{"damage":6,"enemies":"3 Cultists","floor":22,"turns":4},{"damage":0,"enemies":"Book of Stabbing","floor":25,"turns":4},{"damage":0,"enemies":"downfall:FleeingMerchant","floor":27,"turns":4},{"damage":0,"enemies":"Cultist and Chosen","floor":28,"turns":5},{"damage":1,"enemies":"Replay:Snechameleon","floor":30,"turns":3},{"damage":1,"enemies":"downfall:FleeingMerchant","floor":31,"turns":4},{"damage":0,"enemies":"Snake Plant","floor":32,"turns":3},{"damage":40,"enemies":"downfall:Ironclad","floor":33,"turns":5},{"damage":0,"enemies":"3 Darklings","floor":37,"turns":5},{"damage":0,"enemies":"Orb Walker","floor":38,"turns":3},{"damage":0,"enemies":"Jaw Worm Horde","floor":39,"turns":2},{"damage":1,"enemies":"4 Shapes","floor":40,"turns":1},{"damage":0,"enemies":"Spire Growth","floor":42,"turns":4},{"damage":0,"enemies":"Sphere and 2 Shapes","floor":43,"turns":2},{"damage":0,"enemies":"Mind Bloom Boss Battle","floor":45,"turns":5},{"damage":0,"enemies":"R_Hoarder","floor":46,"turns":5},{"damage":0,"enemies":"4 Shapes","floor":48,"turns":2},{"damage":0,"enemies":"Transient","floor":49,"turns":5},{"damage":0,"enemies":"downfall:Watcher","floor":50,"turns":6}],"seed_played":"4446481670138712995","potions_obtained":[{"floor":4,"key":"Fruit Juice"},{"floor":11,"key":"SpeedPotion"},{"floor":14,"key":"Explosive Potion"},{"floor":15,"key":"SkillPotion"},{"floor":16,"key":"Explosive Potion"},{"floor":22,"key":"Dexterity Potion"},{"floor":25,"key":"Weak Potion"},{"floor":28,"key":"SkillPotion"},{"floor":30,"key":"EntropicBrew"},{"floor":32,"key":"Energy Potion"},{"floor":34,"key":"SpeedPotion"},{"floor":37,"key":"SteroidPotion"},{"floor":42,"key":"Adrenaline Potion"},{"floor":49,"key":"Guardian:DefensiveModePotion"}],"is_trial":false,"path_per_floor":["R","T","M","M","M","R","T","?","R","M","M","E","$","E","M","B",null,"R","$","?","M","M","R","T","E","T","$","M","?","E","$","M","B",null,"R","$","M","M","M","M","T","M","M","R","?","E","T","M","M","B",null],"character_chosen":"GUARDIAN","items_purchased":["Shuriken","Guardian:Recover","Guardian:TemporalShield","Guardian:Incinerate","Guardian:Gem_Crimson","Vajra","Guardian:GuardianWhirl","Grinning Jar","Sling","ReplayTheSpireMod:CursedCoin","Pet Ghost","Guardian:HyperBeam_Guardian"],"campfire_rested":0,"item_purchase_floors":[13,27,27,27,31,31,31,31,31,36,36,36],"current_hp_per_floor":[80,87,86,90,90,90,90,95,95,85,85,78,74,64,64,41,97,97,96,96,96,90,90,90,90,90,90,90,67,67,67,67,27,72,72,72,72,72,72,71,71,72,72,72,72,72,72,72,72,72],"gold":564,"neow_bonus":"RANDOM_COLORLESS","is_daily":false,"chose_seed":false,"campfire_upgraded":4,"win_rate":0.0,"timestamp":1608976273,"path_taken":["R","?","M","M","M","R","T","?","R","M","M","E","$","E","M","BOSS","R","$","?","?","?","R","T","E","?","$","M","?","E","?","M","BOSS","R","$","M","M","M","M","T","M","M","R","?","E","?","M","M","BOSS"],"items_purchased_type":["Relic","Card","Card","Card","Card","Relic","Card","Relic","Relic","Relic","Relic","Card"],"build_version":"2020-12-22","purchased_purges":2,"victory":true,"max_hp_per_floor":[80,87,87,92,92,92,92,97,97,97,97,97,97,97,97,97,97,97,97,97,97,97,97,97,97,97,97,97,67,67,67,67,67,72,72,72,72,72,72,72,72,72,72,72,72,72,72,72,72,72],"card_choices":[{"not_picked":["Impatience","expansioncontent:AwakenDeath"],"picked":"expansioncontent:DonusPower","floor":0},{"not_picked":["Guardian:Recover","Guardian:Gem_Red"],"picked":"Guardian:FloatingOrbs","floor":3},{"not_picked":["Guardian:VentSteam","Guardian:AncientConstruct"],"picked":"Guardian:ShieldCharger","floor":4},{"not_picked":["Guardian:TimeCapacitor","Guardian:ShieldCharger"],"picked":"Guardian:Orbwalk","floor":5},{"not_picked":["Guardian:RollAttack","Guardian:Suspension"],"picked":"Guardian:DecasProtection","floor":10},{"not_picked":["Guardian:RollAttack","Guardian:BronzeArmor"],"picked":"Guardian:TemporalStrike","floor":11},{"not_picked":["Guardian:BronzeArmor","Guardian:RollAttack"],"picked":"Guardian:BronzeOrb","floor":12},{"not_picked":["Guardian:TimeBomb","Guardian:ShieldCharger"],"picked":"Guardian:BaubleBeam","floor":13},{"not_picked":["Guardian:Clone","Guardian:TimeBomb"],"picked":"Guardian:FloatingOrbs","floor":14},{"not_picked":["Guardian:TemporalShield","Guardian:Incinerate"],"picked":"Guardian:Gem_Red","floor":15},{"not_picked":["Guardian:StasisField","Guardian:StasisStrike"],"picked":"Guardian:RevengeProtocol","floor":16},{"not_picked":["Guardian:TemporalStrike","Guardian:CrystalBeam"],"picked":"Guardian:Reroute","floor":19},{"not_picked":["Guardian:Planning","Guardian:ChargeCore"],"picked":"Guardian:Emergency","floor":21},{"not_picked":["Guardian:Gem_Green","Guardian:StasisField"],"picked":"Guardian:RollAttack+1","floor":22},{"not_picked":["Guardian:TimeCapacitor","Guardian:PrimingBeam"],"picked":"Guardian:SpikerProtocol","floor":25},{"not_picked":["Guardian:SpikerProtocol+1","Guardian:FloatingOrbs"],"picked":"Guardian:DonusPower","floor":27},{"not_picked":["Guardian:Gem_Blue","Guardian:Emergency"],"picked":"Guardian:ChargeCore+1","floor":28},{"not_picked":["Guardian:SphericShield","Guardian:EvasiveProtocol"],"picked":"Guardian:SpikerProtocol","floor":30},{"not_picked":["Guardian:RollAttack","Guardian:VentSteam","Guardian:Reroute"],"picked":"SKIP","floor":31},{"not_picked":["Guardian:Gem_Cyan","Guardian:Gem_Lightblue"],"picked":"Guardian:WalkerClaw","floor":32},{"not_picked":["Guardian:SphericShield","Guardian:StasisField"],"picked":"Guardian:FierceBash","floor":33},{"not_picked":["Guardian:Harden","Guardian:Recover"],"picked":"Guardian:PiercingHide+1","floor":34},{"not_picked":["Guardian:WalkerClaw","Guardian:CrystalBeam+1"],"picked":"Guardian:Suspension","floor":37},{"not_picked":["Guardian:VentSteam","Guardian:TemporalShield+1"],"picked":"Guardian:ShieldCharger+1","floor":38},{"not_picked":["Guardian:ShieldCharger","Guardian:RollAttack+1"],"picked":"Guardian:Suspension+1","floor":39},{"not_picked":["Guardian:WalkerClaw+1","Guardian:PrismaticBarrier"],"picked":"Guardian:Gem_Green","floor":40},{"not_picked":["Guardian:StasisField","Guardian:ShieldCharger"],"picked":"Guardian:DonusPower","floor":42},{"not_picked":["Guardian:WalkerClaw","Guardian:PiercingHide+1"],"picked":"Guardian:Gem_Lightblue","floor":43},{"not_picked":["Guardian:HyperBeam_Guardian","Guardian:Preprogram+1"],"picked":"Guardian:BronzeArmor+1","floor":46},{"not_picked":["Guardian:Suspension+1","Guardian:Reroute"],"picked":"Guardian:ChargeUp","floor":48},{"not_picked":["Guardian:PrimingBeam","Guardian:SentryBeam+1"],"picked":"Guardian:ShieldSpikes+1","floor":49}],"player_experience":427049,"relics_obtained":[{"floor":2,"key":"Strawberry"},{"floor":7,"key":"Replay:Wax Seal"},{"floor":12,"key":"Letter Opener"},{"floor":14,"key":"Tiny Chest"},{"floor":24,"key":"Bag of Marbles"},{"floor":25,"key":"Replay:Bandana"},{"floor":25,"key":"CeramicFish"},{"floor":26,"key":"Boot"},{"floor":30,"key":"Guardian:PickAxe"},{"floor":30,"key":"Ice Cream"},{"floor":41,"key":"Regal Pillow"},{"floor":45,"key":"Peace Pipe"},{"floor":46,"key":"Omamori"},{"floor":46,"key":"ReplayTheSpireMod:Lightbulb"}],"event_choices":[{"damage_healed":0,"gold_gain":0,"player_choice":"Donut","damage_taken":0,"max_hp_gain":5,"max_hp_loss":0,"event_name":"Big Fish","floor":8,"gold_loss":0},{"damage_healed":0,"gold_gain":0,"player_choice":"Became a vampire","damage_taken":0,"max_hp_gain":0,"max_hp_loss":30,"event_name":"Vampires","floor":29,"gold_loss":0,"cards_obtained":["Bite","Bite","Bite","Bite","Bite"]}],"is_beta":false,"boss_relics":[{"not_picked":["Runic Pyramid","ReplayTheSpireMod:DimensionalGlitch"],"picked":"Replay:Grab Bag"},{"not_picked":["Philosopher\u0027s Stone","Fusion Hammer"],"picked":"Abe\u0027s Treasure"},{"not_picked":["Sozu","Coffee Dripper"],"picked":"ReplayTheSpireMod:Onyx Gauntlets"},{"not_picked":["Snecko Eye","SlaversCollar"],"picked":"Guardian:ModeShifterPlus"},{"not_picked":["Empty Cage","Pandora\u0027s Box"],"picked":"Black Star"},{"not_picked":["Astrolabe","SacredBark"],"picked":"Tiny House"}],"items_purged_floors":[19,36],"is_endless":false,"potions_floor_spawned":[4,11,14,15,16,22,25,28,30,32,37,40,42,43,48,49],"ascension_level":0}}