{"host":"gyphjc57tbbk9zp6","time":1608983812,"event":{"mods":["Act Like it!","BaseMod","Downfall","Elementarium","Friendly Minions","FruityMod","Gensokyo","Gremlin Skip","Hallownest","Hermit","Highlight Path","Hubris","Hyrulean Relics","Infinite Spire","Ironclad Rager","Jorbs\u0027s Wanderer Trilogy","KinomotoSakuraMod(????)","Kiyohime????","Koishi","Luminous","Mad Scientist","Marisa????????","Mimic Mod","Minty Spire (QoL Compilation)","Nova Terra(??·??)","Pale of the Ancients","Potionbrewer","Railgun Mod","Shedinja","StSLib","SuperFastMode","Td1madao Mod","The Administrix","The Alterego","The Blackbeard","The Bladedancer","The Bug Knight","The Construct","The Disciple","The Druid","The Elementalist","The Exalted","The Factory","The Hayseed","The Hierophant","The Judge","The Juggle","The Jungle","The Mystic","The Poker Player","The Senshi","The Servant 0.9.4","The Trickster","The Vixen","The Wild Card","TheHero","TheSwordswoman","TheVelvet","Yuyuko"],"gold_per_floor":[119,119,17,17,31,56,56,105,144,144,173,192,192,209,209,320,320,341,361,370,389,204,204,246,246,287,320,320,341,341,361,361,475,475,506,406,406],"floor_reached":36,"playtime":2591,"items_purged":["Shedinja:Scratch","Shedinja:Scratch"],"score":610,"play_id":"64f45a1a-9120-48bf-9774-20d31e73b8e6","local_time":"20201226055652","is_ascension_mode":false,"campfire_choices":[{"data":"Shedinja:Elixir","floor":7.0,"key":"SMITH"},{"data":"Shedinja:Mimic","floor":10.0,"key":"SMITH"},{"data":"Shedinja:PowerBracer","floor":15.0,"key":"SMITH"},{"data":"infinitespire:Execution","floor":23.0,"key":"SMITH"},{"data":"Shedinja:Thief","floor":25.0,"key":"SMITH"},{"data":"Shedinja:ConfuseRay","floor":32.0,"key":"SMITH"}],"circlet_count":0,"master_deck":["Shedinja:Scratch","Shedinja:Scratch","Shedinja:Endure","Shedinja:Endure","Shedinja:Endure","Shedinja:Endure","Shedinja:Endure","Shedinja:FocusSash","Shedinja:FocusSash","Shedinja:SuckerPunch","expansioncontent:Torchfire","Shedinja:PowerBracer+1","infinitespire:Execution+1","Shedinja:Ether","Shedinja:Elixir+1","Shedinja:Mimic+1","Shedinja:Thief+1","Shedinja:ShadowSneak","Shedinja:ConfuseRay+1","Shedinja:RockyHelmet","Shedinja:MetalClaw","Shedinja:Substitute+1","Shedinja:HoneClaws+1","Shedinja:ArtifactCard","Shedinja:FinalGambit+1"],"relics":["Shedinja:WonderGuard","Bromod:ArcaneNullifier","Bromod:ArcaneMomentum","hubris:ToyBattleship","Eternal Feather","potionbrewer:BhaskarasWheel","Kunai","theJungle:Creamberry","Bromod:ArcaneTrickery","Bromod:ArcaneGuardian","hubris:Potato","elementalistmod:GreenCirclet","Bromod:ArcaneGrace"],"acts_visited":["Exordium","Exordium","theJungle:Jungle"],"potions_floor_usage":[],"damage_taken":[{"damage":0.0,"enemies":"2 Louse","floor":1.0,"turns":4.0},{"damage":0.0,"enemies":"Cultist","floor":5.0,"turns":5.0},{"damage":0.0,"enemies":"Lagavulin","floor":6.0,"turns":7.0},{"damage":0.0,"enemies":"Jaw Worm","floor":9.0,"turns":7.0},{"damage":0.0,"enemies":"HollowMod:MossKnight","floor":11.0,"turns":8.0},{"damage":0.0,"enemies":"Jaw Worm","floor":12.0,"turns":8.0},{"damage":0.0,"enemies":"Blue Slaver","floor":14.0,"turns":6.0},{"damage":0.0,"enemies":"The Guardian","floor":16.0,"turns":7.0},{"damage":0.0,"enemies":"theJungle:GiantWrat","floor":18.0,"turns":6.0},{"damage":0.0,"enemies":"Shell Parasite","floor":19.0,"turns":4.0},{"damage":0.0,"enemies":"JungleHuntersEvent","floor":20.0,"turns":9.0},{"damage":0.0,"enemies":"theJungle:Snecko_Cultist_And_Trap","floor":21.0,"turns":6.0},{"damage":0.0,"enemies":"theJungle:2_Phrogs","floor":24.0,"turns":5.0},{"damage":0.0,"enemies":"Snake Plant","floor":26.0,"turns":5.0},{"damage":0.0,"enemies":"theJungle:Cassacara","floor":27.0,"turns":5.0},{"damage":0.0,"enemies":"Snake Plant","floor":29.0,"turns":5.0},{"damage":0.0,"enemies":"theJungle:2_Snecko_Cultists","floor":31.0,"turns":5.0},{"damage":0.0,"enemies":"theJungle:TotemBoss","floor":33.0,"turns":9.0},{"damage":0,"enemies":"theFactory:BigBot","floor":35,"turns":7}],"seed_played":"3337028871778397723","potions_obtained":[{"floor":1.0,"key":"Dexterity Potion"},{"floor":11.0,"key":"infinitespire:BlackPotion"},{"floor":14.0,"key":"potionbrewer:ToxicPotion"},{"floor":19.0,"key":"Weak Potion"},{"floor":20.0,"key":"DistilledChaos"},{"floor":21.0,"key":"FearPotion"},{"floor":30.0,"key":"potionbrewer:StunPotion"},{"floor":30.0,"key":"potionbrewer:DiscountPotion"}],"is_trial":false,"path_per_floor":["M","?","$","?","M","E","R","T","MIM","R","E","M","?","M","R","B",null,"M","M","?","M","?","R","E","R","MIM","E","?","M","?","M","R","B",null,"M","$"],"character_chosen":"THE_DEFAULT","items_purchased":["Shedinja:PowerBracer"],"campfire_rested":0,"item_purchase_floors":[3],"current_hp_per_floor":[1,1,1,1,1,1,1,1,1,1,1,1,1,1,1,1,1,1,1,1,1,1,1,1,1,1,1,1,1,1,1,1,1,1,1,1,1],"gold":406,"neow_bonus":"RANDOM_COMMON_RELIC","is_daily":false,"chose_seed":false,"campfire_upgraded":6,"win_rate":0.0,"timestamp":1608983812,"path_taken":["M","?","?","?","M","E","R","?","MIM","R","E","?","?","M","R","BOSS","M","M","?","M","?","R","E","R","MIM","E","?","M","?","?","R","BOSS","M","$"],"items_purchased_type":["Card"],"build_version":"2020-12-22","purchased_purges":2,"victory":false,"max_hp_per_floor":[1,1,1,1,1,1,1,1,1,1,1,1,1,1,1,1,1,1,1,1,1,1,1,1,1,1,1,1,1,1,1,1,1,1,1,1,1],"card_choices":[{"not_picked":["Shedinja:ShadowBall","Shedinja:StruggleBug"],"picked":"Shedinja:SuckerPunch","floor":1.0},{"not_picked":["infinitespire:TheBestDefense","infinitespire:Starlight"],"picked":"infinitespire:Execution","floor":4.0},{"not_picked":["Shedinja:Absorb","Shedinja:ShadowClaw"],"picked":"Shedinja:Ether","floor":5.0},{"not_picked":["Shedinja:Absorb","Shedinja:Agility"],"picked":"Shedinja:Elixir","floor":6.0},{"not_picked":["Shedinja:WillOWisp","Shedinja:HoneClaws"],"picked":"Shedinja:Mimic","floor":9.0},{"not_picked":["Shedinja:Harden","Shedinja:Ether"],"picked":"Shedinja:Thief","floor":11.0},{"not_picked":["Shedinja:NightSlash","Shedinja:StruggleBug"],"picked":"Shedinja:ShadowSneak","floor":12.0},{"not_picked":["Shedinja:StruggleBug","Shedinja:ShadowBall","Shedinja:ShadowClaw"],"picked":"SKIP","floor":14.0},{"not_picked":["Shedinja:XScissor","Shedinja:HYPERBEAM"],"picked":"Shedinja:PokeBall","floor":16.0},{"not_picked":["Shedinja:Trick","Shedinja:Thief"],"picked":"Shedinja:ConfuseRay","floor":18.0},{"not_picked":["Shedinja:Facade","Shedinja:ShadowBall","Shedinja:SuckerPunch"],"picked":"SKIP","floor":19.0},{"not_picked":["Shedinja:ShadowClaw","Shedinja:BugBuzz+1"],"picked":"Shedinja:RockyHelmet","floor":20.0},{"not_picked":["Shedinja:WillOWisp+1","Shedinja:Absorb"],"picked":"Shedinja:MetalClaw","floor":21.0},{"not_picked":["Shedinja:NightSlash+1","Shedinja:Facade"],"picked":"Shedinja:Substitute+1","floor":24.0},{"not_picked":["Shedinja:ShadowClaw","Shedinja:Harden+1"],"picked":"Shedinja:HoneClaws+1","floor":26.0},{"not_picked":["Shedinja:ShadowBall+1","Shedinja:WillOWisp"],"picked":"Shedinja:ArtifactCard","floor":27.0},{"not_picked":["Shedinja:RockyHelmet","Shedinja:StruggleBug","Shedinja:Absorb"],"picked":"SKIP","floor":29.0},{"not_picked":["Shedinja:GigaDrain+1","Shedinja:Absorb","Shedinja:FinalGambit+1"],"picked":"SKIP","floor":31.0},{"not_picked":["Shedinja:HYPERBEAM+1","Shedinja:Substitute+1"],"picked":"Shedinja:FinalGambit+1","floor":33.0},{"not_picked":["TheRailgun:Lightningbolt+1","TheRailgun:Electrical_Fire","TheRailgun:Sister_Network"],"picked":"SKIP","floor":35}],"player_experience":1035350,"relics_obtained":[{"floor":6.0,"key":"Bromod:ArcaneMomentum"},{"floor":9.0,"key":"hubris:ToyBattleship"},{"floor":11.0,"key":"Eternal Feather"},{"floor":20.0,"key":"Kunai"},{"floor":24.0,"key":"Bromod:ArcaneTrickery"},{"floor":26.0,"key":"Bromod:ArcaneGuardian"},{"floor":27.0,"key":"hubris:Potato"}],"event_choices":[{"damage_healed":0.0,"max_hp_gain":0.0,"max_hp_loss":0.0,"gold_gain":0.0,"event_name":"Match and Keep!","player_choice":"1 cards matched","floor":2.0,"gold_loss":0.0,"damage_taken":0.0,"cards_obtained":["expansioncontent:Torchfire"]},{"damage_healed":0.0,"max_hp_gain":0.0,"max_hp_loss":0.0,"gold_gain":0.0,"event_name":"Lab","player_choice":"Got Potions","floor":30.0,"gold_loss":0.0,"damage_taken":0.0}],"is_beta":false,"boss_relics":[{"not_picked":["Philosopher\u0027s Stone","infinitespire:Cupcake"],"picked":"potionbrewer:BhaskarasWheel"},{"not_picked":["hubris:GrandSneckoEye","hubris:RunicObelisk"],"picked":"Bromod:ArcaneGrace"}],"items_purged_floors":[3,36],"is_endless":false,"potions_floor_spawned":[1,11,14,19,20,21],"ascension_level":0}}