{"host":"9l1knhxfturzliqa","time":1608947790,"event":{"mods":["BaseMod","Colored Map","Colored Powertips","DeckTracker","Highlight Path","Keyboard Shortcuts","Minty Spire (QoL Compilation)","Quick Restart","Random Character Button"],"gold_per_floor":[112,129,129,142,159,159,159,159,159,194,213,232,246,263,263,362,412,431,356,375,375,387,387,397,397,444,444,455,455,455,455,455,455,455],"floor_reached":33,"playtime":1948,"items_purged":[],"score":301,"play_id":"56a62168-0cd8-4aec-aae0-0d5793f64903","local_time":"20201226105630","is_ascension_mode":true,"campfire_choices":[{"data":"Tactician","floor":6.0,"key":"SMITH"},{"data":"Cloak And Dagger","floor":8.0,"key":"SMITH"},{"floor":15.0,"key":"REST"},{"data":"After Image","floor":23.0,"key":"SMITH"},{"data":"Phantasmal Killer","floor":25.0,"key":"SMITH"},{"floor":30.0,"key":"REST"},{"data":"Noxious Fumes","floor":32.0,"key":"SMITH"}],"circlet_count":0,"master_deck":["Strike_G+1","Strike_G","Strike_G+1","Strike_G","Defend_G","Survivor","Neutralize+1","Cloak And Dagger+1","Dagger Throw","PiercingWail","Tactician+1","Phantasmal Killer+1","Dagger Spray","Finisher","Accuracy","After Image+1","Eviscerate","Noxious Fumes+1","Calculated Gamble","Prepared"],"relics":["Ring of the Snake","Pen Nib","Pear","Anchor","Tiny House","Juzu Bracelet","Blood Vial"],"acts_visited":["Exordium","TheCity"],"potions_floor_usage":[33],"damage_taken":[{"damage":0.0,"enemies":"Small Slimes","floor":1.0,"turns":4.0},{"damage":2.0,"enemies":"2 Louse","floor":2.0,"turns":3.0},{"damage":0.0,"enemies":"Cultist","floor":4.0,"turns":3.0},{"damage":0.0,"enemies":"2 Fungi Beasts","floor":5.0,"turns":3.0},{"damage":15.0,"enemies":"3 Sentries","floor":10.0,"turns":9.0},{"damage":3.0,"enemies":"Blue Slaver","floor":11.0,"turns":3.0},{"damage":0.0,"enemies":"3 Louse","floor":12.0,"turns":2.0},{"damage":9.0,"enemies":"Red Slaver","floor":13.0,"turns":5.0},{"damage":9.0,"enemies":"Exordium Thugs","floor":14.0,"turns":4.0},{"damage":22.0,"enemies":"Slime Boss","floor":16.0,"turns":9.0},{"damage":7.0,"enemies":"Spheric Guardian","floor":18.0,"turns":3.0},{"damage":21.0,"enemies":"2 Thieves","floor":20.0,"turns":5.0},{"damage":21.0,"enemies":"3 Cultists","floor":22.0,"turns":6.0},{"damage":1.0,"enemies":"Chosen and Byrds","floor":24.0,"turns":6.0},{"damage":20.0,"enemies":"Shelled Parasite and Fungi","floor":28.0,"turns":4.0},{"damage":50,"enemies":"Collector","floor":33,"turns":8}],"seed_played":"3501241701659805574","potions_obtained":[{"floor":2.0,"key":"BlessingOfTheForge"},{"floor":5.0,"key":"Swift Potion"},{"floor":10.0,"key":"BlessingOfTheForge"},{"floor":16.0,"key":"AttackPotion"},{"floor":17.0,"key":"CultistPotion"},{"floor":20.0,"key":"PowerPotion"},{"floor":28.0,"key":"Block Potion"}],"is_trial":false,"path_per_floor":["M","M","?","M","M","R","?","R","T","E","M","M","M","M","R","B",null,"M","?","M","?","M","R","M","R","T","?","M","?","R","?","R","B"],"character_chosen":"THE_SILENT","items_purchased":[],"campfire_rested":2,"item_purchase_floors":[],"current_hp_per_floor":[70,68,54,54,54,54,47,47,57,42,39,39,30,21,45,23,85,78,78,57,57,36,36,35,35,35,35,15,15,40,40,40,0,0],"gold":455,"neow_bonus":"RANDOM_COMMON_RELIC","is_daily":false,"chose_seed":false,"campfire_upgraded":5,"win_rate":0.0,"timestamp":1608947790,"path_taken":["M","M","?","M","M","R","?","R","T","E","M","M","M","M","R","BOSS","M","?","M","?","M","R","M","R","T","?","M","?","R","?","R","BOSS"],"items_purchased_type":[],"build_version":"2020-12-22","purchased_purges":0,"victory":false,"max_hp_per_floor":[70,70,70,70,70,70,70,70,80,80,80,80,80,80,80,80,85,85,85,85,85,85,85,85,85,85,85,85,85,85,85,85,85,85],"card_choices":[{"not_picked":["Crippling Poison","Flying Knee"],"picked":"Cloak And Dagger","floor":1.0},{"not_picked":["Slice","Outmaneuver"],"picked":"Dagger Throw","floor":2.0},{"not_picked":["Underhanded Strike","Masterful Stab"],"picked":"PiercingWail","floor":4.0},{"not_picked":["Underhanded Strike","Masterful Stab"],"picked":"Tactician","floor":5.0},{"not_picked":["Endless Agony","Terror"],"picked":"Phantasmal Killer","floor":10.0},{"not_picked":["Well Laid Plans","Catalyst"],"picked":"Dagger Spray","floor":11.0},{"not_picked":["Deadly Poison","Catalyst"],"picked":"Finisher","floor":12.0},{"not_picked":["Expertise","Blur"],"picked":"Accuracy","floor":13.0},{"not_picked":["Outmaneuver","Dagger Throw","PiercingWail"],"picked":"SKIP","floor":14.0},{"not_picked":["Tools of the Trade","Malaise"],"picked":"After Image","floor":16.0},{"not_picked":["Finisher","Flying Knee+1"],"picked":"Calculated Gamble","floor":18.0},{"not_picked":["Slice","Flying Knee"],"picked":"Eviscerate","floor":20.0},{"not_picked":["Slice","Choke"],"picked":"Noxious Fumes","floor":22.0},{"not_picked":["Caltrops","Corpse Explosion","Poisoned Stab"],"picked":"SKIP","floor":24.0},{"not_picked":["Riddle With Holes","PiercingWail","Deadly Poison"],"picked":"SKIP","floor":28.0}],"player_experience":245288,"relics_obtained":[{"floor":9.0,"key":"Pear"},{"floor":10.0,"key":"Anchor"},{"floor":26.0,"key":"Juzu Bracelet"}],"event_choices":[{"damage_healed":0.0,"max_hp_gain":0.0,"max_hp_loss":0.0,"gold_gain":0.0,"event_name":"Shining Light","player_choice":"Entered Light","floor":3.0,"gold_loss":0.0,"damage_taken":14.0,"cards_upgraded":["Strike_G","Strike_G"]},{"cards_removed":["Strike_G"],"damage_healed":0.0,"max_hp_gain":0.0,"max_hp_loss":0.0,"gold_gain":0.0,"event_name":"Golden Wing","player_choice":"Card Removal","floor":7.0,"gold_loss":0.0,"damage_taken":7.0},{"cards_removed":["Defend_G"],"damage_healed":0.0,"max_hp_gain":0.0,"max_hp_loss":0.0,"gold_gain":0.0,"event_name":"Beggar","player_choice":"Gave Gold","floor":19.0,"gold_loss":75.0,"damage_taken":0.0},{"cards_removed":["Defend_G"],"damage_healed":0.0,"max_hp_gain":0.0,"max_hp_loss":0.0,"gold_gain":0.0,"event_name":"Purifier","player_choice":"Purged","floor":21.0,"gold_loss":0.0,"damage_taken":0.0},{"damage_healed":0.0,"max_hp_gain":0.0,"max_hp_loss":0.0,"gold_gain":0.0,"cards_transformed":["Defend_G","Defend_G"],"event_name":"Drug Dealer","player_choice":"Became Test Subject","floor":27.0,"gold_loss":0.0,"damage_taken":0.0,"cards_obtained":["Calculated Gamble","Prepared"]},{"damage_healed":0.0,"max_hp_gain":0.0,"max_hp_loss":0.0,"gold_gain":0.0,"event_name":"The Mausoleum","player_choice":"Opened","floor":29.0,"gold_loss":0.0,"damage_taken":0.0,"relics_obtained":["Blood Vial"]},{"cards_removed":["Calculated Gamble"],"damage_healed":0.0,"max_hp_gain":0.0,"max_hp_loss":0.0,"gold_gain":0.0,"event_name":"Back to Basics","player_choice":"Elegance","floor":31.0,"gold_loss":0.0,"damage_taken":0.0}],"is_beta":false,"boss_relics":[{"not_picked":["SlaversCollar","Sozu"],"picked":"Tiny House"}],"items_purged_floors":[],"is_endless":false,"potions_floor_spawned":[2,5,10,16,20,28],"killed_by":"Collector","ascension_level":2}}