{"host":"fhq3k2nq5elnbks3","time":1608969484,"event":{"mods":["2.2 Compatiblity","AchievementEnabler","Act Like it!","AlwaysNeverKeys","Aspiration","Astrologer","Bard","BaseMod","Better Altar","Better Vampires","Better-Laid Plans","Block Reminder","CCEM","CapriCore","Card Filter","Colored Powertips","Conspire","Displayed Cursed Tome","Ekko","Energized Spire","Fireblade Mod","Friendly Minions","FutureSeer","GifTheSpireLib","Gremlin Mod","Gremlin Skip","HololiveMod","Hunter ??","Infinite Spire","Jorbs\u0027s Wanderer Trilogy","Koishi","Magitek Elite","Marisa????????","Mathemortician","Minty Spire (QoL Compilation)","Onozuka Komachi Mod","Pale of the Ancients","Permanent Neow","Prisma Mod","Quick Restart","Reimu??????","Relic Filter","Robot Space Explorer","Shop Mod","Somnambulant","Spikes Relics","StSLib","Stuff the Spire","SuperFastMode","The Blackbeard","The Cursed","The Death Knight","The Druid","The Exordian Avenger","The Gatherer","The Hierophant","The Marked","The Necromancer","The Runesmith","The Servant 0.9.4","The Trickster","The Valiant","The Wild Card","TheBandit","Trackpad","Transform Curses","Uncapped","Unknown Chances","Wandering Minibosses","thorton","vexMod"],"gold_per_floor":[110,122,134,146,163,163,163,177,177,30,30,43,43,58,58,58,58],"floor_reached":16,"playtime":815,"items_purged":[],"score":121,"play_id":"9f6d0c5b-8539-452a-bc5e-7a73967ed1ac","local_time":"20201226015804","daily_mods":["Vintage","Heirloom","Time Dilation","Flight"],"is_ascension_mode":false,"campfire_choices":[{"data":"Zap","floor":6,"key":"SMITH"},{"data":"Dualcast","floor":7,"key":"SMITH"},{"data":"Defend_B","floor":11,"key":"SMITH"},{"data":"Defend_B","floor":13,"key":"SMITH"},{"data":"Defend_B","floor":15,"key":"SMITH"}],"circlet_count":0,"master_deck":["Strike_B","Strike_B","Strike_B","Strike_B","Defend_B","Defend_B+1","Defend_B+1","Defend_B+1","Zap+1"],"relics":["Cracked Core","StuffTheSpire:DarkSteelAnvil","StuffTheSpire:Gunfinga","Bag of Marbles","Boot","conspire:TopHat","PreservedInsect","MerchantsRug","infinitespire:Freezer","StuffTheSpire:RubySignet","StuffTheSpire:Rhapsscallions"],"acts_visited":["Exordium"],"potions_floor_usage":[5],"damage_taken":[{"damage":18,"enemies":"infinitespire:Voidling","floor":1,"turns":4},{"damage":30,"enemies":"Jaw Worm","floor":2,"turns":6},{"damage":0,"enemies":"Cultist","floor":3,"turns":3},{"damage":0,"enemies":"conspire:2 RoseBushes","floor":4,"turns":5},{"damage":31,"enemies":"Large Slime","floor":5,"turns":8},{"damage":8,"enemies":"Exordium Thugs","floor":8,"turns":3},{"damage":0,"enemies":"2 Fungi Beasts","floor":12,"turns":3},{"damage":0,"enemies":"Large Slime","floor":14,"turns":2},{"damage":17,"enemies":"Hexaghost","floor":16,"turns":10}],"seed_played":"-2493547669032616847","potions_obtained":[{"floor":3,"key":"DuplicationPotion"},{"floor":4,"key":"PowerPotion"},{"floor":5,"key":"Strength Potion"},{"floor":8,"key":"PotionOfCapacity"}],"is_trial":true,"path_per_floor":["M","M","M","M","M","R","R","M","T","$","R","M","R","M","R","B"],"character_chosen":"DEFECT","items_purchased":["MerchantsRug","infinitespire:Freezer"],"campfire_rested":0,"item_purchase_floors":[10,10],"current_hp_per_floor":[64,48,48,48,17,17,17,9,9,9,9,9,9,15,15,0,0],"gold":58,"neow_bonus":"","is_daily":false,"chose_seed":false,"campfire_upgraded":5,"win_rate":0.0,"timestamp":1608969484,"path_taken":["M","M","M","M","M","R","R","M","T","$","R","M","R","M","R","BOSS"],"items_purchased_type":["Relic","Relic"],"build_version":"2020-12-22","purchased_purges":0,"victory":false,"max_hp_per_floor":[75,89,89,89,89,89,89,89,89,89,89,89,89,95,95,95,95],"card_choices":[],"player_experience":412183,"relics_obtained":[{"floor":1,"key":"StuffTheSpire:Gunfinga"},{"floor":2,"key":"Mango"},{"floor":3,"key":"Bag of Marbles"},{"floor":4,"key":"Boot"},{"floor":5,"key":"infinitespire:Eraser"},{"floor":8,"key":"conspire:TopHat"},{"floor":9,"key":"PreservedInsect"},{"floor":12,"key":"StuffTheSpire:RubySignet"},{"floor":14,"key":"StuffTheSpire:Rhapsscallions"}],"event_choices":[],"is_beta":false,"boss_relics":[],"items_purged_floors":[],"is_endless":false,"potions_floor_spawned":[3,4,5,8],"killed_by":"Hexaghost","ascension_level":0}}