{"host":"nak33n7iw6yqkk3u","time":1608998778,"event":{"mods":["AchievementEnabler","Act Like it!","BaseMod","BetterRewards","Colored Map","Colored Powertips","DeckTracker","Downfall","Friendly Minions","Gensokyo","Hubris","Kiyohime£®«Âºß£©","Koishi","Marisa£®ÏF”Í°°ƒß¿Ì…≥£©","Minty Spire (QoL Compilation)","Quick Restart","Rare Cards Sparkle","Reimu£®≤©¿ˆ¡È√Œ£©","Remilia£®¿Ÿ√◊¿Ú—«£©","RumiaBox-¬∂√◊Ê´µƒ…Ò√ÿ∫–◊”","Shop Mod","StSLib","The Bug Knight","Waifu the Spire","Youmu£®ªÍ∆«—˝√Œ£©","Yuyuko","[IsaacMod]“‘»ˆº‚À˛","everything is the same but u backflip on backflip"],"gold_per_floor":[99,99,99,199,199,199,199,212,228,238,255,269,369,55,75,183,183,108,136,136,150,169,197,224,224,257,98,125,125,125,125],"floor_reached":29,"playtime":1198,"items_purged":["Writhe"],"score":293,"play_id":"e48e63ec-8d3d-413d-8c9d-1ce5d886fc9c","local_time":"20201227000618","is_ascension_mode":true,"campfire_choices":[{"floor":1,"key":"RECALL"},{"data":"hexamod:SearingWound","floor":18,"key":"SMITH"}],"circlet_count":0,"master_deck":["hexamod:Strike+1","hexamod:Strike+1","hexamod:Strike+1","hexamod:Strike+1","hexamod:Defend+1","hexamod:Defend+1","hexamod:Defend+1","hexamod:Defend+1","hexamod:Sear","hexamod:Float","hexamod:RainOfEmbers","hexamod:FourthSeal","hexamod:Firestarter","hexamod:Firestarter","hexamod:PhantomFireball","hexamod:SearingWound+1","hexamod:HeatShield","hexamod:ThirdSeal","hexamod:SecondSeal","hexamod:SuperheatedStrike","hexamod:Toasty","hexamod:VolcanoVisage","hexamod:NightmareGuise","hexamod:Firestarter","hexamod:ExtraCrispy","hexamod:SwordOfDarkness+1","hexamod:Firestarter+1","hexamod:BurningTouch","hexamod:SoulSteal","hexamod:Firestarter"],"relics":["hexamod:SpiritBrand","HushsDoor","downfall:HeartsMalice","Chaos","downfall:BrokenWingStatue","MoreBug","hubris:SphereOfDissonance","Calipers","downfall:HeartBlessingRed","TungstenRod","SecretRecord","Dream Catcher","hubris:TenFootPole"],"acts_visited":["Exordium","TheCity"],"potions_floor_usage":[11,12,12,15,16,19,23,23,23,27,29],"damage_taken":[{"damage":0,"enemies":"Small Slimes","floor":2,"turns":1},{"damage":0,"enemies":"Jaw Worm","floor":3,"turns":1},{"damage":0,"enemies":"Cultist","floor":5,"turns":1},{"damage":0,"enemies":"Blue Slaver","floor":8,"turns":3},{"damage":0,"enemies":"Exordium Wildlife","floor":9,"turns":1},{"damage":24,"enemies":"2 Fungi Beasts","floor":10,"turns":5},{"damage":6,"enemies":"Large Slime","floor":11,"turns":5},{"damage":9,"enemies":"3 Louse","floor":12,"turns":4},{"damage":0,"enemies":"downfall:FleeingMerchant","floor":14,"turns":4},{"damage":14,"enemies":"Exordium Thugs","floor":15,"turns":5},{"damage":20,"enemies":"downfall:Silent","floor":16,"turns":8},{"damage":9,"enemies":"Spheric Guardian","floor":19,"turns":4},{"damage":8,"enemies":"Shell Parasite","floor":21,"turns":3},{"damage":12,"enemies":"Centurion and Healer","floor":22,"turns":5},{"damage":31,"enemies":"Slavers","floor":23,"turns":7},{"damage":7,"enemies":"HollowMod:Nosk","floor":26,"turns":5},{"damage":0,"enemies":"downfall:FleeingMerchant","floor":27,"turns":4},{"damage":7,"enemies":"Snecko","floor":28,"turns":4},{"damage":16,"enemies":"Slavers","floor":29,"turns":1}],"seed_played":"-6488961698731268159","potions_obtained":[{"floor":8,"key":"champ:CounterPotion"},{"floor":8,"key":"Fire Potion"},{"floor":9,"key":"EssenceOfSteel"},{"floor":10,"key":"SpeedPotion"},{"floor":11,"key":"SpeedPotion"},{"floor":12,"key":"SneckoOil"},{"floor":14,"key":"GamblersBrew"},{"floor":15,"key":"Ancient Potion"},{"floor":16,"key":"Dexterity Potion"},{"floor":19,"key":"GamblersBrew"},{"floor":26,"key":"Fire Potion"},{"floor":28,"key":"Fire Potion"}],"is_trial":false,"path_per_floor":["R","M","M","?","M","?","T","M","M","M","M","M","?","$","M","B",null,"R","M","?","M","M","E","T","?","E","$","M","E"],"character_chosen":"THE_SPIRIT","items_purchased":["hexamod:SecondSeal","hubris:SphereOfDissonance","hexamod:SoulSteal"],"campfire_rested":0,"item_purchase_floors":[14,14,27],"current_hp_per_floor":[70,70,70,70,70,70,70,70,70,53,47,42,42,42,35,29,70,70,62,62,58,47,16,16,16,9,15,10,0,0,0],"gold":125,"neow_bonus":"THREE_ENEMY_KILL","is_daily":false,"chose_seed":false,"campfire_upgraded":1,"win_rate":0.0,"timestamp":1608998778,"path_taken":["R","M","M","?","M","?","T","M","M","M","M","?","?","$","M","BOSS","R","M","?","M","M","E","T","?","E","$","?","E"],"items_purchased_type":["Card","Relic","Card"],"build_version":"2020-12-22","purchased_purges":1,"victory":false,"max_hp_per_floor":[70,70,70,70,70,70,70,70,70,70,70,70,70,70,70,70,70,70,70,70,70,70,70,70,70,70,70,70,70,70,70],"card_choices":[{"not_picked":[],"picked":"Bomb","floor":0},{"not_picked":["hexamod:RainOfEmbers","hexamod:RecurringNightmare"],"picked":"Bomb","floor":2},{"not_picked":["hexamod:RadiantFlame","hexamod:SwordOfDarkness"],"picked":"hexamod:RainOfEmbers","floor":3},{"not_picked":["hexamod:BacktrackSmack","hexamod:Firestarter"],"picked":"hexamod:FourthSeal","floor":5},{"not_picked":["hexamod:HeatShield","hexamod:Again"],"picked":"hexamod:Firestarter","floor":8},{"not_picked":["hexamod:HeatShield","hexamod:GhostOfSpirePast"],"picked":"hexamod:Firestarter","floor":9},{"not_picked":["hexamod:NightmareGuise","hexamod:NightmareStrike"],"picked":"hexamod:PhantomFireball","floor":10},{"not_picked":["hexamod:SkipABeat","hexamod:BacktrackSmack"],"picked":"hexamod:SearingWound","floor":11},{"not_picked":["hexamod:CatchUp","hexamod:FastForward"],"picked":"hexamod:HeatShield","floor":12},{"not_picked":["hexamod:HauntingEcho","hexamod:Hexaguard"],"picked":"hexamod:ThirdSeal","floor":14},{"not_picked":["Bomb","hexamod:Firestarter"],"picked":"hexamod:SuperheatedStrike","floor":15},{"not_picked":["hexamod:GhostLash","hexamod:PhantomCloak","hexamod:FourthSeal"],"picked":"SKIP","floor":15},{"not_picked":["hexamod:TimeOfNeed","hexamod:HexaLevel"],"picked":"hexamod:Toasty","floor":16},{"not_picked":["hexamod:TimeWarp","hexamod:EmpoweringStance"],"picked":"hexamod:VolcanoVisage","floor":16},{"not_picked":["hexamod:InspiringFlames+1","hexamod:Hexaguard"],"picked":"hexamod:NightmareGuise","floor":19},{"not_picked":["hexamod:HauntingEcho","hexamod:SpectralAdrenaline"],"picked":"hexamod:Firestarter","floor":21},{"not_picked":["hexamod:ShieldOfDarkness","hexamod:NightmareGuise"],"picked":"hexamod:ExtraCrispy","floor":22},{"not_picked":["hexamod:UnleashSpirits","hexamod:CrushingStance"],"picked":"hexamod:SwordOfDarkness+1","floor":23},{"not_picked":["hexamod:GhostOfSpirePresent","hexamod:RadiantFlame"],"picked":"hexamod:Firestarter+1","floor":26},{"not_picked":["hexamod:Firestarter","hexamod:GhostLash"],"picked":"hexamod:BurningTouch","floor":27},{"not_picked":["hexamod:BacktrackSmack","hexamod:NightmareStrike"],"picked":"hexamod:Firestarter","floor":28},{"not_picked":["hexamod:SwordOfDarkness","hexamod:EmpoweredFlame+1","hexamod:DynamicBlow"],"picked":"SKIP","floor":28}],"player_experience":410457,"relics_obtained":[{"floor":7,"key":"MoreBug"},{"floor":23,"key":"TungstenRod"},{"floor":24,"key":"SecretRecord"},{"floor":26,"key":"hubris:TenFootPole"}],"event_choices":[{"damage_healed":0,"gold_gain":0,"player_choice":"Simplicity","damage_taken":0,"max_hp_gain":0,"max_hp_loss":0,"event_name":"Back to Basics","floor":20,"gold_loss":0,"cards_upgraded":["hexamod:Strike","hexamod:Strike","hexamod:Strike","hexamod:Strike","hexamod:Defend","hexamod:Defend","hexamod:Defend","hexamod:Defend"]}],"is_beta":false,"boss_relics":[{"not_picked":["Omamori","hubris:FunFungus"],"picked":"Calipers"},{"not_picked":[]}],"items_purged_floors":[27],"is_endless":false,"potions_floor_spawned":[8,9,10,16,19,28],"killed_by":"Slavers","ascension_level":1}}