{"host":"zr590xw2unlz0wv7","time":1608977496,"event":{"mods":["BaseMod","Minty Spire (QoL Compilation)","READ ME - Guardian Mod","StSLib"],"gold_per_floor":[115,131,131,16,16,16,50,50,77,91,109,166,183,133,133,237,237,252,252,271,29,39,70,70,87,87,87,105,105,115,115,115,115,115],"floor_reached":33,"playtime":1978,"items_purged":["Strike_B"],"score":415,"play_id":"d190d674-9bf6-4270-9bef-7efeb4744d6b","local_time":"20201226181136","is_ascension_mode":true,"campfire_choices":[{"data":"Dualcast","floor":8.0,"key":"SMITH"},{"data":"Defragment","floor":15.0,"key":"SMITH"},{"floor":24.0,"key":"REST"},{"floor":32,"key":"REST"}],"circlet_count":0,"master_deck":["Defend_B","Defend_B","Defend_B","Zap","Dualcast+1","Defragment","Defragment+1","Glacier","Conserve Battery","Amplify","Dark Shackles","Thunder Strike","Hologram","Doom and Gloom","Loop","Rainbow","Barrage","Ball Lightning+1","J.A.X.","Core Surge","Bite","Bite","Bite","Bite","Bite"],"relics":["Cracked Core","NeowsBlessing","Oddly Smooth Stone","Omamori","Lantern","Nunchaku","Cursed Key","Kunai"],"acts_visited":[],"potions_floor_usage":[27,33],"damage_taken":[{"damage":0.0,"enemies":"2 Louse","floor":1.0,"turns":1.0},{"damage":0.0,"enemies":"Jaw Worm","floor":2.0,"turns":1.0},{"damage":0.0,"enemies":"3 Sentries","floor":7.0,"turns":1.0},{"damage":6.0,"enemies":"Small Slimes","floor":10.0,"turns":4.0},{"damage":4.0,"enemies":"2 Fungi Beasts","floor":11.0,"turns":3.0},{"damage":6.0,"enemies":"3 Sentries","floor":12.0,"turns":12.0},{"damage":0.0,"enemies":"Red Slaver","floor":13.0,"turns":3.0},{"damage":14.0,"enemies":"Slime Boss","floor":16.0,"turns":17.0},{"damage":11.0,"enemies":"3 Byrds","floor":18.0,"turns":7.0},{"damage":4.0,"enemies":"Shell Parasite","floor":20.0,"turns":10.0},{"damage":1.0,"enemies":"Chosen and Byrds","floor":22.0,"turns":6.0},{"damage":31.0,"enemies":"Slavers","floor":23.0,"turns":9.0},{"damage":4.0,"enemies":"Snecko","floor":25.0,"turns":5.0},{"damage":0,"enemies":"Gremlin Leader","floor":27,"turns":1},{"damage":3,"enemies":"Snake Plant","floor":28,"turns":5},{"damage":22,"enemies":"Chosen and Byrds","floor":30,"turns":6},{"damage":138,"enemies":"Automaton","floor":33,"turns":12}],"seed_played":"7461546997134715821","potions_obtained":[{"floor":2.0,"key":"FairyPotion"},{"floor":10.0,"key":"GamblersBrew"},{"floor":13.0,"key":"ColorlessPotion"},{"floor":16.0,"key":"Dexterity Potion"},{"floor":18.0,"key":"SpeedPotion"},{"floor":23.0,"key":"Dexterity Potion"},{"floor":25.0,"key":"SmokeBomb"}],"is_trial":false,"path_per_floor":["M","M","?","$","?","?","E","R","T","M","M","?","M","?","R","B",null,"M","?","M","$","M","E","R","M","T","E","M","?","M","?","R","B"],"character_chosen":"DEFECT","items_purchased":["Defragment","Loop","Rainbow"],"campfire_rested":2,"item_purchase_floors":[4,21,21],"current_hp_per_floor":[75,75,68,68,56,56,56,56,56,50,46,40,40,40,40,26,63,52,52,48,48,47,16,38,34,34,34,31,31,9,9,24,0,0],"gold":115,"neow_bonus":"THREE_ENEMY_KILL","is_daily":false,"chose_seed":false,"campfire_upgraded":2,"win_rate":0.0,"timestamp":1608977496,"path_taken":["M","M","?","$","?","?","E","R","T","M","M","?","M","?","R","BOSS","M","?","?","$","M","E","R","M","T","E","M","?","M","?","R","BOSS"],"items_purchased_type":["Card","Card","Card"],"build_version":"2020-12-22","purchased_purges":1,"victory":false,"max_hp_per_floor":[75,75,75,75,75,75,75,75,75,75,75,75,75,75,75,75,75,75,75,75,75,75,75,75,75,75,75,75,75,75,52,52,52,52],"card_choices":[{"not_picked":["Rebound","Leap","Stack"],"picked":"SKIP","floor":1.0},{"not_picked":["Barrage","Streamline","Turbo"],"picked":"SKIP","floor":2.0},{"not_picked":["Gash","Darkness"],"picked":"Defragment","floor":7.0},{"not_picked":["Steam","Streamline","Turbo"],"picked":"SKIP","floor":10.0},{"not_picked":["White Noise","Self Repair"],"picked":"Glacier","floor":11.0},{"not_picked":["Undo","Go for the Eyes"],"picked":"Conserve Battery","floor":12.0},{"not_picked":["Turbo","Leap","Hello World"],"picked":"SKIP","floor":13.0},{"not_picked":["Hyperbeam","Buffer"],"picked":"Amplify","floor":16.0},{"not_picked":["Compile Driver","Rebound+1","Gash+1"],"picked":"SKIP","floor":18.0},{"not_picked":["Ball Lightning","Turbo+1"],"picked":"Doom and Gloom","floor":20.0},{"not_picked":["Force Field+1","Chill","Storm+1"],"picked":"SKIP","floor":22.0},{"not_picked":["Stack","Hello World"],"picked":"Barrage","floor":23.0},{"not_picked":["Beam Cell+1","Steam Power","Go for the Eyes"],"picked":"SKIP","floor":25.0},{"not_picked":["Heatsinks+1","Sweeping Beam"],"picked":"Ball Lightning+1","floor":28},{"not_picked":["Gash","Cold Snap+1"],"picked":"Core Surge","floor":30}],"player_experience":521473,"relics_obtained":[{"floor":7.0,"key":"Omamori"},{"floor":9.0,"key":"Lantern"},{"floor":23.0,"key":"Kunai"}],"event_choices":[{"cards_removed":["Strike_B"],"damage_healed":0.0,"max_hp_gain":0.0,"max_hp_loss":0.0,"gold_gain":0.0,"event_name":"Golden Wing","player_choice":"Card Removal","floor":3.0,"gold_loss":0.0,"damage_taken":7.0},{"damage_healed":0.0,"max_hp_gain":0.0,"max_hp_loss":0.0,"gold_gain":0.0,"event_name":"Scrap Ooze","player_choice":"Success","floor":5.0,"gold_loss":0.0,"damage_taken":12.0,"relics_obtained":["Oddly Smooth Stone"]},{"damage_healed":0.0,"max_hp_gain":0.0,"max_hp_loss":0.0,"gold_gain":0.0,"event_name":"Shining Light","player_choice":"Ignored","floor":6.0,"gold_loss":0.0,"damage_taken":0.0},{"damage_healed":0.0,"max_hp_gain":0.0,"max_hp_loss":0.0,"gold_gain":30.0,"event_name":"Dead Adventurer","player_choice":"Searched \u00273\u0027 times","floor":12.0,"gold_loss":0.0,"damage_taken":0.0,"relics_obtained":["Nunchaku"]},{"cards_removed":["Defend_B"],"damage_healed":0.0,"max_hp_gain":0.0,"max_hp_loss":0.0,"gold_gain":0.0,"event_name":"The Cleric","player_choice":"Card Removal","floor":14.0,"gold_loss":50.0,"damage_taken":0.0},{"damage_healed":0.0,"max_hp_gain":0.0,"max_hp_loss":0.0,"gold_gain":0.0,"event_name":"Match and Keep!","player_choice":"3 cards matched","floor":19.0,"gold_loss":0.0,"damage_taken":0.0,"cards_obtained":["Dark Shackles","Thunder Strike","Hologram"]},{"damage_healed":0,"gold_gain":0,"player_choice":"Obtain J.A.X.","damage_taken":0,"max_hp_gain":0,"max_hp_loss":0,"event_name":"Drug Dealer","floor":29,"gold_loss":0,"cards_obtained":["J.A.X."]},{"damage_healed":0,"gold_gain":0,"player_choice":"Became a vampire","damage_taken":0,"max_hp_gain":0,"max_hp_loss":23,"event_name":"Vampires","floor":31,"gold_loss":0,"cards_obtained":["Bite","Bite","Bite","Bite","Bite"]}],"is_beta":false,"boss_relics":[{"not_picked":["SacredBark","Busted Crown"],"picked":"Cursed Key"}],"items_purged_floors":[4],"is_endless":false,"potions_floor_spawned":[2,10,13,16,18,23,25,27],"killed_by":"Automaton","ascension_level":5}}