{"host":"w7dhjqgqsib0c3vt","time":1608986842,"event":{"mods":["ATMod(°¢èªMod)","BaseMod","Minty Spire (QoL Compilation)","Shop Mod","StSLib","TheWitcher"],"gold_per_floor":[109,11,11,11,11,52,75,75,101,20,45,59,59,95,95,191,191,212,212,17,38,38,38],"floor_reached":22,"playtime":662,"items_purged":[],"score":336,"play_id":"00c2a9be-37e7-4d00-b095-731afec4adb8","local_time":"20201226204722","is_ascension_mode":true,"campfire_choices":[{"floor":8,"key":"REST"},{"floor":15,"key":"REST"}],"circlet_count":0,"master_deck":["AscendersBane","Strike_R","Strike_R","Strike_R","Strike_R","Strike_R","Defend_R","Defend_R","Defend_R","Defend_R","Bash","Barricade","AT_KingSlayer","Rupture","Wild Strike","AT_BodySlamDance","Injury","Thunderclap","AT_ManFootWork","AT_CaressingTears","Flex","AT_Dispersion","AT_IchimonjiDouble","AT_ShrugMaster","AT_BodySlamDance+1","Spot Weakness","Offering","Pummel"],"relics":["Black Blood","AT_ATBox","Singing Bowl","Golden Idol","Mercury Hourglass","AT_SpeedBoots","AT_DeathDance","AT_SunfireAegis","Orrery"],"acts_visited":["TheCity"],"potions_floor_usage":[11,14,21],"damage_taken":[{"damage":14,"enemies":"Cultist","floor":1,"turns":5},{"damage":33,"enemies":"Lagavulin","floor":6,"turns":10},{"damage":12,"enemies":"Jaw Worm","floor":7,"turns":2},{"damage":15,"enemies":"2 Louse","floor":11,"turns":2},{"damage":14,"enemies":"Blue Slaver","floor":12,"turns":3},{"damage":22,"enemies":"3 Sentries","floor":14,"turns":5},{"damage":30,"enemies":"The Guardian","floor":16,"turns":11},{"damage":34,"enemies":"3 Byrds","floor":18,"turns":4},{"damage":25,"enemies":"Shell Parasite","floor":21,"turns":4},{"damage":32,"enemies":"Snake Plant","floor":22,"turns":4}],"seed_played":"807208802715496407","potions_obtained":[{"floor":6,"key":"SneckoOil"},{"floor":11,"key":"CultistPotion"},{"floor":18,"key":"FearPotion"}],"is_trial":false,"path_per_floor":["M","$","?","?","?","E","M","R","T","$","M","M","?","E","R","B",null,"M","?","$","M","M"],"character_chosen":"IRONCLAD","items_purchased":["Wild Strike","AT_BodySlamDance","AT_ManFootWork","Orrery","Pummel"],"campfire_rested":2,"item_purchase_floors":[2,2,10,20,20],"current_hp_per_floor":[60,60,60,60,60,35,29,50,50,50,43,35,30,23,44,21,59,37,37,41,31,0,0],"gold":38,"neow_bonus":"THREE_RARE_CARDS","is_daily":false,"chose_seed":false,"campfire_upgraded":0,"win_rate":0.0,"timestamp":1608986842,"path_taken":["M","$","?","?","?","E","M","R","T","?","M","?","?","E","R","BOSS","M","?","$","M","M"],"items_purchased_type":["Card","Card","Card","Relic","Card"],"build_version":"2020-12-22","purchased_purges":0,"victory":false,"max_hp_per_floor":[68,68,68,68,68,70,70,70,70,70,72,72,72,72,72,72,72,72,72,76,78,78,78],"card_choices":[{"not_picked":["Feed","Berserk"],"picked":"Barricade","floor":0},{"not_picked":["Clothesline","Power Through"],"picked":"Rupture","floor":1},{"not_picked":["Warcry","True Grit","Uppercut"],"picked":"Singing Bowl","floor":6},{"not_picked":["Perfected Strike","Juggernaut"],"picked":"Thunderclap","floor":7},{"not_picked":["Clash","Intimidate","Sword Boomerang"],"picked":"Singing Bowl","floor":11},{"not_picked":["Carnage","Uppercut"],"picked":"AT_CaressingTears","floor":12},{"not_picked":["Sword Boomerang","Clothesline"],"picked":"Flex","floor":14},{"not_picked":["Fiend Fire","Barricade"],"picked":"AT_Dispersion","floor":16},{"not_picked":["Disarm","True Grit"],"picked":"AT_IchimonjiDouble","floor":18},{"not_picked":["Iron Wave","Warcry","Anger"],"picked":"Singing Bowl","floor":20},{"not_picked":["Whirlwind","Spot Weakness"],"picked":"AT_BodySlamDance+1","floor":20},{"not_picked":["Rampage","Havoc"],"picked":"Spot Weakness","floor":20},{"not_picked":["True Grit","Headbutt"],"picked":"Offering","floor":20},{"not_picked":["Thunderclap+1","Metallicize","Warcry"],"picked":"Singing Bowl","floor":20},{"not_picked":["Battle Trance","Disarm","Dropkick"],"picked":"Singing Bowl","floor":21}],"player_experience":581912,"relics_obtained":[{"floor":6,"key":"Mercury Hourglass"},{"floor":9,"key":"AT_SpeedBoots"},{"floor":14,"key":"AT_SunfireAegis"}],"event_choices":[{"damage_healed":0,"gold_gain":0,"player_choice":"Box","damage_taken":0,"relics_obtained":["Singing Bowl"],"max_hp_gain":0,"max_hp_loss":0,"event_name":"Big Fish","floor":3,"gold_loss":0,"cards_obtained":["Regret"]},{"damage_healed":0,"gold_gain":0,"player_choice":"Take Wound","damage_taken":0,"relics_obtained":["Golden Idol"],"max_hp_gain":0,"max_hp_loss":0,"event_name":"Golden Idol","floor":4,"gold_loss":0,"cards_obtained":["Injury"]},{"cards_removed":["Regret"],"damage_healed":0,"gold_gain":0,"player_choice":"Forget","damage_taken":0,"max_hp_gain":0,"max_hp_loss":0,"event_name":"Living Wall","floor":5,"gold_loss":0},{"damage_healed":0,"gold_gain":0,"player_choice":"Success","damage_taken":5,"relics_obtained":["AT_DeathDance"],"max_hp_gain":0,"max_hp_loss":0,"event_name":"Scrap Ooze","floor":13,"gold_loss":0},{"damage_healed":0,"gold_gain":0,"player_choice":"Read","damage_taken":0,"max_hp_gain":0,"max_hp_loss":0,"event_name":"The Library","floor":19,"gold_loss":0,"cards_obtained":["AT_ShrugMaster"]}],"is_beta":false,"boss_relics":[{"not_picked":["Philosopher\u0027s Stone","Fusion Hammer"],"picked":"Black Blood"}],"items_purged_floors":[],"is_endless":false,"potions_floor_spawned":[6,11,18],"killed_by":"Snake Plant","ascension_level":15}}