{"host":"cwd5s03r1oaxs6mx","time":1608999596,"event":{"mods":["Act Like it!","BaseMod","Better Third Choice","BetterRewards","CapriCore","Card Filter","Colored Map","Custom Start","DeckTracker","Friendly Minions","Hubris","Infinite Spire","Minty Spire (QoL Compilation)","Quick Restart","Relic Stats","Shop Mod","Spicy Shops","StSLib","SuperFastMode","The Gatherer"],"gold_per_floor":[114,132,75,22,37,69,89,89,169,43,55,70,70,98,98,174,174,185,205,217,51,51,76,76,91,91,91,91],"floor_reached":27,"playtime":721,"items_purged":["Strike_G","Strike_G","Strike_G"],"score":740,"play_id":"15db5305-dd6a-4b45-91fd-283e99d4bff3","local_time":"20201227011956","is_ascension_mode":true,"campfire_choices":[{"data":"Catalyst","floor":8,"key":"SMITH"},{"data":"Bane","floor":13,"key":"SMITH"},{"data":"Poisoned Stab","floor":15,"key":"SMITH"},{"data":"Neutralize","floor":24,"key":"SMITH"}],"circlet_count":0,"master_deck":["AscendersBane","Strike_G","Strike_G","Defend_G","Defend_G","Defend_G","Defend_G","Defend_G","Survivor","Neutralize+1","Bane+1","Catalyst+1","Poisoned Stab+1","Poisoned Stab","Bane","Corpse Explosion","Burst","Deflect+1","Noxious Fumes+1","Calculated Gamble+1"],"relics":["Ring of the Snake","TwistedFunnel","MealTicket","infinitespire:EmpoweringShard","Blue Candle","infinitespire:Cupcake","Sundial","Lantern"],"acts_visited":["Exordium","TheCity"],"potions_floor_usage":[6],"damage_taken":[{"damage":4,"enemies":"Small Slimes","floor":1,"turns":3},{"damage":0,"enemies":"Cultist","floor":2,"turns":2},{"damage":1,"enemies":"2 Louse","floor":5,"turns":2},{"damage":36,"enemies":"Gremlin Nob","floor":6,"turns":4},{"damage":8,"enemies":"Exordium Thugs","floor":7,"turns":3},{"damage":0,"enemies":"Gremlin Gang","floor":11,"turns":2},{"damage":0,"enemies":"Red Slaver","floor":12,"turns":1},{"damage":9,"enemies":"3 Sentries","floor":14,"turns":7},{"damage":21,"enemies":"The Guardian","floor":16,"turns":9},{"damage":12,"enemies":"Shell Parasite","floor":18,"turns":3},{"damage":0,"enemies":"Chosen","floor":19,"turns":3},{"damage":13,"enemies":"Centurion and Healer","floor":20,"turns":3},{"damage":23,"enemies":"Gremlin Leader","floor":23,"turns":6},{"damage":7,"enemies":"Cultist and Chosen","floor":25,"turns":5},{"damage":16,"enemies":"Shelled Parasite and Fungi","floor":27,"turns":3}],"seed_played":"-7398760963777250388","potions_obtained":[{"floor":5,"key":"Poison Potion"},{"floor":6,"key":"Fruit Juice"},{"floor":12,"key":"CultistPotion"},{"floor":16,"key":"Energy Potion"}],"is_trial":false,"path_per_floor":["M","M","?","$","M","E","M","R","T","$","M","M","R","E","R","B",null,"M","M","M","$","?","E","R","M","T","M"],"character_chosen":"THE_SILENT","items_purchased":["TwistedFunnel","Bane","Catalyst","Poisoned Stab","Bane","Noxious Fumes"],"campfire_rested":0,"item_purchase_floors":[0,0,0,4,10,21],"current_hp_per_floor":[55,55,55,66,65,34,26,26,26,41,41,41,41,32,32,11,56,44,44,31,46,46,23,23,16,16,0,0],"gold":91,"neow_bonus":"","is_daily":false,"chose_seed":false,"campfire_upgraded":4,"win_rate":0.0,"timestamp":1608999596,"path_taken":["M","M","?","$","M","E","M","R","T","$","M","?","R","E","R","BOSS","M","M","M","$","?","E","R","M","T","M"],"items_purchased_type":["Relic","Card","Card","Card","Card","Card"],"build_version":"2020-12-22","purchased_purges":3,"victory":false,"max_hp_per_floor":[66,66,66,66,66,71,71,71,71,71,71,71,71,71,71,71,71,71,71,71,71,71,71,71,71,71,71,71],"relic_stats":{"counters":[161,664],"Sundial":[0],"Blue Candle":[0],"MealTicket":41,"obtain_stats":[{"Ice Cream":12,"TwistedFunnel":0,"Calipers":55,"Whetstone":9,"hubris:MysteriousPyramids":0,"Boot":43,"Sozu":17,"Blood Vial":19,"Centennial Puzzle":8,"infinitespire:ShieldingShard":40,"DollysMirror":19,"Sundial":0,"Strawberry":12,"MealTicket":23,"Kunai":9,"hubris:TinFlute":6,"MerchantsRug":54,"Happy Flower":27,"Blue Candle":14,"Oddly Smooth Stone":0,"Tingsha":20,"Eternal Feather":6,"Pen Nib":54,"War Paint":9,"Question Card":8,"hubris:Zylophone":54,"infinitespire:Lychee Nut":41,"Shuriken":0,"hubris:PeanutButter":55,"Pandora\u0027s Box":17,"Black Star":17,"infinitespire:EmpoweringShard":6,"Ring of the Serpent":17,"Unceasing Top":47,"infinitespire:Cupcake":17,"Regal Pillow":6,"Lantern":26,"Snake Skull":0,"Bag of Preparation":47,"hubris:SlimyHat":39,"hubris:EmptyBottle":39,"Ancient Tea Set":43,"Smiling Mask":48,"Empty Cage":34,"Nunchaku":3,"Tough Bandages":0,"Matryoshka":40,"hubris:Icosahedron":19,"WristBlade":34,"Mummified Hand":9,"Ninja Scroll":0,"Pantograph":54,"Tiny Chest":9,"InkBottle":47,"Ring of the Snake":0,"Runic Pyramid":17,"Potion Belt":6,"hubris:KleinBottle":48,"hubris:DisguiseKit":7,"NeowsBlessing":0,"The Specimen":0,"Golden Idol":5,"infinitespire:FocusingShard":43,"PreservedInsect":0,"Omamori":22,"infinitespire:CheckeredPen":26,"infinitespire:Lucky Rock":7,"hubris:Towel":4,"Orichalcum":47,"MawBank":7,"Medical Kit":0,"Peace Pipe":0,"Anchor":47,"infinitespire:WardingShard":25,"Ornamental Fan":29,"infinitespire:Satchel":5,"Art of War":42,"Bag of Marbles":29,"Membership Card":0,"Bottled Lightning":26,"TungstenRod":12,"hubris:OldNail":11,"Toy Ornithopter":54,"hubris:Potato":0,"infinitespire:Midas Blood":12,"hubris:BottledRain":40},{"Ice Cream":31,"TwistedFunnel":108,"Calipers":134,"Whetstone":82,"hubris:MysteriousPyramids":78,"Boot":129,"Sozu":115,"Blood Vial":116,"Centennial Puzzle":29,"infinitespire:ShieldingShard":128,"DollysMirror":35,"Sundial":108,"Strawberry":84,"MealTicket":38,"Kunai":29,"hubris:TinFlute":2,"MerchantsRug":106,"Happy Flower":92,"Blue Candle":154,"Oddly Smooth Stone":8,"Tingsha":61,"Eternal Feather":81,"Pen Nib":50,"War Paint":25,"Question Card":3,"hubris:Zylophone":133,"infinitespire:Lychee Nut":73,"Shuriken":108,"hubris:PeanutButter":51,"Pandora\u0027s Box":142,"Black Star":7,"infinitespire:EmpoweringShard":150,"Ring of the Serpent":34,"Unceasing Top":103,"infinitespire:Cupcake":87,"Regal Pillow":55,"Lantern":160,"Snake Skull":20,"Bag of Preparation":47,"hubris:SlimyHat":98,"hubris:EmptyBottle":98,"Ancient Tea Set":46,"Smiling Mask":48,"Empty Cage":68,"Nunchaku":1,"Tough Bandages":52,"Matryoshka":45,"hubris:Icosahedron":61,"WristBlade":41,"Mummified Hand":3,"Ninja Scroll":26,"Pantograph":106,"Tiny Chest":13,"InkBottle":131,"Ring of the Snake":0,"Runic Pyramid":60,"Potion Belt":28,"hubris:KleinBottle":76,"hubris:DisguiseKit":19,"NeowsBlessing":0,"The Specimen":108,"Golden Idol":18,"infinitespire:FocusingShard":73,"PreservedInsect":78,"Omamori":90,"infinitespire:CheckeredPen":39,"infinitespire:Lucky Rock":112,"hubris:Towel":18,"Orichalcum":76,"MawBank":24,"Medical Kit":26,"Peace Pipe":8,"Anchor":47,"infinitespire:WardingShard":39,"Ornamental Fan":65,"infinitespire:Satchel":80,"Art of War":46,"Bag of Marbles":120,"Membership Card":78,"Bottled Lightning":118,"TungstenRod":58,"hubris:OldNail":84,"Toy Ornithopter":133,"hubris:Potato":135,"infinitespire:Midas Blood":5,"hubris:BottledRain":99},{"Ice Cream":109,"TwistedFunnel":488,"Calipers":563,"Whetstone":331,"hubris:MysteriousPyramids":313,"Boot":544,"Sozu":504,"Blood Vial":506,"Centennial Puzzle":106,"infinitespire:ShieldingShard":540,"DollysMirror":117,"Sundial":488,"Strawberry":339,"MealTicket":123,"Kunai":106,"hubris:TinFlute":2,"MerchantsRug":472,"Happy Flower":372,"Blue Candle":632,"Oddly Smooth Stone":32,"Tingsha":229,"Eternal Feather":323,"Pen Nib":148,"War Paint":98,"Question Card":3,"hubris:Zylophone":560,"infinitespire:Lychee Nut":292,"Shuriken":488,"hubris:PeanutButter":150,"Pandora\u0027s Box":594,"Black Star":25,"infinitespire:EmpoweringShard":619,"Ring of the Serpent":115,"Unceasing Top":447,"infinitespire:Cupcake":349,"Regal Pillow":195,"Lantern":661,"Snake Skull":78,"Bag of Preparation":141,"hubris:SlimyHat":422,"hubris:EmptyBottle":422,"Ancient Tea Set":139,"Smiling Mask":142,"Empty Cage":272,"Nunchaku":1,"Tough Bandages":155,"Matryoshka":137,"hubris:Icosahedron":229,"WristBlade":130,"Mummified Hand":3,"Ninja Scroll":100,"Pantograph":472,"Tiny Chest":52,"InkBottle":551,"Ring of the Snake":0,"Runic Pyramid":225,"Potion Belt":103,"hubris:KleinBottle":305,"hubris:DisguiseKit":76,"NeowsBlessing":0,"The Specimen":488,"Golden Idol":70,"infinitespire:FocusingShard":292,"PreservedInsect":313,"Omamori":358,"infinitespire:CheckeredPen":125,"infinitespire:Lucky Rock":497,"hubris:Towel":70,"Orichalcum":305,"MawBank":96,"Medical Kit":100,"Peace Pipe":32,"Anchor":141,"infinitespire:WardingShard":125,"Ornamental Fan":249,"infinitespire:Satchel":320,"Art of War":139,"Bag of Marbles":519,"Membership Card":313,"Bottled Lightning":511,"TungstenRod":212,"hubris:OldNail":339,"Toy Ornithopter":560,"hubris:Potato":569,"infinitespire:Midas Blood":9,"hubris:BottledRain":429}],"Ring of the Snake":[220]},"card_choices":[{"not_picked":["Caltrops","Prepared","Slice"],"picked":"SKIP","floor":1},{"not_picked":["Predator","Slice","Blade Dance"],"picked":"SKIP","floor":2},{"not_picked":["Quick Slash","Deflect"],"picked":"Poisoned Stab","floor":5},{"not_picked":["Concentrate","Blade Dance","Acrobatics"],"picked":"SKIP","floor":6},{"not_picked":["PiercingWail","Well Laid Plans","Cloak And Dagger"],"picked":"SKIP","floor":7},{"not_picked":["Well Laid Plans","Choke","Dagger Throw"],"picked":"SKIP","floor":11},{"not_picked":["Backflip","Dagger Spray","Dagger Throw"],"picked":"SKIP","floor":12},{"not_picked":["Masterful Stab","Quick Slash"],"picked":"Corpse Explosion","floor":14},{"not_picked":["Die Die Die","Wraith Form v2"],"picked":"Burst","floor":16},{"not_picked":["Flechettes","Poisoned Stab","Slice"],"picked":"SKIP","floor":18},{"not_picked":["Deadly Poison+1","Dagger Spray"],"picked":"Deflect+1","floor":19},{"not_picked":["Flying Knee","Cloak And Dagger","Dagger Throw"],"picked":"SKIP","floor":20},{"not_picked":["Bullet Time","Sucker Punch"],"picked":"Calculated Gamble+1","floor":23},{"not_picked":["Outmaneuver","Deadly Poison","Expertise"],"picked":"SKIP","floor":25}],"player_experience":961953,"relics_obtained":[{"floor":6,"key":"infinitespire:EmpoweringShard"},{"floor":14,"key":"Blue Candle"},{"floor":23,"key":"Sundial"},{"floor":26,"key":"Lantern"}],"event_choices":[{"damage_healed":0,"gold_gain":0,"player_choice":"Paid Gold","damage_taken":0,"relics_obtained":["MealTicket"],"max_hp_gain":0,"max_hp_loss":0,"event_name":"WeMeetAgain","floor":3,"gold_loss":57},{"damage_healed":0,"gold_gain":0,"player_choice":"Forge","damage_taken":0,"max_hp_gain":0,"max_hp_loss":0,"event_name":"Accursed Blacksmith","floor":22,"gold_loss":0,"cards_upgraded":["Noxious Fumes"]}],"is_beta":false,"boss_relics":[{"not_picked":["Busted Crown","Philosopher\u0027s Stone"],"picked":"infinitespire:Cupcake"}],"items_purged_floors":[0,10,21],"is_endless":false,"potions_floor_spawned":[5,6,12,16,18],"killed_by":"Shelled Parasite and Fungi","ascension_level":20}}