{"host":"po0gzr6h085cygwo","time":1608975844,"event":{"mods":["AchievementEnabler","BaseMod","Colored Map","DeckTracker","KOR Keyword Fix","Minty Spire (QoL Compilation)","Rare Cards Sparkle","Replay The Spire","StSLib","SuperFastMode"],"gold_per_floor":[118,39,59,73,86,86,115,115,115,115,140,157,174,193,193,292,292,304,320,101,41,58,58,90,90,90,90,115,188,241,258,258,359,359,373,373,116,128,3,23,37,65,91,91,122,122,142,142,142,142,142,142,45,72,72],"floor_reached":56,"playtime":3728,"items_purged":["Strike_G","Strike_G","ReplayTheSpireMod:Tripwire"],"score":1252,"play_id":"b727ab57-3108-441a-954e-8d93cce8f018","local_time":"20201226184404","is_ascension_mode":true,"campfire_choices":[{"floor":6.0,"key":"RECALL"},{"data":"ReplayTheSpireMod:Brewmster","floor":8.0,"key":"SMITH"},{"data":"Draining Mist","floor":10.0,"key":"SMITH"},{"data":"ReplayTheSpireMod:From All Sides","floor":15.0,"key":"SMITH"},{"data":"ReplayTheSpireMod:Scrap Shanks","floor":23.0,"key":"SMITH"},{"data":"ReplayTheSpireMod:Scrap Shanks","floor":25.0,"key":"SMITH"},{"data":"Venomology","floor":32.0,"key":"SMITH"},{"data":"Envenom","floor":44,"key":"SMITH"},{"floor":46,"key":"REST"},{"floor":49,"key":"DIG"},{"data":"Hidden Blade","floor":52,"key":"SMITH"}],"circlet_count":0,"master_deck":["Strike_G","Strike_G+1","Defend_G","Defend_G","Defend_G","Defend_G","Survivor","Neutralize","Dagger Spray+1","ReplayTheSpireMod:Brewmster+1","Blade Dance","Draining Mist+1","ReplayTheSpireMod:From All Sides+1","Deadly Poison","Hidden Blade+1","Envenom+1","ReplayTheSpireMod:Scrap Shanks+1","ReplayTheSpireMod:Scrap Shanks+1","Venomology+1","Die Die Die","Deflect","Deadly Poison+1","Noxious Fumes+1","Poison Darts","ReplayTheSpireMod:Scrap Shanks+1"],"relics":["Ring of the Snake","NeowsBlessing","FossilizedHelix","Incense Burner","Torii","SacredBark","Potion Belt","White Beast Statue","Ninja Scroll","Kunai","Snecko Scales","Ancient Tea Set","Replay:Accelerometer","White Beast Statue","Mirror","Whetstone","SlaversCollar","HandDrill","Blue Doll","Orichalcum","InkBottle","Eternal Feather","Replay:Rubber Ducky","Tough Bandages","Torii"],"acts_visited":["Exordium","TheCity","TheBeyond","TheEnding"],"potions_floor_usage":[42,42,42,45,45,47,50,50,50,50,50,50,54,54,55,55,55,55,55,55],"damage_taken":[{"damage":0.0,"enemies":"Cultist","floor":1.0,"turns":1.0},{"damage":0.0,"enemies":"2 Louse","floor":3.0,"turns":1.0},{"damage":0.0,"enemies":"Jaw Worm","floor":4.0,"turns":3.0},{"damage":0.0,"enemies":"Looter","floor":5.0,"turns":3.0},{"damage":9.0,"enemies":"Gremlin Nob","floor":7.0,"turns":4.0},{"damage":0.0,"enemies":"Lagavulin","floor":11.0,"turns":6.0},{"damage":0.0,"enemies":"Blue Slaver","floor":12.0,"turns":2.0},{"damage":0.0,"enemies":"Red Slaver","floor":13.0,"turns":2.0},{"damage":7.0,"enemies":"Exordium Thugs","floor":14.0,"turns":4.0},{"damage":6.0,"enemies":"Hexaghost","floor":16.0,"turns":7.0},{"damage":3.0,"enemies":"Shell Parasite","floor":18.0,"turns":5.0},{"damage":0.0,"enemies":"Chosen","floor":19.0,"turns":5.0},{"damage":0.0,"enemies":"Centurion and Healer","floor":22.0,"turns":1.0},{"damage":0.0,"enemies":"Slavers","floor":24.0,"turns":4.0},{"damage":0.0,"enemies":"Replay:Snechameleon","floor":28.0,"turns":4.0},{"damage":0.0,"enemies":"Shelled Parasite and Fungi","floor":31.0,"turns":2.0},{"damage":1.0,"enemies":"Automaton","floor":33.0,"turns":6.0},{"damage":0.0,"enemies":"Orb Walker","floor":35.0,"turns":2.0},{"damage":12.0,"enemies":"3 Shapes","floor":38.0,"turns":3.0},{"damage":0.0,"enemies":"3 Darklings","floor":40.0,"turns":4.0},{"damage":12.0,"enemies":"Spire Growth","floor":41.0,"turns":3.0},{"damage":13,"enemies":"Reptomancer","floor":42,"turns":4},{"damage":0,"enemies":"Giant Head","floor":45,"turns":5},{"damage":0,"enemies":"4 Shapes","floor":47,"turns":4},{"damage":0,"enemies":"Replay:Hell Engine","floor":50,"turns":3},{"damage":0,"enemies":"Shield and Spear","floor":54,"turns":3},{"damage":8,"enemies":"The Heart","floor":55,"turns":6}],"seed_played":"-8210101358276101743","potions_obtained":[{"floor":1.0,"key":"Adrenaline Potion"},{"floor":3.0,"key":"Dexterity Potion"},{"floor":4.0,"key":"Weak Potion"},{"floor":5.0,"key":"SpeedPotion"},{"floor":7.0,"key":"EssenceOfSteel"},{"floor":11.0,"key":"Weak Potion"},{"floor":12.0,"key":"PowerPotion"},{"floor":13.0,"key":"Swift Potion"},{"floor":14.0,"key":"Adrenaline Potion"},{"floor":16.0,"key":"Weak Potion"},{"floor":18.0,"key":"CultistPotion"},{"floor":22.0,"key":"EntropicBrew"},{"floor":24.0,"key":"PowerPotion"},{"floor":30.0,"key":"LifebloodPotion"},{"floor":31.0,"key":"Explosive Potion"},{"floor":35.0,"key":"Venom Potion"},{"floor":38.0,"key":"ColorlessPotion"},{"floor":40.0,"key":"Poison Potion"},{"floor":42,"key":"SpeedPotion"},{"floor":45,"key":"DistilledChaos"},{"floor":54,"key":"Fire Potion"}],"is_trial":false,"path_per_floor":["M","$","M","M","M","R","E","R","T","R","E","M","M","M","R","B",null,"M","M","$","?","M","R","E","R","T","?","E","T","?","M","R","B",null,"M","?","$","M","$","M","M","E","T","R","E","R","M","T","R_BF","B",null,"R","$","E","B",null],"character_chosen":"THE_SILENT","items_purchased":["ReplayTheSpireMod:Brewmster","Venomology","HandDrill","Block Potion","Swift Potion"],"campfire_rested":1,"item_purchase_floors":[2,20,37,53,53],"current_hp_per_floor":[70,70,70,70,70,70,61,61,61,61,61,61,61,54,54,48,70,67,67,67,67,67,67,67,67,67,67,67,67,39,39,39,38,70,70,70,70,58,58,58,46,33,33,33,33,54,54,54,69,70,70,70,70,70,62],"gold":72,"neow_bonus":"THREE_ENEMY_KILL","is_daily":false,"chose_seed":false,"campfire_upgraded":8,"win_rate":0.0,"timestamp":1608975844,"path_taken":["M","$","M","M","M","R","E","R","T","R","E","M","?","M","R","BOSS","M","M","$","?","M","R","E","R","T","?","E","?","?","M","R","BOSS","M","?","$","M","$","M","M","E","T","R","E","R","?","?","R_BF","BOSS","R","$","E","BOSS"],"items_purchased_type":["Card","Card","Relic","Potion","Potion"],"build_version":"2020-12-22","purchased_purges":3,"victory":true,"max_hp_per_floor":[70,70,70,70,70,70,70,70,70,70,70,70,70,70,70,70,70,70,70,70,70,70,70,70,70,70,70,70,70,70,70,70,70,70,70,70,70,70,70,70,70,70,70,70,70,70,70,70,70,70,70,70,70,70,70],"card_choices":[{"not_picked":["Choke","Tactician"],"picked":"Dagger Spray","floor":1.0},{"not_picked":["Hidden Blade","Backflip","Dagger Throw"],"picked":"SKIP","floor":3.0},{"not_picked":["Cloak And Dagger","Dash"],"picked":"Blade Dance","floor":4.0},{"not_picked":["Flying Knee","Blur"],"picked":"Draining Mist","floor":5.0},{"not_picked":["Leg Sweep","Crippling Poison"],"picked":"ReplayTheSpireMod:From All Sides","floor":7.0},{"not_picked":["Cloak And Dagger","Prepared"],"picked":"ReplayTheSpireMod:Tripwire","floor":11.0},{"not_picked":["Acrobatics","Dagger Throw","Quick Slash"],"picked":"SKIP","floor":12.0},{"not_picked":["Poisoned Stab","Well Laid Plans"],"picked":"Deadly Poison","floor":13.0},{"not_picked":["Quick Slash","Heel Hook"],"picked":"Hidden Blade","floor":14.0},{"not_picked":["Wraith Form v2","Doppelganger"],"picked":"Envenom","floor":16.0},{"not_picked":["Catalyst","Cloak And Dagger"],"picked":"ReplayTheSpireMod:Scrap Shanks","floor":18.0},{"not_picked":["Bane","Sucker Punch"],"picked":"ReplayTheSpireMod:Scrap Shanks","floor":19.0},{"not_picked":["Outmaneuver","Dodge and Roll","Toxin Wave+1"],"picked":"SKIP","floor":22.0},{"not_picked":["Backstab","Heel Hook","Fluid Movement"],"picked":"SKIP","floor":24.0},{"not_picked":["Escape Plan","Flying Knee"],"picked":"Deadly Poison+1","floor":28.0},{"not_picked":["Sucker Punch","Distraction"],"picked":"Noxious Fumes+1","floor":31.0},{"not_picked":["Wraith Form v2","Atom Bomb"],"picked":"Poison Darts","floor":33.0},{"not_picked":["PiercingWail+1","Underhanded Strike","Hidden Blade+1"],"picked":"SKIP","floor":35.0},{"not_picked":["All Out Attack+1","Prepared+1","Crippling Poison+1"],"picked":"SKIP","floor":38.0},{"not_picked":["Blur","Finisher","Night Terror"],"picked":"SKIP","floor":40.0},{"not_picked":["Dodge and Roll+1","Bouncing Flask","Acrobatics+1"],"picked":"SKIP","floor":41.0},{"not_picked":["Deflect+1","Heel Hook","Sucker Punch"],"picked":"SKIP","floor":42},{"not_picked":["Distraction","Cloak And Dagger+1","Acrobatics+1"],"picked":"SKIP","floor":45},{"not_picked":["Backflip+1","Predator","Outmaneuver"],"picked":"SKIP","floor":47},{"not_picked":["Fluid Movement","Doppelganger","Prepared+1"],"picked":"SKIP","floor":54}],"player_experience":41257,"relics_obtained":[{"floor":7.0,"key":"Ninja Scroll"},{"floor":11.0,"key":"Kunai"},{"floor":24.0,"key":"Ancient Tea Set"},{"floor":26.0,"key":"Replay:Accelerometer"},{"floor":28.0,"key":"White Beast Statue"},{"floor":29.0,"key":"Mirror"},{"floor":30.0,"key":"Whetstone"},{"floor":42,"key":"Blue Doll"},{"floor":43,"key":"Orichalcum"},{"floor":45,"key":"InkBottle"},{"floor":48,"key":"Eternal Feather"},{"floor":49,"key":"Replay:Rubber Ducky"},{"floor":54,"key":"Torii"}],"event_choices":[{"damage_healed":0.0,"max_hp_gain":0.0,"max_hp_loss":0.0,"gold_gain":0.0,"cards_transformed":["Strike_G","Defend_G"],"event_name":"Drug Dealer","player_choice":"Became Test Subject","floor":27.0,"gold_loss":0.0,"damage_taken":0.0,"cards_obtained":["Die Die Die","Deflect"]},{"damage_healed":0.0,"max_hp_gain":0.0,"max_hp_loss":0.0,"gold_gain":0.0,"event_name":"Duplicator","player_choice":"Copied","floor":36.0,"gold_loss":0.0,"damage_taken":0.0,"cards_obtained":["ReplayTheSpireMod:Scrap Shanks"]}],"is_beta":false,"boss_relics":[{"not_picked":["Snecko Eye","Ectoplasm"],"picked":"Snecko Scales"},{"not_picked":["ChewingGum","Astrolabe"],"picked":"SlaversCollar"}],"items_purged_floors":[20,37,39],"is_endless":false,"potions_floor_spawned":[1,3,4,5,7,11,12,13,14,16,18,19,22,24,28,31,33,35,38,40,41,42,45,47,54],"ascension_level":1}}