{"host":"y76clbnovzmw9ubx","time":1608994099,"event":{"mods":["AchievementEnabler","BaseMod","Minty Spire (QoL Compilation)","Permanent Neow","Relic Stats"],"gold_per_floor":[113,113,132,144,159,192,211,211,211],"floor_reached":8,"playtime":695,"items_purged":[],"score":120,"play_id":"0f1a5629-478e-4dab-b74e-c73fd11c32af","local_time":"20201226094819","is_ascension_mode":true,"campfire_choices":[],"circlet_count":0,"master_deck":["AscendersBane","Strike_R","Strike_R","Strike_R","Strike_R","Strike_R","Defend_R","Defend_R+1","Defend_R+1","Defend_R","Bash","Anger","Flex","Metallicize","Hemokinesis","Whirlwind","Reaper"],"relics":["Burning Blood","Shovel"],"acts_visited":["Exordium"],"potions_floor_usage":[6,7,8],"damage_taken":[{"damage":6,"enemies":"Jaw Worm","floor":1,"turns":5},{"damage":9,"enemies":"Small Slimes","floor":3,"turns":4},{"damage":0,"enemies":"2 Louse","floor":4,"turns":3},{"damage":5,"enemies":"Looter","floor":5,"turns":4},{"damage":47,"enemies":"Lagavulin","floor":6,"turns":9},{"damage":12,"enemies":"Large Slime","floor":7,"turns":6},{"damage":32,"enemies":"Gremlin Nob","floor":8,"turns":3}],"seed_played":"-7926238596448737699","potions_obtained":[{"floor":4,"key":"Regen Potion"},{"floor":6,"key":"AttackPotion"},{"floor":7,"key":"Strength Potion"}],"is_trial":false,"path_per_floor":["M","?","M","M","M","E","M","E"],"character_chosen":"IRONCLAD","items_purchased":[],"campfire_rested":0,"item_purchase_floors":[],"current_hp_per_floor":[68,45,42,48,49,23,17,0,0],"gold":211,"neow_bonus":"THREE_CARDS","is_daily":false,"chose_seed":false,"campfire_upgraded":0,"win_rate":0.0,"timestamp":1608994099,"path_taken":["M","?","M","M","M","E","M","E"],"items_purchased_type":[],"build_version":"2020-12-22","purchased_purges":0,"victory":false,"max_hp_per_floor":[75,75,75,75,75,75,75,75,75],"relic_stats":{"Shovel":0,"counters":[7,34],"obtain_stats":[{"Shovel":6,"Burning Blood":0},{"Shovel":5,"Burning Blood":0},{"Shovel":25,"Burning Blood":0}],"Burning Blood":36},"card_choices":[{"not_picked":["Twin Strike","Metallicize"],"picked":"Anger","floor":0},{"not_picked":["Anger","Warcry"],"picked":"Flex","floor":1},{"not_picked":["Seeing Red","Anger"],"picked":"Metallicize","floor":3},{"not_picked":["Intimidate","Shrug It Off"],"picked":"Hemokinesis","floor":4},{"not_picked":["Body Slam","Clash","Intimidate"],"picked":"SKIP","floor":5},{"not_picked":["True Grit","Rupture"],"picked":"Whirlwind","floor":6},{"not_picked":["Iron Wave","Headbutt"],"picked":"Reaper","floor":7}],"player_experience":3000217,"relics_obtained":[{"floor":6,"key":"Shovel"}],"event_choices":[{"damage_healed":0,"gold_gain":0,"player_choice":"Entered Light","damage_taken":23,"max_hp_gain":0,"max_hp_loss":0,"event_name":"Shining Light","floor":2,"gold_loss":0,"cards_upgraded":["Defend_R","Defend_R"]}],"is_beta":false,"boss_relics":[],"items_purged_floors":[],"is_endless":false,"potions_floor_spawned":[4,6,7],"killed_by":"Gremlin Nob","ascension_level":20}}