{"host":"egecq8lksgzqg7v3","time":1608948021,"event":{"mods":["BaseMod","Colored Map","Downfall","Minty Spire (QoL Compilation)","StSLib","The Hierophant"],"gold_per_floor":[115,133,133,145,157,195,219,0,27,27,27,40,50,63,63,168,168,181,191,191,20,20,20,39,39,63,43,59,69,86,100,100,201,201,211,225,244,244,244,244,279,279,279,86,86,103,136,136,136,136,136],"floor_reached":50,"playtime":5977,"items_purged":[],"score":529,"play_id":"5657181c-c6aa-497d-b6ad-9ad1023b84a1","local_time":"20201225210021","is_ascension_mode":false,"campfire_choices":[{"floor":10.0,"key":"REST"},{"floor":15.0,"key":"REST"},{"floor":23.0,"key":"REST"},{"floor":25.0,"key":"REST"},{"floor":32.0,"key":"REST"},{"floor":40,"key":"REST"},{"floor":42,"key":"REST"},{"floor":45,"key":"REST"},{"floor":49,"key":"REST"}],"circlet_count":0,"master_deck":["Strike_G","Strike_G","Strike_G","Strike_G","Strike_G","Defend_G","Defend_G","Defend_G","Defend_G","Defend_G","Survivor+1","Neutralize","Dagger Spray","Dagger Throw","Flying Knee","Bouncing Flask","Masterful Stab","After Image","Prepared","Noxious Fumes","Noxious Fumes","Infinite Blades","Storm of Steel","Backflip+1","Predator+1","Accuracy","Good Instincts","Dodge and Roll+1","Poisoned Stab+1","Cloak And Dagger","Blade Dance","Endless Agony","Adrenaline","Tactician+1","Backstab+1","Cloak And Dagger+1","Flash of Steel","Outmaneuver+1","Outmaneuver","Escape Plan","Slice","Sucker Punch+1"],"relics":["Ring of the Snake","MawBank","Du-Vu Doll","Happy Flower","Blood Vial","WristBlade","Enchiridion","MutagenicStrength","Vajra","SlaversCollar","Pen Nib","Smiling Mask","InkBottle"],"acts_visited":["TheBeyond"],"potions_floor_usage":[37,46,46],"damage_taken":[{"damage":4.0,"enemies":"Small Slimes","floor":1.0,"turns":5.0},{"damage":7.0,"enemies":"Jaw Worm","floor":2.0,"turns":4.0},{"damage":36.0,"enemies":"Gremlin Nob","floor":6.0,"turns":6.0},{"damage":0.0,"enemies":"2 Louse","floor":7.0,"turns":2.0},{"damage":6.0,"enemies":"Looter","floor":12.0,"turns":3.0},{"damage":3.0,"enemies":"Exordium Thugs","floor":13.0,"turns":5.0},{"damage":1.0,"enemies":"2 Fungi Beasts","floor":14.0,"turns":4.0},{"damage":14.0,"enemies":"Hexaghost","floor":16.0,"turns":8.0},{"damage":20.0,"enemies":"Spheric Guardian","floor":18.0,"turns":4.0},{"damage":10.0,"enemies":"Chosen","floor":19.0,"turns":5.0},{"damage":38.0,"enemies":"Centurion and Healer","floor":24.0,"turns":5.0},{"damage":23.0,"enemies":"Snake Plant","floor":28.0,"turns":5.0},{"damage":0.0,"enemies":"3 Cultists","floor":29.0,"turns":5.0},{"damage":7.0,"enemies":"Centurion and Healer","floor":30.0,"turns":4.0},{"damage":21.0,"enemies":"Snake Plant","floor":31.0,"turns":3.0},{"damage":45.0,"enemies":"Automaton","floor":33.0,"turns":8.0},{"damage":13,"enemies":"3 Darklings","floor":35,"turns":5},{"damage":0,"enemies":"Orb Walker","floor":36,"turns":3},{"damage":33,"enemies":"Spire Growth","floor":37,"turns":5},{"damage":34,"enemies":"Reptomancer","floor":41,"turns":5},{"damage":12,"enemies":"Writhing Mass","floor":46,"turns":4},{"damage":49,"enemies":"Giant Head","floor":47,"turns":7},{"damage":25,"enemies":"Time Eater","floor":50,"turns":2}],"seed_played":"2622443524295453689","potions_obtained":[{"floor":1.0,"key":"FairyPotion"},{"floor":2.0,"key":"SneckoOil"},{"floor":14.0,"key":"Poison Potion"},{"floor":18.0,"key":"FairyPotion"},{"floor":27.0,"key":"FearPotion"},{"floor":31.0,"key":"Strength Potion"},{"floor":33.0,"key":"Energy Potion"},{"floor":48,"key":"Poison Potion"},{"floor":48,"key":"hexamod:EctoCoolerPotion"},{"floor":48,"key":"SkillPotion"}],"is_trial":false,"path_per_floor":["M","M","?","?","?","E","M","$","T","R","T","M","M","M","R","B",null,"M","M","?","$","?","R","M","R","T","?","M","M","M","M","R","B",null,"M","M","M","?","?","R","E","R","T","$","R","M","E","?","R","B"],"character_chosen":"THE_SILENT","items_purchased":["Masterful Stab","After Image","Prepared","Accuracy","Good Instincts","Outmaneuver","Slimebound:ThreeZeroPotion","Escape Plan"],"campfire_rested":9,"item_purchase_floors":[8,8,8,21,21,44,44,44],"current_hp_per_floor":[66,59,26,49,49,13,13,13,13,34,34,30,29,30,51,39,70,50,42,26,26,26,47,11,32,32,32,11,13,8,14,35,21,70,57,59,28,28,28,49,17,38,38,38,59,49,2,2,23,0,0],"gold":136,"neow_bonus":"UPGRADE_CARD","is_daily":false,"chose_seed":false,"campfire_upgraded":0,"win_rate":0.0,"timestamp":1608948021,"path_taken":["M","M","?","?","?","E","M","$","T","R","?","M","M","?","R","BOSS","M","M","?","$","?","R","M","R","T","?","M","M","?","M","R","BOSS","M","M","?","?","?","R","E","R","T","$","R","M","E","?","R","BOSS"],"items_purchased_type":["Card","Card","Card","Card","Card","Card","Potion","Card"],"build_version":"2020-12-22","purchased_purges":0,"victory":false,"max_hp_per_floor":[70,70,70,70,70,70,70,70,70,70,70,70,70,70,70,70,70,70,70,70,70,70,70,70,70,70,70,70,70,70,70,70,70,70,70,70,70,70,70,70,70,70,70,70,70,70,70,70,70,70,70],"card_choices":[{"not_picked":["Catalyst","Flechettes"],"picked":"Dagger Spray","floor":1.0},{"not_picked":["Bane","Masterful Stab"],"picked":"Dagger Throw","floor":2.0},{"not_picked":["PiercingWail","Masterful Stab"],"picked":"Flying Knee","floor":6.0},{"not_picked":["Bane","Sucker Punch"],"picked":"Bouncing Flask","floor":7.0},{"not_picked":["Skewer","Cloak And Dagger"],"picked":"Noxious Fumes","floor":12.0},{"not_picked":["Accuracy","Blur"],"picked":"Noxious Fumes","floor":13.0},{"not_picked":["Acrobatics","Endless Agony"],"picked":"Infinite Blades","floor":14.0},{"not_picked":["Malaise","Die Die Die"],"picked":"Storm of Steel","floor":16.0},{"not_picked":["Deadly Poison+1","Reflex"],"picked":"Backflip+1","floor":18.0},{"not_picked":["Prepared","Caltrops"],"picked":"Predator+1","floor":19.0},{"not_picked":["Bane","Calculated Gamble+1"],"picked":"Dodge and Roll+1","floor":24.0},{"not_picked":["Riddle With Holes","Caltrops"],"picked":"Poisoned Stab+1","floor":28.0},{"not_picked":["Masterful Stab","Poisoned Stab"],"picked":"Cloak And Dagger","floor":29.0},{"not_picked":["Corpse Explosion","Deflect+1"],"picked":"Blade Dance","floor":30.0},{"not_picked":["Prepared","Bane"],"picked":"Endless Agony","floor":31.0},{"not_picked":["Bullet Time","Unload"],"picked":"Adrenaline","floor":33.0},{"not_picked":["Heel Hook+1","Acrobatics+1"],"picked":"Tactician+1","floor":35},{"not_picked":["Deadly Poison","Underhanded Strike+1"],"picked":"Backstab+1","floor":36},{"not_picked":["Poisoned Stab","Bouncing Flask"],"picked":"Cloak And Dagger+1","floor":37},{"not_picked":["HandOfGreed","PanicButton"],"picked":"Flash of Steel","floor":38},{"not_picked":["Calculated Gamble","Prepared"],"picked":"Outmaneuver+1","floor":41},{"not_picked":["Outmaneuver","Caltrops"],"picked":"Slice","floor":46},{"not_picked":["Prepared","Outmaneuver"],"picked":"Sucker Punch+1","floor":47}],"player_experience":228212,"relics_obtained":[{"floor":6.0,"key":"Du-Vu Doll"},{"floor":9.0,"key":"Happy Flower"},{"floor":11.0,"key":"Blood Vial"},{"floor":20.0,"key":"Enchiridion"},{"floor":26.0,"key":"Vajra"},{"floor":41,"key":"Pen Nib"},{"floor":43,"key":"Smiling Mask"},{"floor":47,"key":"InkBottle"}],"event_choices":[{"damage_healed":0.0,"max_hp_gain":0.0,"max_hp_loss":0.0,"gold_gain":0.0,"event_name":"Scrap Ooze","player_choice":"Success","floor":3.0,"gold_loss":0.0,"damage_taken":33.0,"relics_obtained":["MawBank"]},{"damage_healed":23.0,"max_hp_gain":0.0,"max_hp_loss":0.0,"gold_gain":0.0,"event_name":"Big Fish","player_choice":"Banana","floor":4.0,"gold_loss":0.0,"damage_taken":0.0},{"damage_healed":0.0,"max_hp_gain":0.0,"max_hp_loss":0.0,"gold_gain":0.0,"event_name":"Golden Wing","player_choice":"Ignored","floor":5.0,"gold_loss":0.0,"damage_taken":0.0},{"damage_healed":0.0,"max_hp_gain":0.0,"max_hp_loss":0.0,"gold_gain":0.0,"event_name":"Cursed Tome","player_choice":"Obtained Book","floor":20.0,"gold_loss":0.0,"damage_taken":16.0},{"damage_healed":0.0,"max_hp_gain":0.0,"max_hp_loss":0.0,"gold_gain":0.0,"event_name":"Drug Dealer","player_choice":"Inject Mutagens","floor":22.0,"gold_loss":0.0,"damage_taken":0.0,"relics_obtained":["MutagenicStrength"]},{"damage_healed":0.0,"max_hp_gain":0.0,"max_hp_loss":0.0,"gold_gain":0.0,"event_name":"The Woman in Blue","player_choice":"Bought 1 Potion","floor":27.0,"gold_loss":0.0,"damage_taken":0.0},{"damage_healed":0,"gold_gain":0,"player_choice":"Memory 1","damage_taken":0,"max_hp_gain":0,"max_hp_loss":0,"event_name":"SensoryStone","floor":38,"gold_loss":0},{"damage_healed":0,"gold_gain":0,"player_choice":"Ignored","damage_taken":0,"max_hp_gain":0,"max_hp_loss":0,"event_name":"Tomb of Lord Red Mask","floor":39,"gold_loss":0},{"damage_healed":0,"gold_gain":0,"player_choice":"Got Potions","damage_taken":0,"max_hp_gain":0,"max_hp_loss":0,"event_name":"Lab","floor":48,"gold_loss":0}],"is_beta":false,"boss_relics":[{"not_picked":["Calling Bell","Cursed Key"],"picked":"WristBlade"},{"not_picked":["Sozu","Coffee Dripper"],"picked":"SlaversCollar"}],"items_purged_floors":[],"is_endless":false,"potions_floor_spawned":[1,2,14,18,29,31,33],"killed_by":"Time Eater","ascension_level":0}}