{"host":"26mrfot5w7uj2ebc","time":1608983781,"event":{"mods":["AchievementEnabler","BaseMod","Colored Map","Minty Spire (QoL Compilation)"],"gold_per_floor":[113,113,113,130,144,144,155,155,182,37,37,52,52,71,71,175,225,236,252,252,28,28,28,28,28,53,68,78,78,93,175,175,280,280,297,307,307,377,388,388,417,432,455,455,465,465,478,478,478,478,478,478,41,69,69,69],"floor_reached":55,"playtime":2759,"items_purged":["Strike_B"],"score":716,"play_id":"ddc36a51-be12-4d5a-8977-e340e2952277","local_time":"20201226205621","is_ascension_mode":false,"campfire_choices":[{"data":"Zap","floor":6.0,"key":"SMITH"},{"data":"Barrage","floor":8.0,"key":"SMITH"},{"data":"Genetic Algorithm","floor":13.0,"key":"SMITH"},{"floor":15.0,"key":"REST"},{"data":"Aggregate","floor":23.0,"key":"SMITH"},{"floor":25.0,"key":"REST"},{"data":"White Noise","floor":32.0,"key":"SMITH"},{"data":"White Noise","floor":40.0,"key":"SMITH"},{"floor":44.0,"key":"RECALL"},{"floor":46.0,"key":"REST"},{"floor":49.0,"key":"REST"},{"data":"Machine Learning","floor":52.0,"key":"SMITH"}],"circlet_count":0,"master_deck":["Strike_B","Strike_B","Strike_B","Defend_B","Defend_B","Defend_B","Zap+1","Dualcast","Barrage+1","Sweeping Beam","Ball Lightning","Leap","Genetic Algorithm+1","Loop+1","Leap","Aggregate+1","Undo","Seek+1","White Noise+1","Melter","White Noise+1","Shame","Cold Snap+1","Conserve Battery","Coolheaded+1","Force Field+1","Core Surge","Double Energy+1","FTL+1","Recycle","Go for the Eyes+1","Machine Learning+1","Hologram+1","Stack+1","Coolheaded"],"relics":["Cracked Core","FossilizedHelix","Blue Candle","Juzu Bracelet","Dream Catcher","Tiny House","Runic Capacitor","Boot","Enchiridion","Tiny Chest","Mercury Hourglass","Philosopher\u0027s Stone","Art of War","Bronze Scales","Unceasing Top","OrangePellets","Oddly Smooth Stone"],"acts_visited":["Exordium","TheCity","TheBeyond","TheEnding"],"potions_floor_usage":[55,55],"damage_taken":[{"damage":0.0,"enemies":"Small Slimes","floor":1.0,"turns":3.0},{"damage":0.0,"enemies":"Jaw Worm","floor":4.0,"turns":2.0},{"damage":6.0,"enemies":"2 Louse","floor":5.0,"turns":2.0},{"damage":0.0,"enemies":"Large Slime","floor":7.0,"turns":4.0},{"damage":3.0,"enemies":"Lots of Slimes","floor":12.0,"turns":2.0},{"damage":9.0,"enemies":"3 Louse","floor":14.0,"turns":4.0},{"damage":52.0,"enemies":"The Guardian","floor":16.0,"turns":10.0},{"damage":3.0,"enemies":"Shell Parasite","floor":18.0,"turns":6.0},{"damage":0.0,"enemies":"Spheric Guardian","floor":19.0,"turns":3.0},{"damage":0.0,"enemies":"Snecko","floor":27.0,"turns":4.0},{"damage":11.0,"enemies":"Centurion and Healer","floor":28.0,"turns":9.0},{"damage":1.0,"enemies":"Cultist and Chosen","floor":30.0,"turns":5.0},{"damage":50.0,"enemies":"Collector","floor":33.0,"turns":9.0},{"damage":0.0,"enemies":"3 Shapes","floor":35.0,"turns":4.0},{"damage":10.0,"enemies":"3 Darklings","floor":36.0,"turns":5.0},{"damage":8.0,"enemies":"Transient","floor":39.0,"turns":5.0},{"damage":0.0,"enemies":"Nemesis","floor":41.0,"turns":7.0},{"damage":0.0,"enemies":"Maw","floor":42.0,"turns":5.0},{"damage":12.0,"enemies":"Writhing Mass","floor":45.0,"turns":6.0},{"damage":9.0,"enemies":"3 Darklings","floor":47.0,"turns":5.0},{"damage":0.0,"enemies":"4 Shapes","floor":48.0,"turns":1.0},{"damage":68.0,"enemies":"Awakened One","floor":50.0,"turns":14.0},{"damage":40,"enemies":"Shield and Spear","floor":54,"turns":6},{"damage":34,"enemies":"The Heart","floor":55,"turns":9}],"seed_played":"6301176351991265566","potions_obtained":[{"floor":7.0,"key":"CultistPotion"},{"floor":16.0,"key":"BlessingOfTheForge"},{"floor":17.0,"key":"EntropicBrew"},{"floor":18.0,"key":"SmokeBomb"},{"floor":33.0,"key":"AttackPotion"},{"floor":36.0,"key":"AttackPotion"},{"floor":41.0,"key":"Block Potion"},{"floor":54,"key":"FocusPotion"}],"is_trial":false,"path_per_floor":["M","?","T","M","M","R","M","R","T","$","?","M","R","M","R","B",null,"M","M","?","$","?","R","?","R","T","M","M","$","M","T","R","B",null,"M","M","?","T","M","R","E","M","T","R","M","R","M","M","R","B",null,"R","$","E","B"],"character_chosen":"DEFECT","items_purchased":["Genetic Algorithm","Loop","Runic Capacitor","Unceasing Top","OrangePellets"],"campfire_rested":4,"item_purchase_floors":[10,10,21,53,53],"current_hp_per_floor":[68,61,61,61,55,55,55,55,55,55,55,52,52,43,63,11,73,70,70,70,70,70,70,54,73,73,73,62,62,61,61,61,11,73,73,63,63,63,55,55,55,55,55,55,43,64,55,55,73,5,73,73,73,33,0,0],"gold":69,"neow_bonus":"ONE_RARE_RELIC","is_daily":false,"chose_seed":false,"campfire_upgraded":7,"win_rate":0.0,"timestamp":1608983781,"path_taken":["M","?","?","M","M","R","M","R","T","$","?","M","R","M","R","BOSS","M","M","?","$","?","R","?","R","T","M","M","?","M","?","R","BOSS","M","M","?","?","M","R","E","M","T","R","M","R","M","M","R","BOSS","R","$","E","BOSS"],"items_purchased_type":["Card","Card","Relic","Relic","Relic"],"build_version":"2020-12-22","purchased_purges":1,"victory":false,"max_hp_per_floor":[68,68,68,68,68,68,68,68,68,68,68,68,68,68,68,68,73,73,73,73,73,73,73,73,73,73,73,73,73,73,73,73,73,73,73,73,73,73,73,73,73,73,73,73,73,73,73,73,73,73,73,73,73,73,73,73],"card_choices":[{"not_picked":["Redo","Gash"],"picked":"Barrage","floor":1.0},{"not_picked":["Force Field","Beam Cell"],"picked":"Sweeping Beam","floor":4.0},{"not_picked":["Force Field","Turbo"],"picked":"Ball Lightning","floor":5.0},{"not_picked":["Streamline","Chaos"],"picked":"Leap","floor":7.0},{"not_picked":["Steam","Reinforced Body"],"picked":"Leap","floor":12.0},{"not_picked":["Reinforced Body","Seek"],"picked":"Aggregate","floor":14.0},{"not_picked":["Force Field","Steam"],"picked":"Undo","floor":15.0},{"not_picked":["Meteor Strike","Hyperbeam"],"picked":"Seek","floor":16.0},{"not_picked":["Sweeping Beam","Go for the Eyes"],"picked":"White Noise","floor":17.0},{"not_picked":["Compile Driver","Blizzard"],"picked":"Melter","floor":18.0},{"not_picked":["Go for the Eyes+1","Scrape"],"picked":"White Noise","floor":19.0},{"not_picked":["Skim","Tempest+1"],"picked":"Cold Snap+1","floor":25.0},{"not_picked":["Redo","Compile Driver"],"picked":"Conserve Battery","floor":27.0},{"not_picked":["Streamline","Chaos"],"picked":"Coolheaded+1","floor":28.0},{"not_picked":["Steam","Leap"],"picked":"Force Field+1","floor":30.0},{"not_picked":["Amplify","Fission"],"picked":"Core Surge","floor":33.0},{"not_picked":["Undo+1","Go for the Eyes"],"picked":"Double Energy+1","floor":35.0},{"not_picked":["Coolheaded","Streamline","Fusion+1"],"picked":"SKIP","floor":36.0},{"not_picked":["Hello World+1","Rebound+1"],"picked":"FTL+1","floor":39.0},{"not_picked":["Leap","Hello World+1"],"picked":"Recycle","floor":41.0},{"not_picked":["Blizzard","Recycle"],"picked":"Go for the Eyes+1","floor":42.0},{"not_picked":["Compile Driver+1","Rip and Tear+1"],"picked":"Machine Learning","floor":45.0},{"not_picked":["Undo","Fusion"],"picked":"Hologram+1","floor":47.0},{"not_picked":["Fusion+1","Beam Cell"],"picked":"Stack+1","floor":49.0},{"not_picked":["Go for the Eyes","Redo"],"picked":"Coolheaded","floor":54}],"player_experience":209576,"relics_obtained":[{"floor":3.0,"key":"Blue Candle"},{"floor":9.0,"key":"Juzu Bracelet"},{"floor":24.0,"key":"Enchiridion"},{"floor":26.0,"key":"Tiny Chest"},{"floor":31.0,"key":"Mercury Hourglass"},{"floor":41.0,"key":"Art of War"},{"floor":43.0,"key":"Bronze Scales"},{"floor":54,"key":"Oddly Smooth Stone"}],"event_choices":[{"cards_removed":["Defend_B"],"damage_healed":0.0,"max_hp_gain":0.0,"max_hp_loss":0.0,"gold_gain":0.0,"event_name":"Golden Wing","player_choice":"Card Removal","floor":2.0,"gold_loss":0.0,"damage_taken":7.0},{"damage_healed":0.0,"max_hp_gain":0.0,"max_hp_loss":0.0,"gold_gain":0.0,"event_name":"Dead Adventurer","player_choice":"Searched \u00271\u0027 times","floor":11.0,"gold_loss":0.0,"damage_taken":0.0,"relics_obtained":["Dream Catcher"]},{"damage_healed":0.0,"max_hp_gain":0.0,"max_hp_loss":0.0,"gold_gain":0.0,"event_name":"Upgrade Shrine","player_choice":"Upgraded","floor":20.0,"gold_loss":0.0,"damage_taken":0.0,"cards_upgraded":["Seek"]},{"damage_healed":0.0,"max_hp_gain":0.0,"max_hp_loss":0.0,"gold_gain":0.0,"event_name":"Addict","player_choice":"Stole Relic","floor":22.0,"gold_loss":0.0,"damage_taken":0.0,"relics_obtained":["Boot"],"cards_obtained":["Shame"]},{"damage_healed":0.0,"max_hp_gain":0.0,"max_hp_loss":0.0,"gold_gain":0.0,"event_name":"Cursed Tome","player_choice":"Obtained Book","floor":24.0,"gold_loss":0.0,"damage_taken":16.0},{"damage_healed":0.0,"max_hp_gain":0.0,"max_hp_loss":0.0,"gold_gain":0.0,"event_name":"Mysterious Sphere","player_choice":"Ignored","floor":37.0,"gold_loss":0.0,"damage_taken":0.0}],"is_beta":false,"boss_relics":[{"not_picked":["Black Star","Runic Pyramid"],"picked":"Tiny House"},{"not_picked":["Pandora\u0027s Box","Inserter"],"picked":"Philosopher\u0027s Stone"}],"items_purged_floors":[21],"is_endless":false,"potions_floor_spawned":[7,16,18,28,33,36,41,42,45,54],"killed_by":"The Heart","ascension_level":0}}