{"host":"od099uxc49ip1k8b","time":1608984796,"event":{"mods":["AchievementEnabler","Act Like it!","BaseMod","Downfall","Friendly Minions","Gensokyo","Hermit","Highlight Path","Koishi","KomeijiMod","Marisa????????","Minty Spire (QoL Compilation)","Quick Restart","Rare Cards Sparkle","Reimu??????","Remilia??????","StSLib","Td1madao Mod","The Administrix","The Alterego","The Animator","The Cursed","The Gatherer","The Servant 0.9.4","The Wild Card","Waifu the Spire","WarShipGirlsR/????R mod","Yohane!","Yuyuko"],"gold_per_floor":[99,115,133,233,252,263,288,288,305,317,333,352,352,366,381,381,381,381],"floor_reached":16,"playtime":1595,"items_purged":[],"score":100,"play_id":"2e10d9d3-cbd9-4de1-a8d3-c81cd18e11f9","local_time":"20201226071316","is_ascension_mode":false,"campfire_choices":[{"data":"Slimebound:CorrosiveSpit","floor":1,"key":"SMITH"},{"data":"Slimebound:Repurpose","floor":8,"key":"SMITH"},{"data":"Slimebound:Split","floor":13,"key":"SMITH"}],"circlet_count":0,"master_deck":["Slimebound:Strike_Slimebound","Slimebound:Strike_Slimebound","Slimebound:Strike_Slimebound","Slimebound:Tackle","Slimebound:Defend_Slimebound","Slimebound:Defend_Slimebound","Slimebound:Defend_Slimebound","Slimebound:Defend_Slimebound","Slimebound:Split+1","Slimebound:CorrosiveSpit+1","Slimebound:Repurpose+1","Slimebound:LeadByExample","Slimebound:Gluttony","Slimebound:SlimeSpikes","Slimebound:Repurpose","Slimebound:Nibble","Slimebound:HauntingLick","Slimebound:Prepare","Slimebound:LeechLife","Slimebound:DisruptingSlam"],"relics":["Slimebound:AbsorbEndCombat","Omamori"],"acts_visited":["Exordium"],"potions_floor_usage":[],"damage_taken":[{"damage":7,"enemies":"Small Slimes","floor":2,"turns":2},{"damage":7,"enemies":"Cultist","floor":3,"turns":3},{"damage":7,"enemies":"Jaw Worm","floor":5,"turns":3},{"damage":35,"enemies":"Exordium Wildlife","floor":6,"turns":5},{"damage":16,"enemies":"Blue Slaver","floor":9,"turns":4},{"damage":5,"enemies":"3 Louse","floor":10,"turns":5},{"damage":18,"enemies":"Gremlin Gang","floor":11,"turns":7},{"damage":16,"enemies":"Blue Slaver","floor":12,"turns":4},{"damage":12,"enemies":"2 Fungi Beasts","floor":14,"turns":3},{"damage":18,"enemies":"3 Louse","floor":15,"turns":4},{"damage":78,"enemies":"downfall:Defect","floor":16,"turns":6}],"seed_played":"2568679050731987250","potions_obtained":[{"floor":2,"key":"FearPotion"},{"floor":5,"key":"PowerPotion"},{"floor":6,"key":"Slimebound:ThreeZeroPotion"}],"is_trial":false,"path_per_floor":["R","M","M","?","M","M","T","R","M","M","M","M","R","M","M","B"],"character_chosen":"SLIMEBOUND","items_purchased":[],"campfire_rested":0,"item_purchase_floors":[],"current_hp_per_floor":[66,65,66,66,66,45,45,45,43,50,50,46,46,48,50,0,0,0],"gold":381,"neow_bonus":"TEN_PERCENT_HP_BONUS","is_daily":false,"chose_seed":false,"campfire_upgraded":3,"win_rate":0.0,"timestamp":1608984796,"path_taken":["R","M","M","?","?","M","T","R","M","M","M","M","R","M","M","BOSS"],"items_purchased_type":[],"build_version":"2020-12-22","purchased_purges":0,"victory":false,"max_hp_per_floor":[66,66,66,66,66,66,66,66,66,66,66,66,66,66,66,66,66,66],"card_choices":[{"not_picked":["Slimebound:FlameTackle","Slimebound:SplitAcid"],"picked":"Slimebound:Repurpose","floor":2},{"not_picked":["Slimebound:GrowthPunch","Slimebound:AcidTongue"],"picked":"Slimebound:LeadByExample","floor":3},{"not_picked":["Slimebound:RollThrough","Slimebound:GrowthPunch"],"picked":"Slimebound:Gluttony","floor":5},{"not_picked":["Slimebound:GoopSpray","Slimebound:FinishingTackle"],"picked":"Slimebound:SlimeSpikes","floor":6},{"not_picked":["Slimebound:LeechingTouch","Slimebound:ViciousTackle"],"picked":"Slimebound:Repurpose","floor":9},{"not_picked":["Slimebound:TongueLash","Slimebound:FlameTackle"],"picked":"Slimebound:Nibble","floor":10},{"not_picked":["Slimebound:RollThrough","Slimebound:Dissolve"],"picked":"Slimebound:HauntingLick","floor":11},{"not_picked":["Slimebound:PressTheAttack","Slimebound:SlimeSpikes"],"picked":"Slimebound:Prepare","floor":12},{"not_picked":["Slimebound:PressTheAttack","Slimebound:FinishingTackle"],"picked":"Slimebound:LeechLife","floor":14},{"not_picked":["Slimebound:LeechingTouch","Slimebound:PressTheAttack"],"picked":"Slimebound:DisruptingSlam","floor":15}],"player_experience":119341,"relics_obtained":[{"floor":7,"key":"Omamori"}],"event_choices":[],"is_beta":false,"boss_relics":[],"items_purged_floors":[],"is_endless":false,"potions_floor_spawned":[2,5,6,12],"killed_by":"downfall:Defect","ascension_level":0}}