{"host":"88gj1a6q1iuldet9","time":1608980323,"event":{"mods":["Act Like it!","BaseMod","BetterRewards","Conspire","Downfall","Energized Spire","Gensokyo","GungeonMod","Hubris","Jorbs\u0027s Wanderer Trilogy","Luminous","Magitek Elite","Melee Mod","Minty Spire (QoL Compilation)","Quick Restart","Reimu??????","Replay The Spire","Robot Space Explorer","Shop Mod","StSLib","The Dragon Tamer","The Hayseed","The Marked","The Mystic","The Necromancer","The Problem Sleuth","The Runesmith","The Sage","TheArtist","TheFirefly","Wandering Minibosses","Yuri Mod"],"gold_per_floor":[118,118,118,134,185,213,231,231,231,246,275,295,309,328,328,427,427,442,442,462,474,486,486,521,521,521,547,558,558,572,572,572,676,676,691,743,743,743,743,774,37,71,71,98,175,195,206,224,224,224,224,224,13,39,39],"floor_reached":56,"playtime":9706,"items_purged":["meleeMod_Shield"],"score":1664,"play_id":"0285213c-b0b3-4f17-8c9f-69ede26bd3b5","local_time":"20201226055843","is_ascension_mode":false,"campfire_choices":[{"floor":15.0,"key":"DIG"},{"data":"meleeMod_IKilledMufasa","floor":23.0,"key":"SMITH"},{"data":"meleeMod_BlueFalcon","floor":32.0,"key":"SMITH"},{"floor":49,"key":"RECALL"},{"data":"meleeMod_MindReader","floor":52,"key":"SMITH"}],"circlet_count":0,"master_deck":["meleeMod_Jab","meleeMod_Jab","meleeMod_Jab","meleeMod_Shield","meleeMod_Shield","meleeMod_Shield","meleeMod_NeutralAir","meleeMod_BackAir","meleeMod_DownTilt","meleeMod_MindReader+1","meleeMod_SoftKnee","meleeMod_FalconKick","meleeMod_SweetSpot","meleeMod_DropZone+1","meleeMod_BlueFalcon+1","meleeMod_UpTilt","meleeMod_FalconKick","meleeMod_SoftKnee","meleeMod_IKilledMufasa+1","AbeCurse","meleeMod_FalconDive","meleeMod_ShieldDrop","meleeMod_WallJump+1","meleeMod_AmsahTech","Necronomicurse","meleeMod_DownSmash","meleeMod_BlueFalcon","meleeMod_MindReader+1","meleeMod_Gentleman+1","meleeMod_ShieldDrop+1","meleeMod_Cautious+1","meleeMod_Taunt+1","meleeMod_BabActivated"],"relics":["meleeMod_TeamBeerMang0","NeowsBlessing","DemoMod:GlassGuonStoneRelic","Mastiff:ReiMu","Oddly Smooth Stone","DemoMod:GreenGuonStone","Iron Hammer","DemoMod:NanoMachines","Abe\u0027s Treasure","DemoMod:JetPack","Necronomicon","Kunai","hubris:Reverence","MutagenicStrength","energizedSpire:RedRose","hubris:64BitClover","hubris:Towel","The Courier","Guard_Bracelet","Membership Card","hubris:EvacipatedBox","Replay:Ringing Soul","DemoMod:MemoryAlloy","Juzu Bracelet","ClockworkSouvenir","Simple Rune","meleeMod_NonNeutralStart","Orichalcum","Bag of Preparation","Boot","Durian","Centennial Puzzle","Replay:Baseball","DemoMod:MonsterBlood","Singing Bowl","DemoMod:Armor","Vajra","Pen Nib","HandDrill","Replay:Rubber Ducky"],"acts_visited":["Exordium","TheCity","TheBeyond","TheEnding"],"potions_floor_usage":[55,55,55],"damage_taken":[{"damage":0.0,"enemies":"conspire:RoseBush","floor":1.0,"turns":1.0},{"damage":0.0,"enemies":"Small Slimes","floor":4.0,"turns":1.0},{"damage":0.0,"enemies":"Replay:BlueRogue","floor":6.0,"turns":1.0},{"damage":0.0,"enemies":"2 Louse","floor":7.0,"turns":2.0},{"damage":0.0,"enemies":"Looter","floor":10.0,"turns":3.0},{"damage":0.0,"enemies":"Lagavulin","floor":11.0,"turns":7.0},{"damage":0.0,"enemies":"Exordium Thugs","floor":12.0,"turns":4.0},{"damage":0.0,"enemies":"Exordium Wildlife","floor":13.0,"turns":4.0},{"damage":0.0,"enemies":"Looter","floor":14.0,"turns":3.0},{"damage":0.0,"enemies":"Fading Forest","floor":16.0,"turns":11.0},{"damage":0.0,"enemies":"Chosen","floor":18.0,"turns":4.0},{"damage":0.0,"enemies":"2 Thieves","floor":20.0,"turns":3.0},{"damage":0.0,"enemies":"Snecko","floor":21.0,"turns":2.0},{"damage":0.0,"enemies":"Sentry and Sphere","floor":22.0,"turns":6.0},{"damage":0.0,"enemies":"Replay:Snechameleon","floor":24.0,"turns":5.0},{"damage":0.0,"enemies":"Slavers","floor":27.0,"turns":4.0},{"damage":0.0,"enemies":"Snake Plant","floor":28.0,"turns":2.0},{"damage":0.0,"enemies":"Shelled Parasite and Fungi","floor":30.0,"turns":1.0},{"damage":2.0,"enemies":"conspire:MysteriousRune","floor":33.0,"turns":5.0},{"damage":1.0,"enemies":"Orb Walker","floor":35.0,"turns":1.0},{"damage":9,"enemies":"2 Orb Walkers","floor":36,"turns":3},{"damage":5,"enemies":"Giant Head","floor":40,"turns":9},{"damage":1,"enemies":"R_Hoarder","floor":42,"turns":5},{"damage":0,"enemies":"Nemesis","floor":44,"turns":3},{"damage":0,"enemies":"3 Darklings","floor":46,"turns":1},{"damage":4,"enemies":"Transient","floor":47,"turns":5},{"damage":0,"enemies":"Maw","floor":48,"turns":6},{"damage":0,"enemies":"Time Eater","floor":50,"turns":5},{"damage":0,"enemies":"Shield and Spear","floor":54,"turns":2},{"damage":0,"enemies":"The Heart","floor":55,"turns":8}],"seed_played":"5560319502019639116","potions_obtained":[{"floor":1.0,"key":"LifebloodPotion"},{"floor":7.0,"key":"Block Potion"},{"floor":12.0,"key":"AttackPotion"},{"floor":13.0,"key":"Swift Potion"},{"floor":14.0,"key":"Venom Potion"},{"floor":18.0,"key":"SpeedPotion"},{"floor":20.0,"key":"ZuzhouPotion:ReiMu"},{"floor":24.0,"key":"Dexterity Potion"},{"floor":27.0,"key":"BlessingOfTheForge"},{"floor":35.0,"key":"Block Potion"},{"floor":54,"key":"EssenceOfSteel"}],"is_trial":false,"path_per_floor":["M","?","?","M","T","E","M","?","T","M","E","M","M","M","R","B",null,"M","?","M","M","M","R","E","?","T","E","M","?","M","?","R","B",null,"M","?","?","?","$","E","$","E","T","E","T","M","M","M","R","B",null,"R","$","E","B",null],"character_chosen":"FALCON","items_purchased":["The Courier","Guard_Bracelet","Membership Card","hubris:EvacipatedBox","DemoMod:MemoryAlloy","Juzu Bracelet","ClockworkSouvenir","Simple Rune","meleeMod_NonNeutralStart","Orichalcum","Bag of Preparation","Boot","Durian","Centennial Puzzle","Vajra","Pen Nib","HandDrill","meleeMod_BabActivated"],"campfire_rested":0,"item_purchase_floors":[39,39,39,39,41,41,41,41,41,41,41,41,41,41,53,53,53,53],"current_hp_per_floor":[85,85,68,68,68,68,68,68,68,68,68,68,68,68,68,68,85,85,85,85,85,85,85,85,72,72,72,72,72,72,72,72,70,85,84,75,75,75,20,15,20,19,19,26,26,28,27,29,29,29,104,104,107,109,109],"gold":39,"neow_bonus":"THREE_ENEMY_KILL","is_daily":false,"chose_seed":false,"campfire_upgraded":3,"win_rate":0.0,"timestamp":1608980323,"path_taken":["M","?","?","M","?","E","M","?","T","M","E","?","M","M","R","BOSS","M","?","M","M","M","R","E","?","T","E","M","?","M","?","R","BOSS","M","?","?","?","?","E","$","E","T","E","?","M","M","M","R","BOSS","R","$","E","BOSS"],"items_purchased_type":["Relic","Relic","Relic","Relic","Relic","Relic","Relic","Relic","Relic","Relic","Relic","Relic","Relic","Relic","Relic","Relic","Relic","Card"],"build_version":"2020-12-22","purchased_purges":1,"victory":true,"max_hp_per_floor":[85,85,85,85,85,85,85,85,85,85,85,85,85,85,85,85,85,85,85,85,85,85,85,85,85,85,85,85,85,85,85,85,85,85,85,85,85,85,85,85,90,90,90,97,97,99,102,104,104,104,104,104,107,109,109],"card_choices":[{"not_picked":["meleeMod_DashDance","meleeMod_FalconKick"],"picked":"meleeMod_DownTilt","floor":1.0},{"not_picked":["meleeMod_DownTilt","meleeMod_SomebodyClipThat"],"picked":"meleeMod_SoftKnee","floor":4.0},{"not_picked":["meleeMod_UnclePunch","meleeMod_WaveLand"],"picked":"meleeMod_FalconKick","floor":6.0},{"not_picked":["meleeMod_AirDodge","meleeMod_ShieldPoke"],"picked":"meleeMod_SweetSpot","floor":7.0},{"not_picked":["meleeMod_UpAir","meleeMod_SweetSpot"],"picked":"meleeMod_BlueFalcon","floor":10.0},{"not_picked":["meleeMod_Pause","meleeMod_NippleSpike"],"picked":"meleeMod_UpTilt","floor":11.0},{"not_picked":["meleeMod_ForwardTilt","meleeMod_BlueFalcon","meleeMod_NeutralAir"],"picked":"SKIP","floor":12.0},{"not_picked":["meleeMod_ForwardTilt","meleeMod_BackAir"],"picked":"meleeMod_FalconKick","floor":13.0},{"not_picked":["meleeMod_Pause","meleeMod_Knee"],"picked":"meleeMod_SoftKnee","floor":14.0},{"not_picked":["meleeMod_SomebodyClipThat","meleeMod_EdgeCancel"],"picked":"meleeMod_IKilledMufasa","floor":16.0},{"not_picked":["meleeMod_ForwardTilt+1","meleeMod_DownTilt"],"picked":"meleeMod_FalconDive","floor":18.0},{"not_picked":["meleeMod_CrouchCancel","meleeMod_DownTilt"],"picked":"meleeMod_ShieldDrop","floor":20.0},{"not_picked":["meleeMod_SweetSpot","meleeMod_UpAir","meleeMod_NoDI"],"picked":"SKIP","floor":21.0},{"not_picked":["meleeMod_RaptorBoost","meleeMod_HaxDash"],"picked":"meleeMod_WallJump+1","floor":22.0},{"not_picked":["meleeMod_FalconKick","meleeMod_VCancel"],"picked":"meleeMod_AmsahTech","floor":24.0},{"not_picked":["meleeMod_Gentleman","meleeMod_NoDI","meleeMod_FalconDive"],"picked":"SKIP","floor":27.0},{"not_picked":["meleeMod_NippleSpike","meleeMod_BackAir"],"picked":"meleeMod_DownSmash","floor":28.0},{"not_picked":["meleeMod_NeutralAir","meleeMod_WallJump","meleeMod_TeamAttackOn"],"picked":"SKIP","floor":30.0},{"not_picked":["meleeMod_SDRemix","meleeMod_WeTechThose"],"picked":"meleeMod_MindReader","floor":33.0},{"not_picked":["meleeMod_DownTilt+1","meleeMod_Knee+1"],"picked":"meleeMod_Gentleman+1","floor":35.0},{"not_picked":["meleeMod_UpAir+1","meleeMod_PowerShield"],"picked":"meleeMod_ShieldDrop+1","floor":36},{"not_picked":["meleeMod_WaveDash+1","meleeMod_WallJump"],"picked":"meleeMod_Cautious+1","floor":40},{"not_picked":["meleeMod_SweetSpot+1","meleeMod_DownSmash","meleeMod_WeTechThose"],"picked":"SKIP","floor":42},{"not_picked":["meleeMod_DropZone+1","meleeMod_GetUpAttack","meleeMod_BackAir"],"picked":"SKIP","floor":44},{"not_picked":["meleeMod_NeutralAir+1","meleeMod_DownSmash+1","meleeMod_DownTilt+1"],"picked":"Singing Bowl","floor":46},{"not_picked":["meleeMod_HomieStock","meleeMod_NoDI+1"],"picked":"meleeMod_Taunt+1","floor":47},{"not_picked":["meleeMod_DownTilt+1","meleeMod_BackAir","meleeMod_RapidJabs+1"],"picked":"Singing Bowl","floor":48},{"not_picked":["meleeMod_WaveDash","meleeMod_CrouchCancel","meleeMod_BabActivated"],"picked":"Singing Bowl","floor":54}],"player_experience":930567,"relics_obtained":[{"floor":5.0,"key":"Mastiff:ReiMu"},{"floor":6.0,"key":"Oddly Smooth Stone"},{"floor":9.0,"key":"DemoMod:GreenGuonStone"},{"floor":11.0,"key":"Iron Hammer"},{"floor":15.0,"key":"DemoMod:NanoMachines"},{"floor":24.0,"key":"DemoMod:JetPack"},{"floor":25.0,"key":"Necronomicon"},{"floor":26.0,"key":"Kunai"},{"floor":27.0,"key":"hubris:Reverence"},{"floor":36,"key":"hubris:64BitClover"},{"floor":40,"key":"Replay:Ringing Soul"},{"floor":42,"key":"Replay:Baseball"},{"floor":44,"key":"DemoMod:MonsterBlood"},{"floor":45,"key":"Singing Bowl"},{"floor":54,"key":"Replay:Rubber Ducky"}],"event_choices":[{"damage_healed":0.0,"max_hp_gain":0.0,"max_hp_loss":0.0,"gold_gain":0.0,"event_name":"Shining Light","player_choice":"Entered Light","floor":3.0,"gold_loss":0.0,"damage_taken":17.0,"cards_upgraded":["meleeMod_Shield","meleeMod_MindReader"]},{"damage_healed":0.0,"max_hp_gain":0.0,"max_hp_loss":0.0,"gold_gain":0.0,"event_name":"Cursed Tome","player_choice":"Obtained Book","floor":25.0,"gold_loss":0.0,"damage_taken":16.0},{"damage_healed":0.0,"max_hp_gain":0.0,"max_hp_loss":0.0,"gold_gain":0.0,"event_name":"Drug Dealer","player_choice":"Inject Mutagens","floor":29.0,"gold_loss":0.0,"damage_taken":0.0,"relics_obtained":["MutagenicStrength"]},{"damage_healed":0.0,"max_hp_gain":0.0,"max_hp_loss":0.0,"gold_gain":0.0,"event_name":"Duplicator","player_choice":"Copied","floor":31.0,"gold_loss":0.0,"damage_taken":0.0,"cards_obtained":["meleeMod_BlueFalcon"]},{"damage_healed":0,"gold_gain":0,"player_choice":"Fight","damage_taken":0,"max_hp_gain":0,"max_hp_loss":0,"event_name":"Mysterious Sphere","floor":36,"gold_loss":0}],"is_beta":false,"boss_relics":[{"not_picked":["hubris:HollowSoul","Snecko Eye"],"picked":"Abe\u0027s Treasure"},{"not_picked":["energizedSpire:MagnifyingGlass","sagemod:Falmels_Amulet"],"picked":"energizedSpire:RedRose"}],"items_purged_floors":[41],"is_endless":false,"potions_floor_spawned":[1,7,12,13,14,18,20,24,27,35,40,46,54],"ascension_level":0}}