{"host":"3xls0xm49ftugio7","time":1608995931,"event":{"mods":["2.2 Compatiblity","AchievementEnabler","Act Like it!","BaseMod","Colored Powertips","GifTheSpireLib","Mimic Mod","Minty Spire (QoL Compilation)","Quick Restart","Relic Stats","StSLib","The Marked"],"gold_per_floor":[109,109,109,128,53,92,92,117,167,192,226,240,279,111,111,240,240,256,61,75,75,91,91,41,74,74,74,87,108,58,101,101,101,101],"floor_reached":33,"playtime":1611,"items_purged":["theMarked:Strike","theMarked:Strike","theMarked:Strike","Pain","theMarked:Strike"],"score":320,"play_id":"187a91b3-d7f2-42d7-a2c9-20506ac3e79c","local_time":"20201226171851","is_ascension_mode":false,"campfire_choices":[{"data":"theMarked:SoldierOfQuellstein","floor":7,"key":"SMITH"},{"data":"theMarked:ComboAttacks","floor":15,"key":"SMITH"},{"floor":23,"key":"REST"},{"floor":27,"key":"REST"},{"floor":32,"key":"REST"}],"circlet_count":0,"master_deck":["theMarked:Strike","theMarked:Defend","theMarked:Defend","theMarked:Defend","theMarked:Defend","theMarked:SoldierOfQuellstein+1","theMarked:Indomitable","theMarked:ElectricStrings","theMarked:Aftermath","theMarked:Opportunist","theMarked:TakeCover","theMarked:Overcharge","theMarked:Overcharge","theMarked:Electrocute","theMarked:ComboAttacks+1","theMarked:Static","theMarked:EternalStudent","theMarked:StartUp","theMarked:RogueSparks","theMarked:Snap","theMarked:ElectricStrings+1","theMarked:PowerFlow","theMarked:WardOff"],"relics":["theMarked:ArtifactOfAir","NeowsBlessing","Golden Idol","CultistMask","Blue Candle","Lantern","Bag of Marbles","Smiling Mask","theMarked:Eyepatch","Vajra","WarpedTongs","Akabeko","Matryoshka","Shuriken"],"acts_visited":["Exordium","TheCity"],"potions_floor_usage":[18,18,25,31,33,33,33],"damage_taken":[{"damage":0,"enemies":"2 Louse","floor":1,"turns":1},{"damage":0,"enemies":"Jaw Worm","floor":4,"turns":1},{"damage":0,"enemies":"Lagavulin","floor":6,"turns":1},{"damage":0,"enemies":"Cultist","floor":8,"turns":3},{"damage":7,"enemies":"Large Slime","floor":9,"turns":7},{"damage":1,"enemies":"Large Slime","floor":10,"turns":6},{"damage":7,"enemies":"Gremlin Nob","floor":11,"turns":5},{"damage":5,"enemies":"Gremlin Gang","floor":12,"turns":4},{"damage":1,"enemies":"Exordium Wildlife","floor":13,"turns":8},{"damage":18,"enemies":"Slime Boss","floor":16,"turns":8},{"damage":0,"enemies":"Spheric Guardian","floor":18,"turns":3},{"damage":13,"enemies":"Chosen","floor":20,"turns":5},{"damage":25,"enemies":"Snecko","floor":22,"turns":4},{"damage":35,"enemies":"Gremlin Leader","floor":25,"turns":5},{"damage":0,"enemies":"Cultist and Chosen","floor":28,"turns":4},{"damage":0,"enemies":"Snake Plant","floor":29,"turns":1},{"damage":14,"enemies":"Slavers","floor":31,"turns":4},{"damage":36,"enemies":"Champ","floor":33,"turns":5}],"seed_played":"-1632449711823703847","potions_obtained":[{"floor":4,"key":"AttackPotion"},{"floor":6,"key":"Strength Potion"},{"floor":10,"key":"SmokeBomb"},{"floor":18,"key":"Swift Potion"},{"floor":22,"key":"Energy Potion"},{"floor":31,"key":"EntropicBrew"}],"is_trial":false,"path_per_floor":["M","?","?","M","$","E","R","M","MIM","M","E","M","MIM","$","R","B",null,"M","$","M","?","M","R","$","E","T","R","M","M","$","E","R","B"],"character_chosen":"THE_DEFAULT","items_purchased":["theMarked:ComboAttacks","theMarked:Static","Vajra"],"campfire_rested":3,"item_purchase_floors":[14,14,19],"current_hp_per_floor":[70,65,65,65,65,65,65,65,58,57,50,45,44,44,44,26,65,65,65,52,52,27,46,46,11,11,30,30,30,30,16,35,0,0],"gold":101,"neow_bonus":"THREE_ENEMY_KILL","is_daily":false,"chose_seed":false,"campfire_upgraded":2,"win_rate":0.0,"timestamp":1608995931,"path_taken":["M","?","?","M","$","E","R","?","MIM","M","E","?","?","$","R","BOSS","M","$","M","?","M","R","$","E","T","R","?","M","$","E","R","BOSS"],"items_purchased_type":["Card","Card","Relic"],"build_version":"2020-12-22","purchased_purges":5,"victory":false,"max_hp_per_floor":[70,65,65,65,65,65,65,65,65,65,65,65,65,65,65,65,65,65,65,65,65,65,65,65,65,65,65,65,65,65,65,65,65,65],"relic_stats":{"counters":[18,75],"Golden Idol":108,"Shuriken":[2],"Blue Candle":[0],"Smiling Mask":350,"obtain_stats":[{"Lantern":9,"NeowsBlessing":0,"Golden Idol":2,"Blue Candle":6,"Vajra":19,"Smiling Mask":13,"Akabeko":25,"WarpedTongs":21,"theMarked:ArtifactOfAir":0,"Matryoshka":26,"Shuriken":31,"CultistMask":3,"Bag of Marbles":11,"theMarked:Eyepatch":17},{"Lantern":5,"NeowsBlessing":0,"Golden Idol":1,"Blue Candle":3,"Vajra":11,"Smiling Mask":9,"Akabeko":14,"WarpedTongs":12,"theMarked:ArtifactOfAir":0,"Matryoshka":14,"Shuriken":17,"CultistMask":1,"Bag of Marbles":7,"theMarked:Eyepatch":10},{"Lantern":13,"NeowsBlessing":0,"Golden Idol":1,"Blue Candle":3,"Vajra":47,"Smiling Mask":36,"Akabeko":61,"WarpedTongs":52,"theMarked:ArtifactOfAir":0,"Matryoshka":61,"Shuriken":70,"CultistMask":1,"Bag of Marbles":24,"theMarked:Eyepatch":44}],"WarpedTongs":[23]},"card_choices":[{"not_picked":["theMarked:TwofoldDefense","theMarked:EnhanceMovement"],"picked":"theMarked:Indomitable","floor":1},{"not_picked":["theMarked:Improvise","theMarked:Indomitable"],"picked":"theMarked:ElectricStrings","floor":4},{"not_picked":["theMarked:Generate","theMarked:WastefulAttack"],"picked":"theMarked:Aftermath","floor":6},{"not_picked":["theMarked:EnhanceMovement","theMarked:Reabsorb"],"picked":"theMarked:Opportunist","floor":8},{"not_picked":["theMarked:ElectricStrings","theMarked:BanishingWave"],"picked":"theMarked:TakeCover","floor":9},{"not_picked":["theMarked:TwofoldDefense","theMarked:Frustration","theMarked:Panic"],"picked":"SKIP","floor":10},{"not_picked":["theMarked:ChainLightning","theMarked:Frustration"],"picked":"theMarked:Overcharge","floor":11},{"not_picked":["theMarked:GodGivenPower","theMarked:ParalyzingBlade"],"picked":"theMarked:Overcharge","floor":12},{"not_picked":["theMarked:SwordAndMagic","theMarked:Generate"],"picked":"theMarked:Electrocute","floor":13},{"not_picked":["theMarked:Challenge","theMarked:TakeOffHeels"],"picked":"theMarked:EternalStudent","floor":16},{"not_picked":["theMarked:HeightenedSenses","theMarked:Seal"],"picked":"theMarked:StartUp","floor":18},{"not_picked":["theMarked:SelfDefenseTraining","theMarked:TwofoldDefense","theMarked:ParalyzingBlade"],"picked":"SKIP","floor":20},{"not_picked":["theMarked:LightningStrikesTwice","theMarked:ElectricStrings+1"],"picked":"theMarked:RogueSparks","floor":22},{"not_picked":["theMarked:Improvise","theMarked:ChainLightning"],"picked":"theMarked:Snap","floor":25},{"not_picked":["theMarked:RepellingDischarge+1","theMarked:ReduceFriction+1"],"picked":"theMarked:ElectricStrings+1","floor":28},{"not_picked":["theMarked:ResourceFulStrike+1","theMarked:ChainLightning"],"picked":"theMarked:PowerFlow","floor":29},{"not_picked":["theMarked:WastefulAttack","theMarked:Improvise"],"picked":"theMarked:WardOff","floor":31}],"player_experience":683673,"relics_obtained":[{"floor":6,"key":"Blue Candle"},{"floor":9,"key":"Lantern"},{"floor":11,"key":"Bag of Marbles"},{"floor":13,"key":"Smiling Mask"},{"floor":25,"key":"Akabeko"},{"floor":26,"key":"Matryoshka"},{"floor":31,"key":"Shuriken"}],"event_choices":[{"damage_healed":0,"gold_gain":0,"player_choice":"Lose Max HP","damage_taken":0,"relics_obtained":["Golden Idol"],"max_hp_gain":0,"max_hp_loss":5,"event_name":"Golden Idol","floor":2,"gold_loss":0},{"damage_healed":0,"gold_gain":0,"player_choice":"Trade","damage_taken":0,"relics_obtained":["CultistMask"],"max_hp_gain":0,"max_hp_loss":0,"event_name":"FaceTrader","floor":3,"gold_loss":0},{"damage_healed":0,"gold_gain":0,"player_choice":"Rummage","damage_taken":0,"relics_obtained":["WarpedTongs"],"max_hp_gain":0,"max_hp_loss":0,"event_name":"Accursed Blacksmith","floor":21,"gold_loss":0,"cards_obtained":["Pain"]}],"is_beta":false,"boss_relics":[{"not_picked":["SacredBark","Ectoplasm"],"picked":"theMarked:Eyepatch"}],"items_purged_floors":[5,14,19,24,30],"is_endless":false,"potions_floor_spawned":[4,6,10,16,18,22,31],"killed_by":"Champ","ascension_level":0}}