{"host":"irhsmqiih3m4u4t9","time":1608965733,"event":{"mods":["BaseMod","DeckTracker","Minty Spire (QoL Compilation)","StSLib"],"gold_per_floor":[114,129,144,159,159,189,204,219,219,234,234,249,264,144,144,244,244,259,184,146,146,161,191,191,221,246,261,261,276,276,291,291,391,391,406,421,521,536,551,581,581,596,621,71,71,33,0,15,15,15],"floor_reached":51,"playtime":2905,"items_purged":["Iron Wave"],"score":775,"play_id":"9b6f1215-ec79-4ca7-a257-db12dc47b618","local_time":"20201225225533","daily_mods":["SealedDeck","Diverse","Binary"],"is_ascension_mode":false,"campfire_choices":[{"data":"Inflame","floor":11,"key":"SMITH"},{"data":"Heavy Blade","floor":15,"key":"SMITH"},{"data":"Uppercut","floor":24,"key":"SMITH"},{"data":"Phantasmal Killer","floor":28,"key":"SMITH"},{"data":"Flame Barrier","floor":32,"key":"SMITH"},{"data":"Glacier","floor":49,"key":"SMITH"}],"circlet_count":0,"master_deck":["Footwork","Twin Strike","Quick Slash","Clash","Headbutt","Flex","Flame Barrier+1","Dagger Spray","Streamline","Glacier+1","Hologram","Sunder+1","Inflame+1","Cleave","Heavy Blade+1","Phantasmal Killer+1","Uppercut+1","Riddle With Holes","Necronomicurse","Bludgeon","Parasite","Backflip+1","Riddle With Holes"],"relics":["Burning Blood","Blood Vial","PreservedInsect","Sundial","Velvet Choker","Champion Belt","Incense Burner","Bronze Scales","Necronomicon","Coffee Dripper","Nunchaku","Akabeko","Ornamental Fan","HandDrill","Juzu Bracelet","Mercury Hourglass","Red Mask"],"acts_visited":["Exordium","TheCity","TheBeyond"],"potions_floor_usage":[16,23,23,33,50,50],"damage_taken":[{"damage":0,"enemies":"Cultist","floor":1,"turns":2},{"damage":0,"enemies":"Small Slimes","floor":2,"turns":1},{"damage":0,"enemies":"2 Louse","floor":3,"turns":1},{"damage":9,"enemies":"Large Slime","floor":4,"turns":3},{"damage":4,"enemies":"Lagavulin","floor":6,"turns":8},{"damage":0,"enemies":"Gremlin Gang","floor":7,"turns":2},{"damage":0,"enemies":"2 Fungi Beasts","floor":8,"turns":3},{"damage":8,"enemies":"Exordium Thugs","floor":10,"turns":4},{"damage":6,"enemies":"Exordium Wildlife","floor":12,"turns":5},{"damage":3,"enemies":"Looter","floor":13,"turns":3},{"damage":0,"enemies":"Slime Boss","floor":16,"turns":8},{"damage":10,"enemies":"Chosen","floor":18,"turns":2},{"damage":9,"enemies":"Shell Parasite","floor":22,"turns":5},{"damage":6,"enemies":"Book of Stabbing","floor":23,"turns":2},{"damage":27,"enemies":"Slavers","floor":25,"turns":4},{"damage":0,"enemies":"Chosen and Byrds","floor":27,"turns":3},{"damage":0,"enemies":"Centurion and Healer","floor":29,"turns":2},{"damage":1,"enemies":"Shelled Parasite and Fungi","floor":31,"turns":2},{"damage":7,"enemies":"Collector","floor":33,"turns":4},{"damage":17,"enemies":"3 Darklings","floor":35,"turns":4},{"damage":0,"enemies":"Orb Walker","floor":36,"turns":1},{"damage":1,"enemies":"Maw","floor":38,"turns":3},{"damage":24,"enemies":"Sphere and 2 Shapes","floor":39,"turns":3},{"damage":1,"enemies":"Giant Head","floor":40,"turns":3},{"damage":0,"enemies":"Writhing Mass","floor":42,"turns":3},{"damage":0,"enemies":"Transient","floor":48,"turns":5},{"damage":34,"enemies":"Time Eater","floor":50,"turns":5}],"seed_played":"5451747836825439005","potions_obtained":[{"floor":3,"key":"Energy Potion"},{"floor":4,"key":"ElixirPotion"},{"floor":6,"key":"Fire Potion"},{"floor":7,"key":"AttackPotion"},{"floor":10,"key":"FearPotion"},{"floor":18,"key":"DistilledChaos"},{"floor":27,"key":"Explosive Potion"},{"floor":36,"key":"SneckoOil"},{"floor":39,"key":"SteroidPotion"},{"floor":40,"key":"ColorlessPotion"}],"is_trial":false,"path_per_floor":["M","M","M","M","?","E","M","M","T","M","R","M","M","$","R","B",null,"M","?","$","?","M","E","R","E","T","M","R","M","?","M","R","B",null,"M","M","?","M","M","E","?","M","T","$","T","$","?","M","R","B",null],"character_chosen":"IRONCLAD","items_purchased":["Heavy Blade","Uppercut","Ornamental Fan","HandDrill","Juzu Bracelet","Riddle With Holes"],"campfire_rested":0,"item_purchase_floors":[14,20,44,44,44,46],"current_hp_per_floor":[80,80,80,77,77,80,80,80,80,78,78,80,80,80,80,80,80,76,76,76,76,75,77,77,58,58,66,66,74,58,65,65,66,80,69,77,77,80,62,69,69,77,77,77,77,77,77,80,80,52],"gold":15,"neow_bonus":"","is_daily":true,"chose_seed":false,"campfire_upgraded":6,"win_rate":0.0,"timestamp":1608965733,"path_taken":["M","?","M","M","?","E","M","M","T","M","R","M","M","$","R","BOSS","M","?","$","?","M","E","R","E","T","M","R","M","?","M","R","BOSS","M","M","?","?","M","E","?","M","T","$","?","?","?","M","R","BOSS"],"items_purchased_type":["Card","Card","Relic","Relic","Relic","Card"],"build_version":"2020-12-22","purchased_purges":1,"victory":true,"max_hp_per_floor":[80,80,80,80,80,80,80,80,80,80,80,80,80,80,80,80,80,80,80,80,80,80,80,80,80,80,80,80,80,80,80,80,80,80,80,80,80,80,80,80,80,80,80,80,80,80,80,80,80,80],"card_choices":[{"not_picked":["Self Repair","Twin Strike"],"picked":"SKIP","floor":1},{"not_picked":["Self Repair"],"picked":"Streamline","floor":2},{"not_picked":["Pommel Strike"],"picked":"Glacier","floor":3},{"not_picked":["Dagger Throw"],"picked":"Hologram","floor":4},{"not_picked":["Outmaneuver"],"picked":"Sunder","floor":6},{"not_picked":["Turbo","Go for the Eyes"],"picked":"SKIP","floor":7},{"not_picked":["Storm"],"picked":"Inflame","floor":8},{"not_picked":["Coolheaded","Burning Pact"],"picked":"SKIP","floor":10},{"not_picked":["Eviscerate"],"picked":"Cleave","floor":12},{"not_picked":["Underhanded Strike","Reflex"],"picked":"SKIP","floor":13},{"not_picked":["Immolate"],"picked":"Phantasmal Killer","floor":16},{"not_picked":["Coolheaded","Concentrate+1"],"picked":"SKIP","floor":18},{"not_picked":["Outmaneuver","Dropkick"],"picked":"SKIP","floor":22},{"not_picked":["Feel No Pain","Blood for Blood"],"picked":"SKIP","floor":23},{"not_picked":["Twin Strike","Sentinel"],"picked":"SKIP","floor":25},{"not_picked":["Cleave","Quick Slash"],"picked":"SKIP","floor":27},{"not_picked":["Leg Sweep"],"picked":"Riddle With Holes","floor":29},{"not_picked":["True Grit","Poisoned Stab"],"picked":"SKIP","floor":31},{"not_picked":["Corruption"],"picked":"Bludgeon","floor":33},{"not_picked":["Stack","Flex"],"picked":"SKIP","floor":35},{"not_picked":["Havoc","Escape Plan"],"picked":"SKIP","floor":36},{"not_picked":["Sword Boomerang","Conserve Battery+1"],"picked":"SKIP","floor":38},{"not_picked":["Beam Cell","Dodge and Roll"],"picked":"SKIP","floor":39},{"not_picked":["Body Slam+1","Disarm+1"],"picked":"SKIP","floor":40},{"not_picked":["Double Energy"],"picked":"Backflip+1","floor":42},{"not_picked":["Rupture+1","Chaos"],"picked":"SKIP","floor":48}],"player_experience":93752,"relics_obtained":[{"floor":6,"key":"PreservedInsect"},{"floor":9,"key":"Sundial"},{"floor":23,"key":"Champion Belt"},{"floor":25,"key":"Incense Burner"},{"floor":26,"key":"Bronze Scales"},{"floor":30,"key":"Necronomicon"},{"floor":40,"key":"Nunchaku"},{"floor":43,"key":"Akabeko"},{"floor":45,"key":"Mercury Hourglass"}],"event_choices":[{"damage_healed":0,"gold_gain":0,"player_choice":"Gave Potion","damage_taken":0,"relics_obtained":["Blood Vial"],"max_hp_gain":0,"max_hp_loss":0,"event_name":"WeMeetAgain","floor":5,"gold_loss":0},{"cards_removed":["Shrug It Off"],"damage_healed":0,"gold_gain":0,"player_choice":"Gave Gold","damage_taken":0,"max_hp_gain":0,"max_hp_loss":0,"event_name":"Beggar","floor":19,"gold_loss":75},{"damage_healed":0,"gold_gain":0,"player_choice":"Ignored","damage_taken":0,"max_hp_gain":0,"max_hp_loss":0,"event_name":"Ghosts","floor":21,"gold_loss":0},{"damage_healed":0,"gold_gain":0,"player_choice":"Obtained Book","damage_taken":16,"max_hp_gain":0,"max_hp_loss":0,"event_name":"Cursed Tome","floor":30,"gold_loss":0},{"damage_healed":0,"gold_gain":100,"player_choice":"Pray","damage_taken":0,"max_hp_gain":0,"max_hp_loss":0,"event_name":"Golden Shrine","floor":37,"gold_loss":0},{"damage_healed":0,"gold_gain":0,"player_choice":"Upgraded","damage_taken":0,"max_hp_gain":0,"max_hp_loss":0,"event_name":"Upgrade Shrine","floor":41,"gold_loss":0,"cards_upgraded":["Sunder"]},{"damage_healed":0,"gold_gain":0,"player_choice":"Paid","damage_taken":0,"relics_obtained":["Red Mask"],"max_hp_gain":0,"max_hp_loss":0,"event_name":"Tomb of Lord Red Mask","floor":47,"gold_loss":33}],"is_beta":false,"boss_relics":[{"not_picked":["Cursed Key","Runic Cube"],"picked":"Velvet Choker"},{"not_picked":["Fusion Hammer","SlaversCollar"],"picked":"Coffee Dripper"}],"items_purged_floors":[14],"is_endless":false,"potions_floor_spawned":[3,4,6,7,10,18,27,36,39,40,48],"ascension_level":0}}