{"host":"rkizb0bayd67deyv","time":1608959975,"event":{"mods":["2.2 Compatiblity","AchievementEnabler","Astrologer","BaseMod","Beaked The Cultist","BetterRewards","CapriCore","Colored Map","Colored Powertips","GifTheSpireLib","Gremlin Mod","KinomotoSakuraMod(ñÿîVñ{?)","Koishi","Mad Scientist","MarisaÅiñ∂âJÅ@ñÇóùçπÅj","Minty Spire (QoL Compilation)","Quick Restart","StSLib","SuperFastMode","The Bladedancer","The Cursed","The Death Knight","The Immortal","The Mystic","The Poker Player","Unknown Chances","YoumuÅiç∞ÈÆódöÎÅj"],"gold_per_floor":[115,115,134,134,151,184,194,194,194,194,213,245,245,272,272,374,374,389,389,389,401,421,421,456,456,456,45,45,45,45],"floor_reached":29,"playtime":2323,"items_purged":["Strike_YM","Strike_YM"],"score":311,"play_id":"711c8873-c3e4-479c-ab51-8b0ab279a2e5","local_time":"20201226141935","is_ascension_mode":false,"campfire_choices":[{"data":"Trip","floor":8,"key":"SMITH"},{"data":"PreachingAvici","floor":10,"key":"SMITH"},{"floor":13,"key":"REST"},{"floor":15,"key":"REST"},{"data":"CherryBlossomSword","floor":23,"key":"SMITH"},{"floor":25,"key":"REST"}],"circlet_count":0,"master_deck":["Strike_YM","Strike_YM","Defend_YM","Defend_YM","Defend_YM","SlashOfPresentWorld","WheelOfPainOfLivingAndDead","Trip+1","HiganSword","ASingleThoughtAndInfiniteKalpas","HellFireSword","DispleasureOfTheSevenHakus","FlashingScatteredFlowers","PreachingAvici+1","TwoHundredYojanaInOneSlash","SwordOfBindingDesires","CherryBlossomSword+1","RitualDagger","CherryBlossomFlashing+1","SanzenSekai+1","SlashOfSaigyouSpringWind+1","Mayhem","HiganSword"],"relics":["HalfPhantom","Gambling Chip","Lee\u0027s Waffle","Membership Card","ChestCloth","Calipers","Dead Branch","Toxic Egg 2","Runic Pyramid","Meat on the Bone","Ornamental Fan","CaptainsWheel","Mummified Hand","ClockworkSouvenir"],"acts_visited":["Exordium","TheCity"],"potions_floor_usage":[14,24],"damage_taken":[{"damage":0.0,"enemies":"2 Louse","floor":1.0,"turns":3.0},{"damage":2,"enemies":"Small Slimes","floor":3,"turns":3},{"damage":0,"enemies":"Jaw Worm","floor":5,"turns":6},{"damage":8,"enemies":"3 Sentries","floor":6,"turns":6},{"damage":9,"enemies":"Exordium Thugs","floor":7,"turns":5},{"damage":13,"enemies":"3 Louse","floor":11,"turns":3},{"damage":35,"enemies":"Gremlin Nob","floor":12,"turns":4},{"damage":4,"enemies":"3 Sentries","floor":14,"turns":5},{"damage":0,"enemies":"The Guardian","floor":16,"turns":9},{"damage":15,"enemies":"Spheric Guardian","floor":18,"turns":5},{"damage":7,"enemies":"2 Thieves","floor":21,"turns":4},{"damage":14,"enemies":"Centurion and Healer","floor":22,"turns":6},{"damage":36,"enemies":"Gremlin Leader","floor":24,"turns":4},{"damage":54,"enemies":"Slavers","floor":29,"turns":4}],"seed_played":"-40054499444198162","potions_obtained":[{"floor":1.0,"key":"SmokeBomb"},{"floor":3,"key":"Explosive Potion"},{"floor":6,"key":"AttackPotion"},{"floor":22,"key":"LiquidMemories"},{"floor":24,"key":"Dexterity Potion"}],"is_trial":false,"path_per_floor":["M","?","M","?","M","E","M","R","T","R","M","E","R","E","R","B",null,"M","?","T","M","M","R","E","R","T","$","?","E"],"character_chosen":"YOUMU","items_purchased":["Trip","Lee\u0027s Waffle","HiganSword","Membership Card","ASingleThoughtAndInfiniteKalpas","Mummified Hand","Mayhem","HiganSword","ClockworkSouvenir","PowerPotion"],"campfire_rested":3,"item_purchase_floors":[0,0,0,0,0,27,27,27,27,27],"current_hp_per_floor":[82,82,80,73,73,65,56,56,56,56,43,8,32,28,52,52,82,67,61,61,54,52,52,28,52,52,52,52,0,0],"gold":45,"neow_bonus":"","is_daily":false,"chose_seed":false,"campfire_upgraded":3,"win_rate":0.0,"timestamp":1608959975,"path_taken":["M","?","M","?","M","E","M","R","T","R","M","E","R","E","R","BOSS","M","?","?","M","?","R","E","R","T","$","?","E"],"items_purchased_type":["Card","Relic","Card","Relic","Card","Relic","Card","Card","Relic","Potion"],"build_version":"2020-12-22","purchased_purges":2,"victory":false,"max_hp_per_floor":[82,82,82,82,82,82,82,82,82,82,82,82,82,82,82,82,82,82,82,82,82,82,82,82,82,82,82,82,82,82],"card_choices":[{"not_picked":["HumanKnowledgeSword","GhostSword"],"picked":"HellFireSword","floor":1.0},{"not_picked":["ThreeKonsSevenHakus","DoubleWheelOfPain"],"picked":"DispleasureOfTheSevenHakus","floor":3},{"not_picked":["ObsessionWithThePresentWorld","EchoesOfTheInclemencyOfAllBeings"],"picked":"FlashingScatteredFlowers","floor":5},{"not_picked":["FlashingScatteredFlowers","FourBirthsSword"],"picked":"PreachingAvici","floor":6},{"not_picked":["ThreeKonsSevenHakus","BizarrenessOfSixRealms"],"picked":"TwoHundredYojanaInOneSlash","floor":7},{"not_picked":["HumanKnowledgeSword","FlashingScatteredFlowers"],"picked":"SwordOfBindingDesires","floor":11},{"not_picked":["CelestialStarSword","CrescentMoonSlash","LotusPostureSlash"],"picked":"SKIP","floor":12},{"not_picked":["SanzenSekai","BizarrenessOfSixRealms+1","TwoHundredYojanaInOneSlash"],"picked":"SKIP","floor":14},{"not_picked":["MatsuyoiReflectingSatelliteSlash","AsuraSword"],"picked":"CherryBlossomSword","floor":16},{"not_picked":["LifeCuttingSword","SpiritCuttingSword+1","ThoughtCuttingSword"],"picked":"SKIP","floor":18},{"not_picked":["SpiritCuttingSword+1","TwoHundredYojanaInOneSlash"],"picked":"CherryBlossomFlashing+1","floor":21},{"not_picked":["TurningAngelCut+1","CrescentMoonSlash"],"picked":"SanzenSekai+1","floor":22},{"not_picked":["HumanGodSword","HumanRealmSword+1"],"picked":"SlashOfSaigyouSpringWind+1","floor":24}],"player_experience":257868,"relics_obtained":[{"floor":6,"key":"ChestCloth"},{"floor":9,"key":"Calipers"},{"floor":12,"key":"Dead Branch"},{"floor":14,"key":"Toxic Egg 2"},{"floor":20,"key":"Meat on the Bone"},{"floor":24,"key":"Ornamental Fan"},{"floor":26,"key":"CaptainsWheel"}],"event_choices":[{"damage_healed":0.0,"max_hp_gain":0.0,"max_hp_loss":0.0,"gold_gain":0.0,"event_name":"Liars Game","player_choice":"Ignored","floor":2.0,"gold_loss":0.0,"damage_taken":0.0},{"cards_removed":["Defend_YM"],"damage_healed":0,"gold_gain":0,"player_choice":"Card Removal","damage_taken":7,"max_hp_gain":0,"max_hp_loss":0,"event_name":"Golden Wing","floor":4,"gold_loss":0},{"damage_healed":0,"gold_gain":0,"player_choice":"Joined the Cult","damage_taken":6,"max_hp_gain":0,"max_hp_loss":0,"event_name":"Nest","floor":19,"gold_loss":0,"cards_obtained":["RitualDagger"]},{"damage_healed":0,"gold_gain":0,"player_choice":"Ignored","damage_taken":0,"max_hp_gain":0,"max_hp_loss":0,"event_name":"Vampires","floor":28,"gold_loss":0}],"is_beta":false,"boss_relics":[{"not_picked":["Astrolabe","Fusion Hammer"],"picked":"Runic Pyramid"}],"items_purged_floors":[0,27],"is_endless":false,"potions_floor_spawned":[1,3,6,22,24],"killed_by":"Slavers","ascension_level":0}}