{"host":"fdmexzkyss3ff9bv","time":1608979725,"event":{"mods":["BaseMod","Beaked The Cultist","BetterRewards","Downfall","Glutton Mod","Halation","Hubris","Infinite Spire","Minty Spire (QoL Compilation)","Replay The Spire","StSLib","The Animator","The Blackbeard","The Bug Knight","The Construct","The Mystic","The Servant 0.9.4","The Witch"],"gold_per_floor":[119,119,119,154,179,179,179,209,209,209,209],"floor_reached":10,"playtime":726,"items_purged":[],"score":58,"play_id":"e605fd0c-3877-42c1-8ae4-0a61079db8a3","local_time":"20201226114845","is_ascension_mode":false,"campfire_choices":[{"floor":6.0,"key":"RECALL"}],"circlet_count":0,"master_deck":["Strike_R","Strike_R","Strike_R","Defend_R","Defend_R","Defend_R","Defend_R","Bash","hubris:Greed","Shrug It Off","Sword Boomerang","hubris:Greed","Dual Wield","hubris:Greed","Perfected Strike","Cleave","Infernal Blade"],"relics":["Burning Blood","FossilizedHelix","halation:PinkSoulGem","Garlic","infinitespire:Lucky Rock"],"acts_visited":["Exordium"],"potions_floor_usage":[10],"damage_taken":[{"damage":0.0,"enemies":"2 Louse","floor":1.0,"turns":3.0},{"damage":7.0,"enemies":"Small Slimes","floor":4.0,"turns":5.0},{"damage":0.0,"enemies":"Cultist","floor":5.0,"turns":4.0},{"damage":8,"enemies":"Large Slime","floor":8,"turns":8},{"damage":52,"enemies":"Nightmare","floor":10,"turns":7}],"seed_played":"8678464825689560970","potions_obtained":[{"floor":5.0,"key":"LifebloodPotion"},{"floor":8,"key":"GamblersBrew"}],"is_trial":false,"path_per_floor":["M","?","?","M","M","R","AVR","M","T","NM"],"character_chosen":"IRONCLAD","items_purchased":["Shrug It Off","Sword Boomerang"],"campfire_rested":0,"item_purchase_floors":[0,0],"current_hp_per_floor":[55,48,48,47,53,53,53,51,51,0,0],"gold":209,"neow_bonus":"","is_daily":false,"chose_seed":false,"campfire_upgraded":0,"win_rate":0.0,"timestamp":1608979725,"path_taken":["M","?","?","M","M","R","$","M","T","NM"],"items_purchased_type":["Card","Card"],"build_version":"2020-12-13","purchased_purges":0,"victory":false,"max_hp_per_floor":[80,80,80,80,80,80,80,80,80,80,80],"card_choices":[{"not_picked":["Burning Pact","Iron Wave"],"picked":"Dual Wield","floor":1.0},{"not_picked":["Anger","Thunderclap"],"picked":"Perfected Strike","floor":4.0},{"not_picked":["Flex","Headbutt"],"picked":"Cleave","floor":5.0},{"not_picked":["Metallicize","Fire Breathing"],"picked":"Infernal Blade","floor":8}],"player_experience":34169,"relics_obtained":[{"floor":9,"key":"infinitespire:Lucky Rock"}],"event_choices":[{"cards_removed":["Strike_R"],"damage_healed":0.0,"max_hp_gain":0.0,"max_hp_loss":0.0,"gold_gain":0.0,"event_name":"Golden Wing","player_choice":"Card Removal","floor":2.0,"gold_loss":0.0,"damage_taken":7.0}],"is_beta":false,"boss_relics":[],"items_purged_floors":[],"is_endless":false,"potions_floor_spawned":[5,8],"killed_by":"Nightmare","ascension_level":0}}