{"host":"rmsq46plbpwfbxcc","time":1608985064,"event":{"mods":["AchievementEnabler","BaseMod","Colored Map","DeckTracker","Minty Spire (QoL Compilation)","Permanent Neow","SuperFastMode"],"gold_per_floor":[112,127,145,164,180,180,207,224,224,243,255,255,288,301,301,379,379,396,321,246,264,282,282,299,299,367,367,467,498,498,526,526,600,600,616,616,627,203,203,243,118,118,118,141,170,188,188,133,133,133],"floor_reached":51,"playtime":1601,"items_purged":["Defend_G","Defend_G","Strike_G"],"score":1685,"play_id":"3f91848d-3d48-400b-ac95-80f1cc77d792","local_time":"20201226211744","is_ascension_mode":true,"campfire_choices":[{"data":"Blade Dance","floor":6.0,"key":"SMITH"},{"data":"Terror","floor":12.0,"key":"SMITH"},{"data":"Accuracy","floor":15.0,"key":"SMITH"},{"data":"Neutralize","floor":23.0,"key":"SMITH"},{"data":"Finisher","floor":25.0,"key":"SMITH"},{"floor":30,"key":"REST"},{"data":"Blur","floor":32,"key":"SMITH"},{"data":"A Thousand Cuts","floor":42,"key":"SMITH"},{"data":"Blade Dance","floor":49,"key":"SMITH"}],"circlet_count":0,"master_deck":["AscendersBane","Defend_G","Survivor+1","Neutralize+1","Predator+1","Phantasmal Killer+1","Venomology+1","Terror+1","Cloak And Dagger+1","Finisher+1","Blade Dance+1","Accuracy+1","PiercingWail","Blur+1","Acrobatics","A Thousand Cuts+1","Choke+1","Backflip","Footwork+1","Blade Dance+1"],"relics":["Astrolabe","Mercury Hourglass","Ginger","War Paint","Empty Cage","StrikeDummy","Lizard Tail","InkBottle","Torii","Gremlin Horn","Coffee Dripper","Shuriken","CeramicFish","Molten Egg 2","Bag of Marbles"],"acts_visited":["Exordium","TheCity","TheBeyond"],"potions_floor_usage":[28,28,28,29,29,31,33,33,37,44,45,46,50,50,50],"damage_taken":[{"damage":0.0,"enemies":"Cultist","floor":1.0,"turns":4.0},{"damage":9.0,"enemies":"Jaw Worm","floor":2.0,"turns":2.0},{"damage":0.0,"enemies":"2 Louse","floor":3.0,"turns":2.0},{"damage":12.0,"enemies":"Large Slime","floor":4.0,"turns":4.0},{"damage":6.0,"enemies":"3 Louse","floor":5.0,"turns":2.0},{"damage":20.0,"enemies":"Gremlin Nob","floor":7.0,"turns":3.0},{"damage":0.0,"enemies":"Blue Slaver","floor":8.0,"turns":1.0},{"damage":4.0,"enemies":"Exordium Thugs","floor":10.0,"turns":5.0},{"damage":3.0,"enemies":"Looter","floor":11.0,"turns":2.0},{"damage":0.0,"enemies":"3 Sentries","floor":13.0,"turns":4.0},{"damage":0.0,"enemies":"Exordium Wildlife","floor":14.0,"turns":2.0},{"damage":0.0,"enemies":"Slime Boss","floor":16.0,"turns":4.0},{"damage":0.0,"enemies":"3 Byrds","floor":18.0,"turns":3.0},{"damage":9.0,"enemies":"2 Thieves","floor":21.0,"turns":4.0},{"damage":7.0,"enemies":"Centurion and Healer","floor":22.0,"turns":5.0},{"damage":0.0,"enemies":"Snecko","floor":24.0,"turns":3.0},{"damage":6,"enemies":"Colosseum Slavers","floor":28,"turns":4},{"damage":3,"enemies":"Colosseum Nobs","floor":28,"turns":3},{"damage":0,"enemies":"Book of Stabbing","floor":29,"turns":3},{"damage":21,"enemies":"Slavers","floor":31,"turns":3},{"damage":0,"enemies":"Champ","floor":33,"turns":7},{"damage":7,"enemies":"3 Darklings","floor":35,"turns":3},{"damage":0,"enemies":"Orb Walker","floor":37,"turns":2},{"damage":2,"enemies":"Giant Head","floor":40,"turns":5},{"damage":13,"enemies":"Sphere and 2 Shapes","floor":44,"turns":4},{"damage":0,"enemies":"Nemesis","floor":45,"turns":5},{"damage":0,"enemies":"Writhing Mass","floor":46,"turns":1},{"damage":33,"enemies":"Donu and Deca","floor":50,"turns":5}],"seed_played":"-4427567429719489589","potions_obtained":[{"floor":2.0,"key":"Strength Potion"},{"floor":4.0,"key":"LiquidMemories"},{"floor":5.0,"key":"Regen Potion"},{"floor":10.0,"key":"FearPotion"},{"floor":11.0,"key":"CunningPotion"},{"floor":14.0,"key":"Strength Potion"},{"floor":28,"key":"ColorlessPotion"},{"floor":29,"key":"Fire Potion"},{"floor":46,"key":"FearPotion"}],"is_trial":false,"path_per_floor":["M","M","M","M","M","R","E","M","T","M","M","R","E","M","R","B",null,"M","?","$","M","M","R","M","R","T","?","?","E","R","E","R","B",null,"M","?","M","$","?","E","$","R","T","M","E","M","?","$","R","B",null],"character_chosen":"THE_SILENT","items_purchased":["Shuriken","Backflip","Block Potion"],"campfire_rested":1,"item_purchase_floors":[38,38,48],"current_hp_per_floor":[59,50,50,38,32,32,12,12,12,22,19,19,19,19,19,19,54,54,54,54,45,38,38,38,38,38,38,29,29,48,27,27,27,56,49,49,49,49,49,47,47,47,47,34,34,34,34,34,34,1],"gold":133,"neow_bonus":"BOSS_RELIC","is_daily":false,"chose_seed":false,"campfire_upgraded":8,"win_rate":0.0,"timestamp":1608985064,"path_taken":["M","M","M","M","M","R","E","?","T","M","M","R","E","M","R","BOSS","M","?","$","M","M","R","M","R","T","?","?","E","R","E","R","BOSS","M","?","M","$","?","E","$","R","T","M","E","M","?","?","R","BOSS"],"items_purchased_type":["Relic","Card","Potion"],"build_version":"2020-12-22","purchased_purges":3,"victory":true,"max_hp_per_floor":[66,66,66,66,66,66,66,66,66,66,66,66,66,66,66,66,66,66,66,66,66,66,66,66,66,66,66,66,66,66,66,66,66,66,66,66,66,66,66,66,66,66,66,66,66,66,66,66,66,66],"card_choices":[{"not_picked":["Reflex","Sucker Punch"],"picked":"Terror","floor":1.0},{"not_picked":["Bouncing Flask","PiercingWail"],"picked":"Cloak And Dagger","floor":2.0},{"not_picked":["Distraction","Quick Slash"],"picked":"Finisher","floor":3.0},{"not_picked":["Flechettes","Quick Slash","Acrobatics"],"picked":"SKIP","floor":4.0},{"not_picked":["Dagger Throw","Deadly Poison"],"picked":"Blade Dance","floor":5.0},{"not_picked":["Masterful Stab","Flying Knee","Dagger Spray"],"picked":"SKIP","floor":7.0},{"not_picked":["Outmaneuver","Slice","Sucker Punch"],"picked":"SKIP","floor":8.0},{"not_picked":["Dagger Spray","Crippling Poison","Bouncing Flask"],"picked":"SKIP","floor":10.0},{"not_picked":["Outmaneuver","Bane","Flying Knee"],"picked":"SKIP","floor":11.0},{"not_picked":["Blade Dance","Choke"],"picked":"Accuracy","floor":13.0},{"not_picked":["Terror","Quick Slash"],"picked":"PiercingWail","floor":14.0},{"not_picked":["Grand Finale","Unload"],"picked":"Die Die Die","floor":16.0},{"not_picked":["Acrobatics","Slice","Reflex"],"picked":"SKIP","floor":18.0},{"not_picked":["Accuracy+1","Slice"],"picked":"Blur","floor":21.0},{"not_picked":["Dodge and Roll+1","Noxious Fumes","Heel Hook"],"picked":"SKIP","floor":22.0},{"not_picked":["Quick Slash+1","Underhanded Strike","Caltrops"],"picked":"SKIP","floor":24.0},{"not_picked":["Endless Agony+1","Heel Hook","Die Die Die"],"picked":"SKIP","floor":29},{"not_picked":["Dagger Spray+1","Outmaneuver"],"picked":"Acrobatics","floor":31},{"not_picked":["Unload","Corpse Explosion"],"picked":"A Thousand Cuts","floor":33},{"not_picked":["Dash","Dagger Spray"],"picked":"Choke+1","floor":35},{"not_picked":["Poisoned Stab+1","Calculated Gamble","Flying Knee"],"picked":"SKIP","floor":37},{"not_picked":["Flying Knee","Dodge and Roll"],"picked":"Footwork+1","floor":40},{"not_picked":["Deflect","Acrobatics"],"picked":"Blade Dance","floor":44},{"not_picked":["Deadly Poison","Acrobatics","Crippling Poison+1"],"picked":"SKIP","floor":45},{"not_picked":["Choke+1","Dagger Spray+1","Phantasmal Killer"],"picked":"SKIP","floor":46}],"player_experience":1386371,"relics_obtained":[{"floor":7.0,"key":"Mercury Hourglass"},{"floor":9.0,"key":"Ginger"},{"floor":13.0,"key":"War Paint"},{"floor":26.0,"key":"StrikeDummy"},{"floor":28,"key":"Lizard Tail"},{"floor":28,"key":"InkBottle"},{"floor":29,"key":"Torii"},{"floor":31,"key":"Gremlin Horn"},{"floor":40,"key":"CeramicFish"},{"floor":43,"key":"Molten Egg 2"},{"floor":45,"key":"Bag of Marbles"}],"event_choices":[{"cards_removed":["Strike_G"],"damage_healed":0.0,"max_hp_gain":0.0,"max_hp_loss":0.0,"gold_gain":0.0,"event_name":"Beggar","player_choice":"Gave Gold","floor":19.0,"gold_loss":75.0,"damage_taken":0.0},{"damage_healed":0.0,"max_hp_gain":0.0,"max_hp_loss":0.0,"gold_gain":0.0,"event_name":"Ghosts","player_choice":"Ignored","floor":27.0,"gold_loss":0.0,"damage_taken":0.0},{"damage_healed":0,"gold_gain":0,"player_choice":"Fight","damage_taken":0,"max_hp_gain":0,"max_hp_loss":0,"event_name":"Colosseum","floor":28,"gold_loss":0},{"damage_healed":0,"gold_gain":0,"player_choice":"Fought Nobs","damage_taken":0,"max_hp_gain":0,"max_hp_loss":0,"event_name":"Colosseum","floor":28,"gold_loss":0},{"damage_healed":0,"gold_gain":0,"player_choice":"Memory 1","damage_taken":0,"max_hp_gain":0,"max_hp_loss":0,"event_name":"SensoryStone","floor":36,"gold_loss":0},{"damage_healed":0,"gold_gain":0,"player_choice":"Ignored","damage_taken":0,"max_hp_gain":0,"max_hp_loss":0,"event_name":"Tomb of Lord Red Mask","floor":39,"gold_loss":0},{"cards_removed":["Die Die Die"],"damage_healed":0,"gold_gain":0,"player_choice":"Removed Attack","damage_taken":0,"max_hp_gain":0,"max_hp_loss":0,"event_name":"Falling","floor":47,"gold_loss":0}],"is_beta":false,"boss_relics":[{"not_picked":["Tiny House","Fusion Hammer"],"picked":"Empty Cage"},{"not_picked":["Black Star","Philosopher\u0027s Stone"],"picked":"Coffee Dripper"}],"items_purged_floors":[20,38,41],"is_endless":false,"potions_floor_spawned":[2,4,5,10,11,14,21,28,29,31,35,44,46],"ascension_level":17}}