{"host":"aaqofma31c3gm2hj","time":1608975562,"event":{"mods":["BaseMod","Minty Spire (QoL Compilation)","Replay The Spire","Spicy Shops","StSLib"],"gold_per_floor":[118,118,51,70,70,97,121,133,145,157,157],"floor_reached":10,"playtime":121,"items_purged":[],"score":182,"play_id":"3ccd95dc-d445-4e24-bcda-8a2e53b9d15f","local_time":"20201226173922","is_ascension_mode":true,"campfire_choices":[{"data":"Eruption","floor":8,"key":"SMITH"}],"circlet_count":0,"master_deck":["AscendersBane","Strike_P","Strike_P","Strike_P","Strike_P","Defend_P","Defend_P","Defend_P","Defend_P","Eruption+1","Vigilance","Regret","Tantrum","Replay:Battleflow"],"relics":["PureWater","NeowsBlessing","Matryoshka","OrangePellets","MawBank","Blood Vial","Divine Protection"],"acts_visited":["Exordium"],"potions_floor_usage":[10],"damage_taken":[{"damage":0.0,"enemies":"Jaw Worm","floor":1.0,"turns":1.0},{"damage":0.0,"enemies":"Cultist","floor":4.0,"turns":1.0},{"damage":0.0,"enemies":"Gremlin Nob","floor":6.0,"turns":1.0},{"damage":1,"enemies":"2 Louse","floor":7,"turns":3},{"damage":0,"enemies":"Lagavulin","floor":10,"turns":3}],"seed_played":"5218879845115636274","potions_obtained":[{"floor":4.0,"key":"DistilledChaos"}],"is_trial":false,"path_per_floor":["M","?","$","M","?","E","M","R","T","E"],"character_chosen":"WATCHER","items_purchased":["OrangePellets"],"campfire_rested":0,"item_purchase_floors":[3],"current_hp_per_floor":[61,61,61,61,61,61,60,60,60,62,62],"gold":157,"neow_bonus":"THREE_ENEMY_KILL","is_daily":false,"chose_seed":false,"campfire_upgraded":1,"win_rate":0.0,"timestamp":1608975562,"path_taken":["M","?","$","?","?","E","M","R","T","E"],"items_purchased_type":["Relic"],"build_version":"2020-12-22","purchased_purges":0,"victory":false,"max_hp_per_floor":[68,68,68,68,68,68,68,68,68,68,68],"card_choices":[{"not_picked":["Prostrate","Vengeance"],"picked":"BowlingBash","floor":1.0},{"not_picked":["EmptyBody","FlyingSleeves","SashWhip"],"picked":"SKIP","floor":4.0},{"not_picked":["JustLucky","WreathOfFlame"],"picked":"Tantrum","floor":6.0},{"not_picked":["Tantrum","Worship"],"picked":"Replay:Battleflow","floor":7}],"player_experience":537724,"relics_obtained":[{"floor":6.0,"key":"MawBank"},{"floor":9,"key":"Blood Vial"},{"floor":9,"key":"Divine Protection"}],"event_choices":[{"cards_removed":["BowlingBash"],"damage_healed":0.0,"max_hp_gain":0.0,"max_hp_loss":0.0,"gold_gain":0.0,"event_name":"WeMeetAgain","player_choice":"Gave Card","floor":2.0,"gold_loss":0.0,"damage_taken":0.0,"relics_obtained":["Matryoshka"]},{"damage_healed":0.0,"max_hp_gain":0.0,"max_hp_loss":0.0,"gold_gain":0.0,"event_name":"The Cleric","player_choice":"Leave","floor":5.0,"gold_loss":0.0,"damage_taken":0.0}],"is_beta":false,"boss_relics":[],"items_purged_floors":[],"is_endless":false,"potions_floor_spawned":[4],"killed_by":"Lagavulin","ascension_level":20}}