{"host":"m1ntkrf87179kmo6","time":1608942705,"event":{"mods":["BaseMod","Better Third Choice","Minty Spire (QoL Compilation)","Shade Mod","StSLib"],"gold_per_floor":[118,134,134,153,177,177,212,226,226,6,0,0,0,14,14,134,134,148,167,21,21,34,34,48,48,348,364,279,20,38,38,38,38,38],"floor_reached":33,"playtime":3302,"items_purged":[],"score":274,"play_id":"89555eb8-6b44-41b0-9f13-8e10719b8942","local_time":"20201225203145","is_ascension_mode":false,"campfire_choices":[{"floor":6.0,"key":"RECALL"},{"data":"Shade:TouchOfTheGrave","floor":12.0,"key":"SMITH"},{"data":"Enlightenment","floor":15.0,"key":"SMITH"},{"floor":23.0,"key":"REST"},{"floor":32,"key":"REST"}],"circlet_count":0,"master_deck":["Shade:Strike_Shade+1","Shade:Strike_Shade+1","Shade:Strike_Shade+1","Shade:Strike_Shade+1","Shade:Defend_Shade+1","Shade:Defend_Shade+1","Shade:Defend_Shade+1","Shade:Defend_Shade+1","Shade:AnimateDead","Shade:CarefulCut","Shade:ClawBack","Shade:FleshToFlesh","Injury","Shade:FuneraryArmor","Shade:Bite_Shade","Shade:FuneraryJewels","Shade:ExtraLimbs","Shade:TouchOfTheGrave+1","Enlightenment+1","Shade:FleshLikeOak","Shade:Carnophage","Shade:Brains","Shade:Bite_Shade","Shade:Premonition","Shade:ExtraLimbs","Shade:Brains","Shade:Brains","Shade:FleshLikeOak","Shade:GreyBargain","Shade:Asphyxiate+1","Shade:ClawBack"],"relics":["Shade:YorickSkull","Golden Idol","Question Card","Regal Pillow","Orrery","Old Coin","Pear","Bottled Flame"],"acts_visited":["Exordium","TheCity"],"potions_floor_usage":[31,33],"damage_taken":[{"damage":0.0,"enemies":"Small Slimes","floor":1.0,"turns":3.0},{"damage":0.0,"enemies":"Jaw Worm","floor":2.0,"turns":4.0},{"damage":0.0,"enemies":"Cultist","floor":4.0,"turns":4.0},{"damage":0.0,"enemies":"Blue Slaver","floor":5.0,"turns":4.0},{"damage":20.0,"enemies":"Gremlin Nob","floor":7.0,"turns":5.0},{"damage":0.0,"enemies":"Gremlin Gang","floor":8.0,"turns":7.0},{"damage":0.0,"enemies":"Looter","floor":14.0,"turns":2.0},{"damage":41.0,"enemies":"Slime Boss","floor":16.0,"turns":10.0},{"damage":16.0,"enemies":"Chosen","floor":18.0,"turns":8.0},{"damage":16.0,"enemies":"3 Byrds","floor":19.0,"turns":6.0},{"damage":0.0,"enemies":"Centurion and Healer","floor":22.0,"turns":11.0},{"damage":32.0,"enemies":"Shelled Parasite and Fungi","floor":24.0,"turns":8.0},{"damage":6.0,"enemies":"Snecko","floor":27.0,"turns":6.0},{"damage":6.0,"enemies":"Snake Plant","floor":30.0,"turns":5.0},{"damage":24,"enemies":"Colosseum Slavers","floor":31,"turns":7},{"damage":66,"enemies":"Collector","floor":33,"turns":7}],"seed_played":"4587209091290370119","potions_obtained":[{"floor":0.0,"key":"DistilledChaos"},{"floor":0.0,"key":"EssenceOfSteel"},{"floor":0.0,"key":"Energy Potion"},{"floor":4.0,"key":"Ancient Potion"},{"floor":19.0,"key":"LiquidMemories"},{"floor":22.0,"key":"Ancient Potion"},{"floor":27.0,"key":"GamblersBrew"},{"floor":30.0,"key":"Swift Potion"}],"is_trial":false,"path_per_floor":["M","M","?","M","M","R","E","M","T","$","?","R","$","M","R","B",null,"M","M","$","?","M","R","M","?","T","M","?","$","M","?","R","B"],"character_chosen":"SHADE","items_purchased":["Shade:TouchOfTheGrave","Regal Pillow","Orrery","Bottled Flame"],"campfire_rested":2,"item_purchase_floors":[10,10,20,29],"current_hp_per_floor":[65,65,65,65,65,65,45,51,51,51,57,57,57,57,57,20,71,57,43,43,37,47,71,45,45,45,41,51,51,45,23,62,0,0],"gold":38,"neow_bonus":"THREE_SMALL_POTIONS","is_daily":false,"chose_seed":false,"campfire_upgraded":2,"win_rate":0.0,"timestamp":1608942705,"path_taken":["M","M","?","M","M","R","E","M","T","$","?","R","?","?","R","BOSS","M","M","$","?","?","R","M","?","T","M","?","?","?","?","R","BOSS"],"items_purchased_type":["Card","Relic","Relic","Relic"],"build_version":"2020-12-22","purchased_purges":0,"victory":false,"max_hp_per_floor":[65,65,65,65,65,65,65,65,65,65,71,71,71,71,71,71,71,71,71,71,71,71,71,71,71,71,71,81,81,81,81,81,81,81],"card_choices":[{"not_picked":["Shade:SkeletonHug","Shade:Trample"],"picked":"Shade:ClawBack","floor":1.0},{"not_picked":["Shade:PressTheAttack","Shade:WallOfFlesh"],"picked":"Shade:FleshToFlesh","floor":2.0},{"not_picked":["Shade:FleshOffering","Shade:Bonestorm"],"picked":"Shade:FuneraryArmor","floor":4.0},{"not_picked":["Shade:FuneraryArmor","Shade:Brains"],"picked":"Shade:Bite_Shade","floor":5.0},{"not_picked":["Shade:CallOfTheGrave","Shade:CoffinDance"],"picked":"Shade:FuneraryJewels","floor":7.0},{"not_picked":["Shade:WallOfFlesh","Shade:Patience","Shade:Awaken"],"picked":"Shade:ExtraLimbs","floor":8.0},{"not_picked":["Shade:CommandSoldier","Shade:CallWraith","Shade:CoffinDance"],"picked":"Shade:FleshLikeOak","floor":14.0},{"not_picked":["Shade:FeralStrike+1","Shade:Asphyxiate","Shade:Frenzy+1"],"picked":"Shade:Carnophage","floor":18.0},{"not_picked":["Shade:WallOfFlesh","Shade:CallOfTheGrave","Shade:FreshBones"],"picked":"Shade:Brains","floor":19.0},{"not_picked":["Shade:FreshBones","Shade:CallWraith","Shade:LyeBath"],"picked":"Shade:Bite_Shade","floor":20.0},{"not_picked":["Shade:AblativeArmor","Shade:LastGasp","Shade:FingerOfDeath"],"picked":"Shade:Premonition","floor":20.0},{"not_picked":["Shade:Patience+1","Shade:Brains","Shade:AncientSpear"],"picked":"Shade:ExtraLimbs","floor":20.0},{"not_picked":["Shade:LyeBath+1","Shade:GraveStillness","Shade:SkeletonHug"],"picked":"Shade:Brains","floor":20.0},{"not_picked":["Shade:CloudOfShrapnel","Shade:OneIsEnough","Shade:Carnophage"],"picked":"Shade:Brains","floor":20.0},{"not_picked":["Shade:SkeletonHug","Shade:Asphyxiate","Shade:Trample"],"picked":"Shade:FleshLikeOak","floor":22.0},{"not_picked":["Shade:FeralStrike","Shade:FleshToFlesh","Shade:OminousRitual"],"picked":"Shade:GreyBargain","floor":24.0},{"not_picked":["Shade:CommandSoldier","Shade:Bonestorm","Shade:LyeBath"],"picked":"Shade:Asphyxiate+1","floor":27.0},{"not_picked":["Shade:FuneraryArmor","Shade:WallOfFlesh","Shade:FeralStrike"],"picked":"Shade:ClawBack","floor":30.0}],"player_experience":1112982,"relics_obtained":[{"floor":7.0,"key":"Question Card"},{"floor":26.0,"key":"Old Coin"}],"event_choices":[{"damage_healed":0.0,"max_hp_gain":0.0,"max_hp_loss":0.0,"gold_gain":0.0,"event_name":"Golden Idol","player_choice":"Take Wound","floor":3.0,"gold_loss":0.0,"damage_taken":0.0,"relics_obtained":["Golden Idol"],"cards_obtained":["Injury"]},{"damage_healed":0.0,"max_hp_gain":0.0,"max_hp_loss":0.0,"gold_gain":0.0,"event_name":"betterThird:BetterSerpent","player_choice":"RENOUNCE","floor":11.0,"gold_loss":6.0,"damage_taken":6.0,"cards_obtained":["Enlightenment"]},{"damage_healed":0.0,"max_hp_gain":0.0,"max_hp_loss":0.0,"gold_gain":0.0,"event_name":"Knowing Skull","player_choice":"","floor":21.0,"potions_obtained":[],"gold_loss":0.0,"damage_taken":6.0,"cards_obtained":[]},{"damage_healed":0.0,"max_hp_gain":0.0,"max_hp_loss":8.0,"gold_gain":0.0,"event_name":"betterThird:BetterWriting","player_choice":"Simplicity","floor":25.0,"gold_loss":0.0,"damage_taken":0.0},{"damage_healed":0.0,"max_hp_gain":0.0,"max_hp_loss":0.0,"gold_gain":0.0,"event_name":"Addict","player_choice":"Obtained Relic","floor":28.0,"gold_loss":85.0,"damage_taken":0.0,"relics_obtained":["Pear"]},{"damage_healed":0,"gold_gain":0,"player_choice":"Fight","damage_taken":0,"max_hp_gain":0,"max_hp_loss":0,"event_name":"Colosseum","floor":31,"gold_loss":0},{"damage_healed":0,"gold_gain":0,"player_choice":"Fled From Nobs","damage_taken":0,"max_hp_gain":0,"max_hp_loss":0,"event_name":"Colosseum","floor":31,"gold_loss":0}],"is_beta":false,"boss_relics":[{"not_picked":["Fusion Hammer","Pandora\u0027s Box","Sozu"]}],"items_purged_floors":[],"is_endless":false,"potions_floor_spawned":[1,4,19,22,27,30],"killed_by":"Collector","ascension_level":0}}