{"host":"sa7ebub27cgn5wai","time":1608980784,"event":{"mods":["BaseMod","Colored Map","Minty Spire (QoL Compilation)","SuperFastMode"],"gold_per_floor":[110,124,137,148,165,165,195,195,195,195,175,175,195,205,205,302,302,319,319,29,49,74,74,94,94,162,178,188,207,207,223,223,319,319,332,332,344,95,115,115,141,141,166,183,183,198,218,218,218,218],"floor_reached":51,"playtime":1642,"items_purged":["Strike_G","Strike_G"],"score":685,"play_id":"e16a9382-4d2a-4a70-a317-191f776685fa","local_time":"20201226200624","is_ascension_mode":false,"campfire_choices":[{"data":"Flying Knee","floor":6,"key":"SMITH"},{"floor":8,"key":"REST"},{"floor":10,"key":"REST"},{"data":"1","floor":12,"key":"LIFT"},{"data":"2","floor":15,"key":"LIFT"},{"data":"3","floor":23,"key":"LIFT"},{"data":"Adrenaline","floor":25,"key":"SMITH"},{"data":"Terror","floor":30,"key":"SMITH"},{"data":"Dagger Spray","floor":32,"key":"SMITH"},{"data":"Adrenaline","floor":40,"key":"SMITH"},{"data":"Dagger Throw","floor":42,"key":"SMITH"},{"data":"Quick Slash","floor":45,"key":"SMITH"},{"data":"Dash","floor":49,"key":"SMITH"}],"circlet_count":0,"master_deck":["Strike_G","Strike_G","Strike_G","Defend_G","Defend_G","Defend_G","Defend_G","Defend_G","Survivor","Neutralize","Flying Knee+1","Dagger Throw+1","Escape Plan","Backflip","Quick Slash+1","Dagger Spray+1","Backflip","Reflex","Adrenaline+1","Dodge and Roll","Die Die Die","Acrobatics","PiercingWail","PiercingWail+1","Prepared+1","Terror+1","Dash+1","Adrenaline+1","Underhanded Strike+1","Dagger Spray+1","Flying Knee+1","Quick Slash+1"],"relics":["Ring of the Snake","NeowsBlessing","Pen Nib","Girya","HoveringKite","Nunchaku","Red Mask","Paper Crane","Runic Pyramid","TheAbacus","Shuriken","Strawberry"],"acts_visited":["Exordium","TheCity","TheBeyond"],"potions_floor_usage":[14,24,27,29,50,50],"damage_taken":[{"damage":0,"enemies":"Small Slimes","floor":1,"turns":2},{"damage":0,"enemies":"Cultist","floor":2,"turns":1},{"damage":0,"enemies":"Jaw Worm","floor":3,"turns":1},{"damage":16,"enemies":"Large Slime","floor":4,"turns":10},{"damage":17,"enemies":"Exordium Thugs","floor":5,"turns":5},{"damage":31,"enemies":"Lagavulin","floor":7,"turns":7},{"damage":9,"enemies":"2 Fungi Beasts","floor":13,"turns":2},{"damage":5,"enemies":"Lots of Slimes","floor":14,"turns":3},{"damage":31,"enemies":"Hexaghost","floor":16,"turns":10},{"damage":0,"enemies":"3 Byrds","floor":18,"turns":4},{"damage":1,"enemies":"Chosen","floor":21,"turns":3},{"damage":10,"enemies":"Masked Bandits","floor":22,"turns":3},{"damage":5,"enemies":"Centurion and Healer","floor":24,"turns":3},{"damage":18,"enemies":"Snake Plant","floor":27,"turns":4},{"damage":0,"enemies":"Chosen and Byrds","floor":28,"turns":3},{"damage":3,"enemies":"Cultist and Chosen","floor":29,"turns":6},{"damage":0,"enemies":"Snecko","floor":31,"turns":2},{"damage":33,"enemies":"Collector","floor":33,"turns":7},{"damage":0,"enemies":"Orb Walker","floor":35,"turns":2},{"damage":0,"enemies":"3 Darklings","floor":37,"turns":4},{"damage":9,"enemies":"Sphere and 2 Shapes","floor":39,"turns":2},{"damage":4,"enemies":"Giant Head","floor":41,"turns":6},{"damage":1,"enemies":"Maw","floor":44,"turns":5},{"damage":0,"enemies":"Transient","floor":46,"turns":5},{"damage":0,"enemies":"Jaw Worm Horde","floor":47,"turns":2},{"damage":45,"enemies":"Time Eater","floor":50,"turns":9}],"seed_played":"-2464380769974597764","potions_obtained":[{"floor":3,"key":"Energy Potion"},{"floor":7,"key":"DuplicationPotion"},{"floor":11,"key":"FairyPotion"},{"floor":14,"key":"Fruit Juice"},{"floor":16,"key":"SneckoOil"},{"floor":18,"key":"CunningPotion"},{"floor":24,"key":"Swift Potion"},{"floor":28,"key":"FearPotion"},{"floor":29,"key":"Fruit Juice"},{"floor":33,"key":"AttackPotion"}],"is_trial":false,"path_per_floor":["M","M","M","M","M","R","E","R","T","R","?","R","M","M","R","B",null,"M","?","$","M","?","R","M","R","T","M","M","M","R","M","R","B",null,"M","?","M","$","M","R","E","R","T","M","R","M","M","?","R","B",null],"character_chosen":"THE_SILENT","items_purchased":["Nunchaku","Die Die Die","TheAbacus"],"campfire_rested":2,"item_purchase_floors":[20,20,38],"current_hp_per_floor":[70,70,70,54,37,37,6,27,27,48,48,48,39,39,39,8,75,75,75,75,74,64,64,59,59,59,41,41,43,43,43,43,10,80,80,76,76,76,67,67,63,63,70,69,69,69,69,69,69,24],"gold":218,"neow_bonus":"THREE_ENEMY_KILL","is_daily":false,"chose_seed":false,"campfire_upgraded":8,"win_rate":0.0,"timestamp":1608980784,"path_taken":["M","M","M","M","M","R","E","R","T","R","?","R","M","M","R","BOSS","M","?","$","M","?","R","M","R","T","M","M","M","R","M","R","BOSS","M","?","M","$","M","R","E","R","T","M","R","M","M","?","R","BOSS"],"items_purchased_type":["Relic","Card","Relic"],"build_version":"2020-12-22","purchased_purges":2,"victory":true,"max_hp_per_floor":[70,70,70,70,70,70,70,70,70,70,70,70,70,75,75,75,75,75,75,75,75,75,75,75,75,75,75,75,80,80,80,80,80,80,80,76,76,76,76,76,76,76,83,83,83,83,83,83,83,83],"card_choices":[{"not_picked":["Calculated Gamble","Slice"],"picked":"Flying Knee","floor":1},{"not_picked":["Underhanded Strike","Acrobatics"],"picked":"Dagger Throw","floor":2},{"not_picked":["Acrobatics","Leg Sweep"],"picked":"Escape Plan","floor":3},{"not_picked":["Choke","Leg Sweep"],"picked":"Backflip","floor":4},{"not_picked":["Noxious Fumes","Deadly Poison"],"picked":"Quick Slash","floor":5},{"not_picked":["PiercingWail","Bouncing Flask"],"picked":"Dagger Spray","floor":7},{"not_picked":["Slice","Acrobatics"],"picked":"Backflip","floor":13},{"not_picked":["Quick Slash","Flechettes"],"picked":"Reflex","floor":14},{"not_picked":["Phantasmal Killer","A Thousand Cuts"],"picked":"Adrenaline","floor":16},{"not_picked":["Flying Knee","Finisher"],"picked":"Dodge and Roll","floor":18},{"not_picked":["Choke+1","Outmaneuver"],"picked":"Acrobatics","floor":21},{"not_picked":["Dagger Throw","Accuracy"],"picked":"PiercingWail","floor":24},{"not_picked":["Flying Knee","Deflect+1"],"picked":"PiercingWail+1","floor":27},{"not_picked":["Backflip+1","Wraith Form v2"],"picked":"Prepared+1","floor":28},{"not_picked":["Endless Agony","Deadly Poison"],"picked":"Terror","floor":29},{"not_picked":["Cloak And Dagger","Poisoned Stab"],"picked":"Dash","floor":31},{"not_picked":["Doppelganger","Phantasmal Killer"],"picked":"Adrenaline","floor":33},{"not_picked":["Dash+1","Prepared"],"picked":"Underhanded Strike+1","floor":35},{"not_picked":["Backflip+1","Poisoned Stab+1"],"picked":"Dagger Spray+1","floor":37},{"not_picked":["All Out Attack","Eviscerate","Acrobatics+1"],"picked":"SKIP","floor":39},{"not_picked":["Predator","PiercingWail","Slice+1"],"picked":"SKIP","floor":41},{"not_picked":["Noxious Fumes","Well Laid Plans+1","Bane"],"picked":"SKIP","floor":44},{"not_picked":["Blade Dance","Bouncing Flask"],"picked":"Flying Knee+1","floor":46},{"not_picked":["Die Die Die","Poisoned Stab"],"picked":"Quick Slash+1","floor":47}],"player_experience":283467,"relics_obtained":[{"floor":7,"key":"Pen Nib"},{"floor":9,"key":"Girya"},{"floor":22,"key":"Red Mask"},{"floor":26,"key":"Paper Crane"},{"floor":41,"key":"Shuriken"},{"floor":43,"key":"Strawberry"}],"event_choices":[{"damage_healed":0,"gold_gain":0,"player_choice":"Bought 1 Potion","damage_taken":0,"max_hp_gain":0,"max_hp_loss":0,"event_name":"The Woman in Blue","floor":11,"gold_loss":0},{"damage_healed":0,"gold_gain":0,"player_choice":"Ignored","damage_taken":0,"max_hp_gain":0,"max_hp_loss":0,"event_name":"Cursed Tome","floor":19,"gold_loss":0},{"damage_healed":0,"gold_gain":0,"player_choice":"Fought Bandits","damage_taken":0,"max_hp_gain":0,"max_hp_loss":0,"event_name":"Masked Bandits","floor":22,"gold_loss":0},{"damage_healed":0,"gold_gain":0,"player_choice":"Max HP","damage_taken":0,"max_hp_gain":0,"max_hp_loss":4,"event_name":"Winding Halls","floor":36,"gold_loss":0},{"damage_healed":0,"gold_gain":0,"player_choice":"Ignored","damage_taken":0,"max_hp_gain":0,"max_hp_loss":0,"event_name":"NoteForYourself","floor":48,"gold_loss":0}],"is_beta":false,"boss_relics":[{"not_picked":["Runic Dome","SlaversCollar"],"picked":"HoveringKite"},{"not_picked":["Velvet Choker","WristBlade"],"picked":"Runic Pyramid"}],"items_purged_floors":[20,38],"is_endless":false,"potions_floor_spawned":[3,7,14,16,18,22,24,28,29,33,39,44,47],"ascension_level":0}}