{"host":"gk9qdtkqd8dwfeg2","time":1608981926,"event":{"mods":["Act Like it!","Aspiration","BaseMod","Colored Powertips","Gensokyo","Minty Spire (QoL Compilation)","Quick Restart","Replay The Spire","Shop Mod","StSLib","TestMod","The Servant 0.9.4","Waifu the Spire","vexMod"],"gold_per_floor":[115,44,44,58,58,58,86,11,11,40,52,76,91,117,117,216,216,233,266,285,305,316,344,259,16,42,67,79,79,79,103,103,211,211,230,230,29,56,73,111,111,149,149,167,29,50,50,50,50,58,58,58,19,56,70],"floor_reached":56,"playtime":1874,"items_purged":["Strike_R","Strike_R","Strike_R+1","Strike_R+1"],"score":2333,"play_id":"c52ae556-244f-4a81-8efb-0d508fa6224b","local_time":"20201226192526","is_ascension_mode":true,"campfire_choices":[{"data":"Searing Blow","floor":6.0,"key":"SMITH"},{"data":"Searing Blow+1","floor":15.0,"key":"SMITH"},{"data":"Body Slam","floor":30.0,"key":"SMITH"},{"data":"Feel No Pain","floor":32.0,"key":"SMITH"},{"data":"Offering","floor":41,"key":"SMITH"},{"floor":47,"key":"RECALL"},{"data":"Searing Blow+2","floor":49,"key":"SMITH"},{"data":"Searing Blow+3","floor":52,"key":"SMITH"}],"circlet_count":0,"master_deck":["Defend_R","Defend_R","Defend_R","Defend_R","Bash","Shockwave","Searing Blow+4","Body Slam+1","Feel No Pain+1","ReplayTheSpireMod:Stacked","Demonic Infusion","Shrug It Off","Pommel Strike+1","Offering+1","Gensokyo:UnlikelyAid+1","Dark Embrace+1","Purity"],"relics":["Burning Blood","testmod-TestBox","testmod-IncinerationGenerator","NeowsBlessing","Ring of Searing","Ring of Peace","Anchor","testmod-AssaultLearning","testmod-TimeTraveler","Red Mask","Akabeko","Sundial","MerchantsRug","Replay:Towering Pillar of Hats","testmod-Acrobat","vexMod:DeviousBotling","testmod-ArcanaOfDestiny","aspiration:StickyExplosives","aspiration:HiddenCompartment"],"acts_visited":["Exordium","TheCity","TheCity","TheEnding"],"potions_floor_usage":[55,55,55,55],"damage_taken":[{"damage":0.0,"enemies":"Cultist","floor":1.0,"turns":1.0},{"damage":0.0,"enemies":"Jaw Worm","floor":4.0,"turns":1.0},{"damage":0.0,"enemies":"Gremlin Nob","floor":7.0,"turns":1.0},{"damage":21.0,"enemies":"3 Sentries","floor":10.0,"turns":6.0},{"damage":5.0,"enemies":"2 Louse","floor":11.0,"turns":3.0},{"damage":5.0,"enemies":"Looter","floor":13.0,"turns":3.0},{"damage":9.0,"enemies":"Gremlin Nob","floor":14.0,"turns":4.0},{"damage":27.0,"enemies":"Fading Forest","floor":16.0,"turns":11.0},{"damage":16.0,"enemies":"3 Byrds","floor":18.0,"turns":5.0},{"damage":16.0,"enemies":"Masked Bandits","floor":19.0,"turns":4.0},{"damage":0.0,"enemies":"Chosen","floor":20.0,"turns":4.0},{"damage":0.0,"enemies":"Centurion and Healer","floor":21.0,"turns":6.0},{"damage":13.0,"enemies":"Snake Plant","floor":22.0,"turns":4.0},{"damage":20.0,"enemies":"Slavers","floor":23.0,"turns":5.0},{"damage":10.0,"enemies":"Gremlin Leader","floor":27.0,"turns":6.0},{"damage":0.0,"enemies":"Chosen and Byrds","floor":28.0,"turns":4.0},{"damage":0.0,"enemies":"Pondfish","floor":33.0,"turns":5.0},{"damage":17.0,"enemies":"Gensokyo:AncientGuardian","floor":35.0,"turns":4.0},{"damage":14,"enemies":"Gensokyo:3_Boulders","floor":38,"turns":4},{"damage":0,"enemies":"Gensokyo:Sharpion","floor":39,"turns":3},{"damage":6,"enemies":"Gensokyo:Kasen","floor":40,"turns":4},{"damage":6,"enemies":"Gensokyo:Doremy","floor":42,"turns":2},{"damage":6,"enemies":"Gensokyo:SeedOfUnknown","floor":44,"turns":2},{"damage":11,"enemies":"Gensokyo:3_Boulders","floor":46,"turns":2},{"damage":6,"enemies":"Gensokyo:Shinki","floor":50,"turns":4},{"damage":0,"enemies":"Shield and Spear","floor":54,"turns":1},{"damage":5,"enemies":"The Heart","floor":55,"turns":2}],"seed_played":"-5888814555319465291","potions_obtained":[{"floor":1.0,"key":"PowerPotion"},{"floor":4.0,"key":"AttackPotion"},{"floor":14.0,"key":"ColorlessPotion"},{"floor":19.0,"key":"EssenceOfSteel"},{"floor":21.0,"key":"AttackPotion"},{"floor":28.0,"key":"testmod-SpacePotion"},{"floor":33.0,"key":"Cursed Concoction"},{"floor":38,"key":"Swift Potion"}],"is_trial":false,"path_per_floor":["M","$","?","M","$","R","E","$","T","E","M","T","M","E","R","B",null,"M","?","M","M","M","E","?","$","T","E","M","?","R","T","R","B",null,"M","?","$","M","M","E","R","E","T","M","COS","M","R","T","R","B",null,"R","$","E","B",null],"character_chosen":"IRONCLAD","items_purchased":["Searing Blow","MerchantsRug","Dark Embrace","Purity"],"campfire_rested":0,"item_purchase_floors":[2,25,37,53],"current_hp_per_floor":[80,80,80,80,80,80,80,80,80,65,66,66,67,64,64,51,73,63,53,59,65,58,44,44,44,44,40,46,46,46,46,46,52,73,62,62,62,54,60,60,60,60,67,67,67,62,62,62,62,62,81,81,81,87,87],"gold":70,"neow_bonus":"THREE_ENEMY_KILL","is_daily":false,"chose_seed":false,"campfire_upgraded":7,"win_rate":0.0,"timestamp":1608981926,"path_taken":["M","$","?","M","$","R","E","?","T","E","?","?","M","E","R","BOSS","M","?","M","M","M","E","?","$","T","E","M","?","R","?","R","BOSS","M","?","$","M","M","E","R","E","T","M","COS","M","R","?","R","BOSS","R","$","E","BOSS"],"items_purchased_type":["Card","Relic","Card","Card"],"build_version":"2020-12-22","purchased_purges":4,"victory":true,"max_hp_per_floor":[80,80,80,80,80,80,80,80,80,80,80,80,80,80,80,80,80,80,80,80,80,80,80,80,80,80,80,80,80,80,80,80,80,80,80,80,80,80,80,80,80,80,87,87,87,87,87,87,87,87,87,87,87,87,87],"card_choices":[{"not_picked":["Clothesline","Iron Wave"],"picked":"Shockwave","floor":1.0},{"not_picked":["Perfected Strike","Replay:Undeath\u0027s Touch","Clash"],"picked":"SKIP","floor":4.0},{"not_picked":["Hemogenesis","Rupture","Seeing Red"],"picked":"SKIP","floor":7.0},{"not_picked":["Cleave","Rupture"],"picked":"Body Slam","floor":10.0},{"not_picked":["Shrug It Off","Sword Boomerang"],"picked":"Feel No Pain","floor":11.0},{"not_picked":["Intimidate","Ghostly Armor"],"picked":"ReplayTheSpireMod:Stacked","floor":13.0},{"not_picked":["Rupture","Demon Form","Warcry"],"picked":"SKIP","floor":14.0},{"not_picked":["Bludgeon","Exhume"],"picked":"Demonic Infusion","floor":16.0},{"not_picked":["ReplayTheSpireMod:Stacked","Whirlwind","Rupture+1"],"picked":"SKIP","floor":18.0},{"not_picked":["ReplayTheSpireMod:Limb From Limb","Havoc+1"],"picked":"Shrug It Off","floor":20.0},{"not_picked":["True Grit+1","Evolve"],"picked":"Pommel Strike+1","floor":21.0},{"not_picked":["ReplayTheSpireMod:Muscle Training","True Grit","Double Tap"],"picked":"SKIP","floor":22.0},{"not_picked":["Headbutt","Havoc","Body Slam+1"],"picked":"SKIP","floor":23.0},{"not_picked":["Flex","Replay:Undeath\u0027s Touch","Rage"],"picked":"SKIP","floor":27.0},{"not_picked":["Wild Strike","Havoc+1","Combust+1"],"picked":"SKIP","floor":28.0},{"not_picked":["Corruption","Double Tap"],"picked":"Offering","floor":33.0},{"not_picked":["Metallicize","Heavy Blade","Anger"],"picked":"SKIP","floor":35.0},{"not_picked":["Gensokyo:RainbowDanmaku","Gensokyo:NewMoon"],"picked":"Gensokyo:UnlikelyAid","floor":36},{"not_picked":["Clash+1","Flame Barrier","Perfected Strike"],"picked":"SKIP","floor":38},{"not_picked":["Headbutt","Demon Form","Replay:Undeath\u0027s Touch"],"picked":"SKIP","floor":39},{"not_picked":["Ghostly Armor","Iron Wave+1"],"picked":"Feel No Pain","floor":40},{"not_picked":["ReplayTheSpireMod:Strike From Hell","Anger","Flame Barrier"],"picked":"SKIP","floor":42},{"not_picked":["Warcry","Spot Weakness","Pommel Strike"],"picked":"SKIP","floor":44},{"not_picked":["Ghostly Armor+1","Reckless Charge","Sword Boomerang+1"],"picked":"SKIP","floor":46},{"not_picked":["Wild Strike","Battle Trance+1","Headbutt"],"picked":"SKIP","floor":54}],"player_experience":572523,"relics_obtained":[{"floor":3.0,"key":"Ring of Searing"},{"floor":3.0,"key":"Ring of Peace"},{"floor":7.0,"key":"Anchor"},{"floor":9.0,"key":"testmod-AssaultLearning"},{"floor":10.0,"key":"Whetstone"},{"floor":12.0,"key":"Tiny Chest"},{"floor":14.0,"key":"Blue Doll"},{"floor":19.0,"key":"Red Mask"},{"floor":23.0,"key":"Akabeko"},{"floor":27.0,"key":"Replay:Towering Pillar of Hats"},{"floor":31.0,"key":"testmod-Acrobat"},{"floor":40,"key":"testmod-ArcanaOfDestiny"},{"floor":42,"key":"Regal Pillow"},{"floor":43,"key":"Strawberry"},{"floor":48,"key":"aspiration:StickyExplosives"},{"floor":54,"key":"aspiration:HiddenCompartment"}],"event_choices":[{"damage_healed":0.0,"max_hp_gain":0.0,"max_hp_loss":0.0,"gold_gain":0.0,"event_name":"Masked Bandits","player_choice":"Fought Bandits","floor":19.0,"gold_loss":0.0,"damage_taken":0.0},{"damage_healed":0.0,"max_hp_gain":0.0,"max_hp_loss":0.0,"gold_gain":0.0,"event_name":"Addict","player_choice":"Obtained Relic","floor":24.0,"gold_loss":85.0,"damage_taken":0.0,"relics_obtained":["Sundial"]},{"cards_removed":["Strike_R"],"damage_healed":0.0,"max_hp_gain":0.0,"max_hp_loss":0.0,"gold_gain":0.0,"event_name":"Back to Basics","player_choice":"Elegance","floor":29.0,"gold_loss":0.0,"damage_taken":0.0}],"is_beta":false,"boss_relics":[{"not_picked":["testmod-PortableAltar","Ectoplasm"],"picked":"testmod-TimeTraveler"},{"not_picked":["testmod-Prudence","Mark of Pain"],"picked":"vexMod:DeviousBotling"}],"items_purged_floors":[8,25,37,53],"is_endless":false,"potions_floor_spawned":[1,4,14,19,20,21,28,33,38,39,40,42,54],"ascension_level":5}}