{"host":"cccop0r9ue4xv1s4","time":1608991827,"event":{"mods":["AchievementEnabler","BaseMod","Minty Spire (QoL Compilation)","Quick Restart","Shop Mod","StSLib","SuperFastMode","The Bug Knight","The Servant 0.9.4"],"gold_per_floor":[119,98937,98937,98949,98965,98991,98991,98991,98991,99020,99020,97887,97887,97947,97947,98046,98046,98064,97174,97089,97089,97101,97127,97141,97141,97141,97153,97153,96566,96575,95993,95993,96100,96100,96117,96129,95548,95558,95006,95006,95044,95044,95099,95099,95099,95099,95119,95173,95173,95173],"floor_reached":51,"playtime":2219,"items_purged":["Strike_S","Strike_S","Strike_S","Defend_S"],"score":837,"play_id":"80924a27-94b0-4200-a811-583151ee2bb1","local_time":"20201226221027","is_ascension_mode":true,"campfire_choices":[{"data":"KidneyShot","floor":8,"key":"SMITH"},{"data":"LightFlow","floor":11,"key":"SMITH"},{"data":"Mayhem","floor":15,"key":"SMITH"},{"data":"Defy","floor":25,"key":"SMITH"},{"data":"Moonlight","floor":28,"key":"SMITH"},{"data":"SilverBlades","floor":32,"key":"SMITH"},{"data":"FloweringNight","floor":40,"key":"SMITH"},{"data":"Luminosity","floor":42,"key":"SMITH"},{"data":"Luminosity","floor":45,"key":"SMITH"},{"data":"TheWorld","floor":49,"key":"SMITH"}],"circlet_count":0,"master_deck":["Defend_S","Defend_S","KidneyShot+1","Exchange","Rearm","Luminosity","Flash of Steel","BottledTime","SilverBlades","Defy+1","BottledTime","LightFlow+1","SilverBlades+1","Mayhem+1","Finesse","Embodiment","Sabotage","Master of Strategy","RealityMarble","Barrier+1","Decay","Moonlight+1","Luminosity+1","FloweringNight+1","TheWorld+1","Luminosity+1","KillingDoll","Pain","Defy+1"],"relics":["SplendidAttire","NeowsBlessing","Lizard Tail","Question Card","Toolbox","Potion Belt","Ornamental Fan","WingedGreaves","Ice Cream","Shovel","MealTicket","Cauldron","Cursed Key","Lee\u0027s Waffle","HollowMod:LifeEnderRelic","Meat on the Bone","Bird Faced Urn","Blue Candle","StrikeDummy","Medical Kit","Lantern","CeramicFish","Chemical X","Pen Nib","Singing Bowl","HandDrill","Happy Flower","InkBottle","Boot","PreservedInsect","Broom","Art of War","Torii"],"acts_visited":["Exordium","TheCity","TheBeyond"],"potions_floor_usage":[6,18,24,27,33,33,39,50,50],"damage_taken":[{"damage":0,"enemies":"Cultist","floor":1,"turns":1},{"damage":0,"enemies":"Jaw Worm","floor":4,"turns":1},{"damage":0,"enemies":"Small Slimes","floor":5,"turns":1},{"damage":1,"enemies":"Gremlin Nob","floor":6,"turns":5},{"damage":14,"enemies":"3 Sentries","floor":10,"turns":7},{"damage":10,"enemies":"The Guardian","floor":16,"turns":5},{"damage":0,"enemies":"3 Byrds","floor":18,"turns":4},{"damage":0,"enemies":"Spheric Guardian","floor":22,"turns":3},{"damage":11,"enemies":"Book of Stabbing","floor":23,"turns":5},{"damage":15,"enemies":"Cultist and Chosen","floor":24,"turns":6},{"damage":7,"enemies":"Centurion and Healer","floor":27,"turns":4},{"damage":14,"enemies":"Champ","floor":33,"turns":4},{"damage":8,"enemies":"3 Shapes","floor":35,"turns":5},{"damage":16,"enemies":"Orb Walker","floor":36,"turns":3},{"damage":1,"enemies":"Maw","floor":38,"turns":5},{"damage":15,"enemies":"Reptomancer","floor":41,"turns":5},{"damage":0,"enemies":"Writhing Mass","floor":47,"turns":4},{"damage":3,"enemies":"2 Orb Walkers","floor":48,"turns":4},{"damage":30,"enemies":"Time Eater","floor":50,"turns":5}],"seed_played":"-6708238513200747613","potions_obtained":[{"floor":5,"key":"SmokeBomb"},{"floor":6,"key":"Swift Potion"},{"floor":12,"key":"FearPotion"},{"floor":12,"key":"SteroidPotion"},{"floor":27,"key":"Regen Potion"},{"floor":36,"key":"Dexterity Potion"},{"floor":41,"key":"Swift Potion"}],"is_trial":false,"path_per_floor":["M","$","?","M","M","E","T","R","T","E","R","$","?","?","R","B",null,"M","$","?","?","M","E","M","R","T","M","R","$","?","$","R","B",null,"M","M","$","M","$","R","E","R","T","?","R","?","M","?","R","B",null],"character_chosen":"THE_SERVANT","items_purchased":["Luminosity","Lizard Tail","Question Card","Toolbox","FairyPotion","AttackPotion","Flash of Steel","BottledTime","Shovel","MealTicket","Cauldron","SilverBlades","Mayhem","Finesse","DistilledChaos","Lee\u0027s Waffle","HollowMod:LifeEnderRelic","Meat on the Bone","Strength Potion","Master of Strategy","Medical Kit","Lantern","CeramicFish","Luminosity","Chemical X","Pen Nib","Singing Bowl","PowerPotion","HandDrill","Happy Flower","InkBottle","Luminosity","Boot","PreservedInsect","Fruit Juice"],"campfire_rested":0,"item_purchase_floors":[2,2,2,2,2,2,2,2,12,12,12,12,12,12,12,19,19,19,19,19,29,29,29,29,31,31,31,31,37,37,37,37,39,39,39],"current_hp_per_floor":[65,65,65,65,65,64,64,64,64,50,50,50,50,50,50,40,65,65,72,72,59,65,62,59,59,59,64,64,77,77,77,77,66,77,79,69,81,83,88,88,82,82,82,82,82,84,92,92,92,83],"gold":95173,"neow_bonus":"THREE_ENEMY_KILL","is_daily":false,"chose_seed":false,"campfire_upgraded":10,"win_rate":0.0,"timestamp":1608991827,"path_taken":["M","$","?","M","?","E","?","R","T","E","R","$","?","?","R","BOSS","M","$","?","?","M","E","M","R","T","M","R","$","?","$","R","BOSS","M","M","$","M","$","R","E","R","T","?","R","?","M","?","R","BOSS"],"items_purchased_type":["Card","Relic","Relic","Relic","Potion","Potion","Card","Card","Relic","Relic","Relic","Card","Card","Card","Potion","Relic","Relic","Relic","Potion","Card","Relic","Relic","Relic","Card","Relic","Relic","Relic","Potion","Relic","Relic","Relic","Card","Relic","Relic","Potion"],"build_version":"2020-12-22","purchased_purges":4,"victory":true,"max_hp_per_floor":[65,65,65,65,65,65,65,65,65,65,65,65,65,65,65,65,65,65,72,72,77,77,77,77,77,77,77,77,77,77,77,77,77,77,79,81,81,83,88,88,88,88,88,88,88,90,92,92,92,92],"card_choices":[{"not_picked":["Replace","Revamp"],"picked":"Rearm","floor":1},{"not_picked":["Desolation","Potential","StarChef"],"picked":"SilverBlades","floor":4},{"not_picked":["Revamp","Shuttle","Starlight"],"picked":"Defy","floor":5},{"not_picked":["Starlight","Revamp","TimeWarp"],"picked":"BottledTime","floor":6},{"not_picked":["BottledTime","Alleviate","WasteNot"],"picked":"LightFlow","floor":10},{"not_picked":["ForgedInTime","PendulumOfEternity","Solidify"],"picked":"Embodiment","floor":16},{"not_picked":["Starlight","DoubleEdge","GearUp"],"picked":"Sabotage","floor":18},{"not_picked":["Manipulate+1","Foresight","Rewind+1","Shuttle"],"picked":"SKIP","floor":22},{"not_picked":["Starlight","Foresight","Potential"],"picked":"RealityMarble","floor":23},{"not_picked":["Rewind","FastForward","Comet"],"picked":"Barrier+1","floor":24},{"not_picked":["DoubleEdge+1","ShiftingGears","FastForward"],"picked":"Moonlight","floor":27},{"not_picked":["Embodiment","FlawlessForm","PendulumOfEternity"],"picked":"TheWorld","floor":33},{"not_picked":["DoubleEdge+1","Shuttle","GearUp+1","BottledTime"],"picked":"Singing Bowl","floor":35},{"not_picked":["Comet","FastForward+1","Potential+1","Unruled+1"],"picked":"Singing Bowl","floor":36},{"not_picked":["DualDimension","FanOfKnives+1","Defy","Revamp+1"],"picked":"Singing Bowl","floor":38},{"not_picked":["Revamp","Reset+1","Foresight"],"picked":"KillingDoll","floor":41},{"not_picked":["Good Instincts","Mayhem","Apotheosis","Finesse"],"picked":"Singing Bowl","floor":46},{"not_picked":["FastForward","Potential+1","TimeWarp+1","Replace"],"picked":"Singing Bowl","floor":47},{"not_picked":["FastForward+1","BottledTime+1","StarChef"],"picked":"Defy+1","floor":48}],"player_experience":282753,"relics_obtained":[{"floor":6,"key":"Potion Belt"},{"floor":7,"key":"Ornamental Fan"},{"floor":9,"key":"WingedGreaves"},{"floor":10,"key":"Ice Cream"},{"floor":23,"key":"Blue Candle"},{"floor":26,"key":"StrikeDummy"},{"floor":41,"key":"Broom"},{"floor":43,"key":"Art of War"},{"floor":48,"key":"Torii"}],"event_choices":[{"cards_removed":["Defend_S"],"damage_healed":0,"gold_gain":0,"player_choice":"Purged","damage_taken":0,"max_hp_gain":0,"max_hp_loss":0,"event_name":"Purifier","floor":3,"gold_loss":0},{"damage_healed":0,"gold_gain":0,"player_choice":"Ignored","damage_taken":0,"max_hp_gain":0,"max_hp_loss":0,"event_name":"Liars Game","floor":13,"gold_loss":0},{"damage_healed":0,"gold_gain":60,"player_choice":"Gained Gold","damage_taken":0,"max_hp_gain":0,"max_hp_loss":0,"event_name":"Golden Wing","floor":14,"gold_loss":0},{"damage_healed":0,"gold_gain":0,"player_choice":"Obtained Relic","damage_taken":0,"relics_obtained":["Bird Faced Urn"],"max_hp_gain":0,"max_hp_loss":0,"event_name":"Addict","floor":20,"gold_loss":85},{"damage_healed":0,"gold_gain":0,"player_choice":"Shed Blood","damage_taken":18,"max_hp_gain":5,"max_hp_loss":0,"event_name":"Forgotten Altar","floor":21,"gold_loss":0},{"damage_healed":0,"gold_gain":0,"player_choice":"Read","damage_taken":0,"max_hp_gain":0,"max_hp_loss":0,"event_name":"The Library","floor":30,"gold_loss":0,"cards_obtained":["FloweringNight"]},{"cards_removed":["Strike_S"],"damage_healed":0,"gold_gain":0,"player_choice":"Removed Attack","damage_taken":0,"max_hp_gain":0,"max_hp_loss":0,"event_name":"Falling","floor":44,"gold_loss":0},{"damage_healed":0,"gold_gain":0,"player_choice":"Memory 1","damage_taken":0,"max_hp_gain":0,"max_hp_loss":0,"event_name":"SensoryStone","floor":46,"gold_loss":0},{"damage_healed":0,"gold_gain":0,"player_choice":"Fight","damage_taken":0,"max_hp_gain":0,"max_hp_loss":0,"event_name":"Mysterious Sphere","floor":48,"gold_loss":0}],"is_beta":false,"boss_relics":[{"not_picked":["Coffee Dripper","Fusion Hammer"],"picked":"Cursed Key"},{"not_picked":["SacredBark","Busted Crown"],"picked":"SplendidAttire"}],"items_purged_floors":[2,12,29,39],"is_endless":false,"potions_floor_spawned":[5,6,22,27,36,41,48],"ascension_level":2}}