{"host":"d8hh7rr4yzitjeuj","time":1608962050,"event":{"mods":["2.2 Compatiblity","AchievementEnabler","BaseMod","CapriCore","Colored Map","Colored Powertips","Highlight Path","Keyboard Shortcuts","Minty Spire (QoL Compilation)","Permanent Neow","Quick Restart","StSLib","SuperFastMode"],"gold_per_floor":[114,132,146,146,421,421,24,59,110,110,139,139,149,49,49,128,128,140,160,180,55,55,55,87,87,87,112,123,158,158,188,188,260,260,277,296,146,1145,1155,1155,1185,1185,1185,1185,1205,1216,1248,263,263,263,263,263,263,83,109,109,109],"floor_reached":56,"playtime":2051,"items_purged":["Regret","Strike_B","Strike_B","Strike_B","Normality","Strike_B"],"score":2206,"play_id":"c90d66a6-5a0c-446b-afde-35a6c7b9c886","local_time":"20201226145410","is_ascension_mode":true,"campfire_choices":[{"data":"Dualcast","floor":6.0,"key":"SMITH"},{"data":"White Noise","floor":10.0,"key":"SMITH"},{"floor":12.0,"key":"REST"},{"floor":15.0,"key":"RECALL"},{"data":"Defragment","floor":23.0,"key":"SMITH"},{"floor":25.0,"key":"REST"},{"data":"Thunder Strike","floor":32.0,"key":"SMITH"},{"data":"Seek","floor":40.0,"key":"SMITH"},{"data":"Coolheaded","floor":42.0,"key":"SMITH"},{"floor":49.0,"key":"REST"},{"data":"Force Field","floor":53,"key":"SMITH"}],"circlet_count":0,"master_deck":["AscendersBane","Defend_B","Defend_B","Defend_B","Defend_B","Zap+1","Dualcast+1","Compile Driver","Sunder+1","Ball Lightning","White Noise+1","Glacier","Biased Cognition","Electrodynamics","Defragment+1","Coolheaded+1","Writhe","Thunder Strike+1","Seek+1","Recycle","Defragment+1","Storm+1","Force Field+1","Panache+1","Defragment+1","Finesse","Chill"],"relics":["Cracked Core","Centennial Puzzle","Happy Flower","Nunchaku","Gremlin Horn","Black Star","Symbiotic Virus","Pen Nib","Mummified Hand","Juzu Bracelet","Blue Candle","Kunai","Lantern","Pantograph","Question Card","Toy Ornithopter","Busted Crown","Blood Vial","Frozen Egg 2","Spirit Poop","Smiling Mask","InkBottle","DollysMirror","Cables","HornCleat","Emotion Chip"],"acts_visited":["Exordium","TheCity","TheBeyond","TheEnding"],"potions_floor_usage":[51],"damage_taken":[{"damage":7.0,"enemies":"Jaw Worm","floor":1.0,"turns":3.0},{"damage":3.0,"enemies":"2 Louse","floor":2.0,"turns":3.0},{"damage":0.0,"enemies":"Cultist","floor":3.0,"turns":3.0},{"damage":12.0,"enemies":"3 Sentries","floor":8.0,"turns":8.0},{"damage":10.0,"enemies":"Lagavulin","floor":11.0,"turns":3.0},{"damage":0.0,"enemies":"Gremlin Gang","floor":13.0,"turns":2.0},{"damage":43.0,"enemies":"Hexaghost","floor":16.0,"turns":10.0},{"damage":0.0,"enemies":"3 Byrds","floor":18.0,"turns":2.0},{"damage":12.0,"enemies":"Chosen","floor":19.0,"turns":6.0},{"damage":6.0,"enemies":"Sentry and Sphere","floor":20.0,"turns":3.0},{"damage":9.0,"enemies":"Gremlin Leader","floor":24.0,"turns":5.0},{"damage":0.0,"enemies":"Book of Stabbing","floor":27.0,"turns":4.0},{"damage":1.0,"enemies":"Snake Plant","floor":28.0,"turns":3.0},{"damage":0.0,"enemies":"Slavers","floor":29.0,"turns":1.0},{"damage":17.0,"enemies":"Gremlin Leader","floor":31.0,"turns":3.0},{"damage":3.0,"enemies":"Champ","floor":33.0,"turns":9.0},{"damage":1.0,"enemies":"3 Shapes","floor":35.0,"turns":2.0},{"damage":1.0,"enemies":"3 Darklings","floor":36.0,"turns":2.0},{"damage":2.0,"enemies":"Maw","floor":39.0,"turns":6.0},{"damage":19.0,"enemies":"Nemesis","floor":41.0,"turns":5.0},{"damage":2.0,"enemies":"4 Shapes","floor":45.0,"turns":1.0},{"damage":1.0,"enemies":"Spire Growth","floor":46.0,"turns":4.0},{"damage":50.0,"enemies":"Giant Head","floor":47.0,"turns":10.0},{"damage":1.0,"enemies":"Donu and Deca","floor":50.0,"turns":4.0},{"damage":37,"enemies":"Awakened One","floor":51,"turns":12},{"damage":41,"enemies":"Shield and Spear","floor":55,"turns":4},{"damage":107,"enemies":"The Heart","floor":56,"turns":3}],"seed_played":"3545212807102619460","potions_obtained":[{"floor":2.0,"key":"EntropicBrew"},{"floor":3.0,"key":"AttackPotion"},{"floor":11.0,"key":"PotionOfCapacity"},{"floor":27.0,"key":"Ancient Potion"},{"floor":35.0,"key":"Explosive Potion"},{"floor":47.0,"key":"Energy Potion"}],"is_trial":false,"path_per_floor":["M","M","M","?","?","R","$","E","T","R","E","R","M","$","R","B",null,"M","M","M","$","?","R","E","R","T","E","M","E","?","E","R","B",null,"M","M","$","?","M","R","E","R","T","?","M","M","E","$","R","B","B",null,"R","$","E","B"],"character_chosen":"DEFECT","items_purchased":["White Noise","Centennial Puzzle","Glacier","Storm+1","Force Field","GamblersBrew","Panache+1","DollysMirror","Finesse","Cables","Energy Potion","Chill"],"campfire_rested":3,"item_purchase_floors":[7,7,7,48,48,48,48,48,48,48,54,54],"current_hp_per_floor":[57,54,54,54,54,54,54,42,42,42,32,53,53,53,53,10,56,56,44,38,38,38,38,29,50,50,50,49,49,49,32,32,59,68,67,66,66,66,64,64,50,50,50,50,50,51,8,8,29,60,39,63,63,63,24,0,0],"gold":109,"neow_bonus":"UPGRADE_CARD","is_daily":false,"chose_seed":false,"campfire_upgraded":7,"win_rate":0.0,"timestamp":1608962050,"path_taken":["M","M","M","?","?","R","$","E","T","R","E","R","?","$","R","BOSS","M","M","?","$","?","R","E","R","T","E","M","E","?","E","R","BOSS","M","M","$","?","M","R","E","R","T","?","M","M","E","$","R","BOSS","BOSS","R","$","E","BOSS"],"items_purchased_type":["Card","Relic","Card","Card","Card","Potion","Card","Relic","Card","Relic","Potion","Card"],"build_version":"2020-12-22","purchased_purges":6,"victory":false,"max_hp_per_floor":[71,71,71,71,71,71,71,71,71,71,71,71,71,71,71,71,71,71,71,71,71,71,71,71,71,71,71,71,71,71,71,71,71,71,71,71,71,71,71,71,71,71,71,71,71,71,71,71,71,71,71,71,71,71,71,71,71],"card_choices":[{"not_picked":["Rebound","Redo"],"picked":"Compile Driver","floor":1.0},{"not_picked":["Steam","Beam Cell"],"picked":"Sunder","floor":2.0},{"not_picked":["Darkness","Hologram"],"picked":"Ball Lightning","floor":3.0},{"not_picked":["Barrage","Streamline"],"picked":"Biased Cognition","floor":8.0},{"not_picked":["Hologram","Turbo","All For One"],"picked":"SKIP","floor":11.0},{"not_picked":["Conserve Battery","Hologram","Hello World"],"picked":"SKIP","floor":13.0},{"not_picked":["Thunder Strike","All For One"],"picked":"Electrodynamics","floor":16.0},{"not_picked":["Rebound","Sunder"],"picked":"Defragment","floor":18.0},{"not_picked":["Reinforced Body","Go for the Eyes"],"picked":"Coolheaded","floor":19.0},{"not_picked":["Hologram","Scrape","Auto Shields+1"],"picked":"SKIP","floor":20.0},{"not_picked":["Undo","Beam Cell","Echo Form"],"picked":"SKIP","floor":24.0},{"not_picked":["Cold Snap","FTL","Genetic Algorithm"],"picked":"SKIP","floor":27.0},{"not_picked":["Gash","Sweeping Beam","Streamline"],"picked":"SKIP","floor":28.0},{"not_picked":["Meteor Strike","Redo","Barrage"],"picked":"SKIP","floor":29.0},{"not_picked":["Static Discharge","Stack"],"picked":"Thunder Strike","floor":31.0},{"not_picked":["Electrodynamics","Buffer","Meteor Strike"],"picked":"Seek","floor":33.0},{"not_picked":["Barrage","Beam Cell+1"],"picked":"SKIP","floor":35.0},{"not_picked":["Reprogram+1","Ball Lightning"],"picked":"SKIP","floor":36.0},{"not_picked":["Reprogram","Stack+1"],"picked":"SKIP","floor":39.0},{"not_picked":["Amplify","Barrage"],"picked":"SKIP","floor":41.0},{"not_picked":["Double Energy"],"picked":"Recycle","floor":45.0},{"not_picked":["Leap","Rebound+1"],"picked":"SKIP","floor":46.0},{"not_picked":["Stack+1"],"picked":"Defragment+1","floor":47.0},{"not_picked":["Ball Lightning+1","Electrodynamics+1"],"picked":"SKIP","floor":55}],"player_experience":1382089,"relics_obtained":[{"floor":8.0,"key":"Happy Flower"},{"floor":9.0,"key":"Nunchaku"},{"floor":11.0,"key":"Gremlin Horn"},{"floor":24.0,"key":"Symbiotic Virus"},{"floor":24.0,"key":"Pen Nib"},{"floor":26.0,"key":"Mummified Hand"},{"floor":27.0,"key":"Juzu Bracelet"},{"floor":27.0,"key":"Blue Candle"},{"floor":29.0,"key":"Kunai"},{"floor":29.0,"key":"Lantern"},{"floor":31.0,"key":"Question Card"},{"floor":31.0,"key":"Toy Ornithopter"},{"floor":41.0,"key":"Blood Vial"},{"floor":41.0,"key":"Frozen Egg 2"},{"floor":47.0,"key":"Smiling Mask"},{"floor":47.0,"key":"InkBottle"},{"floor":55,"key":"HornCleat"},{"floor":55,"key":"Emotion Chip"}],"event_choices":[{"damage_healed":0.0,"max_hp_gain":0.0,"max_hp_loss":0.0,"gold_gain":0.0,"event_name":"Living Wall","player_choice":"Grow","floor":4.0,"gold_loss":0.0,"damage_taken":0.0,"cards_upgraded":["Sunder"]},{"damage_healed":0.0,"max_hp_gain":0.0,"max_hp_loss":0.0,"gold_gain":275.0,"event_name":"Golden Shrine","player_choice":"Desecrate","floor":5.0,"gold_loss":0.0,"damage_taken":0.0,"cards_obtained":["Regret"]},{"damage_healed":0.0,"max_hp_gain":0.0,"max_hp_loss":0.0,"gold_gain":0.0,"event_name":"Vampires","player_choice":"Ignored","floor":22.0,"gold_loss":0.0,"damage_taken":0.0},{"damage_healed":0.0,"max_hp_gain":0.0,"max_hp_loss":0.0,"gold_gain":0.0,"event_name":"The Mausoleum","player_choice":"Opened","floor":30.0,"gold_loss":0.0,"damage_taken":0.0,"relics_obtained":["Pantograph"],"cards_obtained":["Writhe"]},{"damage_healed":0.0,"max_hp_gain":0.0,"max_hp_loss":0.0,"gold_gain":999.0,"event_name":"MindBloom","player_choice":"Gold","floor":38.0,"gold_loss":0.0,"damage_taken":0.0,"cards_obtained":["Normality","Normality"]},{"cards_removed":["Normality"],"damage_healed":0.0,"max_hp_gain":0.0,"max_hp_loss":0.0,"gold_gain":0.0,"event_name":"Bonfire Elementals","player_choice":"Offered Curse","floor":44.0,"gold_loss":0.0,"damage_taken":0.0,"relics_obtained":["Spirit Poop"]}],"is_beta":false,"boss_relics":[{"not_picked":["Cursed Key","Fusion Hammer"],"picked":"Black Star"},{"not_picked":["Velvet Choker","Pandora\u0027s Box"],"picked":"Busted Crown"}],"items_purged_floors":[7,14,21,37,48,54],"is_endless":false,"potions_floor_spawned":[2,3,11,20,27,28,31,35,47],"killed_by":"The Heart","ascension_level":20}}