{"host":"18wi9kpcl4eah7pe","time":1608963954,"event":{"mods":["BaseMod","Colored Powertips","Downfall","Minty Spire (QoL Compilation)","StSLib"],"gold_per_floor":[99,99,99,99,115,40,40,25,38,38,38,73,173,273,288,392,392,317,333,333,347,347,347,347,347],"floor_reached":23,"playtime":934,"items_purged":[],"score":194,"play_id":"e101437f-63ab-42f8-a5aa-8d014abdc0c6","local_time":"20201226002554","is_ascension_mode":true,"campfire_choices":[{"floor":1,"key":"RECALL"},{"data":"Slimebound:Split","floor":6,"key":"SMITH"},{"data":"Slimebound:Grow","floor":11,"key":"SMITH"},{"data":"Slimebound:MassRepurpose","floor":18,"key":"SMITH"}],"circlet_count":0,"master_deck":["Slimebound:Strike_Slimebound","Slimebound:Strike_Slimebound","Slimebound:Tackle","Slimebound:Defend_Slimebound","Slimebound:Defend_Slimebound","Slimebound:Defend_Slimebound","Slimebound:Split+1","Slimebound:CorrosiveSpit","Slimebound:SplitMire","Slimebound:Nibble+1","Slimebound:Chomp","Slimebound:DisruptingSlam","Slimebound:SpikyOuterGoop","Slimebound:Grow+1","Slimebound:SpikyOuterGoop","Slimebound:Chomp","Slimebound:FirmFortitude","Slimebound:SplitSpecialist","Slimebound:MassRepurpose+1","CurseOfTheBell","Slimebound:GoopSpray","Slimebound:Prepare+1","Slimebound:CheckThePlaybook","Slimebound:Icky"],"relics":["Slimebound:AbsorbEndCombat","downfall:HeartsMalice","downfall:HeartBlessingRed","Slimebound:MaxSlimesRelic","Blue Candle","Calling Bell","Orichalcum","Kunai","Thread and Needle","downfall:HeartBlessingGreen"],"acts_visited":["Exordium","TheCity"],"potions_floor_usage":[12,13,16,23],"damage_taken":[{"damage":0,"enemies":"2 Louse","floor":2,"turns":1},{"damage":0,"enemies":"downfall:FleeingMerchant","floor":3,"turns":1},{"damage":0,"enemies":"Small Slimes","floor":4,"turns":1},{"damage":19,"enemies":"Jaw Worm","floor":5,"turns":3},{"damage":20,"enemies":"downfall:FleeingMerchant","floor":8,"turns":4},{"damage":18,"enemies":"3 Louse","floor":9,"turns":3},{"damage":38,"enemies":"Lagavulin","floor":12,"turns":4},{"damage":29,"enemies":"downfall:Heads","floor":13,"turns":5},{"damage":7,"enemies":"2 Fungi Beasts","floor":15,"turns":3},{"damage":27,"enemies":"downfall:Watcher","floor":16,"turns":6},{"damage":13,"enemies":"Chosen","floor":19,"turns":4},{"damage":30,"enemies":"Snake Plant","floor":21,"turns":4},{"damage":67,"enemies":"Slavers","floor":23,"turns":4}],"seed_played":"920632958865155914","potions_obtained":[{"floor":5,"key":"Ancient Potion"},{"floor":9,"key":"PowerPotion"},{"floor":12,"key":"PowerPotion"},{"floor":15,"key":"Slimebound:SlimedPotion"},{"floor":19,"key":"SteroidPotion"}],"is_trial":false,"path_per_floor":["R","M","$","M","M","R","T","$","M","?","R","E","?","?","M","B",null,"R","M","?","M","?","E"],"character_chosen":"SLIMEBOUND","items_purchased":[],"campfire_rested":0,"item_purchase_floors":[],"current_hp_per_floor":[60,60,60,60,53,53,53,55,55,60,60,46,35,35,36,41,65,65,61,61,51,51,0,0,0],"gold":347,"neow_bonus":"THREE_ENEMY_KILL","is_daily":false,"chose_seed":false,"campfire_upgraded":3,"win_rate":0.0,"timestamp":1608963954,"path_taken":["R","M","$","M","M","R","T","$","M","?","R","E","?","?","M","BOSS","R","M","?","M","?","E"],"items_purchased_type":[],"build_version":"2020-12-22","purchased_purges":0,"victory":false,"max_hp_per_floor":[60,60,60,60,60,60,60,60,60,65,65,65,65,65,65,65,65,65,65,65,65,65,65,65,65],"card_choices":[{"not_picked":["Slimebound:LeechingTouch","Slimebound:Schlurp"],"picked":"Slimebound:SplitMire","floor":2},{"not_picked":["Slimebound:Dissolve","Slimebound:Gluttony"],"picked":"Slimebound:Nibble","floor":3},{"not_picked":["Slimebound:LeechingTouch","Slimebound:SlimeBarrage"],"picked":"Slimebound:Chomp","floor":4},{"not_picked":["Slimebound:ServeAndProtect","Slimebound:RejuvenatingLick"],"picked":"Slimebound:DisruptingSlam","floor":5},{"not_picked":["Slimebound:ServeAndProtect","Slimebound:ComboTackle"],"picked":"Slimebound:SpikyOuterGoop","floor":8},{"not_picked":["Slimebound:ItLooksTasty","Slimebound:PressTheAttack"],"picked":"Slimebound:Grow","floor":9},{"not_picked":["Slimebound:SplitAcid","Slimebound:SlimeSlap"],"picked":"Slimebound:SpikyOuterGoop","floor":12},{"not_picked":["Slimebound:Replication","Slimebound:Grow"],"picked":"Slimebound:FirmFortitude","floor":13},{"not_picked":["Slimebound:GrowthPunch","Slimebound:ServeAndProtect"],"picked":"Slimebound:SplitSpecialist","floor":15},{"not_picked":["Slimebound:DouseInSlime","Slimebound:Overexert"],"picked":"Slimebound:MassRepurpose","floor":16},{"not_picked":["Slimebound:SplitLeeching+1","Slimebound:SamplingLick"],"picked":"Slimebound:GoopSpray","floor":19},{"not_picked":["Slimebound:GoopSpray+1","Slimebound:SlimeSpikes"],"picked":"Slimebound:Prepare+1","floor":21}],"player_experience":856713,"relics_obtained":[{"floor":7,"key":"Slimebound:MaxSlimesRelic"},{"floor":12,"key":"Blue Candle"},{"floor":17,"key":"Orichalcum"},{"floor":17,"key":"Kunai"},{"floor":17,"key":"Thread and Needle"}],"event_choices":[{"damage_healed":0,"gold_gain":0,"player_choice":"Donut","damage_taken":0,"max_hp_gain":5,"max_hp_loss":0,"event_name":"Big Fish","floor":10,"gold_loss":0},{"damage_healed":0,"gold_gain":0,"player_choice":"Ignored","damage_taken":0,"max_hp_gain":0,"max_hp_loss":0,"event_name":"Ghosts","floor":20,"gold_loss":0}],"is_beta":false,"boss_relics":[{"not_picked":["Coffee Dripper","Tiny House"],"picked":"Calling Bell"}],"items_purged_floors":[],"is_endless":false,"potions_floor_spawned":[5,9,12,15,19],"killed_by":"Slavers","ascension_level":1}}