{"host":"w4b7hmige5bnqipq","time":1608947251,"event":{"mods":["BaseMod","Minty Spire (QoL Compilation)","Rare Cards Sparkle","SuperFastMode","everything is the same but u backflip on backflip","slay the spire mod where everything is the same but ironclad has a cowboy hat"],"gold_per_floor":[111,36,36,36,52,83,83,109,109,122,133,58,74,88,88,88,88],"floor_reached":16,"playtime":336,"items_purged":["Strike_G"],"score":274,"play_id":"a468eae8-16db-49d0-89bf-6a36f7b886e8","local_time":"20201226104731","is_ascension_mode":true,"campfire_choices":[{"data":"Calculated Gamble","floor":7.0,"key":"SMITH"},{"floor":15,"key":"REST"}],"circlet_count":0,"master_deck":["AscendersBane","Strike_G","Strike_G","Strike_G","Defend_G","Defend_G+1","Defend_G","Defend_G","Defend_G","Survivor","Neutralize","Backstab+1","Calculated Gamble+1","Backflip","All Out Attack","Acrobatics"],"relics":["Ring of the Snake","NeowsBlessing","Frozen Egg 2","Art of War","InkBottle"],"acts_visited":["Exordium"],"potions_floor_usage":[11],"damage_taken":[{"damage":0.0,"enemies":"Jaw Worm","floor":1.0,"turns":1.0},{"damage":0.0,"enemies":"2 Louse","floor":5.0,"turns":1.0},{"damage":0.0,"enemies":"Gremlin Nob","floor":6.0,"turns":1.0},{"damage":14.0,"enemies":"3 Sentries","floor":8.0,"turns":8.0},{"damage":0,"enemies":"Small Slimes","floor":10,"turns":5},{"damage":18,"enemies":"Exordium Thugs","floor":11,"turns":5},{"damage":0,"enemies":"Exordium Wildlife","floor":13,"turns":2},{"damage":1,"enemies":"Looter","floor":14,"turns":4},{"damage":0,"enemies":"The Guardian","floor":16,"turns":1}],"seed_played":"6203386822675088743","potions_obtained":[{"floor":1.0,"key":"AttackPotion"},{"floor":6.0,"key":"ColorlessPotion"},{"floor":8.0,"key":"Weak Potion"},{"floor":11,"key":"GhostInAJar"},{"floor":14,"key":"LiquidMemories"}],"is_trial":false,"path_per_floor":["M","?","?","$","M","E","R","E","T","M","M","$","M","M","R","B"],"character_chosen":"THE_SILENT","items_purchased":[],"campfire_rested":1,"item_purchase_floors":[],"current_hp_per_floor":[59,59,39,39,39,39,39,25,25,25,7,7,7,6,25,25,25],"gold":88,"neow_bonus":"THREE_ENEMY_KILL","is_daily":false,"chose_seed":false,"campfire_upgraded":1,"win_rate":0.0,"timestamp":1608947251,"path_taken":["M","?","?","$","M","E","R","E","T","M","M","?","M","M","R","BOSS"],"items_purchased_type":[],"build_version":"2020-12-22","purchased_purges":1,"victory":false,"max_hp_per_floor":[66,66,66,66,66,66,66,66,66,66,66,66,66,66,66,66,66],"card_choices":[{"not_picked":["Dodge and Roll","Quick Slash"],"picked":"Backstab","floor":1.0},{"not_picked":["Bane","Quick Slash"],"picked":"Calculated Gamble","floor":5.0},{"not_picked":["Predator","Distraction","Leg Sweep"],"picked":"SKIP","floor":6.0},{"not_picked":["Quick Slash","Outmaneuver"],"picked":"Backflip","floor":8.0},{"not_picked":["Underhanded Strike","Endless Agony"],"picked":"All Out Attack","floor":10},{"not_picked":["Predator","Heel Hook","Dagger Spray"],"picked":"SKIP","floor":11},{"not_picked":["Dagger Spray","Sucker Punch","Finisher"],"picked":"SKIP","floor":13},{"not_picked":["Sucker Punch","Prepared"],"picked":"Acrobatics","floor":14}],"player_experience":425852,"relics_obtained":[{"floor":6.0,"key":"Frozen Egg 2"},{"floor":8.0,"key":"Art of War"},{"floor":9.0,"key":"InkBottle"}],"event_choices":[{"cards_removed":["Strike_G"],"damage_healed":0.0,"max_hp_gain":0.0,"max_hp_loss":0.0,"gold_gain":0.0,"event_name":"The Cleric","player_choice":"Card Removal","floor":2.0,"gold_loss":75.0,"damage_taken":0.0},{"damage_healed":0.0,"max_hp_gain":0.0,"max_hp_loss":0.0,"gold_gain":0.0,"event_name":"Shining Light","player_choice":"Entered Light","floor":3.0,"gold_loss":0.0,"damage_taken":20.0,"cards_upgraded":["Backstab","Defend_G"]}],"is_beta":false,"boss_relics":[],"items_purged_floors":[12],"is_endless":false,"potions_floor_spawned":[1,6,8,11,14],"killed_by":"The Guardian","ascension_level":20}}