{"host":"wta67oh7xmkzpvp0","time":1608980888,"event":{"mods":["Act Like it!","BaseMod","Better Note","Hermit","Marisa（F雨　魔理沙）","Minty Spire (QoL Compilation)","Quick Restart","Replay The Spire","RumiaBox-露米娅的神秘盒子","Spicy Shops","StSLib","TestMod","【功能Mod】聪明的最终Boss"],"gold_per_floor":[362,362,215,235,235,235,83,121,121,121,141,0,0,65,65,189,189,229,292,144,213,213,213,213,279,279,303,151,151,251,312,312,432,432,513,564,897,897,938,938,938],"floor_reached":40,"playtime":4145,"items_purged":["ReplayTheSpireMod:Doomed"],"score":614,"play_id":"c0577f64-cd97-4570-adb7-3b338fdcc1b7","local_time":"20201226190808","is_ascension_mode":true,"campfire_choices":[{"data":"Eruption","floor":6.0,"key":"SMITH"},{"data":"BattleHymn","floor":10.0,"key":"SMITH"},{"data":"HandOfGreed","floor":13.0,"key":"SMITH"},{"floor":15.0,"key":"REST"},{"data":"Wish","floor":23.0,"key":"SMITH"},{"data":"Wish","floor":23.0,"key":"SMITH"},{"data":"DevaForm","floor":32.0,"key":"SMITH"},{"data":"testmod-TaurusBlackCat","floor":32.0,"key":"SMITH"}],"circlet_count":0,"master_deck":["Strike_P","Strike_P","Strike_P","Strike_P","Defend_P","Defend_P","Defend_P","Defend_P","Eruption+1","Vigilance","BowlingBash","Replay:AtTheReady","BattleHymn+1","SashWhip","testmod-TaurusBlackCat+1","HandOfGreed+1","Madness","Dramatic Entrance","FearNoEvil","Wish+1","EmptyMind+1","Consecrate+1","Wish+1","Crescendo","Swivel","Pot Of Greed","Pot Of Greed","Pot Of Greed","DevaForm+1","Establishment","BowlingBash+1","Replay:Vibes","ClearTheMind+1"],"relics":["PureWater","ClockworkSouvenir","Juzu Bracelet","Akabeko","Pantograph","Mercury Hourglass","ReplayTheSpireMod:ShopPack","Potion Belt","testmod-CardMagician","Replay:Arrowhead","Red Mask","Ornamental Fan","Bottled Lightning","Grinning Jar","Replay:Wax Seal","testmod-ArcanaOfDestiny","Pear","testmod-TimeTraveler"],"acts_visited":[],"potions_floor_usage":[],"damage_taken":[{"damage":6.0,"enemies":"Small Slimes","floor":1.0,"turns":2.0},{"damage":0.0,"enemies":"2 Louse","floor":4.0,"turns":4.0},{"damage":18.0,"enemies":"Gremlin Nob","floor":8.0,"turns":4.0},{"damage":2.0,"enemies":"Jaw Worm","floor":11.0,"turns":2.0},{"damage":10.0,"enemies":"Replay:BlueRogue","floor":14.0,"turns":4.0},{"damage":32.0,"enemies":"Fading Forest","floor":16.0,"turns":11.0},{"damage":0.0,"enemies":"3 Byrds","floor":18.0,"turns":2.0},{"damage":23.0,"enemies":"2 Thieves","floor":19.0,"turns":4.0},{"damage":0.0,"enemies":"Masked Bandits","floor":21.0,"turns":2.0},{"damage":19.0,"enemies":"Slavers","floor":25.0,"turns":2.0},{"damage":2.0,"enemies":"3 Cultists","floor":27.0,"turns":5.0},{"damage":0.0,"enemies":"Gremlin Leader","floor":31.0,"turns":3.0},{"damage":6.0,"enemies":"Pondfish","floor":33.0,"turns":8.0},{"damage":3.0,"enemies":"3 Shapes","floor":35.0,"turns":3.0},{"damage":22.0,"enemies":"Orb Walker","floor":36.0,"turns":3.0},{"damage":7,"enemies":"Transient","floor":39,"turns":5},{"damage":58,"enemies":"Nemesis","floor":40,"turns":4}],"seed_played":"2042042616822351221","potions_obtained":[{"floor":4.0,"key":"Doom Potion"},{"floor":14.0,"key":"Explosive Potion"},{"floor":16.0,"key":"Flashbang"},{"floor":19.0,"key":"LiquidBronze"},{"floor":21.0,"key":"DuplicationPotion"},{"floor":36.0,"key":"Reflective Coating"},{"floor":39,"key":"BottledMiracle"}],"is_trial":false,"path_per_floor":["M","?","$","M","?","R","$","E","T","R","M","$","R","E","R","B",null,"M","M","$","?","?","R","?","E","T","M","$","T","?","E","R","B",null,"M","M","?","?","M","E"],"character_chosen":"WATCHER","items_purchased":["ClockworkSouvenir","Akabeko","ReplayTheSpireMod:ShopPack","testmod-TaurusBlackCat","Replay:Arrowhead","Grinning Jar","Replay:Wax Seal"],"campfire_rested":1,"item_purchase_floors":[3,7,12,12,20,28,28],"current_hp_per_floor":[59,41,41,41,41,41,41,23,23,23,21,21,21,11,32,25,60,60,37,37,37,37,37,37,18,18,16,16,16,16,26,26,45,73,70,48,48,48,41,0,0],"gold":938,"neow_bonus":"TWO_FIFTY_GOLD","is_daily":false,"chose_seed":false,"campfire_upgraded":7,"win_rate":0.0,"timestamp":1608980888,"path_taken":["M","?","$","M","?","R","?","E","T","R","M","$","R","E","R","BOSS","M","M","$","?","?","R","?","E","T","M","$","?","?","E","R","BOSS","M","M","?","?","M","E"],"items_purchased_type":["Relic","Relic","Relic","Card","Relic","Relic","Relic"],"build_version":"2020-12-22","purchased_purges":1,"victory":false,"max_hp_per_floor":[72,72,72,72,72,72,72,72,72,72,72,72,72,72,72,72,72,72,72,72,72,72,72,72,72,72,72,72,72,72,82,82,82,82,82,82,82,82,82,82,82],"card_choices":[{"not_picked":["Conclude","PathToVictory"],"picked":"BowlingBash","floor":1.0},{"not_picked":["Replay:BluntJabs","WaveOfTheHand"],"picked":"Replay:AtTheReady","floor":4.0},{"not_picked":["CarveReality","SashWhip"],"picked":"BattleHymn","floor":8.0},{"not_picked":["Pray","Evaluate"],"picked":"SashWhip","floor":11.0},{"not_picked":["testmod-TradeIn","testmod-EnhanceArmerment"],"picked":"HandOfGreed","floor":12.0},{"not_picked":["testmod-RabbitOfFibonacci","Forethought"],"picked":"Madness","floor":12.0},{"not_picked":["testmod-AutoReboundSystem","testmod-HandmadeProducts"],"picked":"Dramatic Entrance","floor":12.0},{"not_picked":["MentalFortress","Weave"],"picked":"FearNoEvil","floor":14.0},{"not_picked":["DevaForm","Vault"],"picked":"Wish","floor":16.0},{"not_picked":["CutThroughFate+1","SashWhip+1"],"picked":"EmptyMind+1","floor":18.0},{"not_picked":["PathToVictory+1","LikeWater"],"picked":"Consecrate+1","floor":19.0},{"not_picked":["BowlingBash","CrushJoints"],"picked":"Wish","floor":21.0},{"not_picked":["Wireheading","Nirvana+1"],"picked":"Swivel","floor":25.0},{"not_picked":["Replay:AtTheReady+1","Vengeance","SashWhip"],"picked":"SKIP","floor":27.0},{"not_picked":["Consecrate","EmptyMind"],"picked":"DevaForm","floor":31.0},{"not_picked":["Wish","MasterReality"],"picked":"Establishment","floor":33.0},{"not_picked":["FearNoEvil","Tantrum"],"picked":"BowlingBash+1","floor":35.0},{"not_picked":["Worship","EmptyBody+1"],"picked":"Replay:Vibes","floor":36.0},{"not_picked":["Replay:Vibes","Nirvana"],"picked":"ClearTheMind+1","floor":39}],"player_experience":248364,"relics_obtained":[{"floor":8.0,"key":"Pantograph"},{"floor":9.0,"key":"Mercury Hourglass"},{"floor":14.0,"key":"Potion Belt"},{"floor":21.0,"key":"Red Mask"},{"floor":25.0,"key":"Ornamental Fan"},{"floor":26.0,"key":"Bottled Lightning"},{"floor":29.0,"key":"testmod-ArcanaOfDestiny"},{"floor":31.0,"key":"Pear"}],"event_choices":[{"damage_healed":0.0,"max_hp_gain":0.0,"max_hp_loss":0.0,"gold_gain":0.0,"event_name":"Golden Idol","player_choice":"Take Damage","floor":2.0,"gold_loss":0.0,"damage_taken":18.0,"relics_obtained":["Golden Idol"]},{"damage_healed":0.0,"max_hp_gain":0.0,"max_hp_loss":0.0,"gold_gain":0.0,"event_name":"给自己的盒子","player_choice":"Swap Relic","floor":5.0,"relics_lost":["testmod-TestBox"],"gold_loss":0.0,"damage_taken":0.0,"relics_obtained":["Juzu Bracelet"]},{"damage_healed":0.0,"max_hp_gain":0.0,"max_hp_loss":0.0,"gold_gain":0.0,"event_name":"Masked Bandits","player_choice":"Fought Bandits","floor":21.0,"gold_loss":0.0,"damage_taken":0.0},{"damage_healed":0.0,"max_hp_gain":0.0,"max_hp_loss":0.0,"gold_gain":0.0,"event_name":"The Library","player_choice":"Read","floor":22.0,"gold_loss":0.0,"damage_taken":0.0,"cards_obtained":["Crescendo"]},{"damage_healed":0.0,"max_hp_gain":0.0,"max_hp_loss":0.0,"gold_gain":0.0,"event_name":"Ghosts","player_choice":"Ignored","floor":24.0,"gold_loss":0.0,"damage_taken":0.0},{"damage_healed":0.0,"max_hp_gain":0.0,"max_hp_loss":0.0,"gold_gain":100.0,"event_name":"Golden Shrine","player_choice":"Pray","floor":30.0,"gold_loss":0.0,"damage_taken":0.0},{"damage_healed":0,"gold_gain":333,"player_choice":"Gave Idol","damage_taken":0,"max_hp_gain":0,"max_hp_loss":0,"event_name":"The Moai Head","floor":37,"relics_lost":["Golden Idol"],"gold_loss":0},{"damage_healed":0,"gold_gain":0,"player_choice":"Ignored","damage_taken":0,"max_hp_gain":0,"max_hp_loss":0,"event_name":"SecretPortal","floor":38,"gold_loss":0}],"is_beta":false,"boss_relics":[{"not_picked":["testmod-BloodSacrificeSpiritualization","ReplayTheSpireMod:DimensionalGlitch"],"picked":"testmod-CardMagician"},{"not_picked":["Velvet Choker","testmod-Recursion"],"picked":"testmod-TimeTraveler"}],"items_purged_floors":[3],"is_endless":false,"potions_floor_spawned":[4,14,16,19,21,31,36,39],"killed_by":"Nemesis","ascension_level":6}}