{"host":"kiauivt48syq9iz6","time":1608970990,"event":{"mods":["BaseMod","Conspire","Downfall","Hermit","Minty Spire (QoL Compilation)","Replay The Spire","SIMod","StSLib","The Animator","The Construct","The Cursed","The Runesmith","The Servant 0.9.4"],"gold_per_floor":[199,217,234,246,8,8,8,108,123,123,134,144,159,159,173,173,173],"floor_reached":16,"playtime":944,"items_purged":[],"score":96,"play_id":"8e3b73ef-b53a-490a-9034-aabcd57362a0","local_time":"20201226012310","is_ascension_mode":false,"campfire_choices":[{"data":"sneckomod:CheapStock","floor":6,"key":"SMITH"},{"floor":10,"key":"REST"}],"circlet_count":0,"master_deck":["sneckomod:Defend","sneckomod:Defend","sneckomod:Defend","sneckomod:TailWhip","sneckomod:SnekBite+1","sneckomod:Unknown","sneckomod:Unknown","sneckomod:UnknownClassBLUE","sneckomod:MasterEye+1","sneckomod:SoulDraw","sneckomod:IronFang","sneckomod:CheapStock+1","sneckomod:SerpentIdol","sneckomod:DiceCrush","sneckomod:UnknownClassFLUTTERSHY_COLOR","sneckomod:Unknown3Cost","sneckomod:QuickBite","sneckomod:UnknownVulnerable","sneckomod:SerpentMind","sneckomod:UnknownEthereal"],"relics":["sneckomod:SneckoSoul","Membership Card","conspire:DeflatedDodgeball"],"acts_visited":["Exordium"],"potions_floor_usage":[12,16],"damage_taken":[{"damage":0,"enemies":"2 Louse","floor":2,"turns":3},{"damage":0,"enemies":"Small Slimes","floor":3,"turns":3},{"damage":8,"enemies":"Jaw Worm","floor":4,"turns":4},{"damage":0,"enemies":"downfall:FleeingMerchant","floor":5,"turns":4},{"damage":23,"enemies":"downfall:Heads","floor":8,"turns":11},{"damage":11,"enemies":"Large Slime","floor":9,"turns":5},{"damage":26,"enemies":"Exordium Thugs","floor":11,"turns":4},{"damage":30,"enemies":"3 Louse","floor":12,"turns":6},{"damage":9,"enemies":"Blue Slaver","floor":13,"turns":3},{"damage":8,"enemies":"Exordium Wildlife","floor":15,"turns":4},{"damage":34,"enemies":"downfall:Ironclad","floor":16,"turns":3}],"seed_played":"-2630567027699353079","potions_obtained":[{"floor":2,"key":"Elixir"},{"floor":4,"key":"Elixir"},{"floor":11,"key":"Swift Potion"},{"floor":15,"key":"Block Potion"}],"is_trial":false,"path_per_floor":["R","M","M","M","$","R","T","?","M","R","M","M","M","?","M","B"],"character_chosen":"THE_SNECKO","items_purchased":["Membership Card","sneckomod:CheapStock","sneckomod:SerpentIdol"],"campfire_rested":1,"item_purchase_floors":[5,5,5],"current_hp_per_floor":[91,91,91,83,83,83,83,61,51,78,52,40,31,31,24,0,0],"gold":173,"neow_bonus":"HUNDRED_GOLD","is_daily":false,"chose_seed":false,"campfire_upgraded":1,"win_rate":0.0,"timestamp":1608970990,"path_taken":["R","M","M","M","$","R","T","?","M","R","M","M","M","?","M","BOSS"],"items_purchased_type":["Relic","Card","Card"],"build_version":"2020-12-22","purchased_purges":0,"victory":false,"max_hp_per_floor":[91,91,91,91,91,91,91,92,93,93,93,94,94,94,95,95,95],"card_choices":[{"not_picked":["sneckomod:UnknownCommonAttack","sneckomod:UnknownWeak"],"picked":"sneckomod:MasterEye","floor":2},{"not_picked":["sneckomod:SlitherStrike","sneckomod:UnknownBlock"],"picked":"sneckomod:SoulDraw","floor":3},{"not_picked":["sneckomod:UnknownClassPINKIE_COLOR","sneckomod:QuickBite"],"picked":"sneckomod:IronFang","floor":4},{"not_picked":["sneckomod:UnknownClassBLUE","sneckomod:DiceBlock","sneckomod:UnknownCommonAttack"],"picked":"SKIP","floor":5},{"not_picked":["sneckomod:SoulRoll","sneckomod:UnknownClassCONSTRUCTMOD"],"picked":"sneckomod:UnknownClassFLUTTERSHY_COLOR","floor":8},{"not_picked":["sneckomod:QuickBite","sneckomod:SoulDraw"],"picked":"sneckomod:Unknown3Cost","floor":9},{"not_picked":["sneckomod:WideSting","sneckomod:UnknownVulnerable"],"picked":"sneckomod:QuickBite","floor":11},{"not_picked":["sneckomod:SerpentIdol","sneckomod:UnknownCommonSkill"],"picked":"sneckomod:UnknownVulnerable","floor":12},{"not_picked":["sneckomod:QuickBite","sneckomod:ImprovisedAttack"],"picked":"sneckomod:SerpentMind","floor":13},{"not_picked":["sneckomod:UnknownClassRAINBOW_COLOR","sneckomod:UnknownCommonSkill"],"picked":"sneckomod:UnknownEthereal","floor":15}],"player_experience":89818,"relics_obtained":[{"floor":7,"key":"conspire:DeflatedDodgeball"}],"event_choices":[],"is_beta":false,"boss_relics":[],"items_purged_floors":[],"is_endless":false,"potions_floor_spawned":[2,4,11,15],"killed_by":"downfall:Ironclad","ascension_level":0}}