{"host":"6qo42zgaknezulyg","time":1608988357,"event":{"mods":["2.2 Compatiblity","BaseMod","Colored Map","Downfall","Highlight Path","Keyboard Shortcuts","Minty Spire (QoL Compilation)","Permanent Neow","Quick Restart","StSLib","SuperFastMode"],"gold_per_floor":[0,11,28,45,61,93,161,171,183,333,367,367,367,386,403,502,502,502,517,37,51,51,83,83,83,98,98,117,145,55,65,80,175,175,100,118,118,118,138,138,138,138,152,9,9,9,9,24,37,37],"floor_reached":51,"playtime":3159,"items_purged":["Writhe","Writhe"],"score":996,"play_id":"07b90215-6c03-4a84-b6e7-8b0bbf48fca1","local_time":"20201226221237","is_ascension_mode":true,"campfire_choices":[{"data":"champ:Taunt","floor":1.0,"key":"SMITH"},{"floor":13.0,"key":"REST"},{"data":"champ:Balance","floor":18.0,"key":"SMITH"},{"data":"expansioncontent:QuickStudy","floor":25.0,"key":"SMITH"},{"data":"champ:Improvising","floor":27.0,"key":"SMITH"},{"data":"champ:Devastate","floor":35.0,"key":"SMITH"},{"data":"champ:Devastate","floor":40.0,"key":"SMITH"},{"floor":47,"key":"REST"}],"circlet_count":0,"master_deck":["champ:Defend+1","champ:Defend","champ:Defend","champ:Defend","champ:Execute","champ:Taunt+1","champ:Balance+1","champ:AdrenalArmor","champ:CrookedStrike","champ:FaceSlap","champ:Encircle","champ:IgnorePain","champ:FocusedBerserking","champ:BerserkerStyle","expansioncontent:QuickStudy+1","champ:AdrenalArmor","champ:SwordSigil+1","champ:Improvising+1","champ:RecklessLeap","champ:Devastate+1","champ:Aggression","champ:Devastate+1","champ:GladiatorsShout+1","expansioncontent:QuickStudy+1","champ:Aggression","champ:EnragedBash","champ:Control"],"relics":["champ:ChampionCrown","Guardian:GemstoneGun","Sundial","Tiny Chest","Cursed Key","Kunai","MealTicket","Mercury Hourglass","FossilizedHelix","sneckomod:SneckoTalon","downfall:HeartBlessingGreen","Gremlin Horn","hexamod:BolsterEngine","Toolbox"],"acts_visited":["Exordium","TheCity","TheBeyond"],"potions_floor_usage":[],"damage_taken":[{"damage":11.0,"enemies":"Cultist","floor":2.0,"turns":4.0},{"damage":0.0,"enemies":"2 Louse","floor":3.0,"turns":2.0},{"damage":5.0,"enemies":"Small Slimes","floor":4.0,"turns":3.0},{"damage":9.0,"enemies":"Blue Slaver","floor":5.0,"turns":3.0},{"damage":32.0,"enemies":"Gremlin Nob","floor":6.0,"turns":4.0},{"damage":22.0,"enemies":"Large Slime","floor":8.0,"turns":7.0},{"damage":12.0,"enemies":"Gremlin Gang","floor":9.0,"turns":5.0},{"damage":30.0,"enemies":"3 Sentries","floor":11.0,"turns":8.0},{"damage":7.0,"enemies":"Blue Slaver","floor":14.0,"turns":4.0},{"damage":2.0,"enemies":"Red Slaver","floor":15.0,"turns":2.0},{"damage":58.0,"enemies":"downfall:Defect","floor":16.0,"turns":5.0},{"damage":9.0,"enemies":"Spheric Guardian","floor":19.0,"turns":4.0},{"damage":17.0,"enemies":"downfall:FleeingMerchant","floor":20.0,"turns":4.0},{"damage":12.0,"enemies":"Chosen","floor":21.0,"turns":5.0},{"damage":19.0,"enemies":"Chosen","floor":22.0,"turns":6.0},{"damage":0.0,"enemies":"Slavers","floor":23.0,"turns":1.0},{"damage":36.0,"enemies":"Snecko","floor":26.0,"turns":5.0},{"damage":19.0,"enemies":"3 Cultists","floor":28.0,"turns":4.0},{"damage":58.0,"enemies":"Gremlin Leader","floor":29.0,"turns":4.0},{"damage":43.0,"enemies":"downfall:FleeingMerchant","floor":30.0,"turns":4.0},{"damage":9.0,"enemies":"Centurion and Healer","floor":31.0,"turns":4.0},{"damage":32.0,"enemies":"Chosen and Byrds","floor":32.0,"turns":3.0},{"damage":53.0,"enemies":"downfall:Ironclad","floor":33.0,"turns":6.0},{"damage":19.0,"enemies":"3 Darklings","floor":36.0,"turns":3.0},{"damage":25.0,"enemies":"3 Shapes","floor":39.0,"turns":6.0},{"damage":22.0,"enemies":"Writhing Mass","floor":43.0,"turns":4.0},{"damage":35.0,"enemies":"downfall:FleeingMerchant","floor":44.0,"turns":4.0},{"damage":7,"enemies":"Spire Growth","floor":48,"turns":2},{"damage":0,"enemies":"4 Shapes","floor":49,"turns":2},{"damage":24,"enemies":"downfall:Watcher","floor":50,"turns":4}],"seed_played":"5547997404253692548","potions_obtained":[{"floor":5.0,"key":"champ:TechniquePotion"},{"floor":6.0,"key":"PowerPotion"},{"floor":11.0,"key":"AttackPotion"},{"floor":14.0,"key":"SpeedPotion"},{"floor":16.0,"key":"Explosive Potion"},{"floor":21.0,"key":"SkillPotion"},{"floor":26.0,"key":"hexamod:EctoCoolerPotion"},{"floor":28.0,"key":"FearPotion"},{"floor":31.0,"key":"Swift Potion"},{"floor":32.0,"key":"SkillPotion"},{"floor":36.0,"key":"BlessingOfTheForge"},{"floor":48,"key":"Swift Potion"}],"is_trial":false,"path_per_floor":["R","M","M","M","M","E","T","M","M","?","E","?","R","M","M","B",null,"R","M","$","M","?","E","T","R","M","R","M","E","$","M","M","B",null,"R","M","?","T","M","R","T","?","M","$","?","T","R","M","M","B",null],"character_chosen":"THE_CHAMP","items_purchased":["champ:BerserkerStyle","expansioncontent:QuickStudy","Kunai","champ:Aggression","hexamod:BolsterEngine","Toolbox"],"campfire_rested":2,"item_purchase_floors":[20,20,20,44,44,44],"current_hp_per_floor":[81,75,75,75,70,50,50,47,44,44,33,33,60,60,60,19,72,72,72,72,68,67,67,67,67,56,56,56,29,47,47,50,46,79,79,66,58,58,60,60,60,60,62,72,72,72,90,87,90,90],"gold":37,"neow_bonus":"TRANSFORM_TWO_CARDS","is_daily":false,"chose_seed":false,"campfire_upgraded":6,"win_rate":0.0,"timestamp":1608988357,"path_taken":["R","M","M","?","M","E","T","M","M","?","E","?","R","M","M","BOSS","R","M","$","M","?","E","T","R","M","R","M","E","$","M","M","BOSS","R","M","?","?","M","R","T","?","?","$","?","?","R","M","M","BOSS"],"items_purchased_type":["Card","Card","Relic","Card","Relic","Relic"],"build_version":"2020-12-22","purchased_purges":2,"victory":true,"max_hp_per_floor":[90,90,90,90,90,90,90,90,90,90,90,90,90,90,90,90,90,90,90,90,90,90,90,90,90,90,90,90,90,90,90,90,90,90,90,90,90,90,90,90,90,90,90,90,90,90,90,90,90,90],"card_choices":[{"not_picked":["champ:Circumvent","champ:DefensiveShout"],"picked":"champ:Balance","floor":2.0},{"not_picked":["champ:Backstep","champ:DefensiveShout"],"picked":"champ:AdrenalArmor","floor":3.0},{"not_picked":["champ:FightOn","champ:BerserkersShout"],"picked":"champ:CrookedStrike","floor":4.0},{"not_picked":["champ:Haymaker","champ:Shatter"],"picked":"champ:FaceSlap","floor":5.0},{"not_picked":["champ:IronFortress","champ:PerfectedStrike","champ:Circumvent"],"picked":"SKIP","floor":6.0},{"not_picked":["champ:HeartStrike","champ:GutPunch","champ:FanOfKnives"],"picked":"SKIP","floor":8.0},{"not_picked":["champ:BringItOn","champ:RisingSlash","champ:BladeFlurry"],"picked":"SKIP","floor":9.0},{"not_picked":["champ:BringItOn","champ:RisingSlash","champ:BladeFlurry"],"picked":"SKIP","floor":9.0},{"not_picked":["champ:BringItOn","champ:RisingSlash","champ:BladeFlurry"],"picked":"SKIP","floor":9.0},{"not_picked":["champ:SkillfulDodge","champ:StanceDance","champ:ShieldWall"],"picked":"SKIP","floor":11.0},{"not_picked":["champ:GladiatorStyle","champ:EnragedBash"],"picked":"champ:Encircle","floor":14.0},{"not_picked":["champ:Encircle","champ:GladiatorsShout","champ:RageSigil"],"picked":"SKIP","floor":15.0},{"not_picked":["champ:PerfectForm","champ:EnchantSword"],"picked":"champ:IgnorePain","floor":16.0},{"not_picked":["champ:BringItOn","champ:BerserkersShout"],"picked":"champ:FocusedBerserking","floor":19.0},{"not_picked":["champ:GladiatorStyle","champ:DefensiveShout","champ:RageSigil"],"picked":"SKIP","floor":20.0},{"not_picked":["champ:BerserkersShout","champ:StanceDance"],"picked":"champ:AdrenalArmor","floor":21.0},{"not_picked":["champ:FocusedBerserking+1","champ:DefensiveShout+1"],"picked":"champ:SwordSigil+1","floor":23.0},{"not_picked":["champ:Circumvent","champ:RapidStrikes+1"],"picked":"champ:Improvising","floor":26.0},{"not_picked":["champ:ShieldSigil","champ:Circumvent"],"picked":"champ:RecklessLeap","floor":28.0},{"not_picked":["champ:EnGarde","champ:FightOn","champ:ShieldThrow"],"picked":"SKIP","floor":29.0},{"not_picked":["champ:GladiatorsShout","champ:GutPunch"],"picked":"champ:Devastate","floor":30.0},{"not_picked":["champ:FightOn","champ:FlashCut"],"picked":"champ:Aggression","floor":31.0},{"not_picked":["champ:StanceDance+1","champ:DefensiveShout+1","champ:RapidStrikes"],"picked":"SKIP","floor":32.0},{"not_picked":["champ:EnchantSword","champ:SteelEdge"],"picked":"champ:Devastate","floor":33.0},{"not_picked":["champ:BladeFlurry+1","champ:EndlessRage"],"picked":"champ:GladiatorsShout+1","floor":36.0},{"not_picked":["champ:FocusedBerserking","champ:RageSigil","champ:PerfectedStrike+1"],"picked":"SKIP","floor":39.0},{"not_picked":["champ:StanceDance","champ:SwordSigil+1","champ:GladiatorsShout+1"],"picked":"SKIP","floor":43.0},{"not_picked":["champ:SwordSigil","champ:FanOfKnives+1","champ:BladeFlurry"],"picked":"SKIP","floor":44.0},{"not_picked":["champ:Duel","champ:RisingSlash+1"],"picked":"champ:Control","floor":48},{"not_picked":["champ:BerserkerStyle","champ:GladiatorsShout+1","champ:GutPunch"],"picked":"SKIP","floor":49}],"player_experience":1052259,"relics_obtained":[{"floor":6.0,"key":"Guardian:GemstoneGun"},{"floor":7.0,"key":"Sundial"},{"floor":11.0,"key":"Tiny Chest"},{"floor":23.0,"key":"MealTicket"},{"floor":24.0,"key":"Mercury Hourglass"},{"floor":29.0,"key":"FossilizedHelix"},{"floor":38.0,"key":"Gremlin Horn"}],"event_choices":[{"cards_removed":["Slimebound:Icky"],"damage_healed":0.0,"max_hp_gain":0.0,"max_hp_loss":0.0,"gold_gain":0.0,"event_name":"The Cleric","player_choice":"Card Removal","floor":12.0,"gold_loss":0.0,"damage_taken":0.0},{"damage_healed":0.0,"max_hp_gain":0.0,"max_hp_loss":0.0,"gold_gain":0.0,"event_name":"Duplicator","player_choice":"Copied","floor":42.0,"gold_loss":0.0,"damage_taken":0.0,"cards_obtained":["expansioncontent:QuickStudy"]},{"damage_healed":0.0,"max_hp_gain":0.0,"max_hp_loss":0.0,"gold_gain":0.0,"cards_transformed":["champ:Lariat"],"event_name":"Transmorgrifier","player_choice":"Transformed","floor":45.0,"gold_loss":0.0,"damage_taken":0.0,"cards_obtained":["champ:EnragedBash"]}],"is_beta":false,"boss_relics":[{"not_picked":["Busted Crown","SlaversCollar"],"picked":"Cursed Key"},{"not_picked":["Snecko Eye","Pandora\u0027s Box"],"picked":"sneckomod:SneckoTalon"}],"items_purged_floors":[30,44],"is_endless":false,"potions_floor_spawned":[5,6,11,14,16,21,22,26,28,31,32,36,48],"ascension_level":6}}