{"host":"4qkvkh7pd9qr2mca","time":1609026460,"event":{"mods":["AchievementEnabler","BaseMod","Colored Map","Colored Powertips","Highlight Path","Minty Spire (QoL Compilation)","Permanent Neow","Quick Restart","StSLib","SuperFastMode"],"gold_per_floor":[118,118,132,132,147,177,192,217,229,241,281,46,46,62,62,134,134,150,166,3,3,18,18,53,64,64,164,174,194,194,227,227,305,305,318,146,199,213,225,225,225,240,240,74,74,99,99,118,118,118,118],"floor_reached":52,"playtime":3763,"items_purged":["Writhe"],"score":1709,"play_id":"b9926196-9ea9-40a3-ac55-66b04dcf10e6","local_time":"20201227004740","is_ascension_mode":true,"campfire_choices":[{"floor":10.0,"key":"REST"},{"data":"Well Laid Plans","floor":13.0,"key":"SMITH"},{"data":"Footwork","floor":15,"key":"SMITH"},{"floor":23,"key":"REST"},{"floor":30,"key":"REST"},{"floor":32,"key":"REST"},{"floor":40,"key":"REST"},{"floor":45,"key":"REST"},{"data":"After Image","floor":49,"key":"SMITH"}],"circlet_count":0,"master_deck":["AscendersBane","Strike_G","Strike_G","Strike_G","Strike_G","Strike_G","Defend_G","Defend_G","Defend_G","Defend_G","Defend_G","Survivor","Neutralize","Dagger Throw","Terror","Crippling Poison","Bane","Backflip","Flying Knee","Escape Plan","Blur","PiercingWail","Well Laid Plans+1","Footwork+1","Dodge and Roll","Die Die Die","Leg Sweep","Blade Dance+1","Blade Dance","Finisher","Dagger Throw+1","After Image+1","Cloak And Dagger+1","Die Die Die","Finisher","Malaise+1","Calculated Gamble","Infinite Blades+1","A Thousand Cuts","Prepared+1"],"relics":["Ring of the Snake","Prayer Wheel","Blood Vial","MawBank","Akabeko","Bottled Lightning","HoveringKite","PreservedInsect","Anchor","Pantograph","Du-Vu Doll","Mummified Hand","Red Mask","Busted Crown","ClockworkSouvenir","Mango","War Paint","Nunchaku","Incense Burner"],"acts_visited":["Exordium","TheCity","TheBeyond"],"potions_floor_usage":[16,18,24,25,35,39,46,50,51],"damage_taken":[{"damage":0.0,"enemies":"2 Louse","floor":1.0,"turns":4.0},{"damage":1.0,"enemies":"Jaw Worm","floor":3.0,"turns":5.0},{"damage":1.0,"enemies":"Small Slimes","floor":5.0,"turns":3.0},{"damage":3.0,"enemies":"Gremlin Nob","floor":6.0,"turns":3.0},{"damage":8.0,"enemies":"3 Louse","floor":7.0,"turns":4.0},{"damage":38.0,"enemies":"Lagavulin","floor":8.0,"turns":7.0},{"damage":13.0,"enemies":"3 Sentries","floor":11.0,"turns":11.0},{"damage":1,"enemies":"Looter","floor":14,"turns":3},{"damage":10,"enemies":"Hexaghost","floor":16,"turns":12},{"damage":1,"enemies":"Shell Parasite","floor":18,"turns":8},{"damage":18,"enemies":"2 Thieves","floor":19,"turns":4},{"damage":7,"enemies":"Snecko","floor":22,"turns":5},{"damage":8,"enemies":"Book of Stabbing","floor":24,"turns":6},{"damage":35,"enemies":"Chosen and Byrds","floor":25,"turns":7},{"damage":9,"enemies":"Colosseum Slavers","floor":27,"turns":4},{"damage":0,"enemies":"Colosseum Nobs","floor":27,"turns":4},{"damage":0,"enemies":"Cultist and Chosen","floor":28,"turns":5},{"damage":12,"enemies":"Shelled Parasite and Fungi","floor":29,"turns":7},{"damage":5,"enemies":"Masked Bandits","floor":31,"turns":5},{"damage":65,"enemies":"Champ","floor":33,"turns":16},{"damage":0,"enemies":"3 Darklings","floor":35,"turns":6},{"damage":37,"enemies":"2 Orb Walkers","floor":37,"turns":6},{"damage":4,"enemies":"Orb Walker","floor":38,"turns":3},{"damage":0,"enemies":"Jaw Worm Horde","floor":39,"turns":3},{"damage":17,"enemies":"Spire Growth","floor":42,"turns":6},{"damage":2,"enemies":"Mind Bloom Boss Battle","floor":46,"turns":7},{"damage":0,"enemies":"Sphere and 2 Shapes","floor":48,"turns":3},{"damage":30,"enemies":"Donu and Deca","floor":50,"turns":18},{"damage":11,"enemies":"Awakened One","floor":51,"turns":20}],"seed_played":"7832128449664745509","potions_obtained":[{"floor":3.0,"key":"SteroidPotion"},{"floor":5.0,"key":"Explosive Potion"},{"floor":6.0,"key":"SpeedPotion"},{"floor":7.0,"key":"EssenceOfSteel"},{"floor":14,"key":"AttackPotion"},{"floor":16,"key":"Poison Potion"},{"floor":19,"key":"Strength Potion"},{"floor":22,"key":"Explosive Potion"},{"floor":25,"key":"Swift Potion"},{"floor":33,"key":"Fire Potion"},{"floor":38,"key":"DistilledChaos"},{"floor":42,"key":"Dexterity Potion"},{"floor":48,"key":"SneckoOil"}],"is_trial":false,"path_per_floor":["M","?","M","?","M","E","M","E","T","R","E","$","R","M","R","B",null,"M","M","$","?","M","R","E","M","T","?","M","M","R","?","R","B",null,"M","$","?","M","M","R","?","M","T","$","R","?","?","M","R","B","B",null],"character_chosen":"THE_SILENT","items_purchased":["Well Laid Plans","Dash","PreservedInsect","ClockworkSouvenir","Nunchaku"],"campfire_rested":6,"item_purchase_floors":[12,12,20,36,44],"current_hp_per_floor":[59,64,63,63,62,59,53,17,17,38,27,27,27,28,28,20,58,59,43,43,43,38,59,53,20,20,15,17,7,28,25,46,6,55,57,57,36,34,36,61,61,46,46,46,70,79,79,81,81,51,67],"gold":118,"neow_bonus":"ONE_RARE_RELIC","is_daily":false,"chose_seed":false,"campfire_upgraded":3,"win_rate":0.0,"timestamp":1609026460,"path_taken":["M","?","M","?","M","E","M","E","T","R","E","?","R","M","R","BOSS","M","M","$","?","M","R","E","M","T","?","M","M","R","?","R","BOSS","M","$","?","M","M","R","?","M","T","$","R","?","?","?","R","BOSS","BOSS"],"items_purchased_type":["Card","Card","Relic","Relic","Relic"],"build_version":"2020-12-22","purchased_purges":1,"victory":true,"max_hp_per_floor":[66,71,71,71,71,71,71,71,71,71,71,71,71,71,71,71,71,71,71,71,71,71,71,71,71,71,71,71,71,71,71,71,71,71,71,71,85,85,85,85,81,81,81,81,81,81,81,81,81,81,81],"card_choices":[{"not_picked":["Caltrops","Bane"],"picked":"Dagger Throw","floor":1.0},{"not_picked":["Masterful Stab","Dagger Throw"],"picked":"Terror","floor":1.0},{"not_picked":["Bullet Time","Backflip"],"picked":"Crippling Poison","floor":3.0},{"not_picked":["Slice","Quick Slash"],"picked":"Bane","floor":3.0},{"not_picked":["Reflex","Dagger Throw"],"picked":"Backflip","floor":5.0},{"not_picked":["Acrobatics","Grand Finale","Quick Slash"],"picked":"SKIP","floor":5.0},{"not_picked":["Expertise","Infinite Blades"],"picked":"Flying Knee","floor":6.0},{"not_picked":["Riddle With Holes","Slice"],"picked":"Escape Plan","floor":7.0},{"not_picked":["Cloak And Dagger","Quick Slash","Deflect"],"picked":"SKIP","floor":7.0},{"not_picked":["Backflip","Tools of the Trade"],"picked":"Blur","floor":8.0},{"not_picked":["Dagger Throw","Acrobatics"],"picked":"PiercingWail","floor":11.0},{"not_picked":["Outmaneuver","Dodge and Roll"],"picked":"Footwork","floor":14},{"not_picked":["Cloak And Dagger","Bane"],"picked":"Dodge and Roll","floor":14},{"not_picked":["Doppelganger","Bullet Time"],"picked":"Die Die Die","floor":16},{"not_picked":["Underhanded Strike","Dodge and Roll"],"picked":"Leg Sweep","floor":18},{"not_picked":["Slice","Crippling Poison"],"picked":"Blade Dance","floor":18},{"not_picked":["Infinite Blades","Deflect"],"picked":"Blade Dance","floor":19},{"not_picked":["Masterful Stab","Underhanded Strike","Choke"],"picked":"SKIP","floor":19},{"not_picked":["Sucker Punch","Deadly Poison"],"picked":"Finisher","floor":22},{"not_picked":["Underhanded Strike+1","Infinite Blades","Sucker Punch"],"picked":"SKIP","floor":22},{"not_picked":["Infinite Blades","Backflip+1"],"picked":"Dagger Throw+1","floor":24},{"not_picked":["Quick Slash","Poisoned Stab+1","Deflect"],"picked":"SKIP","floor":25},{"not_picked":["Riddle With Holes","Skewer","Outmaneuver"],"picked":"SKIP","floor":25},{"not_picked":["Well Laid Plans","Infinite Blades+1"],"picked":"After Image","floor":27},{"not_picked":["Bane","PiercingWail"],"picked":"Cloak And Dagger+1","floor":28},{"not_picked":["Catalyst","Bane"],"picked":"Die Die Die","floor":28},{"not_picked":["Outmaneuver","Dagger Spray"],"picked":"Finisher","floor":29},{"not_picked":["Quick Slash","Flying Knee","Slice"],"picked":"SKIP","floor":29},{"not_picked":["Wraith Form v2","Die Die Die"],"picked":"Malaise","floor":33},{"not_picked":[],"picked":"Calculated Gamble","floor":35},{"not_picked":["Quick Slash"],"picked":"SKIP","floor":35},{"not_picked":["Deadly Poison"],"picked":"SKIP","floor":38},{"not_picked":["Underhanded Strike"],"picked":"SKIP","floor":38},{"not_picked":["Infinite Blades+1"],"picked":"SKIP","floor":39},{"not_picked":["Cloak And Dagger"],"picked":"SKIP","floor":39},{"not_picked":[],"picked":"Infinite Blades+1","floor":39},{"not_picked":["Cloak And Dagger"],"picked":"SKIP","floor":39},{"not_picked":["Dagger Spray"],"picked":"SKIP","floor":42},{"not_picked":["Dash"],"picked":"SKIP","floor":42},{"not_picked":[],"picked":"A Thousand Cuts","floor":48},{"not_picked":["Prepared+1"],"picked":"SKIP","floor":48},{"not_picked":[],"picked":"Prepared+1","floor":48}],"player_experience":490025,"relics_obtained":[{"floor":6.0,"key":"Blood Vial"},{"floor":8.0,"key":"MawBank"},{"floor":9.0,"key":"Akabeko"},{"floor":11.0,"key":"Bottled Lightning"},{"floor":24,"key":"Anchor"},{"floor":26,"key":"Pantograph"},{"floor":27,"key":"Du-Vu Doll"},{"floor":27,"key":"Mummified Hand"},{"floor":31,"key":"Red Mask"},{"floor":37,"key":"Mango"},{"floor":43,"key":"War Paint"},{"floor":46,"key":"Incense Burner"}],"event_choices":[{"damage_healed":0.0,"max_hp_gain":5.0,"max_hp_loss":0.0,"gold_gain":0.0,"event_name":"Big Fish","player_choice":"Donut","floor":2.0,"gold_loss":0.0,"damage_taken":0.0},{"damage_healed":0.0,"max_hp_gain":0.0,"max_hp_loss":0.0,"gold_gain":0.0,"event_name":"Shining Light","player_choice":"Ignored","floor":4.0,"gold_loss":0.0,"damage_taken":0.0},{"damage_healed":0,"gold_gain":0,"player_choice":"Fight","damage_taken":0,"max_hp_gain":0,"max_hp_loss":0,"event_name":"Colosseum","floor":27,"gold_loss":0},{"damage_healed":0,"gold_gain":0,"player_choice":"Fled From Nobs","damage_taken":0,"max_hp_gain":0,"max_hp_loss":0,"event_name":"Colosseum","floor":27,"gold_loss":0},{"damage_healed":0,"gold_gain":0,"player_choice":"Fought Nobs","damage_taken":0,"max_hp_gain":0,"max_hp_loss":0,"event_name":"Colosseum","floor":27,"gold_loss":0},{"damage_healed":0,"gold_gain":0,"player_choice":"Fought Bandits","damage_taken":0,"max_hp_gain":0,"max_hp_loss":0,"event_name":"Masked Bandits","floor":31,"gold_loss":0},{"damage_healed":0,"gold_gain":0,"player_choice":"Fight","damage_taken":0,"max_hp_gain":0,"max_hp_loss":0,"event_name":"Mysterious Sphere","floor":37,"gold_loss":0},{"damage_healed":0,"gold_gain":0,"player_choice":"Max HP","damage_taken":0,"max_hp_gain":0,"max_hp_loss":4,"event_name":"Winding Halls","floor":41,"gold_loss":0},{"damage_healed":0,"gold_gain":0,"player_choice":"Fight","damage_taken":0,"max_hp_gain":0,"max_hp_loss":0,"event_name":"MindBloom","floor":46,"gold_loss":0},{"cards_removed":["Dash"],"damage_healed":0,"gold_gain":0,"player_choice":"Removed Attack","damage_taken":0,"max_hp_gain":0,"max_hp_loss":0,"event_name":"Falling","floor":47,"gold_loss":0}],"is_beta":false,"boss_relics":[{"not_picked":["Ring of the Serpent","WristBlade"],"picked":"HoveringKite"},{"not_picked":["SlaversCollar","Sozu"],"picked":"Busted Crown"}],"items_purged_floors":[12],"is_endless":false,"potions_floor_spawned":[3,5,6,7,14,16,19,22,25,33,38,42,48],"ascension_level":20}}