{"host":"wshh0nphwn6jv7vj","time":1609008305,"event":{"mods":["BaseMod","Bestiary","Minty Spire (QoL Compilation)"],"gold_per_floor":[111,127,137,137,151,184,184,184,184,216,216,216,237,237,237,237,237],"floor_reached":16,"playtime":670,"items_purged":[],"score":198,"play_id":"db045717-1a2f-422b-841e-d7f8a59194d1","local_time":"20201226134505","is_ascension_mode":true,"campfire_choices":[{"data":"BattleHymn","floor":7,"key":"SMITH"},{"data":"Perseverance","floor":11,"key":"SMITH"},{"data":"Consecrate","floor":15,"key":"SMITH"}],"circlet_count":0,"master_deck":["AscendersBane","Strike_P","Strike_P","Defend_P","Defend_P","Defend_P","Defend_P","Eruption","Vigilance","CurseOfTheBell","Consecrate+1","WheelKick","BattleHymn+1","SandsOfTime","Omniscience","FlurryOfBlows","Perseverance+1","FearNoEvil"],"relics":["Calling Bell","Bag of Preparation","White Beast Statue","Calipers","PreservedInsect","Meat on the Bone","Torii","Golden Idol","Bird Faced Urn"],"acts_visited":[],"potions_floor_usage":[3,5,6,6,13,16,16],"damage_taken":[{"damage":2,"enemies":"Jaw Worm","floor":1,"turns":4},{"damage":0,"enemies":"Small Slimes","floor":2,"turns":2},{"damage":0,"enemies":"2 Louse","floor":3,"turns":2},{"damage":0,"enemies":"Exordium Wildlife","floor":5,"turns":1},{"damage":18,"enemies":"3 Sentries","floor":6,"turns":7},{"damage":13,"enemies":"Gremlin Nob","floor":10,"turns":3},{"damage":0,"enemies":"Blue Slaver","floor":13,"turns":4},{"damage":28,"enemies":"The Guardian","floor":16,"turns":8}],"seed_played":"5439407233407266373","potions_obtained":[{"floor":1,"key":"BottledMiracle"},{"floor":2,"key":"SkillPotion"},{"floor":3,"key":"Ambrosia"},{"floor":5,"key":"SkillPotion"},{"floor":6,"key":"LiquidMemories"},{"floor":10,"key":"Fruit Juice"},{"floor":13,"key":"Swift Potion"}],"is_trial":false,"path_per_floor":["M","M","M","?","M","E","R","?","T","E","R","?","M","?","R","B"],"character_chosen":"WATCHER","items_purchased":[],"campfire_rested":0,"item_purchase_floors":[],"current_hp_per_floor":[59,59,59,59,59,41,41,34,34,33,33,33,38,20,20,0,0],"gold":237,"neow_bonus":"BOSS_RELIC","is_daily":false,"chose_seed":false,"campfire_upgraded":3,"win_rate":0.0,"timestamp":1609008305,"path_taken":["M","M","M","?","M","E","R","?","T","E","R","?","M","?","R","BOSS"],"items_purchased_type":[],"build_version":"2020-12-22","purchased_purges":0,"victory":false,"max_hp_per_floor":[68,68,68,68,68,68,68,68,68,68,68,62,67,67,67,67,67],"card_choices":[{"not_picked":["FlurryOfBlows","Evaluate"],"picked":"Consecrate","floor":1},{"not_picked":["CrushJoints","FlurryOfBlows"],"picked":"WheelKick","floor":2},{"not_picked":["JustLucky","Crescendo"],"picked":"BattleHymn","floor":3},{"not_picked":["Nirvana","ThirdEye"],"picked":"Omniscience","floor":5},{"not_picked":["Crescendo","Collect"],"picked":"FlurryOfBlows","floor":6},{"not_picked":["PathToVictory","CutThroughFate"],"picked":"Perseverance","floor":10},{"not_picked":["FollowUp","CrushJoints"],"picked":"FearNoEvil","floor":13}],"player_experience":1500561,"relics_obtained":[{"floor":0,"key":"Bag of Preparation"},{"floor":0,"key":"White Beast Statue"},{"floor":0,"key":"Calipers"},{"floor":6,"key":"PreservedInsect"},{"floor":9,"key":"Meat on the Bone"},{"floor":10,"key":"Torii"}],"event_choices":[{"damage_healed":0,"gold_gain":0,"cards_transformed":["Strike_P"],"player_choice":"Change","damage_taken":0,"max_hp_gain":0,"max_hp_loss":0,"event_name":"Living Wall","floor":4,"gold_loss":0,"cards_obtained":["SandsOfTime"]},{"cards_removed":["Strike_P"],"damage_healed":0,"gold_gain":0,"player_choice":"Card Removal","damage_taken":7,"max_hp_gain":0,"max_hp_loss":0,"event_name":"Golden Wing","floor":8,"gold_loss":0},{"damage_healed":0,"gold_gain":0,"player_choice":"Lose Max HP","damage_taken":0,"relics_obtained":["Golden Idol"],"max_hp_gain":0,"max_hp_loss":6,"event_name":"Golden Idol","floor":12,"gold_loss":0},{"damage_healed":0,"gold_gain":0,"player_choice":"Success","damage_taken":18,"relics_obtained":["Bird Faced Urn"],"max_hp_gain":0,"max_hp_loss":0,"event_name":"Scrap Ooze","floor":14,"gold_loss":0}],"is_beta":false,"boss_relics":[],"items_purged_floors":[],"is_endless":false,"potions_floor_spawned":[1,2,3,5,6,10,13],"killed_by":"The Guardian","ascension_level":16}}