{"host":"ij91kspbsf1i6fsu","time":1609020156,"event":{"mods":["AchievementEnabler","BaseMod","Colored Map","Minty Spire (QoL Compilation)","Rare Cards Sparkle","StSLib","everything is the same but u backflip on backflip"],"gold_per_floor":[113,113,77,77,91,118,118,88,88,88,116,116,150,160,160,257,257,268,279,83,93,93,93,105,115,115,115,115,132,39,67,67,163,163,182,231,34,47,0,0,13,13,66,66,82,92,10,28,28,28],"floor_reached":51,"playtime":7951,"items_purged":[],"score":710,"play_id":"6ed94582-efa1-4a42-8428-a1f8deb5de86","local_time":"20201226150236","is_ascension_mode":false,"campfire_choices":[{"data":"Fission","floor":7.0,"key":"SMITH"},{"floor":10.0,"key":"REST"},{"floor":15.0,"key":"REST"},{"data":"Redo","floor":23,"key":"SMITH"},{"floor":32,"key":"REST"},{"data":"Defragment","floor":40,"key":"SMITH"},{"floor":42,"key":"REST"},{"data":"Biased Cognition","floor":44,"key":"SMITH"},{"data":"Seek","floor":49,"key":"SMITH"}],"circlet_count":0,"master_deck":["Strike_B","Strike_B","Strike_B+1","Strike_B","Defend_B","Defend_B","Defend_B","Defend_B","Zap","Dualcast","Glacier","Good Instincts","Reboot","Capacitor+1","Compile Driver","Fission+1","Force Field","Chill","Self Repair","Electrodynamics","Defragment+1","Ball Lightning+1","Steam","Redo+1","J.A.X.","Rainbow","Cold Snap","Consume","Melter","Biased Cognition+1","Thunder Strike","Loop+1","Leap","Defragment+1","Conserve Battery+1","Parasite","Leap","Seek+1","Capacitor","Magnetism","FTL+1"],"relics":["Cracked Core","Incense Burner","Vajra","TungstenRod","Orichalcum","Velvet Choker","Membership Card","Eternal Feather","Oddly Smooth Stone","Enchiridion","Bronze Scales","Bottled Lightning","Nuclear Battery","Lizard Tail","Strawberry","OrangePellets","Red Mask","Potion Belt"],"acts_visited":["Exordium","TheCity","TheBeyond"],"potions_floor_usage":[24,33,36,36,50,50],"damage_taken":[{"damage":6.0,"enemies":"Jaw Worm","floor":1.0,"turns":3.0},{"damage":0.0,"enemies":"Cultist","floor":5.0,"turns":4.0},{"damage":22.0,"enemies":"Lagavulin","floor":6.0,"turns":12.0},{"damage":25.0,"enemies":"3 Sentries","floor":11.0,"turns":10.0},{"damage":0.0,"enemies":"Gremlin Nob","floor":13.0,"turns":3.0},{"damage":4.0,"enemies":"Small Slimes","floor":14.0,"turns":4.0},{"damage":49.0,"enemies":"Slime Boss","floor":16.0,"turns":29.0},{"damage":0,"enemies":"3 Byrds","floor":18,"turns":3},{"damage":8,"enemies":"Chosen","floor":19,"turns":4},{"damage":3,"enemies":"Centurion and Healer","floor":21,"turns":6},{"damage":29,"enemies":"Sentry and Sphere","floor":24,"turns":7},{"damage":16,"enemies":"Snake Plant","floor":25,"turns":6},{"damage":6,"enemies":"Snecko","floor":29,"turns":7},{"damage":22,"enemies":"Gremlin Leader","floor":31,"turns":6},{"damage":17,"enemies":"Champ","floor":33,"turns":9},{"damage":10,"enemies":"3 Darklings","floor":35,"turns":3},{"damage":50,"enemies":"2 Orb Walkers","floor":36,"turns":6},{"damage":2,"enemies":"Orb Walker","floor":38,"turns":5},{"damage":18,"enemies":"Writhing Mass","floor":41,"turns":7},{"damage":17,"enemies":"Sphere and 2 Shapes","floor":45,"turns":5},{"damage":4,"enemies":"Maw","floor":46,"turns":8},{"damage":4,"enemies":"3 Darklings","floor":48,"turns":8},{"damage":50,"enemies":"Awakened One","floor":50,"turns":17}],"seed_played":"539674288297760025","potions_obtained":[{"floor":1.0,"key":"Dexterity Potion"},{"floor":13.0,"key":"Strength Potion"},{"floor":14.0,"key":"Fire Potion"},{"floor":18,"key":"DistilledChaos"},{"floor":29,"key":"SpeedPotion"},{"floor":41,"key":"SneckoOil"},{"floor":46,"key":"LiquidBronze"}],"is_trial":false,"path_per_floor":["M","?","$","?","M","E","R","?","T","R","E","?","E","M","R","B",null,"M","M","$","M","?","R","M","M","T","T","?","M","$","E","R","B",null,"M","?","$","M","?","R","M","R","T","R","M","M","$","M","R","B",null],"character_chosen":"DEFECT","items_purchased":["Capacitor","Steam","Membership Card","BlessingOfTheForge","Melter","Bronze Scales","Strawberry","OrangePellets","Defragment","Magnetism"],"campfire_rested":4,"item_purchase_floors":[3,20,20,20,30,30,37,37,37,47],"current_hp_per_floor":[76,76,76,76,76,54,54,54,54,78,53,38,38,34,58,16,82,82,81,81,82,82,82,60,51,51,51,39,40,40,25,67,57,82,72,29,36,34,34,55,44,89,89,89,72,75,75,78,89,46],"gold":28,"neow_bonus":"TEN_PERCENT_HP_BONUS","is_daily":false,"chose_seed":false,"campfire_upgraded":5,"win_rate":0.0,"timestamp":1609020156,"path_taken":["M","?","?","?","?","E","R","?","T","R","E","?","E","?","R","BOSS","M","M","?","M","?","R","M","M","T","?","?","M","$","E","R","BOSS","M","?","$","M","?","R","M","R","T","R","M","M","$","M","R","BOSS"],"items_purchased_type":["Card","Card","Relic","Potion","Card","Relic","Relic","Relic","Card","Card"],"build_version":"2020-12-22","purchased_purges":0,"victory":true,"max_hp_per_floor":[82,82,82,82,82,82,82,82,82,82,82,82,82,82,82,82,82,82,82,82,82,82,82,82,82,82,82,82,82,82,82,82,82,82,82,82,89,89,89,89,89,89,89,89,89,89,89,89,89,89],"card_choices":[{"not_picked":["Lockon","Gash"],"picked":"Glacier","floor":1.0},{"not_picked":["Go for the Eyes","Leap"],"picked":"Compile Driver","floor":5.0},{"not_picked":["Force Field","Glacier"],"picked":"Fission","floor":6.0},{"not_picked":["Lockon","Steam"],"picked":"Force Field","floor":11.0},{"not_picked":["Compile Driver","Lockon"],"picked":"Chill","floor":13.0},{"not_picked":["Ball Lightning","Beam Cell"],"picked":"Self Repair","floor":14.0},{"not_picked":["Reboot","All For One"],"picked":"Electrodynamics","floor":16.0},{"not_picked":["Beam Cell+1","Scrape+1"],"picked":"Defragment+1","floor":18},{"not_picked":["Cold Snap","Hologram+1"],"picked":"Ball Lightning+1","floor":19},{"not_picked":["Force Field+1","Self Repair"],"picked":"Redo","floor":21},{"not_picked":["Go for the Eyes","Doom and Gloom"],"picked":"Rainbow","floor":24},{"not_picked":["Gash+1","Scrape"],"picked":"Cold Snap","floor":25},{"not_picked":["Auto Shields","Skim"],"picked":"Consume","floor":29},{"not_picked":["Reprogram","Barrage"],"picked":"Biased Cognition","floor":31},{"not_picked":["Amplify","Buffer"],"picked":"Thunder Strike","floor":33},{"not_picked":["Ball Lightning","Doom and Gloom"],"picked":"Loop+1","floor":35},{"not_picked":["Coolheaded+1","Sweeping Beam+1"],"picked":"Leap","floor":36},{"not_picked":["Tempest+1","Go for the Eyes+1"],"picked":"Conserve Battery+1","floor":38},{"not_picked":["Static Discharge","Ball Lightning"],"picked":"Leap","floor":41},{"not_picked":["Hologram+1","Static Discharge+1"],"picked":"Seek","floor":45},{"not_picked":["Streamline+1","Go for the Eyes"],"picked":"Capacitor","floor":46},{"not_picked":["Steam","Redo"],"picked":"FTL+1","floor":48}],"player_experience":3487,"relics_obtained":[{"floor":6.0,"key":"Incense Burner"},{"floor":9.0,"key":"Vajra"},{"floor":11.0,"key":"TungstenRod"},{"floor":13.0,"key":"Orichalcum"},{"floor":26,"key":"Eternal Feather"},{"floor":27,"key":"Oddly Smooth Stone"},{"floor":28,"key":"Enchiridion"},{"floor":31,"key":"Bottled Lightning"},{"floor":36,"key":"Lizard Tail"},{"floor":43,"key":"Potion Belt"}],"event_choices":[{"damage_healed":0.0,"max_hp_gain":0.0,"max_hp_loss":0.0,"gold_gain":0.0,"event_name":"Match and Keep!","player_choice":"2 cards matched","floor":2.0,"gold_loss":0.0,"damage_taken":0.0,"cards_obtained":["Good Instincts","Reboot"]},{"damage_healed":0.0,"max_hp_gain":0.0,"max_hp_loss":0.0,"gold_gain":0.0,"event_name":"The Cleric","player_choice":"Leave","floor":4.0,"gold_loss":0.0,"damage_taken":0.0},{"damage_healed":0.0,"max_hp_gain":0.0,"max_hp_loss":0.0,"gold_gain":0.0,"event_name":"World of Goop","player_choice":"Left Gold","floor":8.0,"gold_loss":30.0,"damage_taken":0.0},{"damage_healed":0.0,"max_hp_gain":0.0,"max_hp_loss":0.0,"gold_gain":0.0,"event_name":"Shining Light","player_choice":"Entered Light","floor":12.0,"gold_loss":0.0,"damage_taken":16.0,"cards_upgraded":["Strike_B","Capacitor"]},{"damage_healed":0,"gold_gain":0,"player_choice":"Obtain J.A.X.","damage_taken":0,"max_hp_gain":0,"max_hp_loss":0,"event_name":"Drug Dealer","floor":22,"gold_loss":0,"cards_obtained":["J.A.X."]},{"damage_healed":0,"gold_gain":0,"player_choice":"Obtained Book","damage_taken":16,"max_hp_gain":0,"max_hp_loss":0,"event_name":"Cursed Tome","floor":28,"gold_loss":0},{"damage_healed":0,"gold_gain":0,"player_choice":"Fight","damage_taken":0,"max_hp_gain":0,"max_hp_loss":0,"event_name":"Mysterious Sphere","floor":36,"gold_loss":0},{"damage_healed":0,"gold_gain":0,"player_choice":"Paid","damage_taken":0,"relics_obtained":["Red Mask"],"max_hp_gain":0,"max_hp_loss":0,"event_name":"Tomb of Lord Red Mask","floor":39,"gold_loss":47}],"is_beta":false,"boss_relics":[{"not_picked":["Cursed Key","Fusion Hammer"],"picked":"Velvet Choker"},{"not_picked":["Empty Cage","Astrolabe"],"picked":"Nuclear Battery"}],"items_purged_floors":[],"is_endless":false,"potions_floor_spawned":[1,13,14,18,21,29,41,46],"ascension_level":0}}