{"host":"ij91kspbsf1i6fsu","time":1609025886,"event":{"mods":["AchievementEnabler","BaseMod","Colored Map","Minty Spire (QoL Compilation)","Rare Cards Sparkle","StSLib","The Dragon Tamer","everything is the same but u backflip on backflip"],"gold_per_floor":[109,125,136,136,151,151,151,167,218,234,251,251,59,70,70,170,170,190,27,61,61,44,60,60,91,141,59,86,86,86,96,96,192,192,204,165,165,165,165],"floor_reached":37,"playtime":4419,"items_purged":[],"score":526,"play_id":"5302904a-4fda-4a33-90a9-6e35c1c74202","local_time":"20201226163806","is_ascension_mode":false,"metric_token":543,"campfire_choices":[{"data":"DTMod:RecklessFlurry","floor":6.0,"key":"SMITH"},{"data":"DTMod:RepeatStrike","floor":12.0,"key":"SMITH"},{"floor":15.0,"key":"REST"},{"floor":24.0,"key":"REST"},{"floor":30.0,"key":"REST"},{"floor":32.0,"key":"REST"}],"dtmod_dragon_data":[0,50,2,2,13,15],"circlet_count":0,"master_deck":["DTMod:Strike","DTMod:Strike","DTMod:Strike","DTMod:Strike","DTMod:DoubleHit","DTMod:TargetDefense","DTMod:TargetDefense","DTMod:TargetDefense","DTMod:TargetDefense","DTMod:SwitchingTactic","DTMod:EchoTactic+1","DTMod:BlazingStrike","DTMod:RecklessFlurry+1","DTMod:RepeatStrike+1","DTMod:Weaken","DTMod:BizarreTactic","Panache","DTMod:Threaten","DTMod:BurningEnergy","DTMod:LightShield","DTMod:Weaken","Apotheosis","DTMod:LightShield","DTMod:TagTeam","DTMod:MagiciansMark+1","DTMod:ComboAttack","DTMod:Observe","DTMod:ResonanceForm","DTMod:Safeguard","DTMod:Dissolve+1","DTMod:OpeningTactic","DTMod:MaximumCharge","DTMod:Shift"],"relics":["DTMod:PactStone","InkBottle","Pen Nib","Red Mask","Gremlin Horn","MealTicket","DTMod:DragonFood","Black Star"],"acts_visited":["Exordium","TheCity","TheBeyond"],"potions_floor_usage":[37],"damage_taken":[{"damage":0.0,"enemies":"Small Slimes","floor":1.0,"turns":3.0},{"damage":0.0,"enemies":"Jaw Worm","floor":2.0,"turns":5.0},{"damage":0.0,"enemies":"Cultist","floor":3.0,"turns":4.0},{"damage":0.0,"enemies":"Red Slaver","floor":5.0,"turns":3.0},{"damage":0.0,"enemies":"Exordium Wildlife","floor":8.0,"turns":4.0},{"damage":0.0,"enemies":"Looter","floor":10.0,"turns":3.0},{"damage":0.0,"enemies":"Exordium Thugs","floor":11.0,"turns":4.0},{"damage":0.0,"enemies":"Blue Slaver","floor":14.0,"turns":3.0},{"damage":0.0,"enemies":"Slime Boss","floor":16.0,"turns":6.0},{"damage":0.0,"enemies":"Spheric Guardian","floor":18.0,"turns":3.0},{"damage":0.0,"enemies":"Masked Bandits","floor":20.0,"turns":2.0},{"damage":0.0,"enemies":"2 Thieves","floor":22.0,"turns":4.0},{"damage":22.0,"enemies":"Cultist and Chosen","floor":23.0,"turns":8.0},{"damage":27.0,"enemies":"Book of Stabbing","floor":25.0,"turns":6.0},{"damage":0.0,"enemies":"Slavers","floor":28.0,"turns":7.0},{"damage":13.0,"enemies":"Chosen and Byrds","floor":31.0,"turns":7.0},{"damage":0.0,"enemies":"Automaton","floor":33.0,"turns":10.0},{"damage":0.0,"enemies":"3 Shapes","floor":35.0,"turns":3.0},{"damage":65,"enemies":"2 Orb Walkers","floor":37,"turns":8}],"seed_played":"1404032405683573213","potions_obtained":[{"floor":2.0,"key":"PowerPotion"},{"floor":10.0,"key":"FearPotion"},{"floor":11.0,"key":"ColorlessPotion"},{"floor":23.0,"key":"SkillPotion"},{"floor":25.0,"key":"Regen Potion"},{"floor":33.0,"key":"Dexterity Potion"}],"is_trial":false,"path_per_floor":["M","M","M","?","M","R","T","M","T","M","M","R","$","M","R","B",null,"M","$","?","?","M","M","R","E","T","$","E","?","R","M","R","B",null,"M","$","?"],"character_chosen":"THE_DT","items_purchased":["Panache","DTMod:Threaten","Apotheosis","DTMod:ResonanceForm","DTMod:Shift"],"campfire_rested":4,"item_purchase_floors":[13,13,19,27,36],"current_hp_per_floor":[49,49,49,49,49,49,49,49,49,49,49,49,49,49,49,49,49,49,49,49,49,49,27,41,14,14,29,29,29,43,30,44,44,49,49,49,0,0,0],"gold":165,"neow_bonus":"TEN_PERCENT_HP_BONUS","is_daily":false,"chose_seed":false,"campfire_upgraded":2,"win_rate":0.0,"timestamp":1609025886,"path_taken":["M","M","M","?","M","R","?","M","T","?","M","R","$","M","R","BOSS","M","?","?","?","?","M","R","E","T","$","E","?","R","M","R","BOSS","M","$","?"],"items_purchased_type":["Card","Card","Card","Card","Card"],"build_version":"2020-12-22","purchased_purges":0,"victory":false,"max_hp_per_floor":[49,49,49,49,49,49,49,49,49,49,49,49,49,49,49,49,49,49,49,49,49,49,49,49,49,49,49,49,49,49,49,49,49,49,49,49,49,49,49],"card_choices":[{"not_picked":["DTMod:MagicField","DTMod:BlazingStrike"],"picked":"DTMod:FlameSlash","floor":1.0},{"not_picked":["DTMod:InvisibleFlame","DTMod:Punisher"],"picked":"DTMod:EchoTactic","floor":2.0},{"not_picked":["DTMod:Hide","DTMod:BizarreTactic"],"picked":"DTMod:BlazingStrike","floor":3.0},{"not_picked":["DTMod:FlameSlash","DTMod:MasterPlan"],"picked":"DTMod:RecklessFlurry","floor":5.0},{"not_picked":["DTMod:BuildUp","DTMod:Weaken"],"picked":"DTMod:RepeatStrike","floor":8.0},{"not_picked":["DTMod:BuildUp","DTMod:QuickFly"],"picked":"DTMod:Weaken","floor":10.0},{"not_picked":["DTMod:BlazingStrike","DTMod:CleansingStrike"],"picked":"DTMod:BizarreTactic","floor":11.0},{"not_picked":["DTMod:BizarreTactic","DTMod:Dissolve"],"picked":"DTMod:BurningEnergy","floor":14.0},{"not_picked":["DTMod:Outburst","DTMod:Prediction"],"picked":"DTMod:LightShield","floor":16.0},{"not_picked":["DTMod:Feint","DTMod:BlazingStrike+1"],"picked":"DTMod:Weaken","floor":18.0},{"not_picked":["DTMod:MagicField","DTMod:Hide"],"picked":"DTMod:LightShield","floor":20.0},{"not_picked":["DTMod:Conduct+1","DTMod:BreakAttack"],"picked":"DTMod:MagiciansMark+1","floor":22.0},{"not_picked":["DTMod:QuickFly","DTMod:MagicField+1"],"picked":"DTMod:ComboAttack","floor":23.0},{"not_picked":["DTMod:BuildUp+1","DTMod:Overwhelm"],"picked":"DTMod:Observe","floor":25.0},{"not_picked":["DTMod:InvisibleFlame","DTMod:MagiciansMark+1"],"picked":"DTMod:Safeguard","floor":28.0},{"not_picked":["DTMod:Conduct","DTMod:BlazingStrike"],"picked":"DTMod:Dissolve+1","floor":31.0},{"not_picked":["DTMod:StunTrap","DTMod:LightShield"],"picked":"DTMod:OpeningTactic","floor":33.0},{"not_picked":["DTMod:CalculatedDefense","DTMod:DarkBreath+1"],"picked":"DTMod:MaximumCharge","floor":35.0}],"player_experience":11438,"relics_obtained":[{"floor":7.0,"key":"InkBottle"},{"floor":9.0,"key":"Pen Nib"},{"floor":20.0,"key":"Red Mask"},{"floor":25.0,"key":"Gremlin Horn"},{"floor":26.0,"key":"MealTicket"},{"floor":28.0,"key":"DTMod:DragonFood"}],"event_choices":[{"damage_healed":0.0,"max_hp_gain":0.0,"max_hp_loss":0.0,"gold_gain":0.0,"event_name":"Living Wall","player_choice":"Grow","floor":4.0,"gold_loss":0.0,"damage_taken":0.0,"cards_upgraded":["DTMod:EchoTactic"]},{"damage_healed":0.0,"max_hp_gain":0.0,"max_hp_loss":0.0,"gold_gain":0.0,"event_name":"Masked Bandits","player_choice":"Fought Bandits","floor":20.0,"gold_loss":0.0,"damage_taken":0.0},{"damage_healed":0.0,"max_hp_gain":0.0,"max_hp_loss":0.0,"gold_gain":0.0,"cards_transformed":["DTMod:FlameSlash"],"event_name":"Transmorgrifier","player_choice":"Transformed","floor":21.0,"gold_loss":0.0,"damage_taken":0.0,"cards_obtained":["DTMod:TagTeam"]},{"damage_healed":0.0,"max_hp_gain":0.0,"max_hp_loss":0.0,"gold_gain":0.0,"event_name":"Vampires","player_choice":"Ignored","floor":29.0,"gold_loss":0.0,"damage_taken":0.0},{"damage_healed":0,"gold_gain":0,"player_choice":"Fight","damage_taken":0,"max_hp_gain":0,"max_hp_loss":0,"event_name":"Mysterious Sphere","floor":37,"gold_loss":0}],"is_beta":false,"boss_relics":[{"not_picked":["Ectoplasm","Coffee Dripper","Philosopher\u0027s Stone"]},{"not_picked":["Astrolabe","Snecko Eye"],"picked":"Black Star"}],"items_purged_floors":[],"is_endless":false,"potions_floor_spawned":[2,10,11,23,25,33],"killed_by":"2 Orb Walkers","ascension_level":0}}