{"host":"gttgmv2wah99hzdm","time":1609022945,"event":{"mods":["AchievementEnabler","BaseMod","Bestiary","Block Reminder","Filter the Spire","Highlight Path","Minty Spire (QoL Compilation)","Permanent Neow","Random Character Button","Relic Stats","StSLib"],"gold_per_floor":[117,117,117,267,29,64,64,77,77,77,93,118,182,193,193,272,272,286,298,312,312,328,356,356,356,438,449,449,484,494,526,526,599,599,609,499,75,88,107,134,147,178,178,178,208,228,262,282,282,282],"floor_reached":51,"playtime":97769,"items_purged":["Doubt"],"score":1624,"play_id":"3afacd91-0a9f-4b8b-8691-f3239bc382c5","local_time":"20201226164905","is_ascension_mode":true,"campfire_choices":[{"data":"Immolate","floor":7.0,"key":"SMITH"},{"data":"Shockwave","floor":10.0,"key":"SMITH"},{"data":"True Grit","floor":15.0,"key":"SMITH"},{"data":"Fiend Fire","floor":25,"key":"SMITH"},{"data":"Entrench","floor":28,"key":"SMITH"},{"data":"Berserk","floor":32,"key":"SMITH"},{"data":"Limit Break","floor":49,"key":"SMITH"}],"circlet_count":0,"master_deck":["AscendersBane","Defend_R","Defend_R","Defend_R","Defend_R+1","Bash+1","Immolate+1","Shockwave+1","Battle Trance","Pommel Strike","True Grit+1","Reaper","Metallicize","Sentinel+1","Dual Wield","Fiend Fire+1","Wild Strike","Entrench+1","Berserk+1","Offering","Shrug It Off+1","Feel No Pain","Shrug It Off","Body Slam+1","Flex+1","Limit Break+1"],"relics":["Burning Blood","PreservedInsect","Singing Bowl","Bronze Scales","Paper Frog","Runic Pyramid","Ancient Tea Set","HornCleat","Lantern","Charon\u0027s Ashes","SlaversCollar","White Beast Statue","CeramicFish","Toy Ornithopter","InkBottle","Incense Burner","Girya"],"acts_visited":["Exordium","TheCity","TheBeyond"],"potions_floor_usage":[29,31,39,40,50],"damage_taken":[{"damage":2.0,"enemies":"Small Slimes","floor":1.0,"turns":5.0},{"damage":32.0,"enemies":"Lagavulin","floor":6.0,"turns":5.0},{"damage":2.0,"enemies":"Jaw Worm","floor":8.0,"turns":3.0},{"damage":2.0,"enemies":"2 Louse","floor":11.0,"turns":2.0},{"damage":10.0,"enemies":"3 Sentries","floor":12.0,"turns":2.0},{"damage":0.0,"enemies":"3 Sentries","floor":13.0,"turns":2.0},{"damage":5.0,"enemies":"Large Slime","floor":14.0,"turns":3.0},{"damage":33.0,"enemies":"Slime Boss","floor":16.0,"turns":6.0},{"damage":12.0,"enemies":"Spheric Guardian","floor":18.0,"turns":4.0},{"damage":12.0,"enemies":"2 Thieves","floor":19.0,"turns":2.0},{"damage":0.0,"enemies":"Snecko","floor":20.0,"turns":5.0},{"damage":11.0,"enemies":"Cultist and Chosen","floor":22.0,"turns":5.0},{"damage":48,"enemies":"Book of Stabbing","floor":23,"turns":5},{"damage":0,"enemies":"Chosen and Byrds","floor":27,"turns":4},{"damage":6,"enemies":"Gremlin Leader","floor":29,"turns":4},{"damage":5,"enemies":"Centurion and Healer","floor":30,"turns":7},{"damage":0,"enemies":"Slavers","floor":31,"turns":2},{"damage":65,"enemies":"Automaton","floor":33,"turns":12},{"damage":17,"enemies":"3 Darklings","floor":35,"turns":3},{"damage":6,"enemies":"Orb Walker","floor":38,"turns":3},{"damage":41,"enemies":"Transient","floor":39,"turns":6},{"damage":20,"enemies":"Reptomancer","floor":40,"turns":5},{"damage":1,"enemies":"3 Darklings","floor":41,"turns":2},{"damage":9,"enemies":"Giant Head","floor":42,"turns":5},{"damage":10,"enemies":"Reptomancer","floor":45,"turns":3},{"damage":10,"enemies":"Sphere and 2 Shapes","floor":46,"turns":5},{"damage":1,"enemies":"Mind Bloom Boss Battle","floor":47,"turns":2},{"damage":12,"enemies":"Spire Growth","floor":48,"turns":4},{"damage":22,"enemies":"Time Eater","floor":50,"turns":9}],"seed_played":"-2376010529417559611","potions_obtained":[{"floor":1.0,"key":"GamblersBrew"},{"floor":8.0,"key":"HeartOfIron"},{"floor":18.0,"key":"Block Potion"},{"floor":20.0,"key":"SpeedPotion"},{"floor":23,"key":"SkillPotion"},{"floor":33,"key":"Block Potion"},{"floor":38,"key":"AttackPotion"},{"floor":39,"key":"AttackPotion"},{"floor":40,"key":"Strength Potion"},{"floor":41,"key":"Dexterity Potion"},{"floor":42,"key":"BloodPotion"},{"floor":46,"key":"SteroidPotion"}],"is_trial":false,"path_per_floor":["M","?","?","?","$","E","R","M","T","R","M","E","?","M","R","B",null,"M","M","M","?","M","E","?","R","T","M","R","E","M","E","R","B",null,"M","?","$","M","M","E","M","E","T","?","E","M","?","M","R","B",null],"character_chosen":"IRONCLAD","items_purchased":["Immolate","Feel No Pain","White Beast Statue","Shrug It Off"],"campfire_rested":0,"item_purchase_floors":[5,37,37,37],"current_hp_per_floor":[72,65,70,70,70,44,44,48,48,48,52,50,56,59,59,32,71,65,59,72,72,75,33,33,33,33,51,51,71,88,92,92,33,77,78,78,78,85,50,94,96,98,98,98,100,102,102,98,98,96],"gold":282,"neow_bonus":"UPGRADE_CARD","is_daily":false,"chose_seed":false,"campfire_upgraded":7,"win_rate":0.0,"timestamp":1609022945,"path_taken":["M","?","?","?","$","E","R","M","T","R","M","E","?","?","R","BOSS","M","M","M","?","M","E","?","R","T","M","R","E","M","E","R","BOSS","M","?","?","?","M","E","M","E","T","?","E","M","?","M","R","BOSS"],"items_purchased_type":["Card","Card","Relic","Card"],"build_version":"2020-12-22","purchased_purges":1,"victory":true,"max_hp_per_floor":[75,75,80,80,80,80,80,80,80,80,80,82,82,84,84,84,84,84,84,86,86,86,86,86,86,86,88,88,90,92,92,92,92,92,92,92,92,92,92,94,96,98,98,98,100,102,102,104,104,104],"relic_stats":{"Singing Bowl":24,"counters":[29,125],"Bronze Scales":[300],"CeramicFish":9,"PreservedInsect":446,"Charon\u0027s Ashes":[483],"obtain_stats":[{"Girya":47,"Lantern":29,"Singing Bowl":9,"CeramicFish":40,"PreservedInsect":6,"Charon\u0027s Ashes":31,"Incense Burner":45,"Ancient Tea Set":23,"Burning Blood":0,"White Beast Statue":37,"SlaversCollar":34,"HornCleat":26,"Bronze Scales":12,"Toy Ornithopter":42,"InkBottle":43,"Paper Frog":13,"Runic Pyramid":17},{"Girya":27,"Lantern":15,"Singing Bowl":3,"CeramicFish":22,"PreservedInsect":2,"Charon\u0027s Ashes":17,"Incense Burner":25,"Ancient Tea Set":13,"Burning Blood":0,"White Beast Statue":19,"SlaversCollar":18,"HornCleat":13,"Bronze Scales":5,"Toy Ornithopter":24,"InkBottle":24,"Paper Frog":6,"Runic Pyramid":8},{"Girya":112,"Lantern":57,"Singing Bowl":13,"CeramicFish":95,"PreservedInsect":10,"Charon\u0027s Ashes":66,"Incense Burner":105,"Ancient Tea Set":49,"Burning Blood":0,"White Beast Statue":81,"SlaversCollar":78,"HornCleat":49,"Bronze Scales":17,"Toy Ornithopter":102,"InkBottle":102,"Paper Frog":19,"Runic Pyramid":28}],"Burning Blood":145,"Toy Ornithopter":2,"InkBottle":[7]},"card_choices":[{"not_picked":["Infernal Blade","Clash","Body Slam"],"picked":"SKIP","floor":1.0},{"not_picked":["Immolate","Ghostly Armor"],"picked":"Shockwave","floor":6.0},{"not_picked":["Cleave","Twin Strike"],"picked":"Battle Trance","floor":8.0},{"not_picked":["Dropkick","Clash"],"picked":"Pommel Strike","floor":11.0},{"not_picked":["Pommel Strike","Havoc","Hemokinesis"],"picked":"Singing Bowl","floor":12.0},{"not_picked":["Sword Boomerang","Clash"],"picked":"True Grit","floor":13.0},{"not_picked":["Clothesline","Twin Strike","Juggernaut"],"picked":"Singing Bowl","floor":14.0},{"not_picked":["Berserk","Exhume"],"picked":"Reaper","floor":16.0},{"not_picked":["Entrench","Second Wind"],"picked":"Metallicize","floor":18.0},{"not_picked":["Carnage+1","Anger"],"picked":"Sentinel+1","floor":19.0},{"not_picked":["Body Slam+1","Anger","Perfected Strike"],"picked":"Singing Bowl","floor":20.0},{"not_picked":["Thunderclap","Armaments"],"picked":"Dual Wield","floor":22},{"not_picked":["Heavy Blade","Headbutt"],"picked":"Fiend Fire","floor":23},{"not_picked":["Iron Wave","Armaments","Battle Trance"],"picked":"Singing Bowl","floor":27},{"not_picked":["Power Through","Limit Break","Cleave"],"picked":"Singing Bowl","floor":29},{"not_picked":["Iron Wave","Rage","True Grit"],"picked":"Singing Bowl","floor":30},{"not_picked":["Clash","Cleave"],"picked":"Berserk","floor":31},{"not_picked":["Brutality","Immolate"],"picked":"Offering","floor":33},{"not_picked":["Blood for Blood+1","Carnage"],"picked":"Shrug It Off+1","floor":35},{"not_picked":["Heavy Blade","Fiend Fire"],"picked":"Body Slam+1","floor":38},{"not_picked":["Metallicize","Sword Boomerang+1"],"picked":"Flex+1","floor":39},{"not_picked":["True Grit+1","Flex+1","Iron Wave"],"picked":"Singing Bowl","floor":40},{"not_picked":["Rampage","Dark Embrace","Headbutt"],"picked":"Singing Bowl","floor":41},{"not_picked":["Flex","Sever Soul","Dual Wield+1"],"picked":"Singing Bowl","floor":42},{"not_picked":["Warcry","Twin Strike","Havoc+1"],"picked":"Singing Bowl","floor":45},{"not_picked":["True Grit","Pommel Strike","Ghostly Armor+1"],"picked":"Singing Bowl","floor":46},{"not_picked":["Cleave","Rampage"],"picked":"Limit Break","floor":47},{"not_picked":["Dropkick+1","Iron Wave","Armaments"],"picked":"Singing Bowl","floor":48}],"player_experience":869661,"relics_obtained":[{"floor":6.0,"key":"PreservedInsect"},{"floor":9.0,"key":"Singing Bowl"},{"floor":12.0,"key":"Bronze Scales"},{"floor":13.0,"key":"Paper Frog"},{"floor":23,"key":"Ancient Tea Set"},{"floor":26,"key":"HornCleat"},{"floor":29,"key":"Lantern"},{"floor":31,"key":"Charon\u0027s Ashes"},{"floor":40,"key":"CeramicFish"},{"floor":42,"key":"Toy Ornithopter"},{"floor":43,"key":"InkBottle"},{"floor":45,"key":"Incense Burner"},{"floor":47,"key":"Girya"}],"event_choices":[{"cards_removed":["Strike_R"],"damage_healed":0.0,"max_hp_gain":0.0,"max_hp_loss":0.0,"gold_gain":0.0,"event_name":"Golden Wing","player_choice":"Card Removal","floor":2.0,"gold_loss":0.0,"damage_taken":7.0},{"damage_healed":0.0,"max_hp_gain":5.0,"max_hp_loss":0.0,"gold_gain":0.0,"event_name":"Big Fish","player_choice":"Donut","floor":3.0,"gold_loss":0.0,"damage_taken":0.0},{"damage_healed":0.0,"max_hp_gain":0.0,"max_hp_loss":0.0,"gold_gain":150.0,"event_name":"Liars Game","player_choice":"AGREE","floor":4.0,"gold_loss":0.0,"damage_taken":0.0,"cards_obtained":["Doubt"]},{"damage_healed":0.0,"max_hp_gain":0.0,"max_hp_loss":0.0,"gold_gain":0.0,"event_name":"Dead Adventurer","player_choice":"Searched \u00271\u0027 times","floor":13.0,"gold_loss":0.0,"damage_taken":0.0},{"damage_healed":0.0,"max_hp_gain":0.0,"max_hp_loss":0.0,"gold_gain":0.0,"event_name":"The Mausoleum","player_choice":"Ignored","floor":21.0,"gold_loss":0.0,"damage_taken":0.0},{"damage_healed":0,"gold_gain":0,"cards_transformed":["Strike_R","Strike_R"],"player_choice":"Became Test Subject","damage_taken":0,"max_hp_gain":0,"max_hp_loss":0,"event_name":"Drug Dealer","floor":24,"gold_loss":0,"cards_obtained":["Wild Strike","Entrench"]},{"cards_removed":["Strike_R"],"damage_healed":0,"gold_gain":0,"player_choice":"Upgrade and Remove","damage_taken":0,"max_hp_gain":0,"max_hp_loss":0,"event_name":"Designer","floor":36,"gold_loss":110,"cards_upgraded":["Defend_R"]},{"cards_removed":["Strike_R"],"damage_healed":0,"gold_gain":0,"player_choice":"Removed Attack","damage_taken":0,"max_hp_gain":0,"max_hp_loss":0,"event_name":"Falling","floor":44,"gold_loss":0},{"damage_healed":0,"gold_gain":0,"player_choice":"Fight","damage_taken":0,"max_hp_gain":0,"max_hp_loss":0,"event_name":"MindBloom","floor":47,"gold_loss":0}],"is_beta":false,"boss_relics":[{"not_picked":["Tiny House","SacredBark"],"picked":"Runic Pyramid"},{"not_picked":["Snecko Eye","Runic Cube"],"picked":"SlaversCollar"}],"items_purged_floors":[5],"is_endless":false,"potions_floor_spawned":[1,8,16,18,20,23,33,38,39,40,41,42,45,46,47,48],"ascension_level":19}}