{"host":"wjw2tk2y2rycscg9","time":1609022615,"event":{"mods":["2.2 Compatiblity","Act Like it!","Aspiration","BaseMod","Colored Map","Dota2Spire","Downfall","Hallownest","Hubris","Infinite Spire","Marisa????????","Minty Spire (QoL Compilation)","Relic Stats","Replay The Spire","Shade Mod","StSLib","The Alterego","The Servant 0.9.4","TheSwordswoman","Unceasing Turn Reminder","Yakumo Yukari mod"],"gold_per_floor":[118,293,293,293,98,141,141,141,141,141,159,202,215,34,34,158,158,171,171,171,27,65,84,129,129,150,150,150,150,150,150],"floor_reached":33,"playtime":1601,"items_purged":[],"score":292,"play_id":"03026da4-863f-4cec-895d-0fd9a9cde141","local_time":"20201226154335","is_ascension_mode":false,"campfire_choices":[{"data":"alterego_mod:Mirror","floor":8,"key":"SMITH"},{"floor":10,"key":"REST"},{"floor":27,"key":"REST"},{"floor":30,"key":"REST"},{"floor":32,"key":"REST"}],"circlet_count":0,"master_deck":["alterego_mod:Strike","alterego_mod:Strike","alterego_mod:Strike","alterego_mod:Strike","alterego_mod:Defend","alterego_mod:Defend","alterego_mod:Defend","alterego_mod:Defend","alterego_mod:Impale","alterego_mod:BigMeatyClaws","alterego_mod:BrynhildrsRune","alterego_mod:Mirror+1","Doubt","Injury","alterego_mod:SakuraPetals+1","alterego_mod:Undulate+1","alterego_mod:Punishment","ReplayUltimateDefense","alterego_mod:SideboobHour","alterego_mod:Punishment+1","alterego_mod:Valentines+1","Shame"],"relics":["alterego_mod:MasochisticConstitution","Dota2Spire:MonkeyKingBar","Golden Idol","Lee\u0027s Waffle","Simple Rune","hubris:Teleporter","Dota2Spire:BladeMail","hubris:Stopwatch","aspiration:AnachronicSnailShell","Pet Ghost","Iron Hammer","Art of War"],"acts_visited":["Exordium","TheCity"],"potions_floor_usage":[16,18,24,28],"damage_taken":[{"damage":11,"enemies":"Jaw Worm","floor":1,"turns":8},{"damage":48,"enemies":"Lagavulin","floor":6,"turns":7},{"damage":0,"enemies":"Small Slimes","floor":11,"turns":2},{"damage":26,"enemies":"3 Sentries","floor":12,"turns":9},{"damage":0,"enemies":"Cultist","floor":13,"turns":3},{"damage":28,"enemies":"Slime Boss","floor":16,"turns":10},{"damage":27,"enemies":"Shell Parasite","floor":18,"turns":7},{"damage":53,"enemies":"Replay:Snechameleon","floor":23,"turns":13},{"damage":13,"enemies":"Chosen","floor":24,"turns":6},{"damage":40,"enemies":"3 Cultists","floor":28,"turns":7},{"damage":76,"enemies":"hubris:MusketHawk","floor":33,"turns":11}],"seed_played":"-7016202161692869482","potions_obtained":[{"floor":12,"key":"Toxic Potion"},{"floor":13,"key":"Swift Potion"},{"floor":16,"key":"Toxic Potion"},{"floor":23,"key":"ColorlessPotion"}],"is_trial":true,"path_per_floor":["M","?","?","?","$","E","?","R","T","R","M","E","M","$","R_BF","B",null,"M","?","?","$","E","M","T","R","M","?","R","R","B"],"character_chosen":"The_Alterego","items_purchased":["Lee\u0027s Waffle","alterego_mod:SakuraPetals+1","ReplayUltimateDefense","Pet Ghost"],"campfire_rested":4,"item_purchase_floors":[5,5,14,22],"current_hp_per_floor":[67,67,25,25,78,38,46,46,46,69,69,65,65,65,80,53,81,62,62,62,62,17,12,12,37,19,19,44,69,0,0],"gold":150,"neow_bonus":"","is_daily":false,"chose_seed":false,"campfire_upgraded":1,"win_rate":0.0,"timestamp":1609022615,"path_taken":["M","?","?","?","$","E","?","R","T","R","M","E","M","$","R_BF","BOSS","M","?","?","?","E","M","T","R","M","?","R","R","BOSS"],"items_purchased_type":["Relic","Card","Card","Relic"],"build_version":"2020-12-22","purchased_purges":0,"victory":false,"max_hp_per_floor":[71,71,71,71,78,79,79,79,79,79,79,80,80,80,80,81,81,82,82,82,82,83,84,84,84,85,85,85,85,85,85],"relic_stats":{"Lee\u0027s Waffle":53,"counters":[11,83],"Golden Idol":69,"Art of War":[3],"obtain_stats":[{"alterego_mod:MasochisticConstitution":0,"Lee\u0027s Waffle":5,"hubris:Teleporter":9,"Golden Idol":4,"hubris:Stopwatch":17,"aspiration:AnachronicSnailShell":21,"Dota2Spire:BladeMail":12,"Simple Rune":6,"Iron Hammer":23,"Art of War":26,"Dota2Spire:MonkeyKingBar":3,"Pet Ghost":22},{"alterego_mod:MasochisticConstitution":0,"Lee\u0027s Waffle":1,"hubris:Teleporter":2,"Golden Idol":1,"hubris:Stopwatch":6,"aspiration:AnachronicSnailShell":7,"Dota2Spire:BladeMail":4,"Simple Rune":2,"Iron Hammer":8,"Art of War":9,"Dota2Spire:MonkeyKingBar":1,"Pet Ghost":7},{"alterego_mod:MasochisticConstitution":0,"Lee\u0027s Waffle":8,"hubris:Teleporter":15,"Golden Idol":8,"hubris:Stopwatch":39,"aspiration:AnachronicSnailShell":46,"Dota2Spire:BladeMail":26,"Simple Rune":15,"Iron Hammer":59,"Art of War":65,"Dota2Spire:MonkeyKingBar":8,"Pet Ghost":46}]},"card_choices":[{"not_picked":["alterego_mod:Clones","alterego_mod:1TonWallop"],"picked":"alterego_mod:Mirror","floor":1},{"not_picked":["alterego_mod:HighServant","alterego_mod:Belle"],"picked":"alterego_mod:Undulate","floor":6},{"not_picked":["alterego_mod:DiscoLights","alterego_mod:RocketPunch","alterego_mod:RidiculouslyBig"],"picked":"SKIP","floor":11},{"not_picked":["alterego_mod:GachaTicket","alterego_mod:Cooking","alterego_mod:HighServant"],"picked":"SKIP","floor":12},{"not_picked":["alterego_mod:GachaTicket","alterego_mod:RocketPunch"],"picked":"alterego_mod:Punishment","floor":13},{"not_picked":["alterego_mod:Weigh","alterego_mod:VirginLaserPalladion"],"picked":"alterego_mod:SideboobHour","floor":16},{"not_picked":["alterego_mod:BiFurious+1","alterego_mod:Skirt","alterego_mod:GoddessCore"],"picked":"SKIP","floor":18},{"not_picked":["alterego_mod:Maid","alterego_mod:Lingerie"],"picked":"alterego_mod:Punishment+1","floor":23},{"not_picked":["alterego_mod:Cooking","alterego_mod:Collar"],"picked":"alterego_mod:Valentines+1","floor":24},{"not_picked":["alterego_mod:BiFurious","alterego_mod:Maid","alterego_mod:Cooking+1"],"picked":"SKIP","floor":28}],"player_experience":1152041,"relics_obtained":[{"floor":6,"key":"Simple Rune"},{"floor":9,"key":"hubris:Teleporter"},{"floor":12,"key":"Dota2Spire:BladeMail"},{"floor":23,"key":"Iron Hammer"},{"floor":26,"key":"Art of War"}],"event_choices":[{"damage_healed":0,"gold_gain":175,"player_choice":"AGREE","damage_taken":0,"max_hp_gain":0,"max_hp_loss":0,"event_name":"Liars Game","floor":2,"gold_loss":0,"cards_obtained":["Doubt"]},{"damage_healed":0,"gold_gain":0,"player_choice":"Success","damage_taken":42,"relics_obtained":["Dota2Spire:MonkeyKingBar"],"max_hp_gain":0,"max_hp_loss":0,"event_name":"Scrap Ooze","floor":3,"gold_loss":0},{"damage_healed":0,"gold_gain":0,"player_choice":"Take Wound","damage_taken":0,"relics_obtained":["Golden Idol"],"max_hp_gain":0,"max_hp_loss":0,"event_name":"Golden Idol","floor":4,"gold_loss":0,"cards_obtained":["Injury"]}],"is_beta":false,"boss_relics":[{"not_picked":["ChewingGum","hubris:HollowSoul"],"picked":"hubris:Stopwatch"}],"items_purged_floors":[],"is_endless":false,"potions_floor_spawned":[12,13,16,23],"killed_by":"hubris:MusketHawk","ascension_level":0}}