{"host":"ordt8z0j7vbct84d","time":1609007299,"event":{"mods":["AchievementEnabler","Act Like it!","Bard","BaseMod","Better Altar","Better Note","Better Sensory Stone","Better Skull","Better Vampires","CapriCore","Colored Map","Colored Powertips","Conspire","Downfall","Gensokyo","Hermit","Highlight Path","Hubris","Infinite Spire","Jorbs\u0027s Wanderer Trilogy","KomeijiMod","Lobotomy","LobotomyExtend","Marisa????????","Minty Spire (QoL Compilation)","Rare Cards Sparkle","Reimu??????","Replay The Spire","Robot Space Explorer","StSLib","The Animator","The Gatherer","The Immortal","The Marked","The Runesmith","TheVelvet","Waifu the Spire","WarShipGirlsR/????R mod"],"gold_per_floor":[363,209,226,226,226,226,257,273,273,289,289,305,305,325,325,325,325],"floor_reached":16,"playtime":1590,"items_purged":["theMarked:Strike"],"score":102,"play_id":"563a2418-77b8-4f44-b63f-cbabe4fe6a71","local_time":"20201227022819","is_ascension_mode":false,"campfire_choices":[{"data":"theMarked:Indomitable","floor":6,"key":"SMITH"},{"floor":11,"key":"REST"},{"floor":13,"key":"REST"},{"data":"theMarked:MysticalArsenal","floor":15,"key":"SMITH"}],"circlet_count":0,"master_deck":["theMarked:Strike","theMarked:Strike","theMarked:Strike","theMarked:Strike","theMarked:Defend","theMarked:Defend","theMarked:Defend","theMarked:Defend","theMarked:SoldierOfQuellstein","Defend_Remirira","animator:Strike_GATE","theMarked:Indomitable+1","theMarked:Electrocute","theMarked:RepellingDischarge+1","theMarked:MysticalArsenal+1","theMarked:ChainLightning","theMarked:Electrocute","theMarked:Opportunist","theMarked:Aftermath"],"relics":["theMarked:ArtifactOfAir","LetterFromLob","hubris:AstralHammer","hubris:MedicalManual","Pen Nib"],"acts_visited":["Exordium"],"potions_floor_usage":[],"damage_taken":[{"damage":5,"enemies":"Jaw Worm","floor":1,"turns":4},{"damage":5,"enemies":"2 Louse","floor":3,"turns":3},{"damage":51,"enemies":"3 Sentries","floor":7,"turns":13},{"damage":0,"enemies":"Small Slimes","floor":8,"turns":2},{"damage":2,"enemies":"3 Louse","floor":10,"turns":4},{"damage":1,"enemies":"2 Fungi Beasts","floor":12,"turns":3},{"damage":2,"enemies":"Large Slime","floor":14,"turns":5},{"damage":0,"enemies":"Fading Forest","floor":16,"turns":1}],"seed_played":"-8444169017630749447","potions_obtained":[{"floor":1,"key":"SpeedPotion"},{"floor":14,"key":"Fire Potion"}],"is_trial":false,"path_per_floor":["M","$","M","?","?","R","E","M","T","M","R","M","R","M","R","B"],"character_chosen":"THE_DEFAULT","items_purchased":["theMarked:Electrocute","theMarked:RepellingDischarge+1"],"campfire_rested":2,"item_purchase_floors":[2,2],"current_hp_per_floor":[65,65,60,65,65,65,14,14,14,12,34,33,55,53,53,53,53],"gold":325,"neow_bonus":"TWO_FIFTY_GOLD","is_daily":false,"chose_seed":false,"campfire_upgraded":2,"win_rate":0.0,"timestamp":1609007299,"path_taken":["M","$","M","?","?","R","E","M","T","M","R","M","R","M","R","BOSS"],"items_purchased_type":["Card","Card"],"build_version":"2020-12-22","purchased_purges":1,"victory":false,"max_hp_per_floor":[70,70,70,75,75,75,75,75,75,75,75,75,75,75,75,75,75],"card_choices":[{"not_picked":["theMarked:Frustration","theMarked:HeritageOfTheMarked"],"picked":"theMarked:Indomitable","floor":1},{"not_picked":["theMarked:BanishingStrike","theMarked:RepellingDischarge"],"picked":"theMarked:MysticalArsenal","floor":3},{"not_picked":["theMarked:Overcharge","theMarked:Electrocute"],"picked":"theMarked:ChainLightning","floor":7},{"not_picked":["theMarked:Parkour","theMarked:Improvise"],"picked":"theMarked:Electrocute","floor":8},{"not_picked":["theMarked:SelfDefenseTraining","theMarked:Improvise"],"picked":"theMarked:Opportunist","floor":10},{"not_picked":["theMarked:KeepCalmAndFightOn","theMarked:Seal"],"picked":"theMarked:Aftermath","floor":12},{"not_picked":["theMarked:WastefulAttack","theMarked:Convert","theMarked:Overcharge"],"picked":"SKIP","floor":14}],"player_experience":571035,"relics_obtained":[{"floor":1,"key":"LetterFromLob"},{"floor":5,"key":"hubris:AstralHammer"},{"floor":7,"key":"hubris:MedicalManual"},{"floor":9,"key":"Pen Nib"}],"event_choices":[{"damage_healed":0,"gold_gain":0,"player_choice":"Donut","damage_taken":0,"max_hp_gain":5,"max_hp_loss":0,"event_name":"Big Fish","floor":4,"gold_loss":0}],"is_beta":false,"boss_relics":[],"items_purged_floors":[2],"is_endless":false,"potions_floor_spawned":[1,14],"killed_by":"Fading Forest","ascension_level":0}}