{"host":"jwvz9sqego1wo43x","time":1609004736,"event":{"mods":["AchievementEnabler","BaseMod","Colored Map","Downfall","GifTheSpireLib","Minty Spire (QoL Compilation)","StSLib"],"gold_per_floor":[99,99,549,549,549,549,626,626,75,75,107,282,299,332,345,449,449,374,393,393,493,511,523,571,55,55,55,55,40,75,92,108,108,108,108],"floor_reached":33,"playtime":3124,"items_purged":["Slimebound:Icky","Doubt"],"score":319,"play_id":"2c34a990-9aae-422a-a13c-770112334184","local_time":"20201226174536","is_ascension_mode":false,"campfire_choices":[{"data":"hexamod:Float","floor":1.0,"key":"SMITH"},{"data":"1","floor":8.0,"key":"LIFT"},{"data":"2","floor":18.0,"key":"LIFT"},{"data":"3","floor":26.0,"key":"LIFT"}],"circlet_count":0,"master_deck":["hexamod:Strike","hexamod:Strike","hexamod:Strike","hexamod:Strike+1","hexamod:Defend","hexamod:Defend+1","hexamod:Defend","hexamod:Defend+1","hexamod:Sear","hexamod:Float+1","Slimebound:Icky","Slimebound:Icky","hexamod:Hexaguard","hexamod:StepThrough+1","expansioncontent:QuickStudy","hexamod:StepThrough","hexamod:SpectersWail+1","hexamod:FirstSeal","hexamod:EtherealExpedition","hexamod:HauntingEcho","hexamod:SixthSeal","hexamod:Hexaguard","Necronomicurse","hexamod:AdvancingGuard+1","hexamod:RainOfEmbers+1","hexamod:UnleashSpirits","Writhe","RitualDagger","hexamod:PhantomCloak","hexamod:FastForward","hexamod:EmpoweredFlame","hexamod:GhostShield"],"relics":["hexamod:SpiritBrand","downfall:HeartsMalice","StrikeDummy","Girya","HornCleat","Toolbox","Potion Belt","Orichalcum","Black Star","downfall:HeartBlessingGreen","Necronomicon","Toy Ornithopter","Bag of Preparation","Pantograph","Matryoshka","Boot","Meat on the Bone"],"acts_visited":["Exordium","TheCity"],"potions_floor_usage":[33,33],"damage_taken":[{"damage":0.0,"enemies":"2 Louse","floor":2.0,"turns":1.0},{"damage":0.0,"enemies":"Jaw Worm","floor":5.0,"turns":1.0},{"damage":0.0,"enemies":"downfall:FleeingMerchant","floor":9.0,"turns":1.0},{"damage":3.0,"enemies":"3 Sentries","floor":11.0,"turns":6.0},{"damage":10.0,"enemies":"Small Slimes","floor":13.0,"turns":2.0},{"damage":0.0,"enemies":"Lagavulin","floor":14.0,"turns":6.0},{"damage":4.0,"enemies":"Large Slime","floor":15.0,"turns":5.0},{"damage":10.0,"enemies":"downfall:Watcher","floor":16.0,"turns":8.0},{"damage":17.0,"enemies":"Spheric Guardian","floor":19.0,"turns":7.0},{"damage":9.0,"enemies":"downfall:LadyInBlue","floor":21.0,"turns":10.0},{"damage":4.0,"enemies":"3 Byrds","floor":22.0,"turns":6.0},{"damage":0.0,"enemies":"Snecko","floor":23.0,"turns":3.0},{"damage":0.0,"enemies":"downfall:FleeingMerchant","floor":25.0,"turns":4.0},{"damage":0.0,"enemies":"downfall:FleeingMerchant","floor":29.0,"turns":4.0},{"damage":29.0,"enemies":"Slavers","floor":30.0,"turns":5.0},{"damage":6.0,"enemies":"Centurion and Healer","floor":31.0,"turns":5.0},{"damage":21.0,"enemies":"3 Cultists","floor":32.0,"turns":5.0},{"damage":96,"enemies":"downfall:Ironclad","floor":33,"turns":10}],"seed_played":"1554087768148797550","potions_obtained":[{"floor":11.0,"key":"Dexterity Potion"},{"floor":13.0,"key":"EntropicBrew"},{"floor":21.0,"key":"Explosive Potion"},{"floor":22.0,"key":"hexamod:EctoCoolerPotion"},{"floor":23.0,"key":"Weak Potion"},{"floor":31.0,"key":"Dexterity Potion"},{"floor":32.0,"key":"SkillPotion"}],"is_trial":false,"path_per_floor":["R","M","?","?","M","T","T","R","$","?","E","?","M","E","M","B",null,"R","M","?","?","M","M","T","$","R","?","?","$","E","M","M","B"],"character_chosen":"THE_SPIRIT","items_purchased":["Toolbox","expansioncontent:QuickStudy","hexamod:StepThrough","hexamod:SpectersWail","Pantograph","hexamod:UnleashSpirits"],"campfire_rested":0,"item_purchase_floors":[9,9,9,9,25,25],"current_hp_per_floor":[70,70,70,63,63,63,63,63,63,56,60,60,50,57,60,57,70,70,60,44,35,68,70,70,70,70,70,64,64,48,49,40,0,0,0],"gold":108,"neow_bonus":"THREE_ENEMY_KILL","is_daily":false,"chose_seed":false,"campfire_upgraded":1,"win_rate":0.0,"timestamp":1609004736,"path_taken":["R","M","?","?","M","?","T","R","?","?","E","?","?","E","M","BOSS","R","M","?","?","?","M","T","$","R","?","?","$","E","M","M","BOSS"],"items_purchased_type":["Relic","Card","Card","Card","Relic","Card"],"build_version":"2020-12-22","purchased_purges":2,"victory":false,"max_hp_per_floor":[70,70,70,70,70,70,70,70,70,70,70,70,70,70,70,70,70,70,70,70,70,70,70,70,70,70,70,70,70,70,70,70,70,70,70],"card_choices":[{"not_picked":["hexamod:NightmareStrike","hexamod:ShieldOfDarkness","hexamod:NightmareGuise"],"picked":"SKIP","floor":2.0},{"not_picked":["hexamod:HeatMetal","hexamod:RecurringNightmare"],"picked":"hexamod:Hexaguard","floor":5.0},{"not_picked":["hexamod:NightmareStrike","hexamod:Rewind"],"picked":"hexamod:StepThrough","floor":9.0},{"not_picked":["hexamod:HauntingEcho","hexamod:SpectersWail"],"picked":"hexamod:EtherealExpedition","floor":11.0},{"not_picked":["hexamod:GhostShield","hexamod:GhostflameInferno","hexamod:SpectralAdrenaline"],"picked":"SKIP","floor":13.0},{"not_picked":["hexamod:EtherealExpedition","hexamod:ThermalTransfer","hexamod:RecurringNightmare"],"picked":"SKIP","floor":14.0},{"not_picked":["hexamod:NightmareStrike","hexamod:RainOfEmbers"],"picked":"hexamod:HauntingEcho","floor":15.0},{"not_picked":["hexamod:WildfireWeapon","hexamod:UnleashSpirits"],"picked":"hexamod:SixthSeal","floor":16.0},{"not_picked":["hexamod:Firestarter","hexamod:ThermalTransfer+1"],"picked":"hexamod:Hexaguard","floor":19.0},{"not_picked":["hexamod:PhantomFireball","hexamod:Incineration+1"],"picked":"hexamod:AdvancingGuard+1","floor":21.0},{"not_picked":["hexamod:DynamicBlow+1","hexamod:ThermalTransfer+1","hexamod:NightmareStrike+1"],"picked":"SKIP","floor":22.0},{"not_picked":["hexamod:InspiringFlames","hexamod:SwordOfDarkness"],"picked":"hexamod:RainOfEmbers+1","floor":23.0},{"not_picked":["hexamod:GhostOfSpirePast","hexamod:RadiantFlame","hexamod:NightmareGuise+1"],"picked":"SKIP","floor":25.0},{"not_picked":["hexamod:RetreatToShadows+1","hexamod:EtherealExpedition+1"],"picked":"hexamod:PhantomCloak","floor":29.0},{"not_picked":["hexamod:GhostOfSpireFuture","hexamod:FirstSeal"],"picked":"hexamod:FastForward","floor":30.0},{"not_picked":["hexamod:EmpoweringStance","hexamod:GhostOfSpireFuture"],"picked":"hexamod:EmpoweredFlame","floor":31.0},{"not_picked":["hexamod:RainOfEmbers","hexamod:GhostOfSpireFuture"],"picked":"hexamod:GhostShield","floor":32.0}],"player_experience":488611,"relics_obtained":[{"floor":6.0,"key":"Girya"},{"floor":7.0,"key":"HornCleat"},{"floor":11.0,"key":"Potion Belt"},{"floor":14.0,"key":"Orichalcum"},{"floor":20.0,"key":"Necronomicon"},{"floor":21.0,"key":"Toy Ornithopter"},{"floor":24.0,"key":"Bag of Preparation"},{"floor":30.0,"key":"Boot"},{"floor":30.0,"key":"Meat on the Bone"}],"event_choices":[{"damage_healed":0.0,"max_hp_gain":0.0,"max_hp_loss":0.0,"gold_gain":0.0,"event_name":"Scrap Ooze","player_choice":"Success","floor":4.0,"gold_loss":0.0,"damage_taken":7.0,"relics_obtained":["StrikeDummy"]}],"is_beta":false,"boss_relics":[{"not_picked":["Coffee Dripper","Tiny House"],"picked":"Black Star"}],"items_purged_floors":[9,25],"is_endless":false,"potions_floor_spawned":[11,13,14,15,22,23,31,32],"killed_by":"downfall:Ironclad","ascension_level":0}}