{"host":"1ltt377nc7aury4n","time":1609016072,"event":{"mods":["AchievementEnabler","BaseMod","Best Route Mod","Colored Powertips","Minty Spire (QoL Compilation)","StSLib"],"gold_per_floor":[210,224,244,419,419,319,346,361,361,361,373,385,402,157,157,255,255,267,167,185,200,299,299,269,269,269],"floor_reached":25,"playtime":3027,"items_purged":["Strike_B","Defend_B"],"score":281,"play_id":"4352982a-a7f7-4988-8e53-bed978b12161","local_time":"20201226155432","is_ascension_mode":true,"campfire_choices":[{"data":"Dualcast","floor":10,"key":"SMITH"},{"floor":15,"key":"REST"},{"floor":23,"key":"REST"}],"circlet_count":0,"master_deck":["Strike_B","Strike_B","Strike_B","Defend_B","Defend_B","Defend_B","Zap","Dualcast+1","Coolheaded","BootSequence","Ball Lightning","Cold Snap","Beam Cell","White Noise","Loop","Thunder Strike","Doom and Gloom","Ball Lightning+1"],"relics":["Cracked Core","Torii","Gambling Chip","Sundial","Fusion Hammer"],"acts_visited":["Exordium","TheCity"],"potions_floor_usage":[7,16,16,16,16,16,16,25,25,25],"damage_taken":[{"damage":12,"enemies":"Jaw Worm","floor":1,"turns":3},{"damage":1,"enemies":"2 Louse","floor":2,"turns":3},{"damage":5,"enemies":"Small Slimes","floor":3,"turns":3},{"damage":9,"enemies":"3 Sentries","floor":7,"turns":8},{"damage":0,"enemies":"Looter","floor":8,"turns":2},{"damage":12,"enemies":"Gremlin Gang","floor":11,"turns":4},{"damage":1,"enemies":"Lots of Slimes","floor":12,"turns":2},{"damage":1,"enemies":"3 Louse","floor":13,"turns":3},{"damage":0,"enemies":"Hexaghost","floor":16,"turns":7},{"damage":23,"enemies":"2 Thieves","floor":18,"turns":4},{"damage":1,"enemies":"Spheric Guardian","floor":20,"turns":3},{"damage":32,"enemies":"Shelled Parasite and Fungi","floor":21,"turns":4},{"damage":46,"enemies":"Gremlin Leader","floor":25,"turns":4}],"seed_played":"-4342551980710180142","potions_obtained":[{"floor":2,"key":"Energy Potion"},{"floor":8,"key":"EntropicBrew"},{"floor":11,"key":"SpeedPotion"},{"floor":13,"key":"ColorlessPotion"},{"floor":18,"key":"LiquidBronze"},{"floor":24,"key":"DistilledChaos"},{"floor":24,"key":"CultistPotion"}],"is_trial":false,"path_per_floor":["M","M","M","?","?","$","E","M","T","R","M","M","M","$","R","B",null,"M","$","M","M","?","R","?","E"],"character_chosen":"DEFECT","items_purchased":["Cold Snap","Sundial"],"campfire_rested":2,"item_purchase_floors":[6,14],"current_hp_per_floor":[63,62,57,57,57,57,48,48,48,48,36,35,34,34,56,56,75,52,52,51,19,19,41,41,0,0],"gold":269,"neow_bonus":"HUNDRED_GOLD","is_daily":false,"chose_seed":false,"campfire_upgraded":1,"win_rate":0.0,"timestamp":1609016072,"path_taken":["M","M","M","?","?","$","E","M","T","R","M","M","M","$","R","BOSS","M","$","M","M","?","R","?","E"],"items_purchased_type":["Card","Relic"],"build_version":"2020-12-22","purchased_purges":2,"victory":false,"max_hp_per_floor":[75,75,75,75,75,75,75,75,75,75,75,75,75,75,75,75,75,75,75,75,75,75,75,75,75,75],"card_choices":[{"not_picked":["Hologram","Genetic Algorithm"],"picked":"Coolheaded","floor":1},{"not_picked":["Compile Driver","Leap"],"picked":"BootSequence","floor":2},{"not_picked":["Genetic Algorithm","Scrape"],"picked":"Ball Lightning","floor":3},{"not_picked":["Gash","Steam"],"picked":"Beam Cell","floor":7},{"not_picked":["Gash","Redo"],"picked":"White Noise","floor":8},{"not_picked":["Hologram","Aggregate","Coolheaded"],"picked":"SKIP","floor":11},{"not_picked":["Steam","Coolheaded","Hello World"],"picked":"SKIP","floor":12},{"not_picked":["Darkness","Skim"],"picked":"Loop","floor":13},{"not_picked":["Echo Form","All For One"],"picked":"Thunder Strike","floor":16},{"not_picked":["Coolheaded","Compile Driver"],"picked":"Doom and Gloom","floor":18},{"not_picked":["Turbo","Leap"],"picked":"Ball Lightning+1","floor":20},{"not_picked":["Storm","Beam Cell+1","Rebound"],"picked":"SKIP","floor":21}],"player_experience":227886,"relics_obtained":[{"floor":7,"key":"Torii"},{"floor":9,"key":"Gambling Chip"}],"event_choices":[{"damage_healed":0,"gold_gain":175,"player_choice":"AGREE","damage_taken":0,"max_hp_gain":0,"max_hp_loss":0,"event_name":"Liars Game","floor":4,"gold_loss":0,"cards_obtained":["Doubt"]},{"cards_removed":["Doubt"],"damage_healed":0,"gold_gain":0,"player_choice":"Forget","damage_taken":0,"max_hp_gain":0,"max_hp_loss":0,"event_name":"Living Wall","floor":5,"gold_loss":0},{"damage_healed":0,"gold_gain":99,"player_choice":"Stole From Cult","damage_taken":0,"max_hp_gain":0,"max_hp_loss":0,"event_name":"Nest","floor":22,"gold_loss":0},{"damage_healed":0,"gold_gain":0,"player_choice":"Bought 2 Potions","damage_taken":0,"max_hp_gain":0,"max_hp_loss":0,"event_name":"The Woman in Blue","floor":24,"gold_loss":0}],"is_beta":false,"boss_relics":[{"not_picked":["Runic Dome","SacredBark"],"picked":"Fusion Hammer"}],"items_purged_floors":[6,19],"is_endless":false,"potions_floor_spawned":[2,8,11,13,18],"killed_by":"Gremlin Leader","ascension_level":2}}