{"host":"ywt8u9kq80n9hc8s","time":1609016274,"event":{"mods":["AchievementEnabler","Alarm Clock","BaseMod","Better Altar","Better Match","Better Note","Better Sensory Stone","Better Skull","Better Third Choice","BetterRewards","Filter the Spire","Minty Spire (QoL Compilation)","Permanent Neow","Rare Cards Sparkle","StSLib"],"gold_per_floor":[109,119,131,146,161,161,161,161,161,204,51,88,122,162,162,259,259,276,123,137,149,165,199,233,269,296,327,327,346,387,426,426,522,522,542,559,575,594,81,118,158,198,245,276,309,639,83,117,117,117],"floor_reached":51,"playtime":5634,"items_purged":["All Out Attack"],"score":1403,"play_id":"1e20da5e-82ae-4e80-a981-3841afbfcfe5","local_time":"20201226225754","daily_mods":["Draft","Vintage","Diverse","Heirloom","Time Dilation","Flight","DeadlyEvents","Elite Swarm"],"is_ascension_mode":false,"campfire_choices":[{"data":"DevaForm","floor":6,"key":"SMITH"},{"data":"Echo Form","floor":7,"key":"SMITH"},{"data":"Wraith Form v2","floor":8,"key":"SMITH"},{"data":"Alpha","floor":15,"key":"SMITH"},{"floor":28,"key":"REST"},{"data":"Berserk","floor":32,"key":"SMITH"},{"data":"Demon Form","floor":49,"key":"SMITH"}],"circlet_count":0,"master_deck":["Demon Form+1","Wraith Form v2+1","Echo Form+1","DevaForm+1","Heavy Blade","Flying Knee","Cold Snap","Escape Plan+1","BattleHymn","FlyingSleeves+1","ClearTheMind","FollowUp","Expertise","Dodge and Roll","Iron Wave","Wallop","ThirdEye+1","Whirlwind+1","Alpha+1","A Thousand Cuts","Meteor Strike","Berserk+1","Hyperbeam","Exhume","Creative AI","Establishment","All For One","MasterReality+1","Electrodynamics+1","Meteor Strike"],"relics":["Snecko Eye","Du-Vu Doll","Ornamental Fan","Thread and Needle","StrikeDummy","Gambling Chip","CeramicFish","Calipers","MealTicket","Lee\u0027s Waffle","The Specimen","Nunchaku","Blood Vial","Black Star","Eternal Feather","Anchor","Sundial","White Beast Statue","Lantern","Oddly Smooth Stone","Centennial Puzzle","Potion Belt","Turnip","CaptainsWheel","Dead Branch","Happy Flower","Orichalcum","Akabeko","Pen Nib","Mummified Hand","Bag of Preparation","Frozen Egg 2","War Paint","Sozu","Ancient Tea Set","Shuriken","Omamori","Boot","Incense Burner","Toy Ornithopter","The Courier","Bronze Scales","Gremlin Horn","Mercury Hourglass","Bird Faced Urn","Whetstone","Bag of Marbles","Blue Candle","Mango","Regal Pillow","Ice Cream","Old Coin","Prayer Wheel","OrangePellets","Vajra","Strawberry","Bottled Tornado","Question Card","InkBottle"],"acts_visited":["Exordium","TheCity","TheBeyond"],"potions_floor_usage":[25,25],"damage_taken":[{"damage":0,"enemies":"Small Slimes","floor":1,"turns":3},{"damage":4,"enemies":"Cultist","floor":2,"turns":3},{"damage":0,"enemies":"Jaw Worm","floor":3,"turns":3},{"damage":0,"enemies":"3 Louse","floor":4,"turns":3},{"damage":0,"enemies":"2 Fungi Beasts","floor":5,"turns":2},{"damage":0,"enemies":"3 Sentries","floor":10,"turns":4},{"damage":5,"enemies":"Lagavulin","floor":12,"turns":3},{"damage":8,"enemies":"3 Sentries","floor":13,"turns":6},{"damage":1,"enemies":"Lagavulin","floor":14,"turns":3},{"damage":36,"enemies":"Hexaghost","floor":16,"turns":4},{"damage":0,"enemies":"Shell Parasite","floor":18,"turns":3},{"damage":0,"enemies":"Chosen","floor":20,"turns":2},{"damage":31,"enemies":"Shelled Parasite and Fungi","floor":21,"turns":4},{"damage":0,"enemies":"Centurion and Healer","floor":22,"turns":4},{"damage":7,"enemies":"Gremlin Leader","floor":23,"turns":4},{"damage":0,"enemies":"Book of Stabbing","floor":24,"turns":3},{"damage":25,"enemies":"Slavers","floor":25,"turns":3},{"damage":3,"enemies":"Book of Stabbing","floor":27,"turns":3},{"damage":0,"enemies":"Cultist and Chosen","floor":29,"turns":3},{"damage":13,"enemies":"Slavers","floor":30,"turns":2},{"damage":0,"enemies":"Book of Stabbing","floor":31,"turns":2},{"damage":7,"enemies":"Champ","floor":33,"turns":4},{"damage":0,"enemies":"Orb Walker","floor":35,"turns":2},{"damage":0,"enemies":"3 Darklings","floor":36,"turns":2},{"damage":0,"enemies":"Sphere and 2 Shapes","floor":37,"turns":3},{"damage":0,"enemies":"4 Shapes","floor":38,"turns":1},{"damage":0,"enemies":"Nemesis","floor":40,"turns":3},{"damage":0,"enemies":"Giant Head","floor":41,"turns":2},{"damage":0,"enemies":"Reptomancer","floor":42,"turns":2},{"damage":0,"enemies":"Giant Head","floor":44,"turns":4},{"damage":0,"enemies":"Reptomancer","floor":45,"turns":1},{"damage":0,"enemies":"Nemesis","floor":46,"turns":1},{"damage":0,"enemies":"Reptomancer","floor":48,"turns":1},{"damage":0,"enemies":"Awakened One","floor":50,"turns":4}],"seed_played":"-1015236469343281182","potions_obtained":[{"floor":1,"key":"BlessingOfTheForge"},{"floor":10,"key":"DistilledChaos"},{"floor":13,"key":"Poison Potion"},{"floor":14,"key":"Dexterity Potion"},{"floor":20,"key":"Regen Potion"},{"floor":21,"key":"Strength Potion"},{"floor":24,"key":"Regen Potion"},{"floor":27,"key":"SneckoOil"},{"floor":29,"key":"SpeedPotion"},{"floor":30,"key":"ColorlessPotion"}],"is_trial":true,"path_per_floor":["M","M","M","M","M","R","R","R","T","E","$","E","E","E","R","B",null,"M","$","M","M","M","E","E","E","T","E","R","M","E","E","R","B",null,"M","M","M","M","$","E","E","E","T","E","E","E","$","E","R","B",null],"character_chosen":"THE_SILENT","items_purchased":["Lee\u0027s Waffle","Anchor","Incense Burner","Toy Ornithopter","OrangePellets","Vajra","Strawberry","Bottled Tornado"],"campfire_rested":1,"item_purchase_floors":[11,19,39,39,47,47,47,47],"current_hp_per_floor":[70,66,66,66,66,66,66,66,66,66,77,72,64,63,63,29,77,77,77,77,46,48,43,45,41,41,40,77,77,64,66,77,70,77,77,77,77,77,77,77,77,77,77,91,91,91,98,98,98,98],"gold":117,"neow_bonus":"","is_daily":false,"chose_seed":false,"campfire_upgraded":6,"win_rate":0.0,"timestamp":1609016274,"path_taken":["M","M","M","M","M","R","R","R","T","E","$","E","E","E","R","BOSS","M","$","M","M","M","E","E","E","T","E","R","M","E","E","R","BOSS","M","M","M","M","$","E","E","E","T","E","E","E","$","E","R","BOSS"],"items_purchased_type":["Relic","Relic","Relic","Relic","Relic","Relic","Relic","Relic"],"build_version":"2020-12-22","purchased_purges":1,"victory":true,"max_hp_per_floor":[70,70,70,70,70,70,70,70,70,70,77,77,77,77,77,77,77,77,77,77,77,77,77,77,77,77,77,77,77,77,77,77,77,77,77,77,77,77,77,77,77,77,77,91,91,91,98,98,98,98],"card_choices":[{"not_picked":["FTL","Collect"],"picked":"Heavy Blade","floor":0},{"not_picked":["Shrug It Off","JustLucky"],"picked":"Flying Knee","floor":0},{"not_picked":["FlurryOfBlows","Streamline"],"picked":"Cold Snap","floor":0},{"not_picked":["Reinforced Body","Turbo"],"picked":"Escape Plan","floor":0},{"not_picked":["WaveOfTheHand","Redo"],"picked":"BattleHymn","floor":0},{"not_picked":["Compile Driver","Deadly Poison"],"picked":"FlyingSleeves","floor":0},{"not_picked":["Tempest","BowlingBash"],"picked":"ClearTheMind","floor":0},{"not_picked":["Crescendo","Wild Strike"],"picked":"FollowUp","floor":0},{"not_picked":["Backstab","CarveReality"],"picked":"Expertise","floor":0},{"not_picked":["Calculated Gamble","Cleave"],"picked":"Dodge and Roll","floor":0},{"not_picked":["Spot Weakness","Redo"],"picked":"All Out Attack","floor":0},{"not_picked":["Lockon","PiercingWail"],"picked":"Iron Wave","floor":0},{"not_picked":["CrushJoints","Cleave"],"picked":"Wallop","floor":0},{"not_picked":["BowlingBash","Havoc"],"picked":"ThirdEye","floor":0},{"not_picked":["Poisoned Stab","Armaments"],"picked":"Whirlwind","floor":0},{"not_picked":["Fiend Fire","DevaForm"],"picked":"Alpha","floor":10},{"not_picked":["Blasphemy","Alpha"],"picked":"A Thousand Cuts","floor":12},{"not_picked":["Core Surge","Fission"],"picked":"Meteor Strike","floor":13},{"not_picked":["Fission","Offering"],"picked":"Berserk","floor":14},{"not_picked":["Double Tap","Judgement"],"picked":"Hyperbeam","floor":23},{"not_picked":["Berserk","Blasphemy"],"picked":"Exhume","floor":24},{"not_picked":["Venomology","Double Tap"],"picked":"Creative AI","floor":25},{"not_picked":["Fiend Fire","Machine Learning","Juggernaut"],"picked":"SKIP","floor":27},{"not_picked":["Barricade","Alpha"],"picked":"Establishment","floor":30},{"not_picked":["DeusExMachina","Immolate"],"picked":"All For One","floor":31},{"not_picked":["Fission","Scrawl"],"picked":"MasterReality+1","floor":40},{"not_picked":["Fission","Demon Form+1"],"picked":"Electrodynamics+1","floor":41},{"not_picked":["Burst","Malaise"],"picked":"Meteor Strike","floor":42},{"not_picked":["Fiend Fire","Buffer+1","DevaForm+1"],"picked":"SKIP","floor":44},{"not_picked":["Buffer+1","SpiritShield","Corpse Explosion"],"picked":"SKIP","floor":45},{"not_picked":["Thunder Strike","Immolate","Amplify"],"picked":"SKIP","floor":46},{"not_picked":["Glass Knife","Blasphemy","Alpha"],"picked":"SKIP","floor":48}],"player_experience":72465,"relics_obtained":[{"floor":1,"key":"Ornamental Fan"},{"floor":2,"key":"Thread and Needle"},{"floor":3,"key":"StrikeDummy"},{"floor":4,"key":"Gambling Chip"},{"floor":5,"key":"CeramicFish"},{"floor":9,"key":"Calipers"},{"floor":10,"key":"MealTicket"},{"floor":12,"key":"The Specimen"},{"floor":13,"key":"Nunchaku"},{"floor":14,"key":"Blood Vial"},{"floor":18,"key":"Eternal Feather"},{"floor":20,"key":"Sundial"},{"floor":21,"key":"White Beast Statue"},{"floor":22,"key":"Lantern"},{"floor":23,"key":"Oddly Smooth Stone"},{"floor":23,"key":"Centennial Puzzle"},{"floor":24,"key":"Potion Belt"},{"floor":24,"key":"Turnip"},{"floor":25,"key":"CaptainsWheel"},{"floor":25,"key":"Dead Branch"},{"floor":26,"key":"Happy Flower"},{"floor":27,"key":"Orichalcum"},{"floor":27,"key":"Akabeko"},{"floor":29,"key":"Pen Nib"},{"floor":30,"key":"Mummified Hand"},{"floor":30,"key":"Bag of Preparation"},{"floor":31,"key":"Frozen Egg 2"},{"floor":31,"key":"War Paint"},{"floor":35,"key":"Ancient Tea Set"},{"floor":36,"key":"Shuriken"},{"floor":37,"key":"Omamori"},{"floor":38,"key":"Boot"},{"floor":40,"key":"The Courier"},{"floor":40,"key":"Bronze Scales"},{"floor":41,"key":"Gremlin Horn"},{"floor":41,"key":"Mercury Hourglass"},{"floor":42,"key":"Bird Faced Urn"},{"floor":42,"key":"Whetstone"},{"floor":43,"key":"Bag of Marbles"},{"floor":44,"key":"Blue Candle"},{"floor":44,"key":"Mango"},{"floor":45,"key":"Regal Pillow"},{"floor":45,"key":"Ice Cream"},{"floor":46,"key":"Old Coin"},{"floor":46,"key":"Prayer Wheel"},{"floor":48,"key":"Question Card"},{"floor":48,"key":"InkBottle"}],"event_choices":[],"is_beta":false,"boss_relics":[{"not_picked":["SacredBark","Empty Cage"],"picked":"Black Star"},{"not_picked":["WristBlade","Velvet Choker"],"picked":"Sozu"}],"items_purged_floors":[39],"is_endless":false,"potions_floor_spawned":[1,10,13,14,20,21,22,23,24,25,27,29,30,31,33,35,36,37,38,40,41,42,44,45,46,48],"ascension_level":0}}