{"host":"od099uxc49ip1k8b","time":1609021269,"event":{"mods":["AchievementEnabler","Act Like it!","BaseMod","Downfall","Friendly Minions","Gensokyo","Hermit","Highlight Path","Infinite Spire","Koishi","KomeijiMod","Marisa????????","Minty Spire (QoL Compilation)","Quick Restart","Rare Cards Sparkle","Reimu??????","Remilia??????","Replay The Spire","StSLib","Td1madao Mod","The Administrix","The Alterego","The Animator","The Cursed","The Gatherer","The Servant 0.9.4","The Wild Card","Waifu the Spire","WarShipGirlsR/????R mod","Yohane!","Yuyuko"],"gold_per_floor":[112,127,139,151,151,151,73,73,100,100,117,145,164,181,181,276,326,337,119,119,129,143,143,159,159,159,209,227,241,254,266,266,369,369,380,380,380,392,292,292,317,317,342,342,356,368,166,166,166,166],"floor_reached":51,"playtime":4946,"items_purged":["rmod:maingunfire","rmod:strick"],"score":583,"play_id":"62a5831c-0c1d-4088-afe1-5d4465bed01d","local_time":"20201226172109","is_ascension_mode":false,"campfire_choices":[{"data":"rmod:royalracing","floor":6,"key":"SMITH"},{"data":"rmod:supportaircraftcarrier","floor":10,"key":"SMITH"},{"floor":15,"key":"REST"},{"floor":23,"key":"REST"},{"data":"rmod:guardianhero","floor":25,"key":"SMITH"},{"floor":32,"key":"REST"},{"data":"rmod:diaomin","floor":40,"key":"SMITH"},{"floor":42,"key":"REST"},{"data":"rmod:acesubmarine","floor":44,"key":"SMITH"},{"floor":49,"key":"REST"}],"circlet_count":0,"master_deck":["rmod:strick","rmod:strick","rmod:defend","rmod:defend","rmod:defend","rmod:defend","rmod:basicallowance","rmod:overbreakdown","rmod:royalracing+1","rmod:supportaircraftcarrier+1","rmod:openingtorpedo+1","rmod:guardianhero+1","rmod:unsinkable","rmod:supportaircraftcarrier+1","rmod:auspiciousomen+1","rmod:overbreakdown","rmod:luckystar","rmod:diaomin+1","rmod:aggressivemary","rmod:supportaircraftcarrier","rmod:diaomin","rmod:acesubmarine+1","rmod:unsinkable+1","rmod:overbreakdown+1","rmod:diamondstrike"],"relics":["rmod:firstchargereward","sneckomod:BlankCard","Akabeko","Tiny House","Oddly Smooth Stone","Snack Pack","SlaversCollar","Iron Hammer","Orichalcum","Guide Book","Darkstone Periapt"],"acts_visited":["Exordium","TheCity","TheBeyond"],"potions_floor_usage":[12,12,16,18,22,31,33,33,41,45],"damage_taken":[{"damage":4,"enemies":"Small Slimes","floor":1,"turns":3},{"damage":0,"enemies":"Cultist","floor":2,"turns":3},{"damage":0,"enemies":"2 Louse","floor":3,"turns":2},{"damage":0,"enemies":"Red Slaver","floor":4,"turns":4},{"damage":0,"enemies":"2 Fungi Beasts","floor":11,"turns":1},{"damage":14,"enemies":"Gremlin Nob","floor":12,"turns":3},{"damage":0,"enemies":"Blue Slaver","floor":13,"turns":2},{"damage":0,"enemies":"Exordium Thugs","floor":14,"turns":2},{"damage":0,"enemies":"The Guardian","floor":16,"turns":10},{"damage":13,"enemies":"Shell Parasite","floor":18,"turns":9},{"damage":0,"enemies":"2 Thieves","floor":21,"turns":1},{"damage":29,"enemies":"Chosen and Byrds","floor":22,"turns":10},{"damage":0,"enemies":"3 Cultists","floor":24,"turns":5},{"damage":0,"enemies":"Snake Plant","floor":28,"turns":4},{"damage":0,"enemies":"Centurion and Healer","floor":29,"turns":7},{"damage":9,"enemies":"Shelled Parasite and Fungi","floor":30,"turns":4},{"damage":24,"enemies":"Cultist and Chosen","floor":31,"turns":11},{"damage":0,"enemies":"Champ","floor":33,"turns":15},{"damage":2,"enemies":"Orb Walker","floor":35,"turns":3},{"damage":5,"enemies":"3 Darklings","floor":38,"turns":5},{"damage":44,"enemies":"Giant Head","floor":41,"turns":9},{"damage":45,"enemies":"Transient","floor":45,"turns":5},{"damage":3,"enemies":"4 Shapes","floor":46,"turns":1},{"damage":47,"enemies":"Replay:Hell Engine","floor":50,"turns":14}],"seed_played":"-7642888207106069697","potions_obtained":[{"floor":3,"key":"SkillPotion"},{"floor":4,"key":"LiquidBronze"},{"floor":11,"key":"EssenceOfSteel"},{"floor":21,"key":"Milkshake"},{"floor":22,"key":"ZuzhouPotion:ReiMu"},{"floor":29,"key":"DistilledChaos"},{"floor":33,"key":"FairyPotion"},{"floor":38,"key":"Weak Potion"},{"floor":41,"key":"Regen Potion"}],"is_trial":true,"path_per_floor":["M","M","M","M","?","R","$","?","T","R","M","E","M","M","R","B",null,"M","$","?","M","M","R","M","R","T","?","M","M","M","M","R","B",null,"M","?","?","M","$","R","E","R","T","R","M","M","$","T","R","B",null],"character_chosen":"PRAEFECT","items_purchased":["rmod:openingtorpedo","Oddly Smooth Stone","Guide Book","rmod:diamondstrike"],"campfire_rested":5,"item_purchase_floors":[7,19,47,47],"current_hp_per_floor":[71,71,71,71,71,71,71,71,71,71,71,57,57,57,75,75,80,67,67,67,67,38,62,62,62,62,62,62,64,59,37,61,69,80,78,78,78,75,75,75,35,59,59,59,30,29,29,29,53,12],"gold":166,"neow_bonus":"","is_daily":false,"chose_seed":false,"campfire_upgraded":5,"win_rate":0.0,"timestamp":1609021269,"path_taken":["M","M","M","M","?","R","$","?","T","R","M","E","M","M","R","BOSS","M","$","?","?","M","R","M","R","T","?","?","M","M","M","R","BOSS","M","?","?","M","$","R","E","R","T","R","M","?","?","?","R","BOSS"],"items_purchased_type":["Card","Relic","Relic","Card"],"build_version":"2020-12-22","purchased_purges":2,"victory":true,"max_hp_per_floor":[75,75,75,75,75,75,75,75,75,75,75,75,75,75,75,75,80,80,80,80,80,80,80,80,80,80,80,80,80,80,80,80,80,80,80,80,80,80,80,80,80,80,80,80,80,80,80,80,80,80],"card_choices":[{"not_picked":["rmod:circuitoustactics","rmod:victimresponsibility"],"picked":"rmod:overbreakdown","floor":1},{"not_picked":["rmod:lonelyqueen","rmod:ring","rmod:highspeedshooting"],"picked":"SKIP","floor":2},{"not_picked":["rmod:openingtorpedo","rmod:victimresponsibility"],"picked":"rmod:royalracing","floor":3},{"not_picked":["rmod:circuitoustactics","rmod:fuelsupply"],"picked":"rmod:supportaircraftcarrier","floor":4},{"not_picked":["rmod:supportescort","rmod:expedition"],"picked":"rmod:guardianhero","floor":11},{"not_picked":["rmod:punchline","rmod:launchingtorpedo"],"picked":"rmod:unsinkable","floor":12},{"not_picked":["rmod:rockthrower","rmod:circuitoustactics","rmod:heivgo"],"picked":"SKIP","floor":13},{"not_picked":["rmod:expedition","rmod:guardianhero"],"picked":"rmod:supportaircraftcarrier","floor":14},{"not_picked":["rmod:timeschanged","rmod:expeditionaryescort"],"picked":"rmod:auspiciousomen","floor":16},{"not_picked":["rmod:victimresponsibility+1","rmod:chargemoney"],"picked":"rmod:overbreakdown","floor":18},{"not_picked":["rmod:combined","rmod:unsinkable"],"picked":"rmod:diaomin","floor":21},{"not_picked":["rmod:goodfighter+1","rmod:luckystar"],"picked":"rmod:aggressivemary","floor":22},{"not_picked":["rmod:mineteam","rmod:steelsupply"],"picked":"rmod:supportaircraftcarrier","floor":24},{"not_picked":["rmod:salvage","rmod:overbreakdown+1"],"picked":"rmod:diaomin","floor":28},{"not_picked":["rmod:aviationdawn","rmod:lonelyqueen+1","rmod:expedition+1"],"picked":"SKIP","floor":29},{"not_picked":["rmod:generalist","rmod:rockthrower","rmod:concentratefire"],"picked":"SKIP","floor":30},{"not_picked":["rmod:supportescort","rmod:expedition","rmod:ammunitionsupply"],"picked":"SKIP","floor":31},{"not_picked":["rmod:fletcher","rmod:saltedfish"],"picked":"rmod:acesubmarine","floor":33},{"not_picked":["rmod:combined","rmod:slowdown+1"],"picked":"rmod:unsinkable+1","floor":35},{"not_picked":["rmod:ammunitionsupply","rmod:luckystar","rmod:circuitoustactics+1"],"picked":"SKIP","floor":38},{"not_picked":["rmod:supportaircraftcarrier+1","rmod:victimresponsibility","rmod:fletcher"],"picked":"SKIP","floor":41},{"not_picked":["rmod:firesupport","rmod:unsinkable"],"picked":"rmod:overbreakdown+1","floor":45},{"not_picked":["rmod:tearstotiara","rmod:circuitoustactics","rmod:advancebysurprise"],"picked":"SKIP","floor":46}],"player_experience":136492,"relics_obtained":[{"floor":9,"key":"sneckomod:BlankCard"},{"floor":12,"key":"Akabeko"},{"floor":26,"key":"Snack Pack"},{"floor":41,"key":"Iron Hammer"},{"floor":43,"key":"Orichalcum"},{"floor":48,"key":"Darkstone Periapt"}],"event_choices":[{"damage_healed":0,"gold_gain":0,"player_choice":"Ignored","damage_taken":0,"max_hp_gain":0,"max_hp_loss":0,"event_name":"Golden Idol","floor":5,"gold_loss":0},{"damage_healed":0,"gold_gain":0,"player_choice":"Ignored","damage_taken":0,"max_hp_gain":0,"max_hp_loss":0,"event_name":"Liars Game","floor":8,"gold_loss":0},{"damage_healed":0,"gold_gain":0,"cards_transformed":["rmod:strick"],"player_choice":"Transformed","damage_taken":0,"max_hp_gain":0,"max_hp_loss":0,"event_name":"Transmorgrifier","floor":20,"gold_loss":0,"cards_obtained":["rmod:luckystar"]},{"damage_healed":0,"gold_gain":100,"player_choice":"Bet on Murderer","damage_taken":0,"max_hp_gain":0,"max_hp_loss":0,"event_name":"The Joust","floor":27,"gold_loss":50}],"is_beta":false,"boss_relics":[{"not_picked":["Kintsugi","Ectoplasm"],"picked":"Tiny House"},{"not_picked":["Fusion Hammer","Replay:Bronze Core"],"picked":"SlaversCollar"}],"items_purged_floors":[19,39],"is_endless":false,"potions_floor_spawned":[3,4,11,13,21,22,29,30,33,38,41],"ascension_level":0}}