{"host":"ek3xvuouaw6vk9if","time":1609011476,"event":{"mods":["BaseMod","BetterRewards","Downfall","Minty Spire (QoL Compilation)","Permanent Neow","Quick Restart","Replay The Spire","StSLib"],"gold_per_floor":[111,131,150,167,178,208,222,237,237,237,90,108,137,148,148,253,253,271,271,284,39,57,89,89,101,101,136,136,148,163,163,163,265,265,283,283,283,296,311,311,411,411,434,444,0,0,0],"floor_reached":46,"playtime":2784,"items_purged":["Strike_R","Strike_R"],"score":606,"play_id":"00f33c29-86a8-4161-9af7-63a869e68f38","local_time":"20201226143756","is_ascension_mode":true,"campfire_choices":[{"data":"Barricade","floor":10,"key":"SMITH"},{"data":"Pommel Strike","floor":15,"key":"SMITH"},{"data":"Armaments","floor":24,"key":"SMITH"},{"floor":32,"key":"REST"},{"data":"Dual Wield","floor":40,"key":"SMITH"},{"data":"Demon Form","floor":42,"key":"SMITH"}],"circlet_count":0,"master_deck":["Strike_R","Strike_R","Defend_R","Defend_R","Defend_R","Defend_R","Bash","Barricade+1","Metallicize","Ghostly Armor","Ghostly Armor","Shrug It Off","Dual Wield+1","Metallicize","Pommel Strike+1","ReplayTheSpireMod:Stacked","Metallicize","ReplayTheSpireMod:Stacked","Double Tap","Cleave","Metallicize","Dual Wield+1","Armaments+1","Shrug It Off","Demon Form+1","Brutality","Flame Barrier","Demon Form"],"relics":["Burning Blood","Replay:Rubber Ducky","Pantograph","King of Hearts","SlaversCollar","Bronze Scales","ReplayFunnel","Prayer Wheel","ReplayTheSpireMod:Shallot","ReplayTheSpireMod:DimensionalGlitch","Bag of Marbles","Red Mask"],"acts_visited":["Exordium","TheCity","TheBeyond"],"potions_floor_usage":[4,13,22,25,33],"damage_taken":[{"damage":6,"enemies":"Cultist","floor":1,"turns":4},{"damage":14,"enemies":"Jaw Worm","floor":2,"turns":4},{"damage":8,"enemies":"Small Slimes","floor":3,"turns":5},{"damage":4,"enemies":"3 Louse","floor":4,"turns":5},{"damage":1,"enemies":"2 Fungi Beasts","floor":5,"turns":5},{"damage":6,"enemies":"Replay:BlueRogue","floor":6,"turns":11},{"damage":19,"enemies":"Exordium Thugs","floor":7,"turns":8},{"damage":0,"enemies":"Blue Slaver","floor":8,"turns":5},{"damage":0,"enemies":"2 Fungi Beasts","floor":12,"turns":7},{"damage":0,"enemies":"Lagavulin","floor":13,"turns":11},{"damage":2,"enemies":"Exordium Wildlife","floor":14,"turns":9},{"damage":47,"enemies":"Fading Forest","floor":16,"turns":11},{"damage":27,"enemies":"3 Byrds","floor":18,"turns":12},{"damage":0,"enemies":"Spheric Guardian","floor":20,"turns":14},{"damage":19,"enemies":"Shelled Parasite and Fungi","floor":22,"turns":11},{"damage":0,"enemies":"Replay:Snechameleon","floor":23,"turns":8},{"damage":4,"enemies":"Snecko","floor":25,"turns":10},{"damage":0,"enemies":"Book of Stabbing","floor":27,"turns":9},{"damage":0,"enemies":"Snake Plant","floor":29,"turns":8},{"damage":58,"enemies":"3 Cultists","floor":30,"turns":9},{"damage":42,"enemies":"Collector","floor":33,"turns":14},{"damage":10,"enemies":"Orb Walker","floor":35,"turns":6},{"damage":11,"enemies":"3 Darklings","floor":38,"turns":9},{"damage":3,"enemies":"Spire Growth","floor":39,"turns":12},{"damage":0,"enemies":"4 Shapes","floor":44,"turns":14},{"damage":0,"enemies":"Writhing Mass","floor":46,"turns":1}],"seed_played":"-1539507500704399967","potions_obtained":[{"floor":2,"key":"Dexterity Potion"},{"floor":3,"key":"AttackPotion"},{"floor":7,"key":"FearPotion"},{"floor":16,"key":"Venom Potion"},{"floor":18,"key":"sneckomod:MuddlingPotion"},{"floor":23,"key":"FearPotion"},{"floor":27,"key":"Swift Potion"},{"floor":33,"key":"BlessingOfTheForge"},{"floor":39,"key":"AttackPotion"}],"is_trial":false,"path_per_floor":["M","M","M","M","M","E","M","M","T","R","$","M","E","M","R","B",null,"M","?","M","$","M","E","R","M","T","E","$","M","M","?","R","B",null,"M","?","?","M","M","R","?","R","T","M","?","M"],"character_chosen":"IRONCLAD","items_purchased":["ReplayTheSpireMod:Stacked","Bronze Scales"],"campfire_rested":1,"item_purchase_floors":[11,21],"current_hp_per_floor":[72,64,62,64,69,69,56,62,62,62,62,68,72,72,72,31,72,51,51,57,57,44,50,50,52,52,58,58,64,12,12,33,22,72,65,65,65,57,57,57,57,57,57,60,60,60,60],"gold":0,"neow_bonus":"THREE_RARE_CARDS","is_daily":false,"chose_seed":false,"campfire_upgraded":5,"win_rate":0.0,"timestamp":1609011476,"path_taken":["M","M","M","M","M","E","M","M","T","R","$","M","E","?","R","BOSS","M","?","?","$","M","E","R","M","T","E","$","M","M","?","R","BOSS","M","?","?","M","M","R","?","R","T","?","?","M"],"items_purchased_type":["Card","Relic"],"build_version":"2020-12-22","purchased_purges":2,"victory":false,"max_hp_per_floor":[72,72,72,72,72,72,72,72,72,72,72,72,72,72,72,72,72,72,72,72,72,72,72,72,72,72,72,72,72,72,72,72,72,72,72,68,68,68,68,68,68,68,68,68,68,68,68],"card_choices":[{"not_picked":["Impervious","Double Tap"],"picked":"Barricade","floor":0},{"not_picked":["Thunderclap","ReplayTheSpireMod:Strike From Hell"],"picked":"Metallicize","floor":1},{"not_picked":["Thunderclap","Headbutt"],"picked":"Ghostly Armor","floor":2},{"not_picked":["Clothesline","Rampage","Heavy Blade"],"picked":"SKIP","floor":3},{"not_picked":["Wild Strike","Run Through"],"picked":"Ghostly Armor","floor":4},{"not_picked":["Disarm","Pummel"],"picked":"Shrug It Off","floor":5},{"not_picked":["Havoc","Thunderclap"],"picked":"Dual Wield","floor":6},{"not_picked":["Havoc","Clash"],"picked":"Metallicize","floor":7},{"not_picked":["Combust","Searing Blow"],"picked":"Pommel Strike","floor":8},{"not_picked":["Carnage","ReplayTheSpireMod:Strike From Hell","Life Link"],"picked":"SKIP","floor":12},{"not_picked":["Whirlwind","Warcry"],"picked":"Metallicize","floor":13},{"not_picked":["ReplayTheSpireMod:Muscle Training","Intimidate"],"picked":"ReplayTheSpireMod:Stacked","floor":14},{"not_picked":["Bludgeon","Eclipse"],"picked":"Double Tap","floor":16},{"not_picked":["ReplayTheSpireMod:LeadingStrike","Heavy Blade"],"picked":"Cleave","floor":18},{"not_picked":["Flex","Blood for Blood","Warcry"],"picked":"SKIP","floor":20},{"not_picked":["Metallicize","Run Through+1"],"picked":"Dual Wield+1","floor":22},{"not_picked":["Uppercut","Abandon"],"picked":"Armaments","floor":23},{"not_picked":["Sword Boomerang","Pommel Strike","Headbutt"],"picked":"SKIP","floor":25},{"not_picked":["Flex","Hemokinesis","Perfected Strike"],"picked":"SKIP","floor":27},{"not_picked":["Havoc","Reckless Charge"],"picked":"Shrug It Off","floor":29},{"not_picked":["Seeing Red","Run Through","Clothesline"],"picked":"SKIP","floor":29},{"not_picked":["Massacre+1","Twin Strike"],"picked":"Demon Form","floor":30},{"not_picked":["Clash","ReplayTheSpireMod:Limb From Limb","Replay:Undeath\u0027s Touch+1"],"picked":"SKIP","floor":30},{"not_picked":["Berserk","Barricade"],"picked":"Brutality","floor":33},{"not_picked":["Thunderclap+1","Infernal Blade","Spot Weakness"],"picked":"SKIP","floor":35},{"not_picked":["Rage+1","Headbutt","Carnage"],"picked":"SKIP","floor":35},{"not_picked":["Warcry+1","Clothesline+1"],"picked":"Flame Barrier","floor":38},{"not_picked":["Warcry+1","Havoc","Iron Wave"],"picked":"SKIP","floor":38},{"not_picked":["Headbutt+1","Flex+1"],"picked":"Demon Form","floor":39},{"not_picked":["Heavy Blade","Sever Soul","Run Through+1"],"picked":"SKIP","floor":39},{"not_picked":["Heavy Blade","Anger+1","ReplayTheSpireMod:LeadingStrike"],"picked":"SKIP","floor":44},{"not_picked":["Abandon","Hemokinesis+1","Feel No Pain"],"picked":"SKIP","floor":44}],"player_experience":704271,"relics_obtained":[{"floor":6,"key":"Replay:Rubber Ducky"},{"floor":9,"key":"Pantograph"},{"floor":13,"key":"King of Hearts"},{"floor":23,"key":"ReplayFunnel"},{"floor":26,"key":"Prayer Wheel"},{"floor":27,"key":"ReplayTheSpireMod:Shallot"},{"floor":43,"key":"Bag of Marbles"}],"event_choices":[{"damage_healed":0,"gold_gain":0,"cards_transformed":["Strike_R"],"player_choice":"Transformed","damage_taken":0,"max_hp_gain":0,"max_hp_loss":0,"event_name":"Transmorgrifier","floor":19,"gold_loss":0,"cards_obtained":["Metallicize"]},{"damage_healed":0,"gold_gain":0,"player_choice":"Max HP","damage_taken":0,"max_hp_gain":0,"max_hp_loss":4,"event_name":"Winding Halls","floor":36,"gold_loss":0},{"damage_healed":0,"gold_gain":0,"player_choice":"Memory 1","damage_taken":0,"max_hp_gain":0,"max_hp_loss":0,"event_name":"SensoryStone","floor":37,"gold_loss":0},{"damage_healed":0,"gold_gain":100,"player_choice":"Pray","damage_taken":0,"max_hp_gain":0,"max_hp_loss":0,"event_name":"Golden Shrine","floor":41,"gold_loss":0},{"damage_healed":0,"gold_gain":0,"player_choice":"Paid","damage_taken":0,"relics_obtained":["Red Mask"],"max_hp_gain":0,"max_hp_loss":0,"event_name":"Tomb of Lord Red Mask","floor":45,"gold_loss":444}],"is_beta":false,"boss_relics":[{"not_picked":["Replay:Drink Me","Busted Crown"],"picked":"SlaversCollar"},{"not_picked":["Runic Cube","Kintsugi"],"picked":"ReplayTheSpireMod:DimensionalGlitch"}],"items_purged_floors":[11,21],"is_endless":false,"potions_floor_spawned":[2,3,7,16,18,23,27,33,35,39],"killed_by":"Writhing Mass","ascension_level":1}}