{"host":"qrbkigq52dd42dk0","time":1609013537,"event":{"mods":["AchievementEnabler","BaseMod","Colored Map","Colored Powertips","Downfall","Minty Spire (QoL Compilation)","Quick Restart","StSLib","SuperFastMode"],"gold_per_floor":[99,14,14,114,128,153,153,168,183,183,196,210,210,229,245,347,347,197,208,50,61,61,61,61,61,61,61],"floor_reached":25,"playtime":1186,"items_purged":[],"score":203,"play_id":"accc8682-1a5c-4832-a82d-b650d88ef532","local_time":"20201226211217","is_ascension_mode":false,"campfire_choices":[{"floor":1,"key":"RECALL"},{"data":"Guardian:Orbwalk","floor":10,"key":"SMITH"},{"floor":13,"key":"REST"},{"data":"Guardian:Suspension","floor":18,"key":"SMITH"}],"circlet_count":0,"master_deck":["Guardian:Strike_Guardian","Guardian:Strike_Guardian","Guardian:Defend_Guardian","Guardian:Defend_Guardian","Guardian:CurlUp","Guardian:TwinSlam","Guardian:Orbwalk+1","Guardian:Planning","Guardian:PrismaticBarrier","hexamod:Haunted","Guardian:Suspension+1","Guardian:TimeBomb","Guardian:SpikerProtocol","Guardian:BaubleBeam","Guardian:TimeBomb+1","Guardian:TimeCapacitor+1","Guardian:GuardianWhirl+1","Guardian:Incinerate+1","Guardian:VentSteam+1","Guardian:SphericShield","Guardian:Suspension+1","Writhe"],"relics":["Cursed Key","Bottled Lightning","Astrolabe","downfall:HeartBlessingRed","downfall:HeartBlessingGreen","MutagenicStrength","downfall:RedIOU"],"acts_visited":["Exordium","TheCity"],"potions_floor_usage":[21],"damage_taken":[{"damage":0,"enemies":"downfall:FleeingMerchant","floor":2,"turns":4},{"damage":0,"enemies":"2 Louse","floor":5,"turns":4},{"damage":30,"enemies":"Gremlin Nob","floor":6,"turns":4},{"damage":0,"enemies":"Cultist","floor":8,"turns":4},{"damage":0,"enemies":"Jaw Worm","floor":9,"turns":5},{"damage":18,"enemies":"Exordium Wildlife","floor":11,"turns":5},{"damage":4,"enemies":"3 Louse","floor":12,"turns":4},{"damage":8,"enemies":"Large Slime","floor":14,"turns":7},{"damage":2,"enemies":"Exordium Wildlife","floor":15,"turns":6},{"damage":19,"enemies":"downfall:Silent","floor":16,"turns":12},{"damage":16,"enemies":"Spheric Guardian","floor":19,"turns":4},{"damage":9,"enemies":"downfall:FleeingMerchant","floor":20,"turns":4},{"damage":8,"enemies":"3 Byrds","floor":21,"turns":4},{"damage":0,"enemies":"downfall:FleeingMerchant","floor":25,"turns":2}],"seed_played":"5820505807961311333","potions_obtained":[{"floor":6,"key":"Dexterity Potion"},{"floor":8,"key":"GamblersBrew"},{"floor":12,"key":"Dexterity Potion"},{"floor":15,"key":"SkillPotion"},{"floor":19,"key":"BlessingOfTheForge"}],"is_trial":false,"path_per_floor":["R","$","?","?","M","E","T","M","M","R","M","M","R","M","M","B",null,"R","M","$","M","?","?","T","$"],"character_chosen":"GUARDIAN","items_purchased":["Guardian:Orbwalk","Guardian:SphericShield"],"campfire_rested":1,"item_purchase_floors":[2,20],"current_hp_per_floor":[80,80,80,80,80,50,50,50,50,50,32,28,52,44,42,23,80,80,64,55,47,47,47,47,47,47,47],"gold":61,"neow_bonus":"BOSS_RELIC","is_daily":false,"chose_seed":false,"campfire_upgraded":2,"win_rate":0.0,"timestamp":1609013537,"path_taken":["R","$","?","?","M","E","T","M","M","R","M","M","R","M","M","BOSS","R","M","$","M","?","?","T","?"],"items_purchased_type":["Card","Card"],"build_version":"2020-12-22","purchased_purges":0,"victory":false,"max_hp_per_floor":[80,80,80,80,80,80,80,80,80,80,80,80,80,80,80,80,80,80,80,80,80,80,80,80,80,80,80],"card_choices":[{"not_picked":["Guardian:TemporalShield","Guardian:Gem_Red"],"picked":"Guardian:Gem_Cyan","floor":2},{"not_picked":["Guardian:Gem_Purple","Guardian:DonusPower"],"picked":"Guardian:Planning","floor":5},{"not_picked":["Guardian:FloatingOrbs","Guardian:ChargeUp"],"picked":"Guardian:PrismaticBarrier","floor":6},{"not_picked":["Guardian:Suspension","Guardian:StasisField"],"picked":"Guardian:Gem_Cyan","floor":8},{"not_picked":["Guardian:Planning","Guardian:RollAttack"],"picked":"Guardian:Suspension","floor":9},{"not_picked":["Guardian:Planning","Guardian:SentryBeam"],"picked":"Guardian:Gem_White","floor":11},{"not_picked":["Guardian:Incinerate","Guardian:ShieldCharger"],"picked":"Guardian:TimeBomb","floor":12},{"not_picked":["Guardian:AncientConstruct","Guardian:Planning"],"picked":"Guardian:Gem_Red","floor":14},{"not_picked":["Guardian:Incinerate","Guardian:RollAttack"],"picked":"Guardian:SpikerProtocol","floor":15},{"not_picked":["Guardian:GatlingBeam","Guardian:FastForward"],"picked":"Guardian:BaubleBeam","floor":16},{"not_picked":["Guardian:FloatingOrbs","Guardian:Suspension+1"],"picked":"Guardian:Incinerate+1","floor":19},{"not_picked":["Guardian:TemporalStrike","Guardian:TemporalShield"],"picked":"Guardian:VentSteam+1","floor":20},{"not_picked":["Guardian:TemporalStrike","Guardian:PolyBeam+1"],"picked":"Guardian:Suspension+1","floor":21}],"player_experience":73365,"relics_obtained":[{"floor":6,"key":"Potion Belt"},{"floor":7,"key":"Bottled Lightning"}],"event_choices":[{"cards_removed":["Guardian:Strike_Guardian"],"damage_healed":0,"gold_gain":0,"player_choice":"Card Removal","damage_taken":0,"max_hp_gain":0,"max_hp_loss":0,"event_name":"The Cleric","floor":3,"gold_loss":0},{"damage_healed":0,"gold_gain":0,"player_choice":"Inject Mutagens","damage_taken":0,"relics_obtained":["MutagenicStrength"],"max_hp_gain":0,"max_hp_loss":0,"event_name":"Drug Dealer","floor":22,"gold_loss":0}],"is_beta":false,"boss_relics":[{"not_picked":["SacredBark","Velvet Choker"],"picked":"Astrolabe"}],"items_purged_floors":[],"is_endless":false,"potions_floor_spawned":[6,8,12,15,19],"killed_by":"downfall:FleeingMerchant","ascension_level":0}}