{"host":"u0f5uy314yz7olfc","time":1609006002,"event":{"mods":["AchievementEnabler","Aspiration","BaseMod","Better Altar","Better Match","Better Note","Better Sensory Stone","Better Skull","Better Third Choice","BetterRewards","Block Reminder","Colored Map","Colored Powertips","DeckTracker","Dota2Spire","Emptier Cage","Gold Saver","Highlight Path","Hubris","Infinite Spire","Marked Mod","Mimic Mod","Minty Spire (QoL Compilation)","Permanent Neow","Quick Restart","Rare Cards Sparkle","Relic Sorter","Shop Mod","StSLib","The Bladedancer","The Blue Laboratory","Watcher Patcher"],"gold_per_floor":[451,408,408,408,293,319,319],"floor_reached":6,"playtime":236,"items_purged":[],"score":42,"play_id":"08e66fc5-c416-4690-99dc-3cd5462c06ce","local_time":"20201227010642","is_ascension_mode":false,"campfire_choices":[],"circlet_count":0,"master_deck":["Strike_B","Strike_B","Strike_B","Strike_B","Defend_B","Defend_B","Defend_B","Defend_B","Zap","Dualcast","Turbo","Go for the Eyes","Glacier","hubris:Fate","Mayhem","Defragment","Protect","Darkness","BattleHymn","Rainbow"],"relics":["Cracked Core","Membership Card","MerchantsRug","betterThird:SlimedRelic","aspiration:KMNothing"],"acts_visited":[],"potions_floor_usage":[],"damage_taken":[{"damage":8,"enemies":"Small Slimes","floor":1,"turns":4},{"damage":20,"enemies":"Lagavulin","floor":6,"turns":4}],"seed_played":"9023815270642562030","potions_obtained":[],"is_trial":false,"path_per_floor":["M","?","AVR","?","$","E"],"character_chosen":"DEFECT","items_purchased":["Membership Card","Turbo","Go for the Eyes","MerchantsRug","Mayhem","Defragment","Protect","Darkness","BattleHymn"],"campfire_rested":0,"item_purchase_floors":[0,0,0,0,5,5,5,5,5],"current_hp_per_floor":[57,46,146,146,75,55,55],"gold":319,"neow_bonus":"","is_daily":false,"chose_seed":false,"campfire_upgraded":0,"win_rate":0.0,"timestamp":1609006002,"path_taken":["M","?","AVR","?","$","E"],"items_purchased_type":["Relic","Card","Card","Relic","Card","Card","Card","Card","Card"],"build_version":"2020-12-22","purchased_purges":0,"victory":false,"max_hp_per_floor":[75,75,175,175,75,75,75],"card_choices":[{"not_picked":["Recycle","Barrage"],"picked":"Glacier","floor":1},{"not_picked":["Melter","Streamline"],"picked":"Rainbow","floor":6}],"player_experience":327056,"relics_obtained":[{"floor":6,"key":"aspiration:KMNothing"}],"event_choices":[{"damage_healed":0,"gold_gain":0,"player_choice":"Slimed","damage_taken":11,"max_hp_gain":0,"max_hp_loss":0,"event_name":"betterThird:BetterGoop","floor":2,"gold_loss":43}],"is_beta":false,"boss_relics":[],"items_purged_floors":[],"is_endless":false,"potions_floor_spawned":[],"killed_by":"Lagavulin","ascension_level":0}}