{"host":"dhyczjm99amxd3qx","time":1609023797,"event":{"mods":["BaseMod","Colored Map","Googly Eyes","Highlight Path","Minty Spire (QoL Compilation)","Quick Restart","StSLib"],"gold_per_floor":[109,123,73,73,248,279,46,59,82,82,82,82,157,157,157],"floor_reached":14,"playtime":515,"items_purged":["Doubt"],"score":86,"play_id":"61fc184f-6273-46f4-aaad-c5778ae58d53","local_time":"20201226180317","is_ascension_mode":false,"campfire_choices":[{"data":"Amplify","floor":10,"key":"SMITH"},{"data":"Loop","floor":12,"key":"SMITH"}],"circlet_count":0,"master_deck":["Strike_B","Strike_B","Strike_B","Defend_B","Defend_B","Defend_B","Defend_B","Zap","Dualcast","Heatsinks","Loop+1","Amplify+1","Capacitor","BootSequence","Chaos"],"relics":["Cracked Core","Golden Idol","Happy Flower","Boot"],"acts_visited":["Exordium"],"potions_floor_usage":[],"damage_taken":[{"damage":0.0,"enemies":"Cultist","floor":1.0,"turns":4.0},{"damage":2.0,"enemies":"2 Louse","floor":2.0,"turns":3.0},{"damage":56.0,"enemies":"3 Sentries","floor":6.0,"turns":9.0},{"damage":1,"enemies":"Small Slimes","floor":8,"turns":3},{"damage":13,"enemies":"Lagavulin","floor":14,"turns":5}],"seed_played":"194103297138218085","potions_obtained":[],"is_trial":false,"path_per_floor":["M","M","?","?","?","E","$","M","T","R","?","R","?","E"],"character_chosen":"DEFECT","items_purchased":["Capacitor","BootSequence"],"campfire_rested":0,"item_purchase_floors":[7,7],"current_hp_per_floor":[82,80,80,80,80,24,24,23,23,23,23,23,12,0,0],"gold":157,"neow_bonus":"TEN_PERCENT_HP_BONUS","is_daily":false,"chose_seed":false,"campfire_upgraded":2,"win_rate":0.0,"timestamp":1609023797,"path_taken":["M","M","?","?","?","E","$","M","T","R","?","R","?","E"],"items_purchased_type":["Card","Card"],"build_version":"2020-12-22","purchased_purges":1,"victory":false,"max_hp_per_floor":[82,82,82,82,82,82,82,82,82,82,82,82,82,82,82],"card_choices":[{"not_picked":["Rebound","Sweeping Beam"],"picked":"Heatsinks","floor":1.0},{"not_picked":["Steam","Compile Driver"],"picked":"Loop","floor":2.0},{"not_picked":["Go for the Eyes","Cold Snap"],"picked":"Amplify","floor":6.0},{"not_picked":["Sweeping Beam","Compile Driver"],"picked":"Chaos","floor":8}],"player_experience":67759,"relics_obtained":[{"floor":6.0,"key":"Happy Flower"},{"floor":9,"key":"Boot"}],"event_choices":[{"cards_removed":["Strike_B"],"damage_healed":0.0,"max_hp_gain":0.0,"max_hp_loss":0.0,"gold_gain":0.0,"event_name":"The Cleric","player_choice":"Card Removal","floor":3.0,"gold_loss":50.0,"damage_taken":0.0},{"damage_healed":0.0,"max_hp_gain":0.0,"max_hp_loss":0.0,"gold_gain":0.0,"event_name":"Golden Idol","player_choice":"Take Wound","floor":4.0,"gold_loss":0.0,"damage_taken":0.0,"relics_obtained":["Golden Idol"],"cards_obtained":["Injury"]},{"damage_healed":0.0,"max_hp_gain":0.0,"max_hp_loss":0.0,"gold_gain":175.0,"event_name":"Liars Game","player_choice":"AGREE","floor":5.0,"gold_loss":0.0,"damage_taken":0.0,"cards_obtained":["Doubt"]},{"cards_removed":["Injury"],"damage_healed":0,"gold_gain":0,"player_choice":"Forget","damage_taken":0,"max_hp_gain":0,"max_hp_loss":0,"event_name":"Living Wall","floor":11,"gold_loss":0},{"damage_healed":0,"gold_gain":75,"player_choice":"Gather Gold","damage_taken":11,"max_hp_gain":0,"max_hp_loss":0,"event_name":"World of Goop","floor":13,"gold_loss":0}],"is_beta":false,"boss_relics":[],"items_purged_floors":[7],"is_endless":false,"potions_floor_spawned":[],"killed_by":"Lagavulin","ascension_level":0}}