{"host":"y3h3n3f7seyagppx","time":1609015173,"event":{"mods":["AlwaysNeverKeys","BaseMod","Better Vampires","Colored Powertips","DeckTracker","Emptier Cage","Minty Spire (QoL Compilation)","Permanent Neow","Quick Restart","Rare Cards Sparkle","Relic Sorter","Relic Stats","StSLib","Transform Curses"],"gold_per_floor":[109,109,34,51,67,95,95,130,130,130,148,481,481,481,481,560,560,575,585,603,172,183,214,214,243,319,352,365,365,393,420,420,498,498,518,518,204,220,240,267,287,301,301,351,370,49,59,88,88,88,88],"floor_reached":50,"playtime":3766,"items_purged":["Pain","Strike_R","Strike_R"],"score":1329,"play_id":"43cdc3f6-1cf4-4c8d-8404-5fe9e9b89b1b","local_time":"20201226153933","is_ascension_mode":true,"campfire_choices":[{"data":"Armaments","floor":7.0,"key":"SMITH"},{"data":"Thunderclap","floor":10.0,"key":"SMITH"},{"data":"Fire Breathing","floor":15.0,"key":"SMITH"},{"floor":24.0,"key":"REST"},{"floor":29.0,"key":"REST"},{"floor":32.0,"key":"REST"},{"floor":49,"key":"REST"}],"circlet_count":0,"master_deck":["AscendersBane","Strike_R","Strike_R","Strike_R","Defend_R","Defend_R","Defend_R+1","Defend_R","Bash+1","Fire Breathing+1","Thunderclap+1","Armaments+1","Anger","Fiend Fire+1","Immolate","Twin Strike+1","Burning Pact+1","Shockwave","Corruption","Feel No Pain","Dark Shackles","Flame Barrier","Shockwave","Offering","Shrug It Off+1","Body Slam","Evolve","Power Through","Pommel Strike+1"],"relics":["Burning Blood","Blood Vial","WarpedTongs","Pantograph","Mercury Hourglass","Kunai","Old Coin","Fusion Hammer","Sling","MealTicket","Happy Flower","Bag of Marbles","Letter Opener","Meat on the Bone","InkBottle","Red Mask","Black Star","FossilizedHelix","Anchor","Calipers","Frozen Eye","Centennial Puzzle","Gambling Chip"],"acts_visited":["Exordium","TheCity","TheBeyond"],"potions_floor_usage":[],"damage_taken":[{"damage":4.0,"enemies":"Jaw Worm","floor":1.0,"turns":6.0},{"damage":6.0,"enemies":"Cultist","floor":4.0,"turns":3.0},{"damage":7.0,"enemies":"Small Slimes","floor":5.0,"turns":3.0},{"damage":9.0,"enemies":"3 Sentries","floor":6.0,"turns":5.0},{"damage":22.0,"enemies":"Lagavulin","floor":8.0,"turns":7.0},{"damage":12.0,"enemies":"Gremlin Gang","floor":11.0,"turns":3.0},{"damage":8.0,"enemies":"Gremlin Nob","floor":12.0,"turns":3.0},{"damage":0.0,"enemies":"Slime Boss","floor":16.0,"turns":5.0},{"damage":21.0,"enemies":"Shell Parasite","floor":18.0,"turns":3.0},{"damage":7.0,"enemies":"2 Thieves","floor":19.0,"turns":2.0},{"damage":20.0,"enemies":"Cultist and Chosen","floor":20.0,"turns":5.0},{"damage":18.0,"enemies":"Snecko","floor":22.0,"turns":3.0},{"damage":10.0,"enemies":"Gremlin Leader","floor":23.0,"turns":3.0},{"damage":29.0,"enemies":"Slavers","floor":25.0,"turns":3.0},{"damage":29.0,"enemies":"Book of Stabbing","floor":27.0,"turns":4.0},{"damage":0.0,"enemies":"3 Cultists","floor":28.0,"turns":3.0},{"damage":22.0,"enemies":"Slavers","floor":30.0,"turns":4.0},{"damage":8.0,"enemies":"Masked Bandits","floor":31.0,"turns":3.0},{"damage":69.0,"enemies":"Automaton","floor":33.0,"turns":8.0},{"damage":12.0,"enemies":"Orb Walker","floor":35.0,"turns":3.0},{"damage":8.0,"enemies":"3 Darklings","floor":38.0,"turns":3.0},{"damage":0.0,"enemies":"Spire Growth","floor":39.0,"turns":4.0},{"damage":29.0,"enemies":"Reptomancer","floor":40.0,"turns":6.0},{"damage":3.0,"enemies":"4 Shapes","floor":41.0,"turns":4.0},{"damage":6.0,"enemies":"Transient","floor":42.0,"turns":6.0},{"damage":8.0,"enemies":"Maw","floor":45.0,"turns":7.0},{"damage":6,"enemies":"3 Darklings","floor":47,"turns":5},{"damage":38,"enemies":"Nemesis","floor":48,"turns":8},{"damage":80,"enemies":"Awakened One","floor":50,"turns":12}],"seed_played":"2798460061845098219","potions_obtained":[{"floor":1.0,"key":"Explosive Potion"},{"floor":5.0,"key":"PowerPotion"},{"floor":8.0,"key":"SkillPotion"},{"floor":11.0,"key":"GamblersBrew"},{"floor":20.0,"key":"Energy Potion"},{"floor":27.0,"key":"FearPotion"},{"floor":39.0,"key":"Strength Potion"},{"floor":41.0,"key":"Weak Potion"},{"floor":48,"key":"EntropicBrew"}],"is_trial":false,"path_per_floor":["M","?","$","M","M","E","R","E","T","R","M","E","?","?","R","B",null,"M","M","M","$","M","E","R","E","T","E","M","R","E","?","R","B",null,"M","?","$","M","M","E","M","M","T","?","M","$","M","E","R","B"],"character_chosen":"IRONCLAD","items_purchased":["Sling","MealTicket","Feel No Pain","Dark Shackles","Evolve","Power Through","Frozen Eye"],"campfire_rested":4,"item_purchase_floors":[21,21,37,37,46,46,46],"current_hp_per_floor":[72,72,72,74,74,72,72,58,58,58,54,54,31,31,31,64,72,59,60,48,48,38,36,58,37,37,16,36,58,44,44,66,24,62,58,75,75,73,75,52,57,59,59,59,59,74,75,55,75,0,0],"gold":88,"neow_bonus":"RANDOM_COMMON_RELIC","is_daily":false,"chose_seed":false,"campfire_upgraded":3,"win_rate":0.0,"timestamp":1609015173,"path_taken":["M","?","$","M","?","E","R","E","T","R","M","E","?","?","R","BOSS","M","?","M","?","M","E","R","E","T","E","?","R","E","?","R","BOSS","M","?","$","M","M","E","M","?","T","?","M","?","M","E","R","BOSS"],"items_purchased_type":["Relic","Relic","Card","Card","Card","Card","Relic"],"build_version":"2020-12-22","purchased_purges":3,"victory":false,"max_hp_per_floor":[75,75,75,75,75,75,75,75,75,75,75,75,75,75,75,75,75,75,75,75,75,75,75,75,75,75,75,75,75,75,75,75,75,75,75,75,75,75,75,75,75,75,75,75,75,75,75,75,75,75,75],"relic_stats":{"Happy Flower":[27],"counters":[29,134],"Letter Opener":[117],"Burning Blood":162,"WarpedTongs":[118],"Mercury Hourglass":[504],"Blood Vial":45,"Centennial Puzzle":[3],"Pantograph":34,"Gambling Chip":[3],"MealTicket":15,"Black Star":2,"Kunai":[29],"obtain_stats":[{"Calipers":43,"Happy Flower":23,"Letter Opener":26,"Sling":21,"Burning Blood":0,"WarpedTongs":2,"Mercury Hourglass":8,"Old Coin":12,"Blood Vial":0,"Frozen Eye":46,"Anchor":40,"Centennial Puzzle":48,"Pantograph":6,"Gambling Chip":48,"MealTicket":21,"Fusion Hammer":17,"Bag of Marbles":25,"Red Mask":31,"Black Star":34,"Kunai":9,"InkBottle":30,"FossilizedHelix":40,"Meat on the Bone":27},{"Calipers":25,"Happy Flower":13,"Letter Opener":14,"Sling":11,"Burning Blood":0,"WarpedTongs":1,"Mercury Hourglass":5,"Old Coin":7,"Blood Vial":0,"Frozen Eye":26,"Anchor":23,"Centennial Puzzle":28,"Pantograph":4,"Gambling Chip":28,"MealTicket":11,"Fusion Hammer":8,"Bag of Marbles":14,"Red Mask":18,"Black Star":19,"Kunai":5,"InkBottle":17,"FossilizedHelix":23,"Meat on the Bone":15},{"Calipers":102,"Happy Flower":51,"Letter Opener":54,"Sling":45,"Burning Blood":0,"WarpedTongs":6,"Mercury Hourglass":24,"Old Coin":30,"Blood Vial":0,"Frozen Eye":109,"Anchor":92,"Centennial Puzzle":122,"Pantograph":17,"Gambling Chip":122,"MealTicket":45,"Fusion Hammer":35,"Bag of Marbles":54,"Red Mask":68,"Black Star":76,"Kunai":24,"InkBottle":65,"FossilizedHelix":92,"Meat on the Bone":58}],"InkBottle":[27],"Meat on the Bone":36},"card_choices":[{"not_picked":["Power Through","Metallicize"],"picked":"Fire Breathing","floor":1.0},{"not_picked":["Seeing Red","Bloodletting"],"picked":"Thunderclap","floor":4.0},{"not_picked":["Twin Strike","Headbutt"],"picked":"Armaments","floor":5.0},{"not_picked":["Pommel Strike","Perfected Strike"],"picked":"Anger","floor":6.0},{"not_picked":["Perfected Strike","Wild Strike","Heavy Blade"],"picked":"SKIP","floor":8.0},{"not_picked":["Rage","Perfected Strike"],"picked":"Fiend Fire","floor":11.0},{"not_picked":["Clash","Flex","Body Slam"],"picked":"SKIP","floor":12.0},{"not_picked":["Clash","Flex","Body Slam"],"picked":"SKIP","floor":12.0},{"not_picked":["Brutality","Berserk"],"picked":"Immolate","floor":16.0},{"not_picked":["Reckless Charge","Warcry"],"picked":"Twin Strike+1","floor":18.0},{"not_picked":["Combust+1","Pommel Strike+1"],"picked":"Burning Pact+1","floor":19.0},{"not_picked":["Wild Strike","Burning Pact","Double Tap"],"picked":"SKIP","floor":20.0},{"not_picked":["Havoc","Intimidate","Infernal Blade"],"picked":"SKIP","floor":22.0},{"not_picked":["Disarm","Havoc","Armaments"],"picked":"SKIP","floor":23.0},{"not_picked":["Sword Boomerang","Havoc","Dual Wield"],"picked":"SKIP","floor":25.0},{"not_picked":["Dropkick","Heavy Blade"],"picked":"Shockwave","floor":27.0},{"not_picked":["Clash+1","Headbutt+1","Intimidate"],"picked":"SKIP","floor":28.0},{"not_picked":["Berserk","True Grit","Havoc"],"picked":"SKIP","floor":30.0},{"not_picked":["Feed","Fiend Fire"],"picked":"Corruption","floor":33.0},{"not_picked":["Twin Strike","Flex","Clothesline"],"picked":"SKIP","floor":35.0},{"not_picked":["Warcry","True Grit"],"picked":"Flame Barrier","floor":38.0},{"not_picked":["Metallicize","Headbutt","Cleave"],"picked":"SKIP","floor":39.0},{"not_picked":["Shrug It Off","Reckless Charge"],"picked":"Shockwave","floor":40.0},{"not_picked":["Armaments","Rage+1"],"picked":"Offering","floor":41.0},{"not_picked":["Searing Blow","Clash"],"picked":"Shrug It Off+1","floor":42.0},{"not_picked":["Sever Soul","Wild Strike+1"],"picked":"Body Slam","floor":45},{"not_picked":["Heavy Blade","Clash+1"],"picked":"Pommel Strike+1","floor":47},{"not_picked":["Sword Boomerang","Pommel Strike","Dropkick"],"picked":"SKIP","floor":48}],"player_experience":20140274,"relics_obtained":[{"floor":6.0,"key":"Pantograph"},{"floor":8.0,"key":"Mercury Hourglass"},{"floor":9.0,"key":"Kunai"},{"floor":12.0,"key":"Old Coin"},{"floor":23.0,"key":"Happy Flower"},{"floor":25.0,"key":"Bag of Marbles"},{"floor":26.0,"key":"Letter Opener"},{"floor":27.0,"key":"Meat on the Bone"},{"floor":30.0,"key":"InkBottle"},{"floor":31.0,"key":"Red Mask"},{"floor":40.0,"key":"FossilizedHelix"},{"floor":40.0,"key":"Anchor"},{"floor":43.0,"key":"Calipers"},{"floor":48,"key":"Centennial Puzzle"},{"floor":48,"key":"Gambling Chip"}],"event_choices":[{"damage_healed":0.0,"max_hp_gain":0.0,"max_hp_loss":0.0,"gold_gain":0.0,"event_name":"Accursed Blacksmith","player_choice":"Rummage","floor":2.0,"gold_loss":0.0,"damage_taken":0.0,"relics_obtained":["WarpedTongs"],"cards_obtained":["Pain"]},{"damage_healed":0.0,"max_hp_gain":0.0,"max_hp_loss":0.0,"gold_gain":0.0,"event_name":"Shining Light","player_choice":"Entered Light","floor":13.0,"gold_loss":0.0,"damage_taken":23.0,"cards_upgraded":["Defend_R","Fiend Fire"]},{"damage_healed":0.0,"max_hp_gain":0.0,"max_hp_loss":0.0,"gold_gain":0.0,"event_name":"Upgrade Shrine","player_choice":"Upgraded","floor":14.0,"gold_loss":0.0,"damage_taken":0.0,"cards_upgraded":["Bash"]},{"damage_healed":0.0,"max_hp_gain":0.0,"max_hp_loss":0.0,"gold_gain":0.0,"event_name":"Masked Bandits","player_choice":"Fought Bandits","floor":31.0,"gold_loss":0.0,"damage_taken":0.0},{"damage_healed":17.0,"max_hp_gain":0.0,"max_hp_loss":0.0,"gold_gain":0.0,"event_name":"Wheel of Change","player_choice":"Full Heal","floor":36.0,"gold_loss":0.0,"damage_taken":0.0},{"damage_healed":0.0,"max_hp_gain":0.0,"max_hp_loss":0.0,"gold_gain":50.0,"event_name":"Golden Shrine","player_choice":"Pray","floor":44.0,"gold_loss":0.0,"damage_taken":0.0}],"is_beta":false,"boss_relics":[{"not_picked":["Empty Cage","Sozu"],"picked":"Fusion Hammer"},{"not_picked":["Calling Bell","Mark of Pain"],"picked":"Black Star"}],"items_purged_floors":[3,21,37],"is_endless":false,"potions_floor_spawned":[1,5,8,11,20,22,27,39,41,42,45,48],"killed_by":"Awakened One","ascension_level":20}}