{"host":"ywt8u9kq80n9hc8s","time":1609001122,"event":{"mods":["AchievementEnabler","Alarm Clock","BaseMod","Better Altar","Better Match","Better Note","Better Sensory Stone","Better Skull","Better Third Choice","BetterRewards","Filter the Spire","Minty Spire (QoL Compilation)","Permanent Neow","Rare Cards Sparkle","StSLib"],"gold_per_floor":[115,40,40,51,51,83,83,114,414,1,1,27,59,88,88,192,192,204,58,58,58,85,85,113,148,148,186,227,239,251,288,300,413,425,455,172,225,243,289,322,322,350,350,383,97,126,1,34,34,34],"floor_reached":51,"playtime":6383,"items_purged":["Protect","Gash","Gash"],"score":1285,"play_id":"68b81d80-8dbf-46e1-8c58-bc86e7b5860a","local_time":"20201226184522","daily_mods":["Draft","Red Cards","Green Cards","Blue Cards","Purple Cards","Heirloom","Time Dilation","Flight","DeadlyEvents","Elite Swarm"],"is_ascension_mode":false,"campfire_choices":[{"floor":7,"key":"REST"},{"data":"Echo Form","floor":11,"key":"SMITH"},{"data":"DevaForm","floor":15,"key":"SMITH"},{"data":"Wraith Form v2","floor":23,"key":"SMITH"},{"floor":29,"key":"REST"},{"data":"Demon Form","floor":32,"key":"SMITH"},{"data":"After Image","floor":41,"key":"SMITH"},{"data":"Alpha","floor":49,"key":"SMITH"}],"circlet_count":0,"master_deck":["Demon Form+1","Wraith Form v2+1","Echo Form+1","DevaForm+1","BowlingBash","Bane","Vengeance","Wireheading","Rebound+1","Whirlwind+1","Conserve Battery","Hello World","CutThroughFate","EmptyFist","Eviscerate","Devotion","Omniscience","Creative AI","Omniscience","Bludgeon+1","Finisher+1","Hologram+1","After Image+1","Feed+1","Alpha+1"],"relics":["Snecko Eye","Incense Burner","Lantern","Nunchaku","Peace Pipe","Art of War","Old Coin","FossilizedHelix","Dream Catcher","Ice Cream","Pantograph","Black Star","Blood Vial","Dead Branch","Molten Egg 2","Tiny Chest","White Beast Statue","Question Card","Champion Belt","MawBank","Pen Nib","Boot","Potion Belt","Self Forming Clay","Blue Candle","Whetstone","Philosopher\u0027s Stone","Medical Kit","MealTicket","Pocketwatch","Bag of Marbles","Bottled Flame","Bronze Scales","Gambling Chip","Kunai","Mango","Turnip","Ancient Tea Set","Akabeko","Orichalcum","Eternal Feather","Vajra","TungstenRod","Bag of Preparation"],"acts_visited":["Exordium","TheCity","TheBeyond"],"potions_floor_usage":[],"damage_taken":[{"damage":6,"enemies":"2 Louse","floor":1,"turns":3},{"damage":0,"enemies":"Cultist","floor":4,"turns":3},{"damage":11,"enemies":"3 Sentries","floor":6,"turns":4},{"damage":0,"enemies":"Lagavulin","floor":8,"turns":3},{"damage":2,"enemies":"3 Sentries","floor":12,"turns":3},{"damage":0,"enemies":"Gremlin Nob","floor":13,"turns":3},{"damage":0,"enemies":"Lagavulin","floor":14,"turns":3},{"damage":2,"enemies":"The Guardian","floor":16,"turns":5},{"damage":22,"enemies":"3 Byrds","floor":18,"turns":3},{"damage":10,"enemies":"Book of Stabbing","floor":22,"turns":4},{"damage":20,"enemies":"Slavers","floor":24,"turns":3},{"damage":6,"enemies":"Book of Stabbing","floor":25,"turns":3},{"damage":25,"enemies":"Slavers","floor":27,"turns":4},{"damage":6,"enemies":"Book of Stabbing","floor":28,"turns":5},{"damage":3,"enemies":"Gremlin Leader","floor":31,"turns":5},{"damage":0,"enemies":"Collector","floor":33,"turns":3},{"damage":2,"enemies":"3 Shapes","floor":35,"turns":3},{"damage":1,"enemies":"2 Orb Walkers","floor":37,"turns":4},{"damage":0,"enemies":"Orb Walker","floor":38,"turns":2},{"damage":0,"enemies":"Giant Head","floor":40,"turns":3},{"damage":0,"enemies":"Nemesis","floor":42,"turns":3},{"damage":0,"enemies":"Giant Head","floor":44,"turns":3},{"damage":0,"enemies":"Nemesis","floor":46,"turns":3},{"damage":0,"enemies":"Reptomancer","floor":48,"turns":1},{"damage":0,"enemies":"Awakened One","floor":50,"turns":4}],"seed_played":"7047082343210629242","potions_obtained":[{"floor":8,"key":"ColorlessPotion"},{"floor":13,"key":"SkillPotion"},{"floor":16,"key":"Swift Potion"},{"floor":25,"key":"Weak Potion"},{"floor":28,"key":"ElixirPotion"},{"floor":31,"key":"Explosive Potion"},{"floor":38,"key":"PowerPotion"},{"floor":40,"key":"PowerPotion"},{"floor":46,"key":"DistilledChaos"},{"floor":48,"key":"Ancient Potion"}],"is_trial":true,"path_per_floor":["M","$","?","M","?","E","R","E","T","$","R","E","E","E","R","B",null,"M","$","?","?","E","R","E","E","T","E","E","R","$","E","R","B",null,"M","$","?","M","T","E","R","E","T","E","$","E","$","E","R","B",null],"character_chosen":"IRONCLAD","items_purchased":["FossilizedHelix","Blood Vial","Medical Kit","MealTicket","Akabeko","Orichalcum"],"campfire_rested":2,"item_purchase_floors":[10,19,36,36,45,45],"current_hp_per_floor":[74,74,79,79,46,35,59,59,59,59,59,57,57,57,57,78,80,58,58,58,80,70,70,52,48,48,25,21,45,45,44,44,71,80,78,78,79,80,80,80,80,80,94,94,94,94,94,94,94,94],"gold":34,"neow_bonus":"","is_daily":false,"chose_seed":false,"campfire_upgraded":6,"win_rate":0.0,"timestamp":1609001122,"path_taken":["M","$","?","?","?","E","R","E","T","$","R","E","?","E","R","BOSS","M","$","?","?","?","R","E","E","T","E","E","R","?","E","R","BOSS","M","$","?","?","?","E","R","E","T","E","$","E","?","E","R","BOSS"],"items_purchased_type":["Relic","Relic","Relic","Relic","Relic","Relic"],"build_version":"2020-12-22","purchased_purges":3,"victory":true,"max_hp_per_floor":[80,80,80,80,80,80,80,80,80,80,80,80,80,80,80,80,80,80,80,80,80,80,80,80,80,80,80,80,80,80,80,80,80,80,80,80,80,80,80,80,80,80,94,94,94,94,94,94,94,94],"card_choices":[{"not_picked":["Leap","Clash"],"picked":"Protect","floor":0},{"not_picked":["Perfected Strike","JustLucky"],"picked":"BowlingBash","floor":0},{"not_picked":["Sanctity","Auto Shields"],"picked":"Bane","floor":0},{"not_picked":["Outmaneuver","Acrobatics"],"picked":"Gash","floor":0},{"not_picked":["Battle Trance","Wild Strike"],"picked":"Prepared","floor":0},{"not_picked":["Havoc","InnerPeace"],"picked":"Vengeance","floor":0},{"not_picked":["Endless Agony","True Grit"],"picked":"Gash","floor":0},{"not_picked":["Wild Strike","Bloodletting"],"picked":"Wireheading","floor":0},{"not_picked":["Dodge and Roll","Armaments"],"picked":"Rebound","floor":0},{"not_picked":["CrushJoints","Masterful Stab"],"picked":"Whirlwind","floor":0},{"not_picked":["Sucker Punch","ThirdEye"],"picked":"Conserve Battery","floor":0},{"not_picked":["Hemokinesis","CrushJoints"],"picked":"Hello World","floor":0},{"not_picked":["Footwork","Seeing Red"],"picked":"CutThroughFate","floor":0},{"not_picked":["Compile Driver","Halt"],"picked":"EmptyFist","floor":0},{"not_picked":["Havoc","Sucker Punch"],"picked":"Eviscerate","floor":0},{"not_picked":["Underhanded Strike","Meditate","Go for the Eyes"],"picked":"SKIP","floor":1},{"not_picked":["Flying Knee","Rupture","Escape Plan"],"picked":"SKIP","floor":4},{"not_picked":["Scrawl","Double Tap","Burst"],"picked":"SKIP","floor":6},{"not_picked":["Grand Finale","Amplify"],"picked":"Devotion","floor":8},{"not_picked":["Die Die Die","Wraith Form v2","Echo Form"],"picked":"SKIP","floor":12},{"not_picked":["Unload","Blasphemy"],"picked":"Omniscience","floor":13},{"not_picked":["Juggernaut","SpiritShield","Bludgeon"],"picked":"SKIP","floor":14},{"not_picked":["Vengeance","Cleave","Rage+1"],"picked":"SKIP","floor":18},{"not_picked":["ConjureBlade","Wraith Form v2","Amplify"],"picked":"SKIP","floor":22},{"not_picked":["Fission","Demon Form","Core Surge+1"],"picked":"SKIP","floor":24},{"not_picked":["Double Tap","Wraith Form v2","After Image"],"picked":"SKIP","floor":25},{"not_picked":["Night Terror","Creative AI","Multi-Cast"],"picked":"Omniscience","floor":27},{"not_picked":["Alpha","Burst","Scrawl"],"picked":"Bludgeon+1","floor":28},{"not_picked":["JustLucky+1","Outmaneuver","Beam Cell+1"],"picked":"Finisher+1","floor":29},{"not_picked":["Alpha","Double Tap","Thunder Strike+1","Judgement"],"picked":"SKIP","floor":31},{"not_picked":["Catalyst+1","Redo","PathToVictory+1"],"picked":"Hologram+1","floor":35},{"not_picked":["Consecrate+1","Melter+1","Wild Strike+1","Deflect"],"picked":"SKIP","floor":38},{"not_picked":["Envenom","Offering","Wraith Form v2"],"picked":"After Image","floor":40},{"not_picked":["Echo Form","Core Surge+1","Grand Finale+1","After Image"],"picked":"SKIP","floor":42},{"not_picked":["Establishment","Phantasmal Killer","Corruption"],"picked":"Feed+1","floor":44},{"not_picked":["Barricade","Adrenaline","Corruption","Limit Break"],"picked":"SKIP","floor":46},{"not_picked":["Core Surge+1","Buffer","Wish"],"picked":"Alpha","floor":48}],"player_experience":60524,"relics_obtained":[{"floor":6,"key":"Peace Pipe"},{"floor":8,"key":"Art of War"},{"floor":9,"key":"Old Coin"},{"floor":12,"key":"Dream Catcher"},{"floor":13,"key":"Ice Cream"},{"floor":14,"key":"Pantograph"},{"floor":22,"key":"Dead Branch"},{"floor":22,"key":"Molten Egg 2"},{"floor":24,"key":"Tiny Chest"},{"floor":24,"key":"White Beast Statue"},{"floor":25,"key":"Question Card"},{"floor":25,"key":"Champion Belt"},{"floor":26,"key":"MawBank"},{"floor":27,"key":"Pen Nib"},{"floor":27,"key":"Boot"},{"floor":28,"key":"Potion Belt"},{"floor":28,"key":"Self Forming Clay"},{"floor":31,"key":"Blue Candle"},{"floor":31,"key":"Whetstone"},{"floor":37,"key":"Pocketwatch"},{"floor":39,"key":"Bag of Marbles"},{"floor":40,"key":"Bottled Flame"},{"floor":40,"key":"Bronze Scales"},{"floor":42,"key":"Gambling Chip"},{"floor":42,"key":"Kunai"},{"floor":43,"key":"Mango"},{"floor":44,"key":"Turnip"},{"floor":44,"key":"Ancient Tea Set"},{"floor":46,"key":"Eternal Feather"},{"floor":46,"key":"Vajra"},{"floor":48,"key":"TungstenRod"},{"floor":48,"key":"Bag of Preparation"}],"event_choices":[{"cards_removed":["Prepared"],"damage_healed":5,"gold_gain":0,"player_choice":"Offered Common","damage_taken":0,"max_hp_gain":0,"max_hp_loss":0,"event_name":"Bonfire Elementals","floor":3,"gold_loss":0},{"cards_removed":["Prepared"],"damage_healed":5,"gold_gain":0,"player_choice":"Offered Special","damage_taken":0,"max_hp_gain":0,"max_hp_loss":0,"event_name":"Bonfire Elementals","floor":3,"gold_loss":0},{"damage_healed":0,"gold_gain":0,"player_choice":"RE RE ","damage_taken":37,"relics_obtained":["Lantern","Nunchaku"],"max_hp_gain":0,"max_hp_loss":0,"event_name":"betterSkull:BetterSkull","floor":5,"gold_loss":0,"cards_upgraded":[]},{"cards_removed":["DevaForm"],"damage_healed":0,"gold_gain":0,"player_choice":"Take \u0026 Give","damage_taken":0,"max_hp_gain":0,"max_hp_loss":0,"event_name":"betterNote:BetterNote","floor":20,"gold_loss":0,"cards_obtained":["Creative AI"]},{"damage_healed":26,"gold_gain":0,"player_choice":"Heal","damage_taken":0,"max_hp_gain":0,"max_hp_loss":0,"event_name":"The Library","floor":21,"gold_loss":0},{"damage_healed":0,"gold_gain":0,"player_choice":"Fight","damage_taken":0,"max_hp_gain":0,"max_hp_loss":0,"event_name":"Mysterious Sphere","floor":37,"gold_loss":0}],"is_beta":false,"boss_relics":[{"not_picked":["SlaversCollar","Fusion Hammer"],"picked":"Black Star"},{"not_picked":["Velvet Choker","Coffee Dripper"],"picked":"Philosopher\u0027s Stone"}],"items_purged_floors":[2,10,47],"is_endless":false,"potions_floor_spawned":[8,13,16,25,27,28,31,33,35,37,38,40,42,44,46,48],"ascension_level":0}}