{"host":"15dd7v8o90xso62x","time":1609014253,"event":{"mods":["BaseMod","Minty Spire (QoL Compilation)","Quick Restart","StSLib","SuperFastMode"],"gold_per_floor":[116,130,130,149,166,166,200,200,200,200,219,237,237,267,267,340,340,350,45,45,45,45,45,78,90,138,149,167,202,37,48,48,125,125,137,150,87,101,126,153,153,153],"floor_reached":41,"playtime":1641,"items_purged":["Strike_P","Defend_P","Strike_P"],"score":1096,"play_id":"5a3afb75-038f-4411-b271-791142823175","local_time":"20201227052413","is_ascension_mode":true,"campfire_choices":[{"data":"Eruption","floor":6.0,"key":"SMITH"},{"data":"CutThroughFate","floor":8.0,"key":"SMITH"},{"floor":13.0,"key":"REST"},{"data":"Blasphemy","floor":15.0,"key":"SMITH"},{"floor":23.0,"key":"REST"},{"data":"Adaptation","floor":32,"key":"SMITH"}],"circlet_count":0,"master_deck":["AscendersBane","Strike_P","Strike_P+1","Defend_P","Eruption+1","Vigilance","EmptyFist+1","CutThroughFate+1","InnerPeace","BowlingBash","Blasphemy+1","Conclude","Vault","Adaptation+1","ClearTheMind+1","Scrawl","WheelKick"],"relics":["PureWater","MealTicket","Whetstone","White Beast Statue","Runic Pyramid","Membership Card","Regal Pillow","Enchiridion","Bronze Scales","Anchor","Blood Vial","VioletLotus","CloakClasp","Art of War"],"acts_visited":["Exordium","TheCity","TheBeyond"],"potions_floor_usage":[29,29,31,33,38,40],"damage_taken":[{"damage":2.0,"enemies":"Small Slimes","floor":1.0,"turns":3.0},{"damage":1.0,"enemies":"2 Louse","floor":2.0,"turns":2.0},{"damage":12.0,"enemies":"Cultist","floor":4.0,"turns":3.0},{"damage":16.0,"enemies":"3 Louse","floor":5.0,"turns":2.0},{"damage":8.0,"enemies":"Gremlin Nob","floor":7.0,"turns":3.0},{"damage":0.0,"enemies":"2 Fungi Beasts","floor":11.0,"turns":1.0},{"damage":10.0,"enemies":"Exordium Wildlife","floor":12.0,"turns":2.0},{"damage":15.0,"enemies":"Lagavulin","floor":14.0,"turns":3.0},{"damage":0.0,"enemies":"Slime Boss","floor":16.0,"turns":3.0},{"damage":0.0,"enemies":"2 Thieves","floor":18.0,"turns":1.0},{"damage":6.0,"enemies":"Book of Stabbing","floor":24.0,"turns":3.0},{"damage":1.0,"enemies":"3 Byrds","floor":25.0,"turns":3.0},{"damage":15.0,"enemies":"Centurion and Healer","floor":27.0,"turns":4.0},{"damage":2,"enemies":"Snecko","floor":28,"turns":4},{"damage":5,"enemies":"Gremlin Leader","floor":29,"turns":6},{"damage":0,"enemies":"Sentry and Sphere","floor":31,"turns":2},{"damage":23,"enemies":"Champ","floor":33,"turns":7},{"damage":0,"enemies":"3 Darklings","floor":35,"turns":3},{"damage":0,"enemies":"3 Shapes","floor":36,"turns":3},{"damage":55,"enemies":"Sphere and 2 Shapes","floor":38,"turns":3},{"damage":7,"enemies":"Mind Bloom Boss Battle","floor":39,"turns":5},{"damage":0,"enemies":"Reptomancer","floor":40,"turns":3},{"damage":0,"enemies":"Maw","floor":41,"turns":2}],"seed_played":"1522220712583645725","potions_obtained":[{"floor":1.0,"key":"Strength Potion"},{"floor":5.0,"key":"SkillPotion"},{"floor":11.0,"key":"Weak Potion"},{"floor":14.0,"key":"SkillPotion"},{"floor":16.0,"key":"DistilledChaos"},{"floor":18.0,"key":"SkillPotion"},{"floor":24.0,"key":"Block Potion"},{"floor":25.0,"key":"BottledMiracle"},{"floor":27.0,"key":"Strength Potion"},{"floor":29,"key":"Ambrosia"},{"floor":31,"key":"Strength Potion"},{"floor":33,"key":"LiquidBronze"},{"floor":35,"key":"DuplicationPotion"},{"floor":38,"key":"Strength Potion"},{"floor":40,"key":"BlessingOfTheForge"}],"is_trial":false,"path_per_floor":["M","M","?","M","M","R","E","R","T","?","M","M","R","E","R","B",null,"M","$","?","?","?","R","E","M","T","M","M","E","$","M","R","B",null,"M","M","$","M","?","E","M"],"character_chosen":"WATCHER","items_purchased":["Membership Card","Adaptation","Regal Pillow","Blood Vial","BottledMiracle"],"campfire_rested":2,"item_purchase_floors":[19,19,19,30,30],"current_hp_per_floor":[59,58,58,46,30,30,22,22,22,22,22,12,32,17,17,17,55,55,68,47,28,28,64,58,57,57,42,40,35,50,52,52,31,63,65,67,73,18,13,15,17,17],"gold":153,"neow_bonus":"REMOVE_CARD","is_daily":false,"chose_seed":false,"campfire_upgraded":4,"win_rate":0.0,"timestamp":1609014253,"path_taken":["M","M","?","M","M","R","E","R","T","?","M","?","R","E","R","BOSS","M","$","?","?","?","R","E","M","T","M","M","E","$","M","R","BOSS","M","M","$","M","?","E","M"],"items_purchased_type":["Relic","Card","Relic","Relic","Potion"],"build_version":"2020-12-22","purchased_purges":3,"victory":false,"max_hp_per_floor":[68,68,68,68,68,68,68,68,68,68,68,68,68,68,68,68,68,68,68,68,73,73,73,73,73,73,73,73,73,73,73,73,73,73,73,73,73,73,73,73,73,73],"card_choices":[{"not_picked":["Prostrate","Fasting2"],"picked":"EmptyFist","floor":1.0},{"not_picked":["CarveReality","Study","JustLucky"],"picked":"SKIP","floor":2.0},{"not_picked":["WreathOfFlame","Fasting2"],"picked":"CutThroughFate","floor":4.0},{"not_picked":["ThirdEye","SashWhip"],"picked":"InnerPeace","floor":5.0},{"not_picked":["FollowUp","InnerPeace"],"picked":"BowlingBash","floor":7.0},{"not_picked":["WindmillStrike","Wireheading","SashWhip"],"picked":"SKIP","floor":11.0},{"not_picked":["DeceiveReality","EmptyMind","WreathOfFlame"],"picked":"SKIP","floor":12.0},{"not_picked":["FollowUp","Study"],"picked":"Conclude","floor":14.0},{"not_picked":["Alpha","Brilliance"],"picked":"Vault","floor":16.0},{"not_picked":["Vengeance","JustLucky","WaveOfTheHand"],"picked":"SKIP","floor":18.0},{"not_picked":["Swivel","FlyingSleeves","EmptyFist"],"picked":"SKIP","floor":24.0},{"not_picked":["Crescendo","Prostrate","SandsOfTime+1"],"picked":"SKIP","floor":25.0},{"not_picked":["CarveReality","Collect"],"picked":"ClearTheMind+1","floor":27.0},{"not_picked":["JustLucky","WindmillStrike+1","Consecrate"],"picked":"SKIP","floor":28},{"not_picked":["InnerPeace","Prostrate","CutThroughFate+1"],"picked":"SKIP","floor":29},{"not_picked":["Halt","WindmillStrike","Evaluate"],"picked":"SKIP","floor":31},{"not_picked":["Omniscience","Devotion"],"picked":"Scrawl","floor":33},{"not_picked":["CrushJoints","FollowUp","CarveReality"],"picked":"SKIP","floor":35},{"not_picked":["JustLucky","ThirdEye"],"picked":"WheelKick","floor":36},{"not_picked":["BowlingBash+1","FlurryOfBlows","Consecrate"],"picked":"SKIP","floor":38},{"not_picked":["Consecrate","FollowUp+1","ForeignInfluence"],"picked":"SKIP","floor":40}],"player_experience":954306,"relics_obtained":[{"floor":7.0,"key":"MealTicket"},{"floor":9.0,"key":"Whetstone"},{"floor":14.0,"key":"White Beast Statue"},{"floor":20.0,"key":"Enchiridion"},{"floor":24.0,"key":"Bronze Scales"},{"floor":29,"key":"Anchor"},{"floor":39,"key":"CloakClasp"},{"floor":40,"key":"Art of War"}],"event_choices":[{"damage_healed":0.0,"max_hp_gain":0.0,"max_hp_loss":0.0,"gold_gain":0.0,"event_name":"Liars Game","player_choice":"Ignored","floor":3.0,"gold_loss":0.0,"damage_taken":0.0},{"damage_healed":0.0,"max_hp_gain":0.0,"max_hp_loss":0.0,"gold_gain":0.0,"cards_transformed":["Defend_P"],"event_name":"Transmorgrifier","player_choice":"Transformed","floor":10.0,"gold_loss":0.0,"damage_taken":0.0,"cards_obtained":["Blasphemy"]},{"damage_healed":0.0,"max_hp_gain":0.0,"max_hp_loss":0.0,"gold_gain":0.0,"event_name":"Cursed Tome","player_choice":"Obtained Book","floor":20.0,"gold_loss":0.0,"damage_taken":21.0},{"damage_healed":0.0,"max_hp_gain":5.0,"max_hp_loss":0.0,"gold_gain":0.0,"event_name":"Forgotten Altar","player_choice":"Shed Blood","floor":21.0,"gold_loss":0.0,"damage_taken":24.0},{"damage_healed":0,"gold_gain":0,"player_choice":"Fight","damage_taken":0,"max_hp_gain":0,"max_hp_loss":0,"event_name":"MindBloom","floor":39,"gold_loss":0}],"is_beta":false,"boss_relics":[{"not_picked":["Philosopher\u0027s Stone","Calling Bell"],"picked":"Runic Pyramid"},{"not_picked":["Busted Crown","Empty Cage"],"picked":"VioletLotus"}],"items_purged_floors":[19,30,37],"is_endless":false,"potions_floor_spawned":[1,5,11,14,16,18,24,25,27,28,29,31,33,35,36,38,39,40],"killed_by":"Maw","ascension_level":20}}