{"host":"64agj841g523yxf2","time":1609019766,"event":{"mods":["BaseMod","Hermit","Minty Spire (QoL Compilation)","Remilia??????","Replay The Spire","StSLib","SuperFastMode","Td1madao Mod","The Bug Knight","The Construct","The Cursed","The Disciple","The Hierophant","The Mystic","The Necromancer","The Poker Player","The Senshi","The Servant 0.9.4","Yuyuko"],"gold_per_floor":[118,118,118,132,144,172,183,183,258,258,0,13,13,39,39,142,142,155,125,23,23,41,41,56,56,56,56,6,20,38,38,38,38,38],"floor_reached":33,"playtime":1845,"items_purged":["Parasite","HollowMod:NailStrikeStart"],"score":332,"play_id":"d64001bc-3c8d-4a2b-b0b7-0793846440f7","local_time":"20201226225606","is_ascension_mode":false,"campfire_choices":[{"data":"HollowMod:FocusHealStart","floor":8,"key":"SMITH"},{"floor":23,"key":"REST"},{"floor":27,"key":"REST"},{"floor":32,"key":"REST"}],"circlet_count":0,"master_deck":["HollowMod:NailStrikeStart+1","HollowMod:NailStrikeStart+1","HollowMod:NailStrikeStart+1","HollowMod:QuickDashStart+1","HollowMod:QuickDashStart+1","HollowMod:QuickDashStart+1","HollowMod:QuickDashStart+1","HollowMod:FocusHealStart+1","HollowMod:PogoStrike","HollowMod:SiblingsSouls","HollowMod:FallenFury","HollowMod:CycloneSlash","HollowMod:GoodIntentions","HollowMod:SoulShaman","HollowMod:InfectionAssault","HollowMod:GreatSlash","HollowMod:ZotesMagnificence","HollowMod:GoodIntentions","HollowMod:Hiveblood","HollowMod:theNailsmith","HollowMod:GrimmsGift","HollowMod:SharpenedNail","HollowMod:HowlingWraiths","HollowMod:SoulStrike","HollowMod:HeavyBlow","HollowMod:DoubleDash+1","HollowMod:MothsMistake+1","HollowMod:AwokenDreamNail"],"relics":["HollowMod:VesselMask","NeowsBlessing","Ring of Hypnosis","Ring of Searing","Thread and Needle","The Courier","Membership Card","Chameleon Ring","Smiling Mask","SlaversCollar","Nilry\u0027s Codex","HollowMod:LumaflyLanternRelic"],"acts_visited":["Exordium","TheCity"],"potions_floor_usage":[14,16,19,24,24,33,33],"damage_taken":[{"damage":0,"enemies":"2 Louse","floor":1,"turns":1},{"damage":0,"enemies":"Cultist","floor":4,"turns":1},{"damage":0,"enemies":"Jaw Worm","floor":5,"turns":1},{"damage":38,"enemies":"Gremlin Nob","floor":6,"turns":5},{"damage":0,"enemies":"Blue Slaver","floor":7,"turns":3},{"damage":7,"enemies":"Exordium Wildlife","floor":12,"turns":2},{"damage":15,"enemies":"3 Sentries","floor":14,"turns":5},{"damage":15,"enemies":"Slime Boss","floor":16,"turns":6},{"damage":19,"enemies":"Chosen","floor":18,"turns":5},{"damage":28,"enemies":"2 Thieves","floor":19,"turns":2},{"damage":18,"enemies":"Snecko","floor":22,"turns":5},{"damage":23,"enemies":"3 Cultists","floor":24,"turns":4},{"damage":37,"enemies":"Sentry and Sphere","floor":29,"turns":6},{"damage":1,"enemies":"Centurion and Healer","floor":30,"turns":8},{"damage":50,"enemies":"Collector","floor":33,"turns":6}],"seed_played":"-9053194066337748116","potions_obtained":[{"floor":6,"key":"Death Potion"},{"floor":7,"key":"SmokeBomb"},{"floor":15,"key":"Venom Potion"},{"floor":15,"key":"ColorlessPotion"},{"floor":18,"key":"Milkshake"},{"floor":22,"key":"PowerPotion"},{"floor":30,"key":"Venom Potion"}],"is_trial":false,"path_per_floor":["M","?","?","M","M","E","M","R","T","?","$","M","T","E","R","B",null,"M","M","$","?","M","R","M","?","T","R","$","M","M","?","R","B"],"character_chosen":"THE_BUGKNIGHT","items_purchased":["HollowMod:GreatSlash","HollowMod:ZotesMagnificence","Membership Card","HollowMod:SharpenedNail","HollowMod:HowlingWraiths","HollowMod:SoulStrike"],"campfire_rested":3,"item_purchase_floors":[11,11,11,20,20,20],"current_hp_per_floor":[75,75,75,75,75,43,43,43,43,68,68,61,61,52,52,57,75,62,34,34,34,16,37,26,10,10,31,31,9,14,14,35,0,0],"gold":38,"neow_bonus":"THREE_ENEMY_KILL","is_daily":false,"chose_seed":false,"campfire_upgraded":1,"win_rate":0.0,"timestamp":1609019766,"path_taken":["M","?","?","M","?","E","?","R","T","?","$","M","?","E","R","BOSS","M","M","$","?","M","R","M","?","T","R","?","?","M","?","R","BOSS"],"items_purchased_type":["Card","Card","Relic","Card","Card","Card"],"build_version":"2020-12-22","purchased_purges":2,"victory":false,"max_hp_per_floor":[75,75,75,75,75,75,75,75,75,75,75,75,75,75,75,75,75,75,75,72,72,72,72,72,72,72,72,72,72,72,72,72,72,72],"card_choices":[{"not_picked":["HollowMod:NewJinnsSoul","HollowMod:NewLittleFool"],"picked":"HollowMod:SiblingsSouls","floor":1},{"not_picked":["HollowMod:NewJinnsSoul","HollowMod:InfectedAttack"],"picked":"HollowMod:CycloneSlash","floor":4},{"not_picked":["HollowMod:ShapeofUnn","HollowMod:FastStrike"],"picked":"HollowMod:GoodIntentions","floor":5},{"not_picked":["HollowMod:QuirrelsAssistance","HollowMod:CoiledNail"],"picked":"HollowMod:SoulShaman","floor":6},{"not_picked":["HollowMod:InfectedCysts","HollowMod:DungDefenderAura"],"picked":"HollowMod:InfectionAssault","floor":7},{"not_picked":["HollowMod:HuntersJournal","HollowMod:SoulVessel"],"picked":"HollowMod:GoodIntentions","floor":12},{"not_picked":["HollowMod:NewGlowingWomb","HollowMod:DreamGate"],"picked":"HollowMod:Hiveblood","floor":14},{"not_picked":["HollowMod:SlysStrikes","HollowMod:ElderbugsWisdom"],"picked":"HollowMod:theNailsmith","floor":16},{"not_picked":["HollowMod:TaintedHusks","HollowMod:NewJinnsSoul"],"picked":"HollowMod:GrimmsGift","floor":18},{"not_picked":["HollowMod:PerfectDash","HollowMod:PureNailStrike"],"picked":"HollowMod:HeavyBlow","floor":22},{"not_picked":["HollowMod:CloakDash","HollowMod:FallenFury"],"picked":"HollowMod:DoubleDash+1","floor":24},{"not_picked":["HollowMod:SoulVessel","HollowMod:LifebloodCocoon"],"picked":"HollowMod:MothsMistake+1","floor":29},{"not_picked":["HollowMod:CornifersMapStart","HollowMod:VengefulVoid"],"picked":"HollowMod:AwokenDreamNail","floor":30}],"player_experience":270678,"relics_obtained":[{"floor":2,"key":"Ring of Hypnosis"},{"floor":2,"key":"Ring of Searing"},{"floor":6,"key":"Thread and Needle"},{"floor":9,"key":"The Courier"},{"floor":13,"key":"Chameleon Ring"},{"floor":14,"key":"Smiling Mask"},{"floor":25,"key":"Nilry\u0027s Codex"},{"floor":26,"key":"HollowMod:LumaflyLanternRelic"}],"event_choices":[{"damage_healed":0,"gold_gain":0,"player_choice":"1 cards matched","damage_taken":0,"max_hp_gain":0,"max_hp_loss":0,"event_name":"Match and Keep!","floor":3,"gold_loss":0,"cards_obtained":["HollowMod:FallenFury"]},{"damage_healed":25,"gold_gain":0,"player_choice":"Banana","damage_taken":0,"max_hp_gain":0,"max_hp_loss":0,"event_name":"Big Fish","floor":10,"gold_loss":0},{"damage_healed":0,"gold_gain":0,"player_choice":"Obtained Book","damage_taken":16,"max_hp_gain":0,"max_hp_loss":0,"event_name":"Cursed Tome","floor":25,"gold_loss":0},{"damage_healed":0,"gold_gain":0,"player_choice":"Simplicity","damage_taken":0,"max_hp_gain":0,"max_hp_loss":0,"event_name":"Back to Basics","floor":31,"gold_loss":0,"cards_upgraded":["HollowMod:NailStrikeStart","HollowMod:NailStrikeStart","HollowMod:NailStrikeStart","HollowMod:QuickDashStart","HollowMod:QuickDashStart","HollowMod:QuickDashStart","HollowMod:QuickDashStart"]}],"is_beta":false,"boss_relics":[{"not_picked":["Astrolabe","Painkiller Herb"],"picked":"SlaversCollar"}],"items_purged_floors":[20,28],"is_endless":false,"potions_floor_spawned":[6,7,18,22,30],"killed_by":"Collector","ascension_level":0}}