{"host":"ormi09wwzv7sq47a","time":1609009050,"event":{"mods":["2.2 Compatiblity","AchievementEnabler","Act Like it!","BaseMod","Bestiary","Better Altar","Better Note","Better Sensory Stone","Better Skull","Better Third Choice","Better Vampires","BetterRewards","Block Reminder","Colored Map","Colored Powertips","Curses Come First","DeckTracker","Downfall","Highlight Path","Minty Spire (QoL Compilation)","Permanent Neow","Quick Restart","Rare Cards Sparkle","Relic Stats","Shop Mod","StSLib","The Jungle","The Servant 0.9.4"],"gold_per_floor":[113,129,129,139,39,39,66,66,66,86,86,106,122,147,147,221,221,239,114,129,129,140,140,158,8,31,31,31,31,31,63,63,137,137,151,164,183,196,35,35,35,35,35,68,68,98,117,142,142,142,142,142,31,59,59,59],"floor_reached":55,"playtime":2640,"items_purged":["Strike_B","Strike_B","Strike_B","Defend_B"],"score":1863,"play_id":"c96e09b4-fbe3-4dd9-8474-659fab31be7c","local_time":"20201226155730","is_ascension_mode":true,"campfire_choices":[{"data":"Zap","floor":6.0,"key":"SMITH"},{"data":"Sunder","floor":8.0,"key":"SMITH"},{"data":"Scrape","floor":11.0,"key":"SMITH"},{"data":"Defragment","floor":15.0,"key":"SMITH"},{"data":"Dualcast","floor":23.0,"key":"SMITH"},{"data":"Go for the Eyes","floor":28.0,"key":"SMITH"},{"data":"Beam Cell","floor":30.0,"key":"SMITH"},{"data":"Hologram","floor":32.0,"key":"SMITH"},{"data":"Seek","floor":40,"key":"SMITH"},{"data":"Aggregate","floor":42,"key":"SMITH"},{"floor":45,"key":"REST"},{"floor":49,"key":"RECALL"},{"floor":52,"key":"REST"}],"circlet_count":0,"master_deck":["AscendersBane","Defend_B","Defend_B","Defend_B+1","Zap+1","Dualcast+1","Gash","Scrape+1","Hologram+1","Go for the Eyes+1","Sunder+1","Leap","Conserve Battery+1","Turbo","Defragment+1","Beam Cell+1","Meteor Strike","Glacier","Compile Driver+1","Capacitor+1","Seek+1","Aggregate+1","Writhe","Redo+1"],"relics":["Cracked Core","Bronze Scales","CaptainsWheel","Dead Branch","Unceasing Top","Du-Vu Doll","Nuclear Battery","Omamori","Vajra","WarpedTongs","hexamod:BolsterEngine","Busted Crown","Bag of Marbles","FossilizedHelix","Shuriken","War Paint","Ice Cream"],"acts_visited":["Exordium","TheCity","TheBeyond","TheEnding"],"potions_floor_usage":[38,44,47,48,50,50,50,54,54],"damage_taken":[{"damage":1.0,"enemies":"Cultist","floor":1.0,"turns":3.0},{"damage":0.0,"enemies":"2 Louse","floor":2.0,"turns":2.0},{"damage":7.0,"enemies":"Jaw Worm","floor":4.0,"turns":2.0},{"damage":12.0,"enemies":"Gremlin Nob","floor":7.0,"turns":3.0},{"damage":0.0,"enemies":"3 Louse","floor":10.0,"turns":3.0},{"damage":0.0,"enemies":"Exordium Thugs","floor":12.0,"turns":2.0},{"damage":0.0,"enemies":"Looter","floor":13.0,"turns":3.0},{"damage":1.0,"enemies":"Lagavulin","floor":14.0,"turns":5.0},{"damage":6.0,"enemies":"Slime Boss","floor":16.0,"turns":7.0},{"damage":4.0,"enemies":"Shell Parasite","floor":18.0,"turns":3.0},{"damage":0.0,"enemies":"Chosen","floor":20.0,"turns":4.0},{"damage":12.0,"enemies":"3 Cultists","floor":22.0,"turns":6.0},{"damage":4.0,"enemies":"Snake Plant","floor":24.0,"turns":4.0},{"damage":5.0,"enemies":"Book of Stabbing","floor":31.0,"turns":4.0},{"damage":0.0,"enemies":"Collector","floor":33.0,"turns":8.0},{"damage":6.0,"enemies":"Orb Walker","floor":35.0,"turns":2.0},{"damage":10.0,"enemies":"3 Darklings","floor":36.0,"turns":3.0},{"damage":0.0,"enemies":"Jaw Worm Horde","floor":37.0,"turns":3.0},{"damage":12,"enemies":"Writhing Mass","floor":38,"turns":3},{"damage":33,"enemies":"Nemesis","floor":44,"turns":5},{"damage":25,"enemies":"Reptomancer","floor":46,"turns":5},{"damage":0,"enemies":"Maw","floor":47,"turns":6},{"damage":0,"enemies":"Nemesis","floor":48,"turns":5},{"damage":7,"enemies":"Donu and Deca","floor":50,"turns":6},{"damage":28,"enemies":"Shield and Spear","floor":54,"turns":4},{"damage":51,"enemies":"The Heart","floor":55,"turns":3}],"seed_played":"-9213925716177999582","potions_obtained":[{"floor":4.0,"key":"EssenceOfSteel"},{"floor":13.0,"key":"Fire Potion"},{"floor":14.0,"key":"PotionOfCapacity"},{"floor":16.0,"key":"FearPotion"},{"floor":24.0,"key":"FearPotion"},{"floor":37.0,"key":"SmokeBomb"},{"floor":38,"key":"DistilledChaos"},{"floor":46,"key":"PotionOfCapacity"},{"floor":47,"key":"DistilledChaos"},{"floor":48,"key":"EntropicBrew"}],"is_trial":false,"path_per_floor":["M","M","?","M","$","R","E","R","T","M","R","M","M","E","R","B",null,"M","$","M","?","M","R","M","$","T","?","R","?","R","E","R","B",null,"M","M","M","M","$","R","?","R","T","E","R","E","M","E","R","B",null,"R","$","E","B"],"character_chosen":"DEFECT","items_purchased":["Bronze Scales","Gash","Scrape","Hologram","Bag of Marbles","FocusPotion","Energy Potion"],"campfire_rested":2,"item_purchase_floors":[0,0,0,0,39,53,53],"current_hp_per_floor":[56,56,56,49,49,49,37,37,37,37,37,37,37,36,36,30,61,57,57,57,71,59,59,55,55,55,55,55,55,55,50,50,50,66,60,50,50,38,38,38,52,52,52,19,40,15,15,15,15,8,55,71,71,43,0,0],"gold":59,"neow_bonus":"","is_daily":false,"chose_seed":false,"campfire_upgraded":10,"win_rate":0.0,"timestamp":1609009050,"path_taken":["M","?","?","?","?","R","E","R","T","M","R","M","M","E","R","BOSS","M","$","M","?","M","R","M","$","T","?","R","?","R","E","R","BOSS","M","M","M","M","$","R","?","R","T","E","R","E","M","E","R","BOSS","R","$","E","BOSS"],"items_purchased_type":["Relic","Card","Card","Card","Relic","Potion","Potion"],"build_version":"2020-12-22","purchased_purges":4,"victory":false,"max_hp_per_floor":[71,71,71,71,71,71,71,71,71,71,71,71,71,71,71,71,71,71,71,71,71,71,71,71,71,71,71,71,71,71,71,71,71,71,71,71,71,71,71,71,71,71,71,71,71,71,71,71,71,71,71,71,71,71,71,71],"relic_stats":{"Busted Crown":38,"counters":[73,296],"Shuriken":[39],"Bronze Scales":[261],"Dead Branch":[58],"War Paint":["Defend_B","Conserve Battery"],"obtain_stats":[{"Ice Cream":31,"Calipers":37,"Enchiridion":19,"Vajra":27,"Empty Cage":17,"Old Coin":7,"Mummified Hand":41,"Gambling Chip":54,"Philosopher\u0027s Stone":34,"Red Mask":31,"Cracked Core":0,"Pear":9,"Blue Candle":23,"Dead Branch":7,"Thread and Needle":39,"Omamori":43,"Guardian:PocketSentry":22,"Odd Mushroom":14,"War Paint":48,"Question Card":9,"Medical Kit":36,"Mercury Hourglass":13,"Nuclear Battery":17,"WarpedTongs":29,"Du-Vu Doll":14,"Anchor":30,"CaptainsWheel":0,"Busted Crown":34,"Shuriken":26,"Ornamental Fan":43,"MutagenicStrength":27,"Bronze Scales":0,"Pandora\u0027s Box":17,"Molten Egg 2":0,"Nloth\u0027s Gift":21,"Bag of Marbles":39,"Bottled Lightning":44,"Membership Card":13,"hexamod:BolsterEngine":31,"Unceasing Top":9,"FossilizedHelix":44},{"Ice Cream":36,"Calipers":40,"Enchiridion":33,"Vajra":60,"Empty Cage":32,"Old Coin":28,"Mummified Hand":42,"Gambling Chip":46,"Philosopher\u0027s Stone":16,"Red Mask":15,"Cracked Core":0,"Pear":28,"Blue Candle":13,"Dead Branch":51,"Thread and Needle":41,"Omamori":20,"Guardian:PocketSentry":33,"Odd Mushroom":31,"War Paint":70,"Question Card":5,"Medical Kit":17,"Mercury Hourglass":30,"Nuclear Battery":56,"WarpedTongs":60,"Du-Vu Doll":55,"Anchor":36,"CaptainsWheel":47,"Busted Crown":37,"Shuriken":34,"Ornamental Fan":42,"MutagenicStrength":13,"Bronze Scales":47,"Pandora\u0027s Box":9,"Molten Egg 2":24,"Nloth\u0027s Gift":33,"Bag of Marbles":66,"Bottled Lightning":21,"Membership Card":30,"hexamod:BolsterEngine":61,"Unceasing Top":51,"FossilizedHelix":67},{"Ice Cream":151,"Calipers":166,"Enchiridion":141,"Vajra":239,"Empty Cage":138,"Old Coin":121,"Mummified Hand":174,"Gambling Chip":189,"Philosopher\u0027s Stone":70,"Red Mask":62,"Cracked Core":0,"Pear":121,"Blue Candle":55,"Dead Branch":202,"Thread and Needle":169,"Omamori":85,"Guardian:PocketSentry":141,"Odd Mushroom":128,"War Paint":283,"Question Card":18,"Medical Kit":73,"Mercury Hourglass":126,"Nuclear Battery":222,"WarpedTongs":239,"Du-Vu Doll":215,"Anchor":151,"CaptainsWheel":192,"Busted Crown":158,"Shuriken":144,"Ornamental Fan":174,"MutagenicStrength":55,"Bronze Scales":192,"Pandora\u0027s Box":35,"Molten Egg 2":111,"Nloth\u0027s Gift":141,"Bag of Marbles":262,"Bottled Lightning":96,"Membership Card":126,"hexamod:BolsterEngine":243,"Unceasing Top":202,"FossilizedHelix":267}],"Unceasing Top":[62],"WarpedTongs":[54]},"card_choices":[{"not_picked":["Conserve Battery","Loop"],"picked":"Go for the Eyes","floor":1.0},{"not_picked":["Hologram","Barrage"],"picked":"Sunder","floor":2.0},{"not_picked":["Stack","Force Field"],"picked":"Leap","floor":4.0},{"not_picked":["Lockon","Blizzard"],"picked":"Conserve Battery","floor":7.0},{"not_picked":["Hologram","Multi-Cast"],"picked":"Turbo","floor":10.0},{"not_picked":["Stack","Consume"],"picked":"Defragment","floor":12.0},{"not_picked":["Leap","Darkness"],"picked":"Beam Cell","floor":13.0},{"not_picked":["Ball Lightning","Cold Snap","Loop"],"picked":"SKIP","floor":14.0},{"not_picked":["Creative AI","Amplify"],"picked":"Meteor Strike","floor":16.0},{"not_picked":["Sweeping Beam","Genetic Algorithm"],"picked":"Glacier","floor":18.0},{"not_picked":["Go for the Eyes+1","Cold Snap","Blizzard"],"picked":"SKIP","floor":20.0},{"not_picked":["Streamline","Gash"],"picked":"Compile Driver+1","floor":22.0},{"not_picked":["Chaos","Consume"],"picked":"Capacitor+1","floor":24.0},{"not_picked":["Go for the Eyes+1","Hyperbeam","Consume"],"picked":"SKIP","floor":31.0},{"not_picked":["Hyperbeam","Reboot"],"picked":"Seek","floor":33.0},{"not_picked":["Beam Cell"],"picked":"SKIP","floor":35.0},{"not_picked":["Sweeping Beam"],"picked":"SKIP","floor":36.0},{"not_picked":[],"picked":"Aggregate","floor":37.0},{"not_picked":["Leap"],"picked":"SKIP","floor":38},{"not_picked":["Barrage"],"picked":"SKIP","floor":44},{"not_picked":["Redo"],"picked":"SKIP","floor":46},{"not_picked":["Beam Cell"],"picked":"SKIP","floor":47},{"not_picked":[],"picked":"Redo+1","floor":48},{"not_picked":["Beam Cell"],"picked":"SKIP","floor":54}],"player_experience":787816,"relics_obtained":[{"floor":7.0,"key":"Dead Branch"},{"floor":9.0,"key":"Unceasing Top"},{"floor":14.0,"key":"Du-Vu Doll"},{"floor":26.0,"key":"Omamori"},{"floor":31.0,"key":"hexamod:BolsterEngine"},{"floor":44,"key":"FossilizedHelix"},{"floor":46,"key":"Shuriken"},{"floor":48,"key":"War Paint"},{"floor":54,"key":"Ice Cream"}],"event_choices":[{"cards_removed":["Strike_B"],"damage_healed":0.0,"max_hp_gain":0.0,"max_hp_loss":0.0,"gold_gain":0.0,"event_name":"Bonfire Elementals","player_choice":"Offered Basic","floor":3.0,"gold_loss":0.0,"damage_taken":0.0},{"damage_healed":14.0,"max_hp_gain":0.0,"max_hp_loss":0.0,"gold_gain":0.0,"event_name":"The Library","player_choice":"Heal","floor":21.0,"gold_loss":0.0,"damage_taken":0.0},{"damage_healed":0.0,"max_hp_gain":0.0,"max_hp_loss":0.0,"gold_gain":0.0,"event_name":"Addict","player_choice":"Stole Relic","floor":27.0,"gold_loss":0.0,"damage_taken":0.0,"relics_obtained":["Vajra"],"cards_obtained":["Shame"]},{"damage_healed":0.0,"max_hp_gain":0.0,"max_hp_loss":0.0,"gold_gain":0.0,"event_name":"Accursed Blacksmith","player_choice":"Rummage","floor":29.0,"gold_loss":0.0,"damage_taken":0.0,"relics_obtained":["WarpedTongs"],"cards_obtained":["Pain"]},{"damage_healed":14,"gold_gain":0,"player_choice":"Writhe","damage_taken":0,"max_hp_gain":0,"max_hp_loss":0,"event_name":"Winding Halls","floor":41,"gold_loss":0,"cards_obtained":["Writhe"]}],"is_beta":false,"boss_relics":[{"not_picked":["Snecko Eye","Coffee Dripper"],"picked":"Nuclear Battery"},{"not_picked":["Empty Cage","Velvet Choker"],"picked":"Busted Crown"}],"items_purged_floors":[0,5,19,25],"is_endless":false,"potions_floor_spawned":[4,13,14,16,24,37,38,46,47,48],"killed_by":"The Heart","ascension_level":16}}