{"host":"3yynf0dn84873kbr","time":1609008191,"event":{"mods":["Act Like it!","BaseMod","CapriCore","Minty Spire (QoL Compilation)","Pale of the Ancients","StSLib","The Alterego","The Gatherer","Yakumo Yukari mod","[IsaacMod]ÒÔÈö¼âËþ"],"gold_per_floor":[112,112,112,127,127,160,160,177,202,202,229,229,239,239,239,338,338,353,353,364,364,364,364,364,364],"floor_reached":23,"playtime":816,"items_purged":[],"score":222,"play_id":"a32609d6-04e5-42a2-bdcb-1c24a9182c12","local_time":"20201227024311","is_ascension_mode":false,"metric_token":661,"campfire_choices":[{"data":"Gatherer:Misfortune","floor":7,"key":"SMITH"},{"data":"Gatherer:Centralize","floor":10,"key":"SMITH"},{"floor":15,"key":"REST"}],"circlet_count":0,"master_deck":["Gatherer:Strike_Gatherer","Gatherer:Strike_Gatherer","Gatherer:Strike_Gatherer","Gatherer:Strike_Gatherer","Gatherer:Strike_Gatherer","Gatherer:Defend_Gatherer+1","Gatherer:Defend_Gatherer+1","Gatherer:Defend_Gatherer","Gatherer:Defend_Gatherer","Gatherer:Defend_Gatherer","Gatherer:Centralize+1","Gatherer:FlowerWhip","BloodyBrimstone+1","Gatherer:ScherryThrow","Gatherer:Misfortune+1","Gatherer:EnergyBasket","Gatherer:TreeGrowth","Gatherer:Misfortune","Gatherer:BomberForm","Gatherer:BomberForm","Gatherer:EnergyBasket","Gatherer:BalancedGrowth","Gatherer:TacticalStrike","Decay"],"relics":["Gatherer:AlchemyBag","HushsDoor","NeowsBlessing","Chaos","Kunai","HandDrill","The Courier","SatanicBible","GuppysTail","GuppysCollar"],"acts_visited":["Exordium","TheCity"],"potions_floor_usage":[11,18,20,23],"damage_taken":[{"damage":0,"enemies":"Jaw Worm","floor":1,"turns":1},{"damage":0,"enemies":"2 Louse","floor":4,"turns":1},{"damage":0,"enemies":"Lagavulin","floor":6,"turns":1},{"damage":0,"enemies":"Cultist","floor":8,"turns":4},{"damage":13,"enemies":"3 Sentries","floor":11,"turns":8},{"damage":11,"enemies":"2 Fungi Beasts","floor":13,"turns":4},{"damage":21,"enemies":"Slime Boss","floor":16,"turns":21},{"damage":0,"enemies":"Chosen","floor":18,"turns":3},{"damage":0,"enemies":"3 Byrds","floor":20,"turns":2},{"damage":49,"enemies":"Book of Stabbing","floor":23,"turns":5}],"seed_played":"5714469154788357983","potions_obtained":[{"floor":1,"key":"Block Potion"},{"floor":6,"key":"LiquidBronze"},{"floor":11,"key":"SkillPotion"},{"floor":13,"key":"Swift Potion"},{"floor":20,"key":"Explosive Potion"}],"is_trial":false,"path_per_floor":["M","?","$","M","?","E","R","M","T","R","E","?","M","?","R","B",null,"M","?","M","?","?","E"],"character_chosen":"THE_GATHERER","items_purchased":["GuppysTail","GuppysCollar","Gatherer:BomberForm"],"campfire_rested":1,"item_purchase_floors":[17,17,17],"current_hp_per_floor":[72,72,72,72,72,72,72,72,72,72,59,64,53,38,61,40,47,47,47,47,47,47,0,0,0],"gold":364,"neow_bonus":"THREE_ENEMY_KILL","is_daily":false,"chose_seed":false,"campfire_upgraded":2,"win_rate":0.0,"timestamp":1609008191,"path_taken":["M","?","?","M","?","E","R","?","T","R","E","?","M","?","R","BOSS","M","?","M","?","?","E"],"items_purchased_type":["Relic","Relic","Card"],"build_version":"2020-12-22","purchased_purges":0,"victory":false,"max_hp_per_floor":[72,72,72,72,72,72,72,72,72,72,72,77,77,77,77,74,47,47,47,47,47,47,44,44,44],"card_choices":[{"not_picked":[],"picked":"BloodyBrimstone","floor":0},{"not_picked":["Gatherer:CarefulStrike","Gatherer:FeelingFine"],"picked":"Bomb","floor":1},{"not_picked":["Gatherer:WoolGloves","Gatherer:DrugPower"],"picked":"Gatherer:ScherryThrow","floor":4},{"not_picked":["Gatherer:Duality","Gatherer:ScherryThrow"],"picked":"Gatherer:Misfortune","floor":6},{"not_picked":["Gatherer:Convert","Bomb"],"picked":"Gatherer:EnergyBasket","floor":8},{"not_picked":["Gatherer:FragileHammer","Gatherer:GatherMaterial"],"picked":"Gatherer:TreeGrowth","floor":11},{"not_picked":["Gatherer:Enchant","Gatherer:ScrollOfPurity"],"picked":"Gatherer:Misfortune","floor":13},{"not_picked":["Gatherer:Examine","Gatherer:StoneFence"],"picked":"Gatherer:BomberForm","floor":16},{"not_picked":["Gatherer:AcidicSpray","Gatherer:GatherMaterial"],"picked":"Gatherer:EnergyBasket","floor":18},{"not_picked":["Gatherer:CollectorsShot+1","Gatherer:GatherMaterial"],"picked":"Gatherer:TacticalStrike","floor":20}],"player_experience":121970,"relics_obtained":[{"floor":6,"key":"Kunai"},{"floor":9,"key":"HandDrill"},{"floor":11,"key":"The Courier"}],"event_choices":[{"damage_healed":0,"gold_gain":0,"player_choice":"Grow","damage_taken":0,"max_hp_gain":0,"max_hp_loss":0,"event_name":"Living Wall","floor":2,"gold_loss":0,"cards_upgraded":["BloodyBrimstone"]},{"damage_healed":0,"gold_gain":0,"player_choice":"Bought 0 Potions","damage_taken":0,"max_hp_gain":0,"max_hp_loss":0,"event_name":"The Woman in Blue","floor":5,"gold_loss":0},{"damage_healed":0,"gold_gain":0,"player_choice":"Donut","damage_taken":0,"max_hp_gain":5,"max_hp_loss":0,"event_name":"Big Fish","floor":12,"gold_loss":0},{"damage_healed":0,"gold_gain":0,"player_choice":"Entered Light","damage_taken":15,"max_hp_gain":0,"max_hp_loss":0,"event_name":"Shining Light","floor":14,"gold_loss":0,"cards_upgraded":["Gatherer:Defend_Gatherer","Gatherer:Defend_Gatherer"]},{"damage_healed":0,"gold_gain":0,"player_choice":"Read","damage_taken":0,"max_hp_gain":0,"max_hp_loss":0,"event_name":"The Library","floor":19,"gold_loss":0,"cards_obtained":["Gatherer:BalancedGrowth"]},{"damage_healed":0,"gold_gain":0,"player_choice":"Cursed","damage_taken":0,"max_hp_gain":0,"max_hp_loss":0,"event_name":"Wheel of Change","floor":22,"gold_loss":0,"cards_obtained":["Decay"]}],"is_beta":false,"boss_relics":[{"not_picked":["MawBank","Unceasing Top"],"picked":"SatanicBible"},{"not_picked":[]}],"items_purged_floors":[],"is_endless":false,"potions_floor_spawned":[1,6,11,13,20],"killed_by":"Book of Stabbing","ascension_level":0}}