{"host":"coxx14wiryochsh8","time":1609024792,"event":{"mods":["2.2 Compatiblity","Act Like it!","Bartender","BaseMod","Better Third Choice","BetterRewards","Colored Map","DeckTracker","Downfall","Emptier Cage","Energized Spire","Gensokyo","Hermit","Hubris","Minty Spire (QoL Compilation)","Replay The Spire","StSLib","SuperFastMode","The Blackbeard","The Marked","The Runesmith","The Servant 0.9.4"],"gold_per_floor":[109,127,127,127,127,155,155,181,226,226,256,271,271,305,305,400,400,419,299,319,319,319,344,344,375,375,325,341,341,370,383,383,383,383],"floor_reached":33,"playtime":1771,"items_purged":[],"score":419,"play_id":"d146ac7d-f368-47cb-b935-ae204f9e70c0","local_time":"20201226181952","is_ascension_mode":false,"campfire_choices":[{"data":"theMarked:ComboAttacks","floor":7.0,"key":"SMITH"},{"data":"theMarked:Electrocute","floor":13.0,"key":"SMITH"},{"data":"theMarked:MagicAdept","floor":15.0,"key":"SMITH"},{"data":"theMarked:DispelDoubt","floor":24.0,"key":"SMITH"},{"floor":29.0,"key":"REST"},{"floor":32.0,"key":"REST"}],"circlet_count":0,"master_deck":["theMarked:Strike","theMarked:Strike","theMarked:Strike","theMarked:Strike","theMarked:Strike","theMarked:Defend","theMarked:Defend","theMarked:Defend","theMarked:Defend","theMarked:SoldierOfQuellstein","theMarked:Electrocute+1","theMarked:ComboAttacks+1","Regret","theMarked:MuscleMemory","Parasite","theMarked:WardOff+1","theMarked:MagicAdept+1","theMarked:DispelDoubt+1","theMarked:Polarize+1","theMarked:Challenge+1","theMarked:Indomitable+1","Gensokyo:FourOfAKind+1","Gensokyo:FourOfAKind+1","Gensokyo:FourOfAKind+1","Gensokyo:FourOfAKind+1","theMarked:DeterminationOfTheMarked","theMarked:WardOff+1"],"relics":["theMarked:ArtifactOfAir","NeowsBlessing","Bag of Marbles","hubris:Towel","Nunchaku","Vajra","PreservedInsect","Toxic Egg 2","hubris:Spice","energizedSpire:DeadBattery","Gensokyo:FoxMask","The Courier","Replay:Wax Seal","Orichalcum"],"acts_visited":["Exordium","Exordium"],"potions_floor_usage":[33,33],"damage_taken":[{"damage":0.0,"enemies":"Small Slimes","floor":1.0,"turns":1.0},{"damage":0.0,"enemies":"Jaw Worm","floor":2.0,"turns":1.0},{"damage":0.0,"enemies":"Gremlin Nob","floor":6.0,"turns":1.0},{"damage":46.0,"enemies":"Lagavulin","floor":8.0,"turns":6.0},{"damage":7.0,"enemies":"2 Louse","floor":12.0,"turns":3.0},{"damage":3.0,"enemies":"Gremlin Nob","floor":14.0,"turns":2.0},{"damage":18.0,"enemies":"Hexaghost","floor":16.0,"turns":9.0},{"damage":4.0,"enemies":"Gensokyo:AngelMirror","floor":18.0,"turns":2.0},{"damage":0.0,"enemies":"Gensokyo:2_Gloops","floor":20.0,"turns":4.0},{"damage":23.0,"enemies":"Gensokyo:Reisen","floor":23.0,"turns":6.0},{"damage":26.0,"enemies":"Gensokyo:Tenshi","floor":25.0,"turns":4.0},{"damage":0.0,"enemies":"Gensokyo:Swordslinger","floor":28.0,"turns":4.0},{"damage":10.0,"enemies":"Gensokyo:Reisen","floor":30.0,"turns":5.0},{"damage":0.0,"enemies":"Gensokyo:Wraith","floor":31.0,"turns":4.0},{"damage":53,"enemies":"Gensokyo:Kaguya","floor":33,"turns":8}],"seed_played":"7372253096707716383","potions_obtained":[{"floor":8.0,"key":"Guardian:BlockOnCardUsePotion"},{"floor":12.0,"key":"Slimebound:ThreeZeroPotion"},{"floor":14.0,"key":"LiquidBronze"},{"floor":23.0,"key":"LiquidMemories"},{"floor":28.0,"key":"DuplicationPotion"},{"floor":30.0,"key":"PowerPotion"},{"floor":31.0,"key":"ColorlessPotion"}],"is_trial":false,"path_per_floor":["M","M","?","?","?","E","R","E","T","?","?","M","R","E","R","B",null,"M","?","M","?","?","E","R","E","T","?","M","R","E","M","R_BF","B"],"character_chosen":"THE_DEFAULT","items_purchased":[],"campfire_rested":2,"item_purchase_floors":[],"current_hp_per_floor":[70,70,70,70,70,70,70,24,24,41,41,34,34,39,39,21,78,74,74,74,74,55,32,32,6,14,21,21,42,32,32,53,0,0],"gold":383,"neow_bonus":"THREE_ENEMY_KILL","is_daily":false,"chose_seed":false,"campfire_upgraded":4,"win_rate":0.0,"timestamp":1609024792,"path_taken":["M","M","?","?","?","E","R","E","T","?","?","M","R","E","R","BOSS","M","?","?","?","?","E","R","E","T","?","?","R","E","M","R_BF","BOSS"],"items_purchased_type":[],"build_version":"2020-12-22","purchased_purges":0,"victory":false,"max_hp_per_floor":[70,70,70,70,70,70,70,70,70,70,70,70,70,78,78,78,78,78,78,78,78,55,55,55,55,63,70,70,70,70,70,70,70,70],"card_choices":[{"not_picked":["theMarked:Frustration","theMarked:ResourceFulStrike"],"picked":"theMarked:Electrocute","floor":1.0},{"not_picked":["theMarked:Static","theMarked:WardOff","theMarked:Electrocute"],"picked":"SKIP","floor":2.0},{"not_picked":["theMarked:ShockingTouch","theMarked:SwordAndMagic"],"picked":"theMarked:MuscleMemory","floor":6.0},{"not_picked":["theMarked:Static","theMarked:Opportunist","theMarked:LightningStrikesTwice"],"picked":"SKIP","floor":8.0},{"not_picked":["theMarked:WastefulAttack","theMarked:Static+1"],"picked":"theMarked:WardOff+1","floor":12.0},{"not_picked":["theMarked:RepellingDischarge+1","theMarked:EmpowerWeapon+1"],"picked":"theMarked:MagicAdept","floor":14.0},{"not_picked":["theMarked:Snap","theMarked:TurnInvisible+1"],"picked":"theMarked:DispelDoubt","floor":16.0},{"not_picked":["theMarked:MysticalArsenal","theMarked:BanishingStrike+1"],"picked":"theMarked:Polarize+1","floor":18.0},{"not_picked":["theMarked:ResourceFulStrike","theMarked:Electrocute"],"picked":"theMarked:Challenge+1","floor":20.0},{"not_picked":["theMarked:WardOff+1","theMarked:ElectricStrings","theMarked:SwordAndMagic"],"picked":"SKIP","floor":23.0},{"not_picked":["theMarked:Overthink+1","theMarked:BanishingStrike"],"picked":"theMarked:DeterminationOfTheMarked","floor":25.0},{"not_picked":["theMarked:DeterminationOfTheMarked+1","theMarked:CreepingChasm+1","theMarked:LightningStrikesTwice"],"picked":"SKIP","floor":28.0},{"not_picked":["theMarked:RepellingDischarge+1","theMarked:Parkour"],"picked":"theMarked:WardOff+1","floor":30.0},{"not_picked":["theMarked:DeterminationOfTheMarked","theMarked:Opportunist","theMarked:Frustration"],"picked":"SKIP","floor":31.0}],"player_experience":693313,"relics_obtained":[{"floor":6.0,"key":"Nunchaku"},{"floor":8.0,"key":"Vajra"},{"floor":9.0,"key":"PreservedInsect"},{"floor":14.0,"key":"hubris:Spice"},{"floor":23.0,"key":"The Courier"},{"floor":25.0,"key":"Replay:Wax Seal"},{"floor":26.0,"key":"hubris:Spice"},{"floor":30.0,"key":"Orichalcum"}],"event_choices":[{"damage_healed":0.0,"max_hp_gain":0.0,"max_hp_loss":0.0,"gold_gain":0.0,"event_name":"Big Fish","player_choice":"Box","floor":4.0,"gold_loss":0.0,"damage_taken":0.0,"relics_obtained":["Bag of Marbles"],"cards_obtained":["Regret"]},{"damage_healed":17.0,"max_hp_gain":0.0,"max_hp_loss":0.0,"gold_gain":0.0,"event_name":"Mushrooms","player_choice":"Healed and dodged fight","floor":10.0,"gold_loss":0.0,"damage_taken":0.0,"cards_obtained":["Parasite"]},{"damage_healed":0.0,"max_hp_gain":0.0,"max_hp_loss":0.0,"gold_gain":30.0,"event_name":"Dead Adventurer","player_choice":"Searched \u00273\u0027 times","floor":11.0,"gold_loss":0.0,"damage_taken":0.0,"relics_obtained":["Toxic Egg 2"]}],"is_beta":false,"boss_relics":[{"not_picked":["Replay:Drink Me","Painkiller Herb"],"picked":"energizedSpire:DeadBattery"}],"items_purged_floors":[],"is_endless":false,"potions_floor_spawned":[8,12,14,23,28,30,31],"killed_by":"Gensokyo:Kaguya","ascension_level":0}}