{"host":"93n4kdg5le7r8dks","time":1609015666,"event":{"mods":["AlwaysNeverKeys","BaseMod","Better Note","Better Sensory Stone","Better Skull","Better Third Choice","Block Reminder","Colored Map","Colored Powertips","DeckTracker","Lobotomy","Minty Spire (QoL Compilation)","Quick Restart","StSLib"],"gold_per_floor":[119,133,151,151,174,195,195,39,116,134,150,173,188,221,221,352,352,371,389,412,51,65,65,65,79,102,125,125,50,89,113,113,239,239,253,278,298,314,337,337,371,395,420,455,473,473,473,496,496,496],"floor_reached":51,"playtime":4216,"items_purged":["RapturousDream"],"score":838,"play_id":"4709a8a5-0962-4524-9ece-15cb7d4d8327","local_time":"20201226144746","is_ascension_mode":false,"campfire_choices":[],"circlet_count":0,"master_deck":["SpecialBullet","SpecialBullet","SpecialBullet","SpecialBullet","SpecialBullet","SpecialBullet","SpecialBullet","SecurityCode","TrainingCode","OldLady","ScreamingWedge","UniverseFragment","OSAHOGD","Twilight","Bloodbath","ShedSkin","Gaze","FieryBird","Hornet","QueenOfHatred","CENSORED_ego","WallGazer","Horn+1","Lantern","FourthMatchFlame+1","DisciplinaryCode","FrostShard","DaCapo","BigBadWolf","RedShoes","ControlCode","FourthMatchFlame+1","Lantern+1","TT2Protocol","GreedKing","Hypocrisy","SummonCall","BlackSwan","Regret_ego+1","Soda","RecordCode"],"relics":["CogitoBucket","PreservedInsect","Golden Idol","Blood Vial","Matryoshka","AspirationHeart","Shovel","Cursed Key","LuminousBracelet","TungstenRod","Happy Flower","SkinProphecy","AtMidnight","Potion Belt","Toy Ornithopter","Boot","Fusion Hammer","Art of War","Centennial Puzzle","Bag of Preparation","FossilizedHelix"],"acts_visited":["Exordium","TheCity","TheBeyond"],"potions_floor_usage":[10,12,16,18,18,18,25,25,33,42,44,50,50,50,50],"damage_taken":[{"damage":0,"enemies":"Small Slimes","floor":1,"turns":2},{"damage":3,"enemies":"Jaw Worm","floor":2,"turns":2},{"damage":0,"enemies":"Cultist","floor":3,"turns":3},{"damage":8,"enemies":"Large Slime","floor":5,"turns":5},{"damage":0,"enemies":"Exordium Wildlife","floor":6,"turns":2},{"damage":1,"enemies":"Blue Slaver","floor":10,"turns":7},{"damage":13,"enemies":"Looter","floor":11,"turns":3},{"damage":0,"enemies":"2 Fungi Beasts","floor":12,"turns":3},{"damage":10,"enemies":"Blue Slaver","floor":13,"turns":4},{"damage":18,"enemies":"Gremlin Nob","floor":14,"turns":4},{"damage":30,"enemies":"Slime Boss","floor":16,"turns":11},{"damage":38,"enemies":"2 Thieves","floor":18,"turns":4},{"damage":0,"enemies":"Chosen","floor":19,"turns":3},{"damage":3,"enemies":"Snake Plant","floor":20,"turns":5},{"damage":0,"enemies":"Snecko","floor":22,"turns":6},{"damage":16,"enemies":"Gremlin Leader","floor":24,"turns":3},{"damage":8,"enemies":"Shelled Parasite and Fungi","floor":25,"turns":35},{"damage":8,"enemies":"Cultist and Chosen","floor":27,"turns":4},{"damage":13,"enemies":"Slavers","floor":30,"turns":2},{"damage":4,"enemies":"Snecko","floor":31,"turns":4},{"damage":18,"enemies":"Champ","floor":33,"turns":11},{"damage":18,"enemies":"3 Darklings","floor":35,"turns":4},{"damage":9,"enemies":"Orb Walker","floor":36,"turns":4},{"damage":1,"enemies":"Jaw Worm Horde","floor":37,"turns":2},{"damage":8,"enemies":"Sphere and 2 Shapes","floor":38,"turns":3},{"damage":5,"enemies":"Maw","floor":39,"turns":7},{"damage":20,"enemies":"Nemesis","floor":41,"turns":5},{"damage":28,"enemies":"Jaw Worm Horde","floor":42,"turns":3},{"damage":18,"enemies":"Reptomancer","floor":44,"turns":5},{"damage":6,"enemies":"Writhing Mass","floor":45,"turns":4},{"damage":1,"enemies":"Maw","floor":48,"turns":7},{"damage":621,"enemies":"Donu and Deca","floor":50,"turns":51},{"damage":100,"enemies":"Malkuth","floor":51,"turns":20},{"damage":84,"enemies":"Netzach","floor":51,"turns":13}],"seed_played":"5425331938363001086","potions_obtained":[{"floor":1,"key":"CultistPotion"},{"floor":2,"key":"Dexterity Potion"},{"floor":5,"key":"DistilledChaos"},{"floor":16,"key":"EntropicBrew"},{"floor":20,"key":"SkillPotion"},{"floor":27,"key":"Energy Potion"},{"floor":31,"key":"EssenceOfSteel"},{"floor":33,"key":"AttackPotion"},{"floor":35,"key":"AttackPotion"},{"floor":36,"key":"SpeedPotion"},{"floor":39,"key":"Weak Potion"},{"floor":48,"key":"SkillPotion"}],"is_trial":false,"path_per_floor":["M","M","M","?","M","M","R","$","T","M","M","M","M","E","R","B",null,"M","M","M","$","M","R","E","M","T","M","R","$","E","M","R","B",null,"M","M","M","M","M","R","E","M","T","E","M","?","R","M","R","B",null],"character_chosen":"Angela","items_purchased":["Blood Vial","TungstenRod","GreenStem"],"campfire_rested":0,"item_purchase_floors":[8,21,21],"current_hp_per_floor":[70,70,70,70,70,70,70,70,70,80,76,84,82,74,74,60,88,80,91,93,93,97,97,97,87,87,89,89,89,90,93,93,89,89,95,97,99,101,103,103,109,105,105,113,116,116,116,108,108,102],"gold":496,"neow_bonus":"RANDOM_COMMON_RELIC","is_daily":false,"chose_seed":false,"campfire_upgraded":0,"win_rate":0.0,"timestamp":1609015666,"path_taken":["M","M","M","?","M","M","R","$","T","M","M","M","M","E","R","BOSS","M","M","M","?","M","R","E","M","T","M","R","$","E","M","R","BOSS","M","M","M","M","M","R","E","M","T","E","M","?","R","M","R","BOSS"],"items_purchased_type":["Relic","Relic","Card"],"build_version":"2020-12-13","purchased_purges":1,"victory":true,"max_hp_per_floor":[70,70,70,70,70,70,70,70,70,80,80,84,84,84,84,88,88,103,103,93,93,97,97,97,87,87,89,89,89,91,93,93,89,89,95,97,99,101,103,103,109,111,111,113,116,116,116,108,108,102],"card_choices":[{"not_picked":["LongBird","CherryBlossoms"],"picked":"OldLady","floor":1},{"not_picked":["RedEyes"],"picked":"ScreamingWedge","floor":1},{"not_picked":["Bloodbath","MeatLantern"],"picked":"UniverseFragment","floor":2},{"not_picked":["CherryBlossom"],"picked":"RapturousDream","floor":2},{"not_picked":["Pleasure","Tough"],"picked":"SKIP","floor":3},{"not_picked":["CherryBlossoms","Bloodbath"],"picked":"OSAHOGD","floor":5},{"not_picked":["Beak"],"picked":"Twilight","floor":5},{"not_picked":["Murderer","FairyFestival"],"picked":"Bloodbath","floor":6},{"not_picked":["Horn"],"picked":"ShedSkin","floor":6},{"not_picked":["TodaysExpression"],"picked":"Gaze","floor":10},{"not_picked":["RedEyes","RapturousDream"],"picked":"SKIP","floor":11},{"not_picked":["Mercenary","VoidDream"],"picked":"FieryBird","floor":12},{"not_picked":["RapturousDream","Moonlight"],"picked":"SKIP","floor":12},{"not_picked":["Regret_ego","WristCuter"],"picked":"SKIP","floor":13},{"not_picked":["Regret_ego"],"picked":"Hornet","floor":14},{"not_picked":["FairyFestival","Scarecrow"],"picked":"QueenOfHatred","floor":16},{"not_picked":["Twilight"],"picked":"CENSORED_ego","floor":16},{"not_picked":["RapturousDream+1","Hornet"],"picked":"SKIP","floor":18},{"not_picked":["Diffraction"],"picked":"Lantern","floor":19},{"not_picked":["Moonlight","CENSORED_ego"],"picked":"SKIP","floor":20},{"not_picked":["BeautyBeast","WhitesApple"],"picked":"WallGazer","floor":22},{"not_picked":["CUTE+1"],"picked":"Horn+1","floor":22},{"not_picked":["WristCuter","Horn"],"picked":"SKIP","floor":24},{"not_picked":["CUTE"],"picked":"Lantern","floor":25},{"not_picked":["CUTE+1"],"picked":"FourthMatchFlame+1","floor":27},{"not_picked":["Tough"],"picked":"FrostShard","floor":30},{"not_picked":["Tough"],"picked":"DaCapo","floor":31},{"not_picked":["Scorched","SilentOrchestra"],"picked":"BigBadWolf","floor":33},{"not_picked":["DespairKnight","HeroicMonk"],"picked":"RedShoes","floor":35},{"not_picked":["TodaysExpression","MagicBullet"],"picked":"SKIP","floor":35},{"not_picked":["Soda+1"],"picked":"FourthMatchFlame+1","floor":36},{"not_picked":["Moonlight"],"picked":"Lantern+1","floor":37},{"not_picked":["Lantern","Harmony"],"picked":"SKIP","floor":38},{"not_picked":["Beak","WristCuter+1"],"picked":"SKIP","floor":39},{"not_picked":["Woodsman","Rudolta"],"picked":"GreedKing","floor":41},{"not_picked":["Lamp"],"picked":"Hypocrisy","floor":41},{"not_picked":["Galaxy+1","TodaysExpression+1"],"picked":"SKIP","floor":42},{"not_picked":["Wingbeat","Tough+1"],"picked":"SKIP","floor":44},{"not_picked":["DreamingCurrent","Porccubus"],"picked":"BlackSwan","floor":45},{"not_picked":["Beak+1"],"picked":"Regret_ego+1","floor":45},{"not_picked":["SomewhereSpear","CUTE+1"],"picked":"SKIP","floor":48}],"player_experience":80751,"relics_obtained":[{"floor":9,"key":"Matryoshka"},{"floor":14,"key":"Shovel"},{"floor":24,"key":"Happy Flower"},{"floor":25,"key":"AtMidnight"},{"floor":26,"key":"Potion Belt"},{"floor":26,"key":"Toy Ornithopter"},{"floor":30,"key":"Boot"},{"floor":41,"key":"Art of War"},{"floor":43,"key":"Centennial Puzzle"},{"floor":43,"key":"Bag of Preparation"},{"floor":44,"key":"FossilizedHelix"}],"event_choices":[{"damage_healed":0,"gold_gain":0,"player_choice":"Take Wound","damage_taken":0,"relics_obtained":["Golden Idol"],"max_hp_gain":0,"max_hp_loss":0,"event_name":"Golden Idol","floor":4,"gold_loss":0,"cards_obtained":["Injury"]},{"damage_healed":0,"gold_gain":3,"player_choice":"3","damage_taken":0,"max_hp_gain":0,"max_hp_loss":0,"event_name":"betterStone:BetterStone","floor":46,"gold_loss":0,"cards_obtained":["Soda"]}],"is_beta":false,"boss_relics":[{"not_picked":["Astrolabe","SlaversCollar"],"picked":"Cursed Key"},{"not_picked":["Runic Dome","Tiny House"],"picked":"Fusion Hammer"}],"items_purged_floors":[29],"is_endless":false,"potions_floor_spawned":[1,2,5,6,16,20,27,31,33,35,36,39,48],"ascension_level":0}}