{"host":"hspm0s97xpvpwopl","time":1609025886,"event":{"mods":["BaseMod","Better Third Choice","Colored Map","Colored Powertips","Curses Come First","Downfall","Hermit","Minty Spire (QoL Compilation)","Relic Stats","Robot Space Explorer","Shop Mod","Spicy Shops","StSLib","The Cursed","The Runesmith"],"gold_per_floor":[211,211,231,58,69,69,81,97,166,166,177,190,190,200,200,302,302,276,310,510,254,270,270,106,106,106,140,27,27,41,61,61,156,156,175,175,187,409,69,110,99,99,153,174,174,174],"floor_reached":45,"playtime":4130,"items_purged":["Decay"],"score":505,"play_id":"f40f56da-d8c6-4a63-a686-a8aaaefa893c","local_time":"20201226173806","is_ascension_mode":false,"campfire_choices":[{"data":"Runesmith:Fortify","floor":6,"key":"SMITH"},{"floor":10,"key":"REST"},{"floor":15,"key":"REST"},{"floor":23,"key":"REST"},{"floor":25,"key":"REST"},{"floor":29,"key":"REST"},{"floor":32,"key":"REST"},{"floor":42,"key":"DIG"}],"circlet_count":0,"master_deck":["Runesmith:Strike_RS","Runesmith:Strike_RS","Runesmith:Strike_RS","Runesmith:Strike_RS","Runesmith:Defend_RS","Runesmith:Defend_RS","Runesmith:Defend_RS","Runesmith:Defend_RS","Runesmith:CraftFirestone","Runesmith:Fortify+1","Runesmith:CraftProtectio","Runesmith:HeatedChisel","Runesmith:ReplicatingBarrier","Runesmith:CraftMagma","Runesmith:Grindstone","Runesmith:Prism+1","Runesmith:HeatedChisel","Runesmith:MakeshiftArmor+1","Runesmith:UnlimitedPower","Runesmith:EnergizedChisel","Runesmith:Malloc+1","Runesmith:Augment+1","Runesmith:ShiftingStrike","Runesmith:EarthShield+1","Runesmith:Firestorm","Runesmith:HeatExchange","Runesmith:Firestorm+1","Runesmith:EarthShield+1","Runesmith:ChiselStab+1","Runesmith:LightningRod+1","Runesmith:ShiftingStrike+1","Runesmith:CraftProtectio+1","Runesmith:Firewall+1","Runesmith:FissionHammer+1","Runesmith:LithiumIon","Runesmith:Accelerate+1"],"relics":["Runesmith:BrokenRuby","Toxic Egg 2","Black Star","Red Mask","Membership Card","Regal Pillow","Medical Kit","Runesmith:AutoHammer","Molten Egg 2","StoneCalendar","Centennial Puzzle","Orichalcum","Chemical X","Vajra","Eternal Feather","Shuriken","Toy Ornithopter","CeramicFish","Shovel","Kunai","Pen Nib"],"acts_visited":["Exordium","TheCity","TheBeyond"],"potions_floor_usage":[11,11,16,16,19,27,30,45],"damage_taken":[{"damage":0,"enemies":"Small Slimes","floor":1,"turns":4},{"damage":8,"enemies":"Cultist","floor":3,"turns":5},{"damage":0,"enemies":"Jaw Worm","floor":5,"turns":3},{"damage":5,"enemies":"3 Louse","floor":7,"turns":4},{"damage":16,"enemies":"Lots of Slimes","floor":8,"turns":6},{"damage":21,"enemies":"Exordium Wildlife","floor":11,"turns":4},{"damage":6,"enemies":"Red Slaver","floor":12,"turns":3},{"damage":7,"enemies":"Large Slime","floor":14,"turns":5},{"damage":11,"enemies":"Hexaghost","floor":16,"turns":10},{"damage":28,"enemies":"2 Thieves","floor":18,"turns":5},{"damage":32,"enemies":"Masked Bandits","floor":19,"turns":7},{"damage":22,"enemies":"3 Byrds","floor":22,"turns":6},{"damage":56,"enemies":"Slavers","floor":27,"turns":9},{"damage":13,"enemies":"Centurion and Healer","floor":30,"turns":6},{"damage":3,"enemies":"Snecko","floor":31,"turns":6},{"damage":52,"enemies":"Collector","floor":33,"turns":15},{"damage":5,"enemies":"3 Shapes","floor":35,"turns":5},{"damage":2,"enemies":"Orb Walker","floor":37,"turns":6},{"damage":28,"enemies":"Nemesis","floor":40,"turns":14},{"damage":47,"enemies":"4 Shapes","floor":44,"turns":5},{"damage":14,"enemies":"Maw","floor":45,"turns":2}],"seed_played":"5583797734029381690","potions_obtained":[{"floor":5,"key":"SkillPotion"},{"floor":7,"key":"DuplicationPotion"},{"floor":11,"key":"Strength Potion"},{"floor":14,"key":"Block Potion"},{"floor":18,"key":"BlessingOfTheForge"},{"floor":22,"key":"Energy Potion"},{"floor":27,"key":"ColorlessPotion"},{"floor":33,"key":"GamblersBrew"},{"floor":35,"key":"Ancient Potion"}],"is_trial":false,"path_per_floor":["M","?","M","$","M","R","M","M","T","R","M","M","?","M","R","B",null,"M","?","?","$","M","R","$","R","T","E","$","R","M","M","R","B",null,"M","?","M","?","$","E","$","R","T","M","M"],"character_chosen":"RUNESMITH_CLASS","items_purchased":["FairyPotion","Membership Card","Regal Pillow","Runesmith:Augment+1","Runesmith:ShiftingStrike","Runesmith:Firestorm","Medical Kit","Runesmith:HeatExchange","Runesmith:AutoHammer","Orichalcum","Chemical X","Vajra","Eternal Feather","Runesmith:Firewall+1","Shuriken","Shovel","Runesmith:LithiumIon"],"campfire_rested":6,"item_purchase_floors":[4,21,21,21,21,24,24,24,24,28,28,39,39,39,39,41,41],"current_hp_per_floor":[70,70,62,62,62,62,57,41,41,62,41,35,35,28,49,38,70,42,10,10,10,21,57,57,70,70,14,14,50,37,34,70,18,70,65,65,63,63,63,35,35,56,56,9,0,0],"gold":174,"neow_bonus":"HUNDRED_GOLD","is_daily":false,"chose_seed":false,"campfire_upgraded":1,"win_rate":0.0,"timestamp":1609025886,"path_taken":["M","?","M","$","?","R","M","M","T","R","M","?","?","M","R","BOSS","M","?","?","$","?","R","$","R","T","E","?","R","M","M","R","BOSS","M","?","M","?","$","E","?","R","T","?","M"],"items_purchased_type":["Potion","Relic","Relic","Card","Card","Card","Relic","Card","Relic","Relic","Relic","Relic","Relic","Card","Relic","Relic","Card"],"build_version":"2020-12-22","purchased_purges":1,"victory":false,"max_hp_per_floor":[70,70,70,70,70,70,70,70,70,70,70,70,70,70,70,70,70,70,70,70,70,70,70,70,70,70,70,70,70,70,70,70,70,70,70,70,70,70,70,70,70,70,70,70,70,70],"relic_stats":{"Regal Pillow":45,"counters":[21,130],"CeramicFish":27,"StoneCalendar":[104],"Eternal Feather":21,"Pen Nib":[0],"Orichalcum":[84],"Medical Kit":[6],"Centennial Puzzle":[21],"Shovel":1,"Shuriken":[2],"Black Star":2,"Chemical X":[4],"Kunai":[1],"obtain_stats":[{"Runesmith:BrokenRuby":0,"Regal Pillow":21,"CeramicFish":40,"Vajra":39,"StoneCalendar":27,"Eternal Feather":39,"Pen Nib":43,"Orichalcum":28,"Medical Kit":24,"Centennial Puzzle":27,"Shovel":41,"Shuriken":39,"Molten Egg 2":26,"Black Star":17,"Red Mask":19,"Membership Card":21,"Runesmith:AutoHammer":24,"Chemical X":28,"Kunai":42,"Toxic Egg 2":9,"Toy Ornithopter":40},{"Runesmith:BrokenRuby":0,"Regal Pillow":11,"CeramicFish":19,"Vajra":18,"StoneCalendar":13,"Eternal Feather":18,"Pen Nib":19,"Orichalcum":13,"Medical Kit":12,"Centennial Puzzle":13,"Shovel":19,"Shuriken":18,"Molten Egg 2":12,"Black Star":9,"Red Mask":11,"Membership Card":11,"Runesmith:AutoHammer":12,"Chemical X":13,"Kunai":19,"Toxic Egg 2":5,"Toy Ornithopter":19},{"Runesmith:BrokenRuby":0,"Regal Pillow":56,"CeramicFish":123,"Vajra":109,"StoneCalendar":71,"Eternal Feather":109,"Pen Nib":123,"Orichalcum":71,"Medical Kit":62,"Centennial Puzzle":71,"Shovel":123,"Shuriken":109,"Molten Egg 2":62,"Black Star":44,"Red Mask":56,"Membership Card":56,"Runesmith:AutoHammer":62,"Chemical X":71,"Kunai":123,"Toxic Egg 2":22,"Toy Ornithopter":123}],"Toy Ornithopter":5},"card_choices":[{"not_picked":["Runesmith:ChiselStab","Runesmith:StaticCage"],"picked":"Runesmith:CraftProtectio","floor":1},{"not_picked":["Runesmith:RuneHurl","Runesmith:CraftProtectio"],"picked":"Runesmith:HeatedChisel","floor":3},{"not_picked":["Runesmith:HammerAndChisel","Runesmith:MakeshiftArmor"],"picked":"Runesmith:ReplicatingBarrier","floor":5},{"not_picked":["Runesmith:Firewall","Runesmith:ShiftingStrike"],"picked":"Runesmith:CraftMagma","floor":7},{"not_picked":["Runesmith:CraftProtectio","Runesmith:RuneHurl"],"picked":"Runesmith:Grindstone","floor":8},{"not_picked":["Runesmith:Refine+1","Runesmith:CraftProtectio+1"],"picked":"Runesmith:Prism+1","floor":11},{"not_picked":["Runesmith:StaticCage+1","Runesmith:ElementalConversion+1"],"picked":"Runesmith:HeatedChisel","floor":12},{"not_picked":["Runesmith:Overpower","Runesmith:ChargedHammer"],"picked":"Runesmith:MakeshiftArmor+1","floor":14},{"not_picked":["Runesmith:FissionHammer","Runesmith:ReplicatingBarrier"],"picked":"Runesmith:UnlimitedPower","floor":16},{"not_picked":["Runesmith:RuneHurl","Runesmith:BackupBattery+1"],"picked":"Runesmith:EnergizedChisel","floor":18},{"not_picked":["Runesmith:Overpower","Runesmith:Retool+1"],"picked":"Runesmith:Malloc+1","floor":19},{"not_picked":["Runesmith:CraftReservo+1","Runesmith:Overpower+1"],"picked":"Runesmith:EarthShield+1","floor":22},{"not_picked":["Runesmith:LightningRod+1","Runesmith:UnstableHammer+1"],"picked":"Runesmith:Firestorm+1","floor":27},{"not_picked":["Runesmith:HeatedChisel+1","Runesmith:Superposition+1"],"picked":"Runesmith:EarthShield+1","floor":30},{"not_picked":["Runesmith:UnstableHammer+1","Runesmith:Reinforce+1"],"picked":"Runesmith:ChiselStab+1","floor":31},{"not_picked":["Runesmith:ReplicatingBarrier","Runesmith:CreatorForm"],"picked":"Runesmith:LightningRod+1","floor":33},{"not_picked":["Runesmith:Retool+1","Runesmith:UnstableHammer+1"],"picked":"Runesmith:ShiftingStrike+1","floor":35},{"not_picked":["Runesmith:ChiselStab+1","Runesmith:StaticCage+1"],"picked":"Runesmith:CraftProtectio+1","floor":37},{"not_picked":["Runesmith:ShiftingStrike+1","Runesmith:Grindstone+1"],"picked":"Runesmith:FissionHammer+1","floor":40},{"not_picked":["Runesmith:HammerTime+1","Runesmith:MakeshiftArmor+1"],"picked":"Runesmith:Accelerate+1","floor":44}],"player_experience":235082,"relics_obtained":[{"floor":9,"key":"Toxic Egg 2"},{"floor":19,"key":"Red Mask"},{"floor":26,"key":"Molten Egg 2"},{"floor":27,"key":"StoneCalendar"},{"floor":27,"key":"Centennial Puzzle"},{"floor":40,"key":"Toy Ornithopter"},{"floor":40,"key":"CeramicFish"},{"floor":42,"key":"Kunai"},{"floor":43,"key":"Pen Nib"}],"event_choices":[{"damage_healed":0,"gold_gain":0,"player_choice":"Cursed","damage_taken":0,"max_hp_gain":0,"max_hp_loss":0,"event_name":"Wheel of Change","floor":2,"gold_loss":0,"cards_obtained":["Decay"]},{"damage_healed":0,"gold_gain":0,"player_choice":"Ignored","damage_taken":0,"max_hp_gain":0,"max_hp_loss":0,"event_name":"Golden Wing","floor":13,"gold_loss":0},{"damage_healed":0,"gold_gain":0,"player_choice":"Fought Bandits","damage_taken":0,"max_hp_gain":0,"max_hp_loss":0,"event_name":"Masked Bandits","floor":19,"gold_loss":0},{"damage_healed":0,"gold_gain":200,"player_choice":"Gold","damage_taken":0,"max_hp_gain":0,"max_hp_loss":0,"event_name":"Wheel of Change","floor":20,"gold_loss":0},{"damage_healed":0,"gold_gain":0,"player_choice":"Ignored","damage_taken":0,"max_hp_gain":0,"max_hp_loss":0,"event_name":"Mysterious Sphere","floor":36,"gold_loss":0},{"damage_healed":0,"gold_gain":222,"player_choice":"Wore Mask","damage_taken":0,"max_hp_gain":0,"max_hp_loss":0,"event_name":"Tomb of Lord Red Mask","floor":38,"gold_loss":0}],"is_beta":false,"boss_relics":[{"not_picked":["SacredBark","Velvet Choker"],"picked":"Black Star"},{"not_picked":["Coffee Dripper","Sozu","Philosopher\u0027s Stone"]}],"items_purged_floors":[4],"is_endless":false,"potions_floor_spawned":[5,7,11,14,18,22,27,33,35],"killed_by":"Maw","ascension_level":0}}