{"host":"vc42n08di9czm3e7","time":1609020807,"event":{"mods":["AchievementEnabler","Act Like it!","BaseMod","Colored Powertips","Downfall","Friendly Minions","GifTheSpireLib","Minty Spire (QoL Compilation)","Rare Cards Sparkle","StSLib"],"gold_per_floor":[114,127,137,151,1,27,27,38,38,54,54,70,70,80,80,178,178,166,32,32,50,250,250,260,276,276,276,296,296,308,308,308,408,408,428,428,58,58,77,77,77,77,104,104,104,104],"floor_reached":45,"playtime":2051,"items_purged":["Strike_G","Defend_G","Eviscerate"],"score":442,"play_id":"b66006d9-8cee-4c91-b88a-62f968daf673","local_time":"20201226171327","is_ascension_mode":false,"campfire_choices":[{"floor":7,"key":"REST"},{"floor":11,"key":"REST"},{"data":"Sucker Punch","floor":13,"key":"SMITH"},{"data":"Noxious Fumes","floor":15,"key":"SMITH"},{"floor":23,"key":"REST"},{"floor":27,"key":"REST"},{"data":"Tools of the Trade","floor":29,"key":"SMITH"},{"floor":32,"key":"REST"},{"data":"Adrenaline","floor":40,"key":"SMITH"},{"data":"Noxious Fumes","floor":44,"key":"SMITH"}],"circlet_count":0,"master_deck":["Survivor","Neutralize","Acrobatics","Sucker Punch","Caltrops","Noxious Fumes+1","Sucker Punch+1","Poisoned Stab","Quick Slash","Dagger Spray","Noxious Fumes+1","Tools of the Trade+1","Footwork","Footwork","Backflip","Escape Plan+1","Deadly Poison+1","Deadly Poison","Burst","Corpse Explosion","Choke","Endless Agony","Adrenaline+1","Doppelganger","Dagger Spray","Footwork+1","Impatience+1"],"relics":["Ring of the Snake","The Specimen","Vajra","HoveringKite","Eternal Feather","Pandora\u0027s Box","Toxic Egg 2","Omamori"],"acts_visited":["Exordium","TheCity","TheBeyond"],"potions_floor_usage":[6,6,8,10,18],"damage_taken":[{"damage":0,"enemies":"Cultist","floor":1,"turns":4},{"damage":0,"enemies":"Jaw Worm","floor":2,"turns":5},{"damage":1,"enemies":"2 Louse","floor":3,"turns":3},{"damage":0,"enemies":"Red Slaver","floor":4,"turns":5},{"damage":33,"enemies":"Gremlin Nob","floor":6,"turns":5},{"damage":14,"enemies":"3 Louse","floor":8,"turns":3},{"damage":2,"enemies":"Large Slime","floor":10,"turns":5},{"damage":0,"enemies":"Blue Slaver","floor":12,"turns":4},{"damage":7,"enemies":"3 Louse","floor":14,"turns":3},{"damage":8,"enemies":"Hexaghost","floor":16,"turns":8},{"damage":16,"enemies":"2 Thieves","floor":18,"turns":4},{"damage":12,"enemies":"Chosen","floor":21,"turns":5},{"damage":22,"enemies":"Snake Plant","floor":24,"turns":5},{"damage":12,"enemies":"Centurion and Healer","floor":25,"turns":7},{"damage":13,"enemies":"Sentry and Sphere","floor":28,"turns":5},{"damage":31,"enemies":"3 Cultists","floor":30,"turns":6},{"damage":51,"enemies":"Automaton","floor":33,"turns":10},{"damage":45,"enemies":"3 Darklings","floor":35,"turns":4},{"damage":28,"enemies":"Orb Walker","floor":39,"turns":4},{"damage":32,"enemies":"Writhing Mass","floor":45,"turns":3}],"seed_played":"-5514076629716203330","potions_obtained":[{"floor":1,"key":"Strength Potion"},{"floor":3,"key":"LiquidBronze"},{"floor":4,"key":"LiquidMemories"},{"floor":8,"key":"AttackPotion"},{"floor":10,"key":"Strength Potion"},{"floor":14,"key":"Swift Potion"},{"floor":18,"key":"SteroidPotion"},{"floor":21,"key":"BlessingOfTheForge"},{"floor":28,"key":"DuplicationPotion"}],"is_trial":false,"path_per_floor":["M","M","M","M","$","E","R","M","T","M","R","M","R","M","R","B",null,"M","$","?","M","?","R","M","M","T","R","M","R","M","?","R","B",null,"M","?","$","?","M","R","$","?","T","R","M"],"character_chosen":"THE_SILENT","items_purchased":["Noxious Fumes","Footwork","Toxic Egg 2"],"campfire_rested":5,"item_purchase_floors":[5,19,37],"current_hp_per_floor":[49,49,48,48,48,15,36,22,22,20,41,41,41,34,34,26,70,54,54,41,29,29,51,29,17,17,54,41,56,25,25,62,11,75,30,30,30,30,2,17,17,17,17,32,0,0],"gold":104,"neow_bonus":"ONE_RARE_RELIC","is_daily":false,"chose_seed":false,"campfire_upgraded":5,"win_rate":0.0,"timestamp":1609020807,"path_taken":["M","M","M","M","$","E","R","M","T","M","R","M","R","?","R","BOSS","M","$","?","M","?","R","M","M","T","R","?","R","M","?","R","BOSS","M","?","$","?","M","R","$","?","T","R","M"],"items_purchased_type":["Card","Card","Relic"],"build_version":"2020-12-22","purchased_purges":3,"victory":false,"max_hp_per_floor":[70,70,70,70,70,70,70,70,70,70,70,70,70,70,70,70,70,70,70,75,75,75,75,75,75,75,75,75,75,75,75,75,75,75,75,75,75,75,75,75,75,75,75,75,75,75],"card_choices":[{"not_picked":["Calculated Gamble","Dagger Spray"],"picked":"Acrobatics","floor":1},{"not_picked":["Dodge and Roll","Outmaneuver"],"picked":"Sucker Punch","floor":2},{"not_picked":["Blur","All Out Attack"],"picked":"Skewer","floor":3},{"not_picked":["Distraction","Dodge and Roll"],"picked":"Caltrops","floor":4},{"not_picked":["Cloak And Dagger","Setup"],"picked":"Sucker Punch","floor":6},{"not_picked":["Sucker Punch","Dagger Throw"],"picked":"Poisoned Stab","floor":8},{"not_picked":["Outmaneuver","Bane"],"picked":"Quick Slash","floor":10},{"not_picked":["Dagger Throw","Quick Slash"],"picked":"Dagger Spray","floor":12},{"not_picked":["Footwork","Well Laid Plans"],"picked":"Noxious Fumes","floor":14},{"not_picked":["Burst","Grand Finale"],"picked":"Tools of the Trade","floor":16},{"not_picked":["Acrobatics","Quick Slash","Bane"],"picked":"SKIP","floor":18},{"not_picked":["Infinite Blades","Blur"],"picked":"Footwork","floor":21},{"not_picked":["Acrobatics","Escape Plan"],"picked":"Backflip","floor":24},{"not_picked":["Slice","Riddle With Holes+1"],"picked":"Escape Plan+1","floor":25},{"not_picked":["Choke","Dagger Throw"],"picked":"Deadly Poison+1","floor":28},{"not_picked":["Flying Knee","Caltrops"],"picked":"Deadly Poison","floor":30},{"not_picked":["Outmaneuver","Prepared"],"picked":"Footwork+1","floor":35},{"not_picked":["expansioncontent:Hexaburn","expansioncontent:Flail"],"picked":"Impatience+1","floor":38},{"not_picked":["Dodge and Roll+1","Endless Agony","Backstab+1"],"picked":"SKIP","floor":39}],"player_experience":257328,"relics_obtained":[{"floor":6,"key":"Vajra"},{"floor":26,"key":"Eternal Feather"},{"floor":43,"key":"Omamori"}],"event_choices":[{"damage_healed":0,"gold_gain":0,"player_choice":"Shed Blood","damage_taken":18,"max_hp_gain":5,"max_hp_loss":0,"event_name":"Forgotten Altar","floor":20,"gold_loss":0},{"damage_healed":0,"gold_gain":250,"player_choice":"Bet on Owner","damage_taken":0,"max_hp_gain":0,"max_hp_loss":0,"event_name":"The Joust","floor":22,"gold_loss":50},{"damage_healed":0,"gold_gain":0,"player_choice":"Leave","damage_taken":0,"max_hp_gain":0,"max_hp_loss":0,"event_name":"FaceTrader","floor":31,"gold_loss":0},{"damage_healed":0,"gold_gain":0,"player_choice":"Ignored","damage_taken":0,"max_hp_gain":0,"max_hp_loss":0,"event_name":"The Moai Head","floor":36,"gold_loss":0},{"damage_healed":0,"gold_gain":0,"player_choice":"Memory 1","damage_taken":0,"max_hp_gain":0,"max_hp_loss":0,"event_name":"SensoryStone","floor":38,"gold_loss":0},{"cards_removed":["Skewer"],"damage_healed":0,"gold_gain":0,"player_choice":"Removed Attack","damage_taken":0,"max_hp_gain":0,"max_hp_loss":0,"event_name":"Falling","floor":42,"gold_loss":0}],"is_beta":false,"boss_relics":[{"not_picked":["SlaversCollar","Calling Bell"],"picked":"HoveringKite"},{"not_picked":["Philosopher\u0027s Stone","Ring of the Serpent"],"picked":"Pandora\u0027s Box"}],"items_purged_floors":[5,19,37],"is_endless":false,"potions_floor_spawned":[1,3,4,8,10,14,18,21,28,39],"killed_by":"Writhing Mass","ascension_level":0}}