{"host":"tx5rs9w5gu6e5gf0","time":1609026682,"event":{"mods":["BaseMod","Colored Map","Filter the Spire","Minty Spire (QoL Compilation)","Relic Stats","StSLib"],"gold_per_floor":[216,216,234,234,244,244,274,274,274,300,320,340,340,360,360,465,465,480,500,517,533,543,543,576,576,576,611,646,646,646],"floor_reached":29,"playtime":1279,"items_purged":[],"score":291,"play_id":"ca9be87d-56a2-4d36-897d-06c4b625f174","local_time":"20201227005122","is_ascension_mode":true,"campfire_choices":[{"data":"Bouncing Flask","floor":6,"key":"SMITH"},{"data":"Tactician","floor":8,"key":"SMITH"},{"floor":13,"key":"REST"},{"data":"Bouncing Flask","floor":15,"key":"SMITH"},{"floor":23,"key":"REST"},{"data":"A Thousand Cuts","floor":25,"key":"SMITH"}],"circlet_count":0,"master_deck":["Strike_G","Strike_G+1","Strike_G","Strike_G","Defend_G+1","Defend_G","Defend_G","Defend_G","Defend_G","Survivor","Neutralize","Bouncing Flask+1","Bouncing Flask+1","Tactician+1","Acrobatics","Backflip","Slice","Backstab","Blade Dance","A Thousand Cuts+1","Finisher","Dagger Spray+1","Acrobatics","Adrenaline","Escape Plan","Well Laid Plans"],"relics":["Ring of the Snake","Darkstone Periapt","Nunchaku","Pen Nib","Black Star","Blood Vial","Bronze Scales","Red Mask","InkBottle","Ice Cream"],"acts_visited":["Exordium","TheCity"],"potions_floor_usage":[7,16,18,21,22,22,29],"damage_taken":[{"damage":2,"enemies":"Small Slimes","floor":1,"turns":4},{"damage":0,"enemies":"Cultist","floor":3,"turns":3},{"damage":3,"enemies":"Jaw Worm","floor":5,"turns":3},{"damage":7,"enemies":"Gremlin Nob","floor":7,"turns":3},{"damage":14,"enemies":"Lagavulin","floor":10,"turns":6},{"damage":7,"enemies":"Large Slime","floor":11,"turns":6},{"damage":1,"enemies":"2 Fungi Beasts","floor":12,"turns":3},{"damage":0,"enemies":"Red Slaver","floor":14,"turns":3},{"damage":6,"enemies":"The Guardian","floor":16,"turns":8},{"damage":23,"enemies":"2 Thieves","floor":18,"turns":5},{"damage":25,"enemies":"Shell Parasite","floor":19,"turns":6},{"damage":0,"enemies":"Centurion and Healer","floor":20,"turns":5},{"damage":20,"enemies":"Chosen and Byrds","floor":21,"turns":8},{"damage":6,"enemies":"Shelled Parasite and Fungi","floor":22,"turns":2},{"damage":15,"enemies":"Book of Stabbing","floor":24,"turns":4},{"damage":0,"enemies":"Masked Bandits","floor":27,"turns":3},{"damage":49,"enemies":"Slavers","floor":28,"turns":5},{"damage":11,"enemies":"Cultist and Chosen","floor":29,"turns":4}],"seed_played":"-2845103375870118403","potions_obtained":[{"floor":1,"key":"FearPotion"},{"floor":3,"key":"Poison Potion"},{"floor":10,"key":"Strength Potion"},{"floor":11,"key":"Block Potion"},{"floor":19,"key":"Block Potion"},{"floor":21,"key":"SteroidPotion"},{"floor":24,"key":"BlessingOfTheForge"},{"floor":28,"key":"Regen Potion"}],"is_trial":false,"path_per_floor":["M","?","M","?","M","R","E","R","T","E","M","M","R","M","R","B",null,"M","M","M","M","M","R","E","R","T","?","E","M"],"character_chosen":"THE_SILENT","items_purchased":[],"campfire_rested":2,"item_purchase_floors":[],"current_hp_per_floor":[68,54,54,54,51,51,44,44,44,30,23,22,43,43,43,37,70,47,22,22,2,46,67,52,52,52,54,7,70,70],"gold":646,"neow_bonus":"HUNDRED_GOLD","is_daily":false,"chose_seed":false,"campfire_upgraded":4,"win_rate":0.0,"timestamp":1609026682,"path_taken":["M","?","M","?","M","R","E","R","T","E","M","M","R","M","R","BOSS","M","M","M","M","?","R","E","R","T","?","E","M"],"items_purchased_type":[],"build_version":"2020-12-22","purchased_purges":0,"victory":false,"max_hp_per_floor":[70,70,70,70,70,70,70,70,70,70,70,70,70,70,70,70,70,70,70,70,70,70,70,70,70,70,70,70,70,70],"relic_stats":{"Darkstone Periapt":0,"Blood Vial":6,"Nunchaku":[13],"counters":[18,81],"Bronze Scales":[48],"Pen Nib":[12],"Black Star":2,"obtain_stats":[{"Darkstone Periapt":7,"Blood Vial":24,"Ice Cream":28,"Nunchaku":9,"Bronze Scales":24,"Pen Nib":10,"Black Star":17,"Red Mask":27,"InkBottle":28,"Ring of the Snake":0},{"Darkstone Periapt":4,"Blood Vial":15,"Ice Cream":17,"Nunchaku":4,"Bronze Scales":15,"Pen Nib":5,"Black Star":9,"Red Mask":16,"InkBottle":17,"Ring of the Snake":0},{"Darkstone Periapt":13,"Blood Vial":69,"Ice Cream":77,"Nunchaku":13,"Bronze Scales":69,"Pen Nib":19,"Black Star":39,"Red Mask":72,"InkBottle":77,"Ring of the Snake":0}],"InkBottle":[1],"Ring of the Snake":[36]},"card_choices":[{"not_picked":["Riddle With Holes","Deadly Poison"],"picked":"Bouncing Flask","floor":1},{"not_picked":["Sucker Punch","Underhanded Strike"],"picked":"Bouncing Flask","floor":3},{"not_picked":["Masterful Stab","Prepared"],"picked":"Tactician","floor":5},{"not_picked":["Underhanded Strike","Skewer"],"picked":"Acrobatics","floor":7},{"not_picked":["Expertise","Blade Dance"],"picked":"Backflip","floor":10},{"not_picked":["Slice","Sucker Punch","Finisher"],"picked":"SKIP","floor":11},{"not_picked":["Sucker Punch","Finisher"],"picked":"Slice","floor":11},{"not_picked":["Finisher","Dagger Throw"],"picked":"Backstab","floor":12},{"not_picked":["Masterful Stab","Expertise"],"picked":"Blade Dance","floor":14},{"not_picked":["Doppelganger","Venomology"],"picked":"A Thousand Cuts","floor":16},{"not_picked":["Prepared+1","Flying Knee"],"picked":"Finisher","floor":18},{"not_picked":["Poisoned Stab","Quick Slash+1"],"picked":"Dagger Spray+1","floor":19},{"not_picked":["Bane","All Out Attack"],"picked":"Acrobatics","floor":20},{"not_picked":["Distraction","Acrobatics","All Out Attack+1"],"picked":"SKIP","floor":21},{"not_picked":["Dagger Spray","Flying Knee"],"picked":"Adrenaline","floor":22},{"not_picked":["Outmaneuver","Underhanded Strike","Heel Hook+1"],"picked":"SKIP","floor":24},{"not_picked":["Bane","Outmaneuver"],"picked":"Escape Plan","floor":27},{"not_picked":["Acrobatics+1","Prepared"],"picked":"Well Laid Plans","floor":28}],"player_experience":10338,"relics_obtained":[{"floor":7,"key":"Darkstone Periapt"},{"floor":9,"key":"Nunchaku"},{"floor":10,"key":"Pen Nib"},{"floor":24,"key":"Blood Vial"},{"floor":24,"key":"Bronze Scales"},{"floor":27,"key":"Red Mask"},{"floor":28,"key":"InkBottle"},{"floor":28,"key":"Ice Cream"}],"event_choices":[{"damage_healed":0,"gold_gain":0,"player_choice":"Entered Light","damage_taken":14,"max_hp_gain":0,"max_hp_loss":0,"event_name":"Shining Light","floor":2,"gold_loss":0,"cards_upgraded":["Defend_G","Strike_G"]},{"cards_removed":["Strike_G"],"damage_healed":0,"gold_gain":0,"player_choice":"Offered Basic","damage_taken":0,"max_hp_gain":0,"max_hp_loss":0,"event_name":"Bonfire Elementals","floor":4,"gold_loss":0},{"damage_healed":0,"gold_gain":0,"player_choice":"Fought Bandits","damage_taken":0,"max_hp_gain":0,"max_hp_loss":0,"event_name":"Masked Bandits","floor":27,"gold_loss":0}],"is_beta":false,"boss_relics":[{"not_picked":["Sozu","SacredBark"],"picked":"Black Star"}],"items_purged_floors":[],"is_endless":false,"potions_floor_spawned":[1,3,10,11,12,19,21,24,28],"killed_by":"Cultist and Chosen","ascension_level":1}}