{"host":"1vysks8ssvkrgxm9","time":1609004262,"event":{"mods":["Always Whale","BaseMod","Lobotomy","Minty Spire (QoL Compilation)","StSLib","SuperFastMode"],"gold_per_floor":[110,110,123,9318,9334,9334,8719,8719,8719,8751,8763,8781,8139,8150,8150,8251,8251,8271,8271,8285,8299,8319,8346,8346,8378,8378,8378,7537,7537,7537,7637,7637,7738,7738,7752,7769,7060,7075,7075,7110,6417,6417,6417,6417,6448,6448,6463,5629,5629,5629],"floor_reached":51,"playtime":3278,"items_purged":["Defend_G","Strike_G","Regret","Choke","Riddle With Holes","Deadly Poison","Expertise"],"score":1034,"play_id":"c173cbdd-7d2a-4a2b-aa1c-cca86b5ecfc8","local_time":"20201227023742","is_ascension_mode":true,"campfire_choices":[{"data":"Adrenaline","floor":6,"key":"SMITH"},{"data":"Envenom","floor":15,"key":"PURGE"},{"data":"Catalyst","floor":24,"key":"SMITH"},{"data":"Tools of the Trade","floor":29,"key":"SMITH"},{"data":"Deep Breath","floor":30,"key":"SMITH"},{"data":"Choke+1","floor":32,"key":"PURGE"},{"data":"Apotheosis","floor":42,"key":"SMITH"},{"data":"Underhanded Strike","floor":44,"key":"PURGE"},{"data":"Tactician","floor":49,"key":"SMITH"}],"circlet_count":0,"master_deck":["Survivor","Neutralize+1","Tactician+1","Outmaneuver+1","Deflect","Finesse","Corpse Explosion","Adrenaline+1","Catalyst+1","Tools of the Trade+1","Bouncing Flask","Crippling Poison","Backflip","Noxious Fumes","PiercingWail","Footwork","Prepared","Deep Breath+1","Acrobatics+1","Acrobatics","Tactician+1","Apotheosis+1","Escape Plan","Catalyst+1","Acrobatics+1"],"relics":["Astrolabe","Peace Pipe","Anchor","Bag of Preparation","Lee\u0027s Waffle","War Paint","Boot","Pen Nib","Ninja Scroll","Orichalcum","Whetstone","Orrery","Pandora\u0027s Box","WingedGreaves","StoneCalendar","Pantograph","Gremlin Horn","Strange Spoon","Blue Candle","Ice Cream","Meat on the Bone","Philosopher\u0027s Stone","PreservedInsect","Frozen Eye","Singing Bowl","Darkstone Periapt","Vajra","Snake Skull","DollysMirror","MealTicket","Ginger","Happy Flower","HandDrill"],"acts_visited":["Exordium","TheCity","TheBeyond"],"potions_floor_usage":[16,16,31,31,51,51,51],"damage_taken":[{"damage":2,"enemies":"Small Slimes","floor":1,"turns":2},{"damage":0,"enemies":"Jaw Worm","floor":3,"turns":4},{"damage":0,"enemies":"Cultist","floor":5,"turns":3},{"damage":18,"enemies":"Lagavulin","floor":10,"turns":6},{"damage":3,"enemies":"Exordium Wildlife","floor":11,"turns":2},{"damage":2,"enemies":"3 Louse","floor":12,"turns":3},{"damage":0,"enemies":"Red Slaver","floor":14,"turns":2},{"damage":18,"enemies":"Slime Boss","floor":16,"turns":6},{"damage":0,"enemies":"Chosen","floor":18,"turns":3},{"damage":0,"enemies":"Spheric Guardian","floor":20,"turns":3},{"damage":1,"enemies":"Shelled Parasite and Fungi","floor":21,"turns":2},{"damage":15,"enemies":"Centurion and Healer","floor":22,"turns":4},{"damage":14,"enemies":"Book of Stabbing","floor":23,"turns":3},{"damage":0,"enemies":"Gremlin Leader","floor":25,"turns":5},{"damage":1,"enemies":"Colosseum Slavers","floor":31,"turns":3},{"damage":0,"enemies":"Colosseum Nobs","floor":31,"turns":1},{"damage":8,"enemies":"Automaton","floor":33,"turns":6},{"damage":0,"enemies":"3 Shapes","floor":35,"turns":3},{"damage":0,"enemies":"3 Darklings","floor":36,"turns":2},{"damage":0,"enemies":"Transient","floor":38,"turns":5},{"damage":0,"enemies":"Giant Head","floor":40,"turns":3},{"damage":0,"enemies":"Reptomancer","floor":45,"turns":2},{"damage":15,"enemies":"Jaw Worm Horde","floor":47,"turns":2},{"damage":6,"enemies":"Awakened One","floor":50,"turns":3},{"damage":11,"enemies":"Malkuth","floor":51,"turns":3},{"damage":8,"enemies":"Hod","floor":51,"turns":3},{"damage":0,"enemies":"Chesed","floor":51,"turns":3},{"damage":58,"enemies":"Binah","floor":51,"turns":8}],"seed_played":"-2634821405754397110","potions_obtained":[{"floor":3,"key":"Strength Potion"},{"floor":5,"key":"CultistPotion"},{"floor":11,"key":"Fire Potion"},{"floor":12,"key":"DuplicationPotion"},{"floor":20,"key":"SteroidPotion"},{"floor":23,"key":"CunningPotion"},{"floor":33,"key":"FearPotion"},{"floor":35,"key":"SpeedPotion"}],"is_trial":false,"path_per_floor":["M","?","M","$","M","R","$","?","T","E","M","M","$","M","R","B",null,"M","?","M","M","M","E","R","E","T","?","$","R","R","?","R","B",null,"M","M","$","M","?","E","$","R","T","R","E","?","M","$","R","B",null],"character_chosen":"THE_SILENT","items_purchased":["Finesse","Corpse Explosion","Peace Pipe","Anchor","Deadly Poison","Catalyst","Bag of Preparation","Lee\u0027s Waffle","War Paint","Orichalcum","Crippling Poison","Whetstone","Orrery","Tactician","Gremlin Horn","Strange Spoon","Blue Candle","PreservedInsect","Frozen Eye","Singing Bowl","Escape Plan","Vajra","Snake Skull","DollysMirror","Ginger","Happy Flower","HandDrill"],"campfire_rested":0,"item_purchase_floors":[4,4,4,4,4,7,7,7,7,13,13,13,13,28,28,28,28,37,37,37,41,41,41,41,48,48,48],"current_hp_per_floor":[68,68,68,68,68,68,77,77,77,59,56,54,54,54,54,36,77,77,65,65,64,49,35,35,35,35,21,21,21,21,20,20,49,82,82,82,82,84,84,86,86,86,86,86,86,86,73,88,88,82],"gold":5629,"neow_bonus":"BOSS_RELIC","is_daily":false,"chose_seed":false,"campfire_upgraded":6,"win_rate":0.0,"timestamp":1609004262,"path_taken":["M","?","M","$","M","R","$","?","T","E","M","M","$","M","R","BOSS","M","?","M","?","M","E","R","E","T","?","$","R","R","?","R","BOSS","M","M","$","M","?","E","$","R","T","R","E","?","M","$","R","BOSS"],"items_purchased_type":["Card","Card","Relic","Relic","Card","Card","Relic","Relic","Relic","Relic","Card","Relic","Relic","Card","Relic","Relic","Relic","Relic","Relic","Relic","Card","Relic","Relic","Relic","Relic","Relic","Relic"],"build_version":"2020-12-22","purchased_purges":7,"victory":true,"max_hp_per_floor":[70,70,70,70,70,70,77,77,77,77,77,77,77,77,77,77,77,77,77,77,77,77,77,77,77,77,82,82,82,82,82,82,82,82,82,82,82,84,84,86,86,86,86,86,86,86,88,88,88,88],"card_choices":[{"not_picked":["Slice","Well Laid Plans"],"picked":"Deflect","floor":1},{"not_picked":["Flying Knee","Underhanded Strike"],"picked":"Expertise","floor":3},{"not_picked":["Dagger Spray","Slice"],"picked":"Adrenaline","floor":5},{"not_picked":["Expertise","Cloak And Dagger"],"picked":"Tools of the Trade","floor":10},{"not_picked":["Flying Knee","Blade Dance"],"picked":"Bouncing Flask","floor":11},{"not_picked":["Expertise","Flying Knee","Terror"],"picked":"SKIP","floor":12},{"not_picked":["Concentrate","Tactician"],"picked":"Backflip","floor":13},{"not_picked":["Expertise","Blur"],"picked":"Noxious Fumes","floor":13},{"not_picked":["Masterful Stab","Dodge and Roll"],"picked":"Envenom","floor":13},{"not_picked":["Dodge and Roll","Heel Hook"],"picked":"PiercingWail","floor":14},{"not_picked":["PiercingWail","Dagger Spray","Blade Dance+1"],"picked":"SKIP","floor":18},{"not_picked":["Blur","Blade Dance+1"],"picked":"Acrobatics+1","floor":20},{"not_picked":["All Out Attack","Eviscerate","Heel Hook"],"picked":"SKIP","floor":21},{"not_picked":["Finisher","Riddle With Holes","Underhanded Strike"],"picked":"SKIP","floor":22},{"not_picked":["Sucker Punch+1","Skewer+1","Dagger Spray"],"picked":"SKIP","floor":23},{"not_picked":["Finisher","Glass Knife"],"picked":"Acrobatics","floor":25},{"not_picked":["Setup+1","Slice+1","Choke"],"picked":"SKIP","floor":35},{"not_picked":["All Out Attack+1","Sucker Punch","Setup+1"],"picked":"SKIP","floor":36},{"not_picked":["Sucker Punch","Acrobatics","Deadly Poison+1"],"picked":"Singing Bowl","floor":38},{"not_picked":["Good Instincts","Secret Weapon"],"picked":"Apotheosis","floor":39},{"not_picked":["Flying Knee+1","Caltrops","Crippling Poison"],"picked":"Singing Bowl","floor":40},{"not_picked":["Underhanded Strike+1","Blade Dance"],"picked":"Acrobatics+1","floor":45},{"not_picked":["Blade Dance","Blur","Slice+1"],"picked":"Singing Bowl","floor":47}],"player_experience":48449,"relics_obtained":[{"floor":9,"key":"Pen Nib"},{"floor":10,"key":"Ninja Scroll"},{"floor":23,"key":"WingedGreaves"},{"floor":25,"key":"StoneCalendar"},{"floor":26,"key":"Pantograph"},{"floor":31,"key":"Ice Cream"},{"floor":31,"key":"Meat on the Bone"},{"floor":40,"key":"Darkstone Periapt"},{"floor":45,"key":"MealTicket"}],"event_choices":[{"damage_healed":0,"gold_gain":0,"player_choice":"Ignored","damage_taken":0,"max_hp_gain":0,"max_hp_loss":0,"event_name":"Liars Game","floor":2,"gold_loss":0},{"damage_healed":0,"gold_gain":0,"player_choice":"Box","damage_taken":0,"relics_obtained":["Boot"],"max_hp_gain":0,"max_hp_loss":0,"event_name":"Big Fish","floor":8,"gold_loss":0,"cards_obtained":["Regret"]},{"damage_healed":0,"gold_gain":0,"player_choice":"CARD ","damage_taken":12,"max_hp_gain":0,"max_hp_loss":0,"event_name":"Knowing Skull","floor":19,"potions_obtained":[],"gold_loss":0,"cards_obtained":["Deep Breath"]},{"damage_healed":0,"gold_gain":0,"player_choice":"CARD ","damage_taken":12,"max_hp_gain":0,"max_hp_loss":0,"event_name":"Knowing Skull","floor":19,"potions_obtained":[],"gold_loss":0,"cards_obtained":["Deep Breath"]},{"damage_healed":0,"gold_gain":0,"player_choice":"Shed Blood","damage_taken":19,"max_hp_gain":5,"max_hp_loss":0,"event_name":"Forgotten Altar","floor":27,"gold_loss":0},{"damage_healed":0,"gold_gain":0,"player_choice":"Fight","damage_taken":0,"max_hp_gain":0,"max_hp_loss":0,"event_name":"Colosseum","floor":31,"gold_loss":0},{"damage_healed":0,"gold_gain":0,"player_choice":"Fought Nobs","damage_taken":0,"max_hp_gain":0,"max_hp_loss":0,"event_name":"Colosseum","floor":31,"gold_loss":0},{"damage_healed":0,"gold_gain":0,"player_choice":"Memory 1","damage_taken":0,"max_hp_gain":0,"max_hp_loss":0,"event_name":"SensoryStone","floor":39,"gold_loss":0},{"damage_healed":0,"gold_gain":0,"player_choice":"0 cards matched","damage_taken":0,"max_hp_gain":0,"max_hp_loss":0,"event_name":"Match and Keep!","floor":46,"gold_loss":0,"cards_obtained":[]}],"is_beta":false,"boss_relics":[{"not_picked":["Runic Pyramid","Calling Bell"],"picked":"Pandora\u0027s Box"},{"not_picked":["SlaversCollar","Empty Cage"],"picked":"Philosopher\u0027s Stone"}],"items_purged_floors":[4,7,13,28,37,41,48],"is_endless":false,"potions_floor_spawned":[3,5,11,12,20,23,25,31,33,35,36,45,47],"ascension_level":1}}