{"host":"iak1zw6udsaqx1iy","time":1609026257,"event":{"mods":["BaseMod","Minty Spire (QoL Compilation)","Remilia（蕾米莉亚）","Replay The Spire","StSLib","The Alterego","The Cursed","The Servant 0.9.4","WarShipGirlsR/战舰少女R mod","Youmu（魂魄妖梦）"],"gold_per_floor":[19,35,50,69,87,87,87,87,87,99,144,160,177,202,202,236,248,358,370,396,408,438,483,509,555,567,579,591,614,626,648,575,587,609,652,664,773,785,810,840,852,864,890,920,942,954,998,1021,1079,1145,33,93,93,123,123,145,145],"floor_reached":56,"playtime":2850,"items_purged":[],"score":762,"play_id":"a6e05944-44c6-4c06-8a8c-34b74b7a0600","local_time":"20201227074417","is_ascension_mode":true,"campfire_choices":[{"data":"Perfected Strike","floor":6.0,"key":"SMITH"},{"data":"Seeing Red","floor":15.0,"key":"SMITH"},{"data":"Perfected Strike","floor":17.0,"key":"SMITH"},{"data":"ReplayTheSpireMod:Muscle Training","floor":26.0,"key":"SMITH"},{"data":"Seeing Red","floor":33.0,"key":"SMITH"},{"floor":36.0,"key":"REST"},{"floor":46.0,"key":"REST"},{"floor":55,"key":"REST"}],"circlet_count":0,"master_deck":["Strike_R","Strike_R","Strike_R","Strike_R","Defend_R","Defend_R","Defend_R","Bash","Cleave","Dropkick","Twin Strike","Perfected Strike+1","ReplayTheSpireMod:Strike From Hell","Clothesline","Shrug It Off","Battle Trance","ReplayReversal","Havoc","Seeing Red+1","Perfected Strike+1","Demon Form","Anger","Dropkick","Armaments+1","Flex","ReplayTheSpireMod:Muscle Training+1","Seeing Red+1","Run Through","Thunderclap","Wild Strike","Feed","Twin Strike","True Grit+1","Clash","Warcry+1","Wild Strike+1","True Grit+1","Wild Strike+1","Battle Trance","ReplayTheSpireMod:LeadingStrike","ReplayTheSpireMod:Brewmster","Flex","Anger+1","Seeing Red"],"relics":["Burning Blood","Another Sword","The Courier","MawBank","Velvet Choker","Replay:WaspNest","Red Mask","Omamori","Mirror","Paper Frog","Replay:Mystery Machine","ChewingGum","ReplayTheSpireMod:Lightbulb","Replay:Bandana","Happy Flower","ReplayTheSpireMod:Shallot","Sundial","Replay:Arrowhead","Anchor","Blue Doll","Bottled Lightning"],"acts_visited":["Exordium","TheCity","TheBeyond"],"potions_floor_usage":[56,56,56,56],"damage_taken":[{"damage":1.0,"enemies":"Cultist","floor":1.0,"turns":3.0},{"damage":8.0,"enemies":"2 Louse","floor":2.0,"turns":2.0},{"damage":7.0,"enemies":"Jaw Worm","floor":3.0,"turns":2.0},{"damage":13.0,"enemies":"Large Slime","floor":4.0,"turns":5.0},{"damage":0.0,"enemies":"2 Fungi Beasts","floor":5.0,"turns":2.0},{"damage":26.0,"enemies":"Exordium Thugs","floor":10.0,"turns":3.0},{"damage":8.0,"enemies":"Gremlin Gang","floor":12.0,"turns":3.0},{"damage":8.0,"enemies":"Blue Slaver","floor":13.0,"turns":2.0},{"damage":6.0,"enemies":"Gremlin Nob","floor":14.0,"turns":3.0},{"damage":9.0,"enemies":"Lagavulin","floor":16.0,"turns":3.0},{"damage":8.0,"enemies":"Slime Boss","floor":18.0,"turns":4.0},{"damage":2.0,"enemies":"Shell Parasite","floor":20.0,"turns":2.0},{"damage":6.0,"enemies":"3 Byrds","floor":22.0,"turns":3.0},{"damage":4.0,"enemies":"Masked Bandits","floor":23.0,"turns":3.0},{"damage":0.0,"enemies":"Sentry and Sphere","floor":24.0,"turns":2.0},{"damage":14.0,"enemies":"Book of Stabbing","floor":25.0,"turns":4.0},{"damage":11.0,"enemies":"3 Cultists","floor":29.0,"turns":4.0},{"damage":0.0,"enemies":"Shelled Parasite and Fungi","floor":31.0,"turns":2.0},{"damage":12.0,"enemies":"Snake Plant","floor":34.0,"turns":3.0},{"damage":40.0,"enemies":"Slavers","floor":35.0,"turns":3.0},{"damage":33.0,"enemies":"Automaton","floor":37.0,"turns":6.0},{"damage":8.0,"enemies":"Orb Walker","floor":39.0,"turns":2.0},{"damage":14.0,"enemies":"3 Shapes","floor":40.0,"turns":3.0},{"damage":32.0,"enemies":"3 Darklings","floor":43.0,"turns":4.0},{"damage":44.0,"enemies":"Maw","floor":44.0,"turns":6.0},{"damage":9.0,"enemies":"Spire Growth","floor":45.0,"turns":4.0},{"damage":31.0,"enemies":"Giant Head","floor":47.0,"turns":6.0},{"damage":0.0,"enemies":"Sphere and 2 Shapes","floor":48.0,"turns":3.0},{"damage":45.0,"enemies":"Nemesis","floor":50.0,"turns":3.0},{"damage":30.0,"enemies":"Reptomancer","floor":52.0,"turns":4.0},{"damage":6,"enemies":"Transient","floor":54,"turns":5},{"damage":39,"enemies":"Replay:Hell Engine","floor":56,"turns":6}],"seed_played":"7373152862065062333","potions_obtained":[{"floor":5.0,"key":"DistilledChaos"},{"floor":10.0,"key":"SteroidPotion"},{"floor":12.0,"key":"CultistPotion"},{"floor":16.0,"key":"Fire Potion"},{"floor":18.0,"key":"Block Potion"},{"floor":20.0,"key":"LifebloodPotion"},{"floor":23.0,"key":"FairyPotion"},{"floor":29.0,"key":"SteroidPotion"},{"floor":34.0,"key":"SpeedPotion"},{"floor":35.0,"key":"Venom Potion"},{"floor":37.0,"key":"Adrenaline Potion"},{"floor":45.0,"key":"Block Potion"},{"floor":47.0,"key":"Dexterity Potion"},{"floor":48.0,"key":"Dexterity Potion"},{"floor":50.0,"key":"Fruit Juice"},{"floor":52.0,"key":"Explosive Potion"}],"is_trial":false,"path_per_floor":["M","M","M","M","M","R","?","PTL","PTL","M","T","M","M","E","R","E","R","B",null,"M","T","M","?","M","E","R","PTL","PTL","M","T","M","?","R","M","E","R","B",null,"M","M","PTL","PTL","M","M","M","R","E","M","T","E","$","E","?","M","R","B"],"character_chosen":"IRONCLAD","items_purchased":["ReplayTheSpireMod:LeadingStrike","ReplayTheSpireMod:Brewmster","Flex","ReplayTheSpireMod:Shallot","Sundial","Replay:Arrowhead","Anchor","Blue Doll"],"campfire_rested":3,"item_purchase_floors":[51,51,51,51,51,51,51,51],"current_hp_per_floor":[80,78,77,70,76,76,76,76,76,56,56,54,52,52,52,49,49,47,80,80,80,80,80,80,72,72,72,72,67,67,73,73,73,67,33,57,30,80,82,74,74,74,48,10,7,32,7,13,13,31,31,12,12,12,38,0,0],"gold":145,"neow_bonus":"TRANSFORM_TWO_CARDS","is_daily":false,"chose_seed":false,"campfire_upgraded":5,"win_rate":0.0,"timestamp":1609026257,"path_taken":["M","M","M","M","?","R","?","PTL","PTL","M","T","M","M","E","R","E","R","BOSS","M","?","?","?","M","E","R","PTL","PTL","M","T","M","?","R","M","E","R","BOSS","M","M","PTL","PTL","M","M","M","R","E","M","T","E","$","E","?","M","R","BOSS"],"items_purchased_type":["Card","Card","Card","Relic","Relic","Relic","Relic","Relic"],"build_version":"2020-12-22","purchased_purges":0,"victory":false,"max_hp_per_floor":[80,80,80,80,80,80,80,80,80,80,80,80,80,80,80,80,80,80,80,80,80,80,80,80,80,80,80,80,80,80,80,80,80,80,80,80,80,80,84,84,84,84,84,84,84,84,84,84,84,84,84,89,89,89,89,89,89],"card_choices":[{"not_picked":["Replay:Undeath\u0027s Touch","Anger"],"picked":"Twin Strike","floor":1.0},{"not_picked":["Heavy Blade","Wild Strike"],"picked":"Perfected Strike","floor":2.0},{"not_picked":["Anger","Eclipse"],"picked":"ReplayTheSpireMod:Strike From Hell","floor":3.0},{"not_picked":["Heavy Blade","Power Through"],"picked":"Clothesline","floor":4.0},{"not_picked":["Body Slam","Armaments"],"picked":"Shrug It Off","floor":5.0},{"not_picked":["Feel No Pain","Run Through"],"picked":"Battle Trance","floor":10.0},{"not_picked":["Sword Boomerang","Thunderclap"],"picked":"ReplayReversal","floor":12.0},{"not_picked":["Shockwave","Cleave"],"picked":"Havoc","floor":13.0},{"not_picked":["Massacre","Sever Soul"],"picked":"Seeing Red","floor":14.0},{"not_picked":["Havoc","Juggernaut"],"picked":"Perfected Strike","floor":16.0},{"not_picked":["Barricade","Juggernaut"],"picked":"Demon Form","floor":18.0},{"not_picked":["Power Through","Massacre"],"picked":"Anger","floor":20.0},{"not_picked":["Body Slam","Massacre"],"picked":"Dropkick","floor":22.0},{"not_picked":["Battle Trance","Sever Soul"],"picked":"Armaments+1","floor":23.0},{"not_picked":["Run Through","Thunderclap"],"picked":"Flex","floor":24.0},{"not_picked":["Heavy Blade","Anger"],"picked":"ReplayTheSpireMod:Muscle Training","floor":25.0},{"not_picked":["Feel No Pain+1","Juggernaut"],"picked":"Seeing Red","floor":29.0},{"not_picked":["Evolve","Sword Boomerang"],"picked":"Run Through","floor":31.0},{"not_picked":["Sword Boomerang","Power Through"],"picked":"Thunderclap","floor":34.0},{"not_picked":["Fire Breathing","Bloodletting+1"],"picked":"Wild Strike","floor":35.0},{"not_picked":["Immolate","Eclipse"],"picked":"Feed","floor":37.0},{"not_picked":["Whirlwind","ReplayTheSpireMod:Stacked"],"picked":"Twin Strike","floor":39.0},{"not_picked":["Heavy Blade","Anger"],"picked":"True Grit+1","floor":40.0},{"not_picked":["Second Wind","Havoc+1"],"picked":"Clash","floor":43.0},{"not_picked":["Heavy Blade+1","Replay:Undeath\u0027s Touch"],"picked":"Warcry+1","floor":44.0},{"not_picked":["Clash+1","Heavy Blade+1"],"picked":"Wild Strike+1","floor":45.0},{"not_picked":["Shrug It Off+1","Headbutt"],"picked":"True Grit+1","floor":47.0},{"not_picked":["Dark Embrace+1","Heavy Blade+1"],"picked":"Wild Strike+1","floor":48.0},{"not_picked":["Blood for Blood","Headbutt"],"picked":"Battle Trance","floor":50.0},{"not_picked":["Evolve+1","Flex"],"picked":"Anger+1","floor":52.0},{"not_picked":["Eclipse","Anger+1"],"picked":"Seeing Red","floor":54}],"player_experience":274794,"relics_obtained":[{"floor":14.0,"key":"The Courier"},{"floor":16.0,"key":"MawBank"},{"floor":21.0,"key":"Replay:WaspNest"},{"floor":23.0,"key":"Red Mask"},{"floor":25.0,"key":"Omamori"},{"floor":30.0,"key":"Mirror"},{"floor":35.0,"key":"Replay:Mystery Machine"},{"floor":47.0,"key":"ReplayTheSpireMod:Lightbulb"},{"floor":49.0,"key":"Replay:Bandana"},{"floor":50.0,"key":"Happy Flower"},{"floor":52.0,"key":"Bottled Lightning"}],"event_choices":[{"damage_healed":0.0,"max_hp_gain":0.0,"max_hp_loss":0.0,"gold_gain":0.0,"event_name":"WeMeetAgain","player_choice":"Gave Potion","floor":7.0,"gold_loss":0.0,"damage_taken":0.0,"relics_obtained":["Another Sword"]},{"damage_healed":0.0,"max_hp_gain":0.0,"max_hp_loss":0.0,"gold_gain":0.0,"event_name":"Masked Bandits","player_choice":"Fought Bandits","floor":23.0,"gold_loss":0.0,"damage_taken":0.0},{"damage_healed":0.0,"max_hp_gain":0.0,"max_hp_loss":0.0,"gold_gain":0.0,"event_name":"Addict","player_choice":"Obtained Relic","floor":32.0,"gold_loss":85.0,"damage_taken":0.0,"relics_obtained":["Paper Frog"]},{"damage_healed":0.0,"max_hp_gain":0.0,"max_hp_loss":0.0,"gold_gain":0.0,"event_name":"SecretPortal","player_choice":"Ignored","floor":53.0,"gold_loss":0.0,"damage_taken":0.0}],"is_beta":false,"boss_relics":[{"not_picked":["Kintsugi","Ooze Armor"],"picked":"Velvet Choker"},{"not_picked":["Replay:Drink Me","Replay:Bronze Core"],"picked":"ChewingGum"}],"items_purged_floors":[],"is_endless":false,"potions_floor_spawned":[5,10,12,16,18,20,23,29,34,35,37,45,47,48,50,52],"killed_by":"Replay:Hell Engine","ascension_level":2}}