{"host":"ixtszv54kd1m8623","time":1609017933,"event":{"mods":["Act Like it!","Aspiration","BaseMod","Beaked The Cultist","ChefMod","Colored Map","Colored Powertips","Conspire","Downfall","Gensokyo","Halation","Hermit","Hubris","Infinite Spire","Jorbs\u0027s Wanderer Trilogy","Minty Spire (QoL Compilation)","Replay The Spire","Robot Space Explorer","Shade Mod","Shop Mod","StSLib","The Blackbeard","The Bug Knight","The Cursed","The Dragon Tamer","The Marked","The Runesmith"],"gold_per_floor":[99,156,176,192,211,211,211,244,258,275,31,31,31,31,43,43,43],"floor_reached":16,"playtime":800,"items_purged":["stsjorbsmod:Amnesia"],"score":102,"play_id":"9d303edc-0d2a-4e17-9e28-1b4e88576ae8","local_time":"20201226132533","is_ascension_mode":false,"campfire_choices":[{"data":"Runesmith:Fortify","floor":1,"key":"SMITH"},{"data":"Runesmith:Firestorm","floor":6,"key":"SMITH"}],"circlet_count":0,"master_deck":["Runesmith:Strike_RS","Runesmith:Strike_RS","Runesmith:Strike_RS","Runesmith:Strike_RS","Runesmith:Defend_RS","Runesmith:Defend_RS","Runesmith:Defend_RS","Runesmith:Defend_RS","Runesmith:CraftFirestone","Runesmith:Fortify+1","Runesmith:Grindstone","Runesmith:CraftObretio","Runesmith:BackupBattery","Runesmith:Firestorm+1","Runesmith:EnergizedChisel","Runesmith:GrandSlam","Runesmith:LithiumIon","Runesmith:CraftMagma","Runesmith:PoweredAnvil","Runesmith:EarthShield","Runesmith:ChiselStab","Runesmith:ChiselStab","Runesmith:Discharge"],"relics":["Runesmith:BrokenRuby","Lizard Tail","Letter Opener","infinitespire:BottledMercury","halation:LettersToHer","hubris:Zylophone","aspiration:EmptySkull"],"acts_visited":["Exordium"],"potions_floor_usage":[16,16,16],"damage_taken":[{"damage":21,"enemies":"3 Sentries","floor":2,"turns":9},{"damage":0,"enemies":"2 Louse","floor":3,"turns":3},{"damage":0,"enemies":"Jaw Worm","floor":4,"turns":4},{"damage":2,"enemies":"Cultist","floor":5,"turns":5},{"damage":62,"enemies":"Gremlin Nob","floor":8,"turns":6},{"damage":0,"enemies":"Blue Slaver","floor":9,"turns":4},{"damage":10,"enemies":"Exordium Thugs","floor":10,"turns":5},{"damage":0,"enemies":"downfall:FleeingMerchant","floor":11,"turns":4},{"damage":6,"enemies":"Lots of Slimes","floor":15,"turns":3},{"damage":20,"enemies":"downfall:Silent","floor":16,"turns":4}],"seed_played":"-5458508433023813287","potions_obtained":[{"floor":3,"key":"AttackPotion"},{"floor":4,"key":"LifebloodPotion"},{"floor":10,"key":"Energy Potion"}],"is_trial":false,"path_per_floor":["R","?","M","M","M","R","T","E","M","M","$","?","T","T","M","B"],"character_chosen":"RUNESMITH_CLASS","items_purchased":["Runesmith:PoweredAnvil","Runesmith:EarthShield","Runesmith:ChiselStab"],"campfire_rested":0,"item_purchase_floors":[11,11,11],"current_hp_per_floor":[70,49,49,49,47,47,47,35,35,25,25,25,25,25,19,0,0],"gold":43,"neow_bonus":"ONE_RARE_RELIC","is_daily":false,"chose_seed":false,"campfire_upgraded":2,"win_rate":0.0,"timestamp":1609017933,"path_taken":["R","?","M","M","M","R","T","E","M","M","$","?","?","?","M","BOSS"],"items_purchased_type":["Card","Card","Card"],"build_version":"2020-12-22","purchased_purges":1,"victory":false,"max_hp_per_floor":[70,70,70,70,70,70,70,70,70,70,70,70,70,70,70,70,70],"card_choices":[{"not_picked":["Runesmith:FrozenChisel","aspiration:UnbridledHammer"],"picked":"Runesmith:Grindstone","floor":2},{"not_picked":["Runesmith:Overpower","Runesmith:Superposition"],"picked":"Runesmith:CraftObretio","floor":3},{"not_picked":["Runesmith:Overpower","Runesmith:NanitesCloud"],"picked":"Runesmith:BackupBattery","floor":4},{"not_picked":["Runesmith:MakeshiftArmor","Runesmith:ShiftingStrike"],"picked":"Runesmith:Firestorm","floor":5},{"not_picked":["Runesmith:RuneHurl","Runesmith:Reinforce"],"picked":"Runesmith:EnergizedChisel","floor":8},{"not_picked":["Runesmith:CraftIncendium","Runesmith:PerfectChisel"],"picked":"Runesmith:GrandSlam","floor":9},{"not_picked":["Runesmith:CraftProtectio","Runesmith:Attraction"],"picked":"Runesmith:LithiumIon","floor":10},{"not_picked":["Runesmith:Repurpose","Runesmith:DoubleUp"],"picked":"Runesmith:CraftMagma","floor":11},{"not_picked":["Runesmith:ShiftingStrike","Runesmith:EnergizedChisel"],"picked":"Runesmith:Discharge","floor":15}],"player_experience":142783,"relics_obtained":[{"floor":2,"key":"Letter Opener"},{"floor":7,"key":"infinitespire:BottledMercury"},{"floor":8,"key":"halation:LettersToHer"},{"floor":13,"key":"halation:LettersToHer"},{"floor":13,"key":"hubris:Zylophone"},{"floor":14,"key":"halation:LettersToHer"},{"floor":14,"key":"aspiration:EmptySkull"}],"event_choices":[{"damage_healed":0,"gold_gain":0,"player_choice":"Leave","damage_taken":0,"max_hp_gain":0,"max_hp_loss":0,"event_name":"conspire:Investor","floor":12,"gold_loss":0}],"is_beta":false,"boss_relics":[],"items_purged_floors":[11],"is_endless":false,"potions_floor_spawned":[3,4,10,15],"killed_by":"downfall:Silent","ascension_level":0}}