{"host":"vc42n08di9czm3e7","time":1609023125,"event":{"mods":["AchievementEnabler","Act Like it!","BaseMod","Colored Powertips","Downfall","Friendly Minions","GifTheSpireLib","Minty Spire (QoL Compilation)","Rare Cards Sparkle","StSLib"],"gold_per_floor":[118,132,143,159,159,159,170,170,224,242,94,94,112,128,128,223,223,236,253,2,2,2,2,12,12,64,76,95,95,110,135,135,236,236,246,246,265,26,38,38,51,63,86,104,121,121,121,121],"floor_reached":47,"playtime":2283,"items_purged":["Strike_G","Strike_G"],"score":472,"play_id":"98c255a1-80cc-4ba5-a735-b99fccc8360a","local_time":"20201226175205","is_ascension_mode":false,"campfire_choices":[{"data":"Bouncing Flask","floor":6,"key":"SMITH"},{"data":"Leg Sweep","floor":8,"key":"SMITH"},{"data":"Footwork","floor":12,"key":"SMITH"},{"data":"Wraith Form v2","floor":15,"key":"SMITH"},{"data":"Die Die Die","floor":23,"key":"SMITH"},{"data":"Catalyst","floor":29,"key":"SMITH"},{"floor":32,"key":"REST"},{"data":"expansioncontent:BronzeBeam","floor":40,"key":"SMITH"}],"circlet_count":0,"master_deck":["Strike_G","Strike_G","Defend_G","Defend_G+1","Survivor","Neutralize","Sucker Punch","Bouncing Flask+1","Leg Sweep+1","PiercingWail","Cloak And Dagger+1","Deadly Poison","Footwork+1","Dagger Throw","Wraith Form v2+1","Die Die Die+1","Sucker Punch+1","Catalyst+1","Noxious Fumes","Concentrate","Prepared+1","Burst+1","Finisher+1","All Out Attack+1","expansioncontent:BronzeBeam+1","Dash+1","Finesse","Dash","Backflip+1"],"relics":["Ring of the Snake","NeowsBlessing","Potion Belt","Sozu","Snake Skull","Meat on the Bone","Art of War","Astrolabe","Lantern","War Paint"],"acts_visited":["Exordium","TheCity","TheBeyond"],"potions_floor_usage":[16,16,16,27,31],"damage_taken":[{"damage":0,"enemies":"Jaw Worm","floor":1,"turns":1},{"damage":0,"enemies":"Cultist","floor":2,"turns":1},{"damage":0,"enemies":"Small Slimes","floor":3,"turns":1},{"damage":6,"enemies":"2 Fungi Beasts","floor":4,"turns":4},{"damage":0,"enemies":"Looter","floor":7,"turns":4},{"damage":5,"enemies":"Large Slime","floor":10,"turns":8},{"damage":3,"enemies":"Exordium Wildlife","floor":13,"turns":7},{"damage":0,"enemies":"3 Louse","floor":14,"turns":4},{"damage":61,"enemies":"Slime Boss","floor":16,"turns":15},{"damage":6,"enemies":"Shell Parasite","floor":18,"turns":6},{"damage":0,"enemies":"3 Byrds","floor":19,"turns":7},{"damage":22,"enemies":"Sentry and Sphere","floor":24,"turns":7},{"damage":6,"enemies":"Snecko","floor":27,"turns":5},{"damage":6,"enemies":"3 Cultists","floor":28,"turns":5},{"damage":2,"enemies":"Shelled Parasite and Fungi","floor":30,"turns":6},{"damage":31,"enemies":"Slavers","floor":31,"turns":5},{"damage":31,"enemies":"Collector","floor":33,"turns":7},{"damage":0,"enemies":"3 Shapes","floor":35,"turns":5},{"damage":15,"enemies":"3 Darklings","floor":37,"turns":5},{"damage":0,"enemies":"Transient","floor":39,"turns":5},{"damage":13,"enemies":"Spire Growth","floor":41,"turns":6},{"damage":21,"enemies":"Jaw Worm Horde","floor":42,"turns":4},{"damage":5,"enemies":"3 Darklings","floor":44,"turns":5},{"damage":3,"enemies":"4 Shapes","floor":45,"turns":4},{"damage":41,"enemies":"Reptomancer","floor":47,"turns":2}],"seed_played":"-2177814695741322246","potions_obtained":[{"floor":2,"key":"LiquidBronze"},{"floor":7,"key":"Regen Potion"},{"floor":10,"key":"DistilledChaos"},{"floor":13,"key":"AttackPotion"},{"floor":14,"key":"Regen Potion"}],"is_trial":false,"path_per_floor":["M","M","M","M","?","R","M","R","T","M","$","R","M","M","R","B",null,"M","M","$","?","?","R","M","$","T","M","M","R","M","E","R","B",null,"M","?","M","$","M","R","M","M","T","M","M","$","E"],"character_chosen":"THE_SILENT","items_purchased":["Footwork","Snake Skull","Lantern","Finesse"],"campfire_rested":1,"item_purchase_floors":[11,20,38,38],"current_hp_per_floor":[70,70,70,64,64,64,64,64,64,59,59,59,56,56,56,10,70,64,64,64,64,64,64,42,42,42,48,42,42,40,21,42,23,70,70,70,55,55,55,55,42,33,33,40,37,37,0,0],"gold":121,"neow_bonus":"THREE_ENEMY_KILL","is_daily":false,"chose_seed":false,"campfire_upgraded":7,"win_rate":0.0,"timestamp":1609023125,"path_taken":["M","M","M","M","?","R","M","R","T","M","$","R","M","M","R","BOSS","M","M","$","?","?","R","M","$","T","M","M","R","M","E","R","BOSS","M","?","M","$","M","R","M","M","T","M","M","$","E"],"items_purchased_type":["Card","Relic","Relic","Card"],"build_version":"2020-12-22","purchased_purges":2,"victory":false,"max_hp_per_floor":[70,70,70,70,70,70,70,70,70,70,70,70,70,70,70,70,70,70,70,70,70,70,70,70,70,70,70,70,70,70,70,70,70,70,70,70,70,70,70,70,70,70,70,70,70,70,70,70],"card_choices":[{"not_picked":["Dagger Spray","Bane"],"picked":"Sucker Punch","floor":1},{"not_picked":["Eviscerate","Flying Knee"],"picked":"Bouncing Flask","floor":2},{"not_picked":["Flying Knee","Outmaneuver"],"picked":"Leg Sweep","floor":3},{"not_picked":["Reflex","Bouncing Flask"],"picked":"PiercingWail","floor":4},{"not_picked":["Prepared","Catalyst"],"picked":"Cloak And Dagger","floor":7},{"not_picked":["Deflect","Dodge and Roll"],"picked":"Deadly Poison","floor":10},{"not_picked":["Cloak And Dagger","All Out Attack"],"picked":"Dagger Throw","floor":13},{"not_picked":["Heel Hook","Blade Dance"],"picked":"Wraith Form v2","floor":14},{"not_picked":["Adrenaline","Phantasmal Killer"],"picked":"Die Die Die","floor":16},{"not_picked":["Prepared","PiercingWail"],"picked":"Sucker Punch+1","floor":18},{"not_picked":["Quick Slash","Skewer","Dagger Spray"],"picked":"SKIP","floor":19},{"not_picked":["Acrobatics","Quick Slash","Prepared"],"picked":"SKIP","floor":24},{"not_picked":["Underhanded Strike","Eviscerate+1"],"picked":"Noxious Fumes","floor":27},{"not_picked":["PiercingWail+1","Deadly Poison"],"picked":"Concentrate","floor":28},{"not_picked":["Footwork","Finisher+1","Backstab"],"picked":"SKIP","floor":30},{"not_picked":["All Out Attack","Underhanded Strike+1"],"picked":"Prepared+1","floor":31},{"not_picked":["Endless Agony+1","Flying Knee","Acrobatics+1"],"picked":"SKIP","floor":35},{"not_picked":["expansioncontent:ManipulateTime","expansioncontent:DefensiveMode"],"picked":"expansioncontent:BronzeBeam","floor":36},{"not_picked":["Dodge and Roll","Acrobatics+1"],"picked":"Dash+1","floor":37},{"not_picked":["Flying Knee","Dagger Throw","Riddle With Holes+1"],"picked":"SKIP","floor":39},{"not_picked":["Dagger Throw","Corpse Explosion"],"picked":"Dash","floor":41},{"not_picked":["Dagger Spray","Masterful Stab+1"],"picked":"Backflip+1","floor":42},{"not_picked":["Quick Slash","Concentrate+1","Endless Agony+1"],"picked":"SKIP","floor":44},{"not_picked":["Flying Knee","Underhanded Strike","Deflect"],"picked":"SKIP","floor":45}],"player_experience":259386,"relics_obtained":[{"floor":9,"key":"Potion Belt"},{"floor":31,"key":"Art of War"},{"floor":43,"key":"War Paint"}],"event_choices":[{"damage_healed":0,"gold_gain":0,"player_choice":"Ignored","damage_taken":0,"max_hp_gain":0,"max_hp_loss":0,"event_name":"Liars Game","floor":5,"gold_loss":0},{"damage_healed":0,"gold_gain":0,"player_choice":"Opened","damage_taken":0,"relics_obtained":["Meat on the Bone"],"max_hp_gain":0,"max_hp_loss":0,"event_name":"The Mausoleum","floor":21,"gold_loss":0},{"cards_removed":["Defend_G"],"damage_healed":0,"gold_gain":0,"player_choice":"Took Card","damage_taken":0,"max_hp_gain":0,"max_hp_loss":0,"event_name":"NoteForYourself","floor":22,"gold_loss":0,"cards_obtained":["Catalyst"]},{"damage_healed":0,"gold_gain":0,"player_choice":"Memory 1","damage_taken":0,"max_hp_gain":0,"max_hp_loss":0,"event_name":"SensoryStone","floor":36,"gold_loss":0}],"is_beta":false,"boss_relics":[{"not_picked":["Ectoplasm","Cursed Key"],"picked":"Sozu"},{"not_picked":["Black Star","expansioncontent:StudyCardRelic"],"picked":"Astrolabe"}],"items_purged_floors":[11,20],"is_endless":false,"potions_floor_spawned":[2,7,10,13,14,18,28,31,39,42,44,45],"killed_by":"Reptomancer","ascension_level":0}}