{"host":"o47f52ks9l6zljgg","time":1609003345,"event":{"mods":["Abigail Mod","BaseMod","Colored Map","Dota2Spire","Friendly Minions","Grow up Mod","Kiyohime£®«Âºß£©","Marisa£®ÏF”Í°°ƒß¿Ì…≥£©","Minty Spire (QoL Compilation)","Relic Stats","StSLib","SuperFastMode","Yakumo Yukari mod","Youmu£®ªÍ∆«—˝√Œ£©","Yuyuko"],"gold_per_floor":[118,118,118,138,156,183,197,197,221,254,269,288,313,331,331,434,434,444,460,559,569,569,569,596,612,637,637,637,668,681,697,697,799,799,809,809,809,857,857,857,885,885,885,885,900,919,949,964,964,964],"floor_reached":51,"playtime":1728,"items_purged":[],"score":1216,"play_id":"f42740f4-bd11-4c0b-a83a-5773c1a1515b","local_time":"20201227022225","is_ascension_mode":true,"campfire_choices":[{"data":"KiyohimeMod:ImaginaryAround","floor":15.0,"key":"SMITH"},{"data":"KiyohimeMod:DragonVein","floor":23.0,"key":"SMITH"},{"data":"KiyohimeMod:CastleOfTheSun","floor":28.0,"key":"SMITH"},{"data":"KiyohimeMod:Servant_TamamoNoMae","floor":32.0,"key":"SMITH"},{"data":"Panacea","floor":40,"key":"SMITH"},{"data":"KiyohimeMod:FormalCraft","floor":42,"key":"SMITH"},{"data":"KiyohimeMod:ImaginaryAround","floor":44,"key":"SMITH"},{"data":"KiyohimeMod:FlameKiss","floor":49,"key":"SMITH"}],"circlet_count":0,"master_deck":["AscendersBane","KiyohimeMod:Strike","KiyohimeMod:Strike","KiyohimeMod:Strike","KiyohimeMod:Strike+1","KiyohimeMod:Track","KiyohimeMod:FlameKiss+1","KiyohimeMod:Shapeshift+1","KiyohimeMod:CommandCard_Quick","KiyohimeMod:BlueBlackKey+1","KiyohimeMod:RedBlackKey","KiyohimeMod:RedBlackKey","KiyohimeMod:Preemptive","KiyohimeMod:CommandCard_Buster","KiyohimeMod:ImaginaryAround+1","KiyohimeMod:RedBlackKey","KiyohimeMod:CastleOfTheSun+1","KiyohimeMod:Berserker+1","KiyohimeMod:Berserker","KiyohimeMod:DragonVein+1","KiyohimeMod:Servant_TamamoNoMae+1","KiyohimeMod:FormalCraft+1","KiyohimeMod:Berserker","KiyohimeMod:ImaginaryAround+1","KiyohimeMod:FiringTheFirstArrow","KiyohimeMod:LimitedZeroOver+1","Impatience","Panacea+1","Purity","KiyohimeMod:Tenacious+1","KiyohimeMod:FormalCraft+1","KiyohimeMod:CommandCard_Arts+1","KiyohimeMod:BlueBlackKey+1"],"relics":["Philosopher\u0027s Stone","Bag of Preparation","Whetstone","Orichalcum","Dota2Spire:BlackKingBar","Empty Cage","Pear","Dota2Spire:ArmletOfMordiggian","Dota2Spire:ArcaneBoots","Bottled Flame","KiyohimeMod:Necromancy","CatCart","Mercury Hourglass","Dota2Spire:BattleFury"],"acts_visited":["Exordium","TheCity","TheBeyond"],"potions_floor_usage":[38,50,50],"damage_taken":[{"damage":9.0,"enemies":"Jaw Worm","floor":1.0,"turns":4.0},{"damage":3.0,"enemies":"Cultist","floor":4.0,"turns":3.0},{"damage":0.0,"enemies":"2 Louse","floor":5.0,"turns":1.0},{"damage":30.0,"enemies":"Lagavulin","floor":6.0,"turns":5.0},{"damage":12.0,"enemies":"Looter","floor":7.0,"turns":3.0},{"damage":0.0,"enemies":"Gremlin Nob","floor":10.0,"turns":2.0},{"damage":0.0,"enemies":"Exordium Wildlife","floor":11.0,"turns":2.0},{"damage":5.0,"enemies":"2 Fungi Beasts","floor":12.0,"turns":2.0},{"damage":10.0,"enemies":"3 Sentries","floor":13.0,"turns":4.0},{"damage":0.0,"enemies":"Looter","floor":14.0,"turns":1.0},{"damage":54.0,"enemies":"The Guardian","floor":16.0,"turns":5.0},{"damage":6.0,"enemies":"Spheric Guardian","floor":18.0,"turns":3.0},{"damage":2.0,"enemies":"3 Byrds","floor":19.0,"turns":4.0},{"damage":15.0,"enemies":"Shelled Parasite and Fungi","floor":21.0,"turns":4.0},{"damage":63.0,"enemies":"Slavers","floor":24.0,"turns":5.0},{"damage":35.0,"enemies":"Snake Plant","floor":25.0,"turns":4.0},{"damage":28.0,"enemies":"Book of Stabbing","floor":29.0,"turns":3.0},{"damage":28.0,"enemies":"Centurion and Healer","floor":30.0,"turns":3.0},{"damage":15.0,"enemies":"Cultist and Chosen","floor":31.0,"turns":4.0},{"damage":68.0,"enemies":"Champ","floor":33.0,"turns":7.0},{"damage":53.0,"enemies":"3 Darklings","floor":35.0,"turns":4.0},{"damage":160,"enemies":"Orin","floor":38,"turns":6},{"damage":52,"enemies":"Giant Head","floor":41,"turns":6},{"damage":46,"enemies":"3 Shapes","floor":45,"turns":4},{"damage":0,"enemies":"Spire Growth","floor":46,"turns":2},{"damage":84,"enemies":"Reptomancer","floor":47,"turns":4},{"damage":30,"enemies":"Sphere and 2 Shapes","floor":48,"turns":4},{"damage":110,"enemies":"Time Eater","floor":50,"turns":7}],"seed_played":"3099251135381225054","potions_obtained":[{"floor":4.0,"key":"Dota2Spire:HealingSalve"},{"floor":5.0,"key":"Regen Potion"},{"floor":10.0,"key":"SmokeBomb"},{"floor":11.0,"key":"Dexterity Potion"},{"floor":12.0,"key":"Strength Potion"},{"floor":30.0,"key":"ColorlessPotion"},{"floor":41,"key":"GamblersBrew"}],"is_trial":false,"path_per_floor":["M","?","?","M","M","E","M","?","T","E","M","M","E","M","R","B",null,"M","M","?","M","?","R","E","M","T","?","R","E","M","M","R","B",null,"M","?","?","?","?","R","E","R","T","R","M","M","E","M","R","B",null],"character_chosen":"Kiyohime","items_purchased":[],"campfire_rested":0,"item_purchase_floors":[],"current_hp_per_floor":[65,68,60,67,77,57,55,65,75,85,95,100,100,110,120,76,202,206,214,224,219,229,239,196,177,187,197,207,189,171,166,176,130,350,307,317,317,167,412,422,380,390,400,410,374,384,310,290,300,215],"gold":964,"neow_bonus":"BOSS_RELIC","is_daily":false,"chose_seed":false,"campfire_upgraded":8,"win_rate":0.0,"timestamp":1609003345,"path_taken":["M","?","?","M","?","E","M","?","T","E","M","M","E","M","R","BOSS","M","?","?","M","?","R","E","?","T","?","R","E","M","M","R","BOSS","M","?","?","?","?","R","E","R","T","R","M","M","E","?","R","BOSS"],"items_purchased_type":[],"build_version":"2020-12-22","purchased_purges":0,"victory":true,"max_hp_per_floor":[80,90,100,110,120,130,140,150,160,170,180,190,200,210,220,230,240,250,260,270,280,290,300,320,330,340,350,360,370,380,390,400,410,420,430,440,450,460,412,422,432,442,452,462,472,482,492,502,512,522],"relic_stats":{"counters":[28,106],"Bag of Preparation":[48],"Whetstone":["KiyohimeMod:Strike","KiyohimeMod:BlueBlackKey"],"Orichalcum":[330],"obtain_stats":[{"Pear":24,"Dota2Spire:BlackKingBar":13,"Dota2Spire:ArmletOfMordiggian":26,"Dota2Spire:BattleFury":47,"Bag of Preparation":6,"Whetstone":9,"Orichalcum":10,"Empty Cage":17,"Mercury Hourglass":41,"KiyohimeMod:FireDragon":0,"Bottled Flame":29,"Philosopher\u0027s Stone":0,"Dota2Spire:ArcaneBoots":27,"CatCart":38,"KiyohimeMod:Necromancy":34},{"Pear":15,"Dota2Spire:BlackKingBar":9,"Dota2Spire:ArmletOfMordiggian":16,"Dota2Spire:BattleFury":26,"Bag of Preparation":4,"Whetstone":5,"Orichalcum":6,"Empty Cage":11,"Mercury Hourglass":23,"KiyohimeMod:FireDragon":0,"Bottled Flame":17,"Philosopher\u0027s Stone":0,"Dota2Spire:ArcaneBoots":16,"CatCart":22,"KiyohimeMod:Necromancy":20},{"Pear":48,"Dota2Spire:BlackKingBar":26,"Dota2Spire:ArmletOfMordiggian":52,"Dota2Spire:BattleFury":95,"Bag of Preparation":13,"Whetstone":16,"Orichalcum":18,"Empty Cage":32,"Mercury Hourglass":85,"KiyohimeMod:FireDragon":0,"Bottled Flame":55,"Philosopher\u0027s Stone":0,"Dota2Spire:ArcaneBoots":52,"CatCart":79,"KiyohimeMod:Necromancy":69}],"Mercury Hourglass":[84]},"card_choices":[{"not_picked":["KiyohimeMod:GreenBlackKey","KiyohimeMod:RedBlackKey"],"picked":"KiyohimeMod:CommandCard_Quick","floor":1.0},{"not_picked":["KiyohimeMod:AndSoTheShipConquers","KiyohimeMod:WaterTurn"],"picked":"KiyohimeMod:BlueBlackKey","floor":4.0},{"not_picked":["KiyohimeMod:AgainstMagic","KiyohimeMod:BeastOfBillows"],"picked":"KiyohimeMod:RedBlackKey","floor":5.0},{"not_picked":["KiyohimeMod:CelestialInvertedMoon","KiyohimeMod:Projection"],"picked":"KiyohimeMod:RedBlackKey","floor":6.0},{"not_picked":["KiyohimeMod:AndSoTheShipConquers","KiyohimeMod:EatSoul"],"picked":"KiyohimeMod:Preemptive","floor":7.0},{"not_picked":["KiyohimeMod:EatSoul","KiyohimeMod:SteelTraining"],"picked":"KiyohimeMod:CommandCard_Buster","floor":10.0},{"not_picked":["KiyohimeMod:BeElegant","KiyohimeMod:RedBlackKey"],"picked":"KiyohimeMod:ImaginaryAround","floor":11.0},{"not_picked":["KiyohimeMod:HotSpringOfTheMoon","KiyohimeMod:EatSoul"],"picked":"KiyohimeMod:RedBlackKey","floor":12.0},{"not_picked":["KiyohimeMod:SteelTraining","KiyohimeMod:AndSoTheShipConquers","KiyohimeMod:Barrier"],"picked":"SKIP","floor":13.0},{"not_picked":["KiyohimeMod:BeElegant","KiyohimeMod:FirstPremonition","KiyohimeMod:AndSoTheShipConquers"],"picked":"SKIP","floor":14.0},{"not_picked":["KiyohimeMod:FiringTheFirstArrow","KiyohimeMod:MagicCrystal"],"picked":"KiyohimeMod:CastleOfTheSun","floor":16.0},{"not_picked":["KiyohimeMod:EatSoul","KiyohimeMod:SteelTraining"],"picked":"KiyohimeMod:GreenBlackKey","floor":18.0},{"not_picked":["KiyohimeMod:Projection+1","KiyohimeMod:GreenBlackKey"],"picked":"KiyohimeMod:Berserker+1","floor":19.0},{"not_picked":["KiyohimeMod:BlueBlackKey","KiyohimeMod:CommandCard_Quick"],"picked":"KiyohimeMod:Berserker","floor":21.0},{"not_picked":["KiyohimeMod:CommandCard_Buster","KiyohimeMod:Preemptive"],"picked":"KiyohimeMod:Servant_TamamoNoMae","floor":24.0},{"not_picked":["KiyohimeMod:WaterTurn","KiyohimeMod:BlueBlackKey+1"],"picked":"KiyohimeMod:FormalCraft","floor":25.0},{"not_picked":["KiyohimeMod:CommandCard_Buster","KiyohimeMod:HydraDagger"],"picked":"KiyohimeMod:Berserker","floor":29.0},{"not_picked":["KiyohimeMod:ExSpicyMapoTofu+1","KiyohimeMod:WaterTurn+1"],"picked":"KiyohimeMod:ImaginaryAround","floor":30.0},{"not_picked":["KiyohimeMod:CommandCard_Buster","KiyohimeMod:BlueBlackKey","KiyohimeMod:EatSoul"],"picked":"SKIP","floor":31.0},{"not_picked":["KiyohimeMod:MagicCrystal","KiyohimeMod:FacelessMoon"],"picked":"KiyohimeMod:FiringTheFirstArrow","floor":33.0},{"not_picked":["KiyohimeMod:AgainstMagic+1","KiyohimeMod:BlueBlackKey+1"],"picked":"KiyohimeMod:LimitedZeroOver+1","floor":35.0},{"not_picked":["Violence","Secret Weapon"],"picked":"Impatience","floor":37.0},{"not_picked":["Finesse","Swift Strike"],"picked":"Panacea","floor":37.0},{"not_picked":["Swift Strike","Jack Of All Trades"],"picked":"Purity","floor":37.0},{"not_picked":["KiyohimeMod:HotSpringOfTheMoon+1","KiyohimeMod:SteelTraining+1"],"picked":"KiyohimeMod:Tenacious+1","floor":38},{"not_picked":["KiyohimeMod:GreenBlackKey+1","KiyohimeMod:SteelTraining+1"],"picked":"KiyohimeMod:FormalCraft+1","floor":41},{"not_picked":["KiyohimeMod:EatSoul+1","KiyohimeMod:Preemptive"],"picked":"KiyohimeMod:CommandCard_Arts+1","floor":45},{"not_picked":["KiyohimeMod:CommandCard_Quick","KiyohimeMod:DivineConstruct","KiyohimeMod:CommandCard_Buster"],"picked":"SKIP","floor":46},{"not_picked":["KiyohimeMod:Preemptive","KiyohimeMod:GreenBlackKey+1"],"picked":"KiyohimeMod:BlueBlackKey+1","floor":47},{"not_picked":["KiyohimeMod:EatSoul+1","KiyohimeMod:Projection","KiyohimeMod:SteelTraining"],"picked":"SKIP","floor":48}],"player_experience":513493,"relics_obtained":[{"floor":6.0,"key":"Bag of Preparation"},{"floor":9.0,"key":"Whetstone"},{"floor":10.0,"key":"Orichalcum"},{"floor":13.0,"key":"Dota2Spire:BlackKingBar"},{"floor":24.0,"key":"Pear"},{"floor":26.0,"key":"Dota2Spire:ArmletOfMordiggian"},{"floor":29.0,"key":"Bottled Flame"},{"floor":38,"key":"CatCart"},{"floor":41,"key":"Mercury Hourglass"},{"floor":47,"key":"Dota2Spire:BattleFury"}],"event_choices":[{"cards_removed":["KiyohimeMod:Defend"],"damage_healed":0.0,"max_hp_gain":0.0,"max_hp_loss":0.0,"gold_gain":0.0,"event_name":"Golden Wing","player_choice":"Card Removal","floor":2.0,"gold_loss":0.0,"damage_taken":7.0},{"damage_healed":0.0,"max_hp_gain":0.0,"max_hp_loss":0.0,"gold_gain":0.0,"event_name":"Shining Light","player_choice":"Entered Light","floor":3.0,"gold_loss":0.0,"damage_taken":18.0,"cards_upgraded":["KiyohimeMod:Defend","KiyohimeMod:Shapeshift"]},{"cards_removed":["KiyohimeMod:Defend"],"damage_healed":0.0,"max_hp_gain":0.0,"max_hp_loss":0.0,"gold_gain":0.0,"event_name":"Purifier","player_choice":"Purged","floor":8.0,"gold_loss":0.0,"damage_taken":0.0},{"damage_healed":0.0,"max_hp_gain":0.0,"max_hp_loss":0.0,"gold_gain":99.0,"event_name":"Nest","player_choice":"Stole From Cult","floor":20.0,"gold_loss":0.0,"damage_taken":0.0},{"damage_healed":0.0,"max_hp_gain":0.0,"max_hp_loss":0.0,"gold_gain":0.0,"event_name":"The Library","player_choice":"Read","floor":22.0,"gold_loss":0.0,"damage_taken":0.0,"cards_obtained":["KiyohimeMod:DragonVein"]},{"damage_healed":0.0,"max_hp_gain":0.0,"max_hp_loss":0.0,"gold_gain":0.0,"event_name":"The Mausoleum","player_choice":"Opened","floor":27.0,"gold_loss":0.0,"damage_taken":0.0,"relics_obtained":["Dota2Spire:ArcaneBoots"]},{"cards_removed":["KiyohimeMod:GreenBlackKey"],"damage_healed":0.0,"max_hp_gain":0.0,"max_hp_loss":0.0,"gold_gain":0.0,"event_name":"Falling","player_choice":"Removed Attack","floor":36.0,"gold_loss":0.0,"damage_taken":0.0},{"damage_healed":0.0,"max_hp_gain":0.0,"max_hp_loss":0.0,"gold_gain":0.0,"event_name":"SensoryStone","player_choice":"Memory 3","floor":37.0,"gold_loss":0.0,"damage_taken":10.0},{"damage_healed":0,"gold_gain":0,"player_choice":"Fight","damage_taken":0,"max_hp_gain":0,"max_hp_loss":0,"event_name":"OrinTheCat","floor":38,"gold_loss":0},{"damage_healed":402,"gold_gain":0,"player_choice":"Heal","damage_taken":0,"max_hp_gain":0,"max_hp_loss":58,"event_name":"The Moai Head","floor":39,"gold_loss":0}],"is_beta":false,"boss_relics":[{"not_picked":["SlaversCollar","Calling Bell"],"picked":"Empty Cage"},{"not_picked":["Runic Dome","Astrolabe"],"picked":"KiyohimeMod:Necromancy"}],"items_purged_floors":[],"is_endless":false,"potions_floor_spawned":[4,5,10,11,12,14,16,19,29,30,35,41],"ascension_level":10}}