{"host":"vp2frn5hc2y9r85i","time":1609018361,"event":{"mods":["2.2 Compatiblity","AchievementEnabler","Ascension Reborn","BaseMod","Colored Map","DeckTracker","Highlight Path","Minty Spire (QoL Compilation)","Random Character Button","Rare Cards Sparkle"],"gold_per_floor":[116,136,136,152,152,152,163,238,238,11,29,48,78,96,96,195,195,214,214,57,21,21,21,21,21,21,18,18,18,18,18,18,18,18],"floor_reached":33,"playtime":1659,"items_purged":[],"score":268,"play_id":"63f3c453-192b-4f84-adf8-992a3968d301","local_time":"20201226223241","is_ascension_mode":true,"campfire_choices":[{"data":"Disarm","floor":6,"key":"SMITH"},{"floor":15,"key":"REST"},{"floor":23,"key":"REST"},{"data":"Seeing Red","floor":25,"key":"SMITH"},{"floor":32,"key":"REST"}],"circlet_count":0,"master_deck":["Strike_R","Strike_R","Strike_R","Strike_R","Strike_R","Defend_R","Defend_R","Defend_R","Defend_R","Bash+1","Pommel Strike","Pommel Strike","Disarm+1","Regret","Shrug It Off","Seeing Red+1","Armaments","Searing Blow","Rupture","Searing Blow","Impervious","Flex","RitualDagger","Uppercut","Anger","Iron Wave+1","Shame"],"relics":["Black Blood","Centennial Puzzle","Letter Opener","Sundial","Toolbox","Toy Ornithopter","Strawberry","Ice Cream","Peace Pipe","PreservedInsect","MutagenicStrength","Pear"],"acts_visited":["Exordium","TheCity"],"potions_floor_usage":[16,16,16,33,33],"damage_taken":[{"damage":0,"enemies":"Small Slimes","floor":1,"turns":5},{"damage":1,"enemies":"Cultist","floor":2,"turns":4},{"damage":0,"enemies":"2 Louse","floor":4,"turns":3},{"damage":11,"enemies":"Blue Slaver","floor":7,"turns":4},{"damage":22,"enemies":"Large Slime","floor":11,"turns":7},{"damage":14,"enemies":"Exordium Thugs","floor":12,"turns":5},{"damage":27,"enemies":"Gremlin Nob","floor":13,"turns":5},{"damage":0,"enemies":"Looter","floor":14,"turns":3},{"damage":62,"enemies":"Slime Boss","floor":16,"turns":13},{"damage":67,"enemies":"3 Byrds","floor":18,"turns":11},{"damage":15,"enemies":"2 Thieves","floor":27,"turns":4},{"damage":89,"enemies":"Automaton","floor":33,"turns":8}],"seed_played":"-898061604560806625","potions_obtained":[{"floor":1,"key":"SpeedPotion"},{"floor":13,"key":"BlessingOfTheForge"},{"floor":14,"key":"AttackPotion"},{"floor":16,"key":"GamblersBrew"},{"floor":27,"key":"ColorlessPotion"}],"is_trial":false,"path_per_floor":["M","M","?","M","?","R","M","?","T","$","M","M","E","M","R","B",null,"M","?","$","$","?","R","?","R","T","M","?","?","?","T","R","B"],"character_chosen":"IRONCLAD","items_purchased":["Toolbox","Seeing Red","Strawberry","Uppercut"],"campfire_rested":3,"item_purchase_floors":[10,10,20,21],"current_hp_per_floor":[80,80,80,80,80,80,75,64,64,64,48,40,19,25,49,8,80,25,19,26,26,26,52,52,52,52,49,49,32,32,42,72,0,0],"gold":18,"neow_bonus":"RANDOM_COMMON_RELIC","is_daily":false,"chose_seed":false,"campfire_upgraded":2,"win_rate":0.0,"timestamp":1609018361,"path_taken":["M","M","?","?","?","R","M","?","T","$","M","M","E","M","R","BOSS","M","?","?","$","?","R","?","R","T","?","?","?","?","?","R","BOSS"],"items_purchased_type":["Relic","Card","Relic","Card"],"build_version":"2020-12-22","purchased_purges":0,"victory":false,"max_hp_per_floor":[80,80,80,80,80,80,80,80,80,80,80,80,80,80,80,80,80,80,80,87,87,87,87,87,87,87,87,87,92,92,102,102,102,102],"card_choices":[{"not_picked":["Heavy Blade","Iron Wave"],"picked":"Pommel Strike","floor":1},{"not_picked":["Iron Wave","Shockwave"],"picked":"Pommel Strike","floor":2},{"not_picked":["Sever Soul","Whirlwind"],"picked":"Disarm","floor":4},{"not_picked":["Clothesline","Cleave"],"picked":"Shrug It Off","floor":7},{"not_picked":["Power Through","Sword Boomerang"],"picked":"Armaments","floor":11},{"not_picked":["Cleave","Anger"],"picked":"Searing Blow","floor":12},{"not_picked":["Twin Strike","Dark Embrace"],"picked":"Rupture","floor":13},{"not_picked":["Twin Strike","Fire Breathing"],"picked":"Searing Blow","floor":14},{"not_picked":["Berserk","Bludgeon"],"picked":"Impervious","floor":16},{"not_picked":["Shockwave+1","Heavy Blade"],"picked":"Flex","floor":18},{"not_picked":["Sword Boomerang+1","Cleave+1"],"picked":"Iron Wave+1","floor":27}],"player_experience":35697,"relics_obtained":[{"floor":9,"key":"Sundial"},{"floor":13,"key":"Toy Ornithopter"},{"floor":26,"key":"Peace Pipe"},{"floor":31,"key":"Pear"}],"event_choices":[{"damage_healed":0,"gold_gain":0,"player_choice":"Upgraded","damage_taken":0,"max_hp_gain":0,"max_hp_loss":0,"event_name":"Upgrade Shrine","floor":3,"gold_loss":0,"cards_upgraded":["Bash"]},{"damage_healed":0,"gold_gain":0,"player_choice":"Box","damage_taken":0,"relics_obtained":["Letter Opener"],"max_hp_gain":0,"max_hp_loss":0,"event_name":"Big Fish","floor":5,"gold_loss":0,"cards_obtained":["Regret"]},{"damage_healed":0,"gold_gain":75,"player_choice":"Gather Gold","damage_taken":11,"max_hp_gain":0,"max_hp_loss":0,"event_name":"World of Goop","floor":8,"gold_loss":0},{"damage_healed":0,"gold_gain":0,"player_choice":"Joined the Cult","damage_taken":6,"max_hp_gain":0,"max_hp_loss":0,"event_name":"Nest","floor":19,"gold_loss":0,"cards_obtained":["RitualDagger"]},{"damage_healed":0,"gold_gain":0,"player_choice":"Read","damage_taken":0,"max_hp_gain":0,"max_hp_loss":0,"event_name":"The Library","floor":22,"gold_loss":0,"cards_obtained":["Anger"]},{"damage_healed":0,"gold_gain":0,"player_choice":"Opened","damage_taken":0,"relics_obtained":["Ice Cream"],"max_hp_gain":0,"max_hp_loss":0,"event_name":"The Mausoleum","floor":24,"gold_loss":0},{"damage_healed":0,"gold_gain":0,"player_choice":"Stole Relic","damage_taken":0,"relics_obtained":["PreservedInsect"],"max_hp_gain":0,"max_hp_loss":0,"event_name":"Addict","floor":28,"gold_loss":0,"cards_obtained":["Shame"]},{"damage_healed":0,"gold_gain":0,"player_choice":"Shed Blood","damage_taken":22,"max_hp_gain":5,"max_hp_loss":0,"event_name":"Forgotten Altar","floor":29,"gold_loss":0},{"damage_healed":0,"gold_gain":0,"player_choice":"Inject Mutagens","damage_taken":0,"relics_obtained":["MutagenicStrength"],"max_hp_gain":0,"max_hp_loss":0,"event_name":"Drug Dealer","floor":30,"gold_loss":0}],"is_beta":false,"boss_relics":[{"not_picked":["SlaversCollar","Snecko Eye"],"picked":"Black Blood"}],"items_purged_floors":[],"is_endless":false,"potions_floor_spawned":[1,13,14,16,27],"killed_by":"Automaton","ascension_level":0}}