{"host":"3j2m8n0ywf988fwb","time":1609003020,"event":{"mods":["2.2 Compatiblity","Act Like it!","Aspiration","BaseMod","Beaked The Cultist","Better Altar","Better Match","Better Note","Better Sensory Stone","Better Skull","Better Third Choice","CCEM","Colored Map","Colored Powertips","Conspire","Energized Spire","GifTheSpireLib","Googly Eyes","Halation","Hallownest","Highlight Path","Hubris","Infinite Spire","Jedi Mod","Marisa????????","Marked Mod","Mimic Mod","Minty Spire (QoL Compilation)","Random Character Button","Relic Stats","Replay The Spire","Robot Space Explorer","Shop Mod","Somnambulant","StSLib","Stuff the Spire","The Bug Knight","The Hierophant","The Marked","The Runesmith","TheFirefly","Unceasing Turn Reminder","everything is the same but u backflip on backflip"],"gold_per_floor":[116,128,233,244,244,244,244,244],"floor_reached":7,"playtime":387,"items_purged":[],"score":47,"play_id":"66d3142b-cd9c-4241-a86e-ab3a216b7390","local_time":"20201226111700","is_ascension_mode":true,"campfire_choices":[{"data":"beaked:Ceremony","floor":6,"key":"SMITH"}],"circlet_count":0,"master_deck":["beaked:Strike_Y","beaked:Strike_Y","beaked:Strike_Y","beaked:Strike_Y","beaked:Strike_Y","beaked:Strike_Y","beaked:Defend_Y","beaked:Defend_Y","beaked:Defend_Y","beaked:Defend_Y","beaked:Ceremony+1","beaked:Ceremony","beaked:Ceremony","beaked:Insight","beaked:BloodRitual"],"relics":["beaked:MendingPlumage","halation:Yufonium","SacredBark","Bag of Preparation","Pen Nib","jedi:crownofsimplicity"],"acts_visited":["Exordium"],"potions_floor_usage":[7],"damage_taken":[{"damage":12,"enemies":"2 Louse","floor":1,"turns":4},{"damage":0,"enemies":"Cultist","floor":2,"turns":4},{"damage":0,"enemies":"Small Slimes","floor":4,"turns":3},{"damage":35,"enemies":"Gremlin Nob","floor":7,"turns":3}],"seed_played":"8884947417634931013","potions_obtained":[{"floor":1,"key":"Weak Potion"}],"is_trial":false,"path_per_floor":["M","M","?","M","?","R","E"],"character_chosen":"BEAKED_THE_CULTIST","items_purchased":[],"campfire_rested":0,"item_purchase_floors":[],"current_hp_per_floor":[45,50,5,18,13,13,0,0],"gold":244,"neow_bonus":"DOUBLE_BOSS_RELIC","is_daily":false,"chose_seed":false,"campfire_upgraded":1,"win_rate":0.0,"timestamp":1609003020,"path_taken":["M","M","?","?","?","R","E"],"items_purchased_type":[],"build_version":"2020-12-22","purchased_purges":0,"victory":false,"max_hp_per_floor":[50,50,50,50,50,50,50,50],"relic_stats":{"counters":[4,14],"Pen Nib":[1],"Bag of Preparation":[4],"obtain_stats":[{"halation:Yufonium":0,"SacredBark":0,"Pen Nib":3,"Bag of Preparation":3,"jedi:crownofsimplicity":3,"beaked:MendingPlumage":0},{"halation:Yufonium":0,"SacredBark":0,"Pen Nib":2,"Bag of Preparation":2,"jedi:crownofsimplicity":2,"beaked:MendingPlumage":0},{"halation:Yufonium":0,"SacredBark":0,"Pen Nib":8,"Bag of Preparation":8,"jedi:crownofsimplicity":8,"beaked:MendingPlumage":0}]},"card_choices":[{"not_picked":["beaked:Pecker","beaked:TuckingFeathers","beaked:Daydream"],"picked":"SKIP","floor":1},{"not_picked":["beaked:Daydream","beaked:CursingBlood"],"picked":"beaked:Insight","floor":2},{"not_picked":["beaked:Windmill","beaked:Insight"],"picked":"beaked:BloodRitual","floor":4}],"player_experience":1020540,"relics_obtained":[],"event_choices":[{"damage_healed":0,"gold_gain":105,"player_choice":"RE RE RE GO ","damage_taken":52,"relics_obtained":["Bag of Preparation","Pen Nib","jedi:crownofsimplicity"],"max_hp_gain":0,"max_hp_loss":0,"event_name":"betterSkull:BetterSkull","floor":3,"gold_loss":0,"cards_upgraded":[]},{"damage_healed":0,"gold_gain":0,"player_choice":"Damaged","damage_taken":5,"max_hp_gain":0,"max_hp_loss":0,"event_name":"Wheel of Change","floor":5,"gold_loss":0}],"is_beta":false,"boss_relics":[],"items_purged_floors":[],"is_endless":false,"potions_floor_spawned":[1],"killed_by":"Gremlin Nob","ascension_level":3}}