{"host":"Terry","time":1609004540,"event":{"mods":["BaseMod","Downfall","Hubris","Minty Spire (QoL Compilation)","Replay The Spire","StSLib"],"gold_per_floor":[99,114,114,127,139,139,139,139,64,91,191,201,201],"floor_reached":12,"playtime":2057,"items_purged":[],"score":109,"play_id":"6633f81f-52b9-4fe3-946f-7dd774303d08","local_time":"20201226124220","is_ascension_mode":true,"campfire_choices":[{"data":"sneckomod:UnknownColorless","floor":6,"key":"SMITH"},{"data":"sneckomod:MixItUp","floor":9,"key":"SMITH"}],"circlet_count":0,"master_deck":["sneckomod:Strike","sneckomod:Strike","sneckomod:Defend","sneckomod:Defend","sneckomod:Defend","sneckomod:TailWhip","sneckomod:SnekBite","sneckomod:Unknown","sneckomod:Unknown","sneckomod:SlitherStrike","sneckomod:SoulExchange+1","sneckomod:IronFang","sneckomod:MixItUp+1","sneckomod:UnknownColorless+1","sneckomod:UnknownUncommonSkill","sneckomod:UnknownVulnerable+1"],"relics":["sneckomod:SneckoSoul","hubris:Towel","downfall:HeartBlessingBlue","Tiny Chest","Toxic Egg 2"],"acts_visited":["Exordium"],"potions_floor_usage":[10,11,11],"damage_taken":[{"damage":11,"enemies":"Jaw Worm","floor":2,"turns":3},{"damage":0,"enemies":"Cultist","floor":4,"turns":3},{"damage":7,"enemies":"2 Louse","floor":5,"turns":2},{"damage":42,"enemies":"Gremlin Nob","floor":10,"turns":5},{"damage":31,"enemies":"downfall:LadyInBlue","floor":11,"turns":8},{"damage":24,"enemies":"3 Sentries","floor":12,"turns":4}],"seed_played":"4596677818014900663","potions_obtained":[{"floor":4,"key":"Elixir"},{"floor":5,"key":"SteroidPotion"},{"floor":11,"key":"Fruit Juice"},{"floor":11,"key":"Elixir"},{"floor":11,"key":"Swift Potion"}],"is_trial":false,"path_per_floor":["R","M","?","M","M","R","T","?","R","E","?","E"],"character_chosen":"THE_SNECKO","items_purchased":[],"campfire_rested":0,"item_purchase_floors":[],"current_hp_per_floor":[90,79,79,79,73,73,73,73,83,42,22,0,0],"gold":201,"neow_bonus":"THREE_CARDS","is_daily":false,"chose_seed":false,"campfire_upgraded":2,"win_rate":0.0,"timestamp":1609004540,"path_taken":["R","M","?","?","M","R","T","?","R","E","?","E"],"items_purchased_type":[],"build_version":"2020-12-18","purchased_purges":0,"victory":false,"max_hp_per_floor":[90,90,90,90,91,91,91,91,101,102,113,113,113],"card_choices":[{"not_picked":["sneckomod:Unknown1Cost","sneckomod:PureSnecko"],"picked":"sneckomod:SlitherStrike","floor":0},{"not_picked":["sneckomod:UnknownClassTHE_CHAMP_GRAY","sneckomod:Unknown2Cost"],"picked":"sneckomod:IronFang","floor":2},{"not_picked":["sneckomod:Unknown1Cost","sneckomod:UnknownStrike"],"picked":"sneckomod:MixItUp","floor":4},{"not_picked":["sneckomod:Unknown1Cost","sneckomod:UnknownCommonSkill"],"picked":"sneckomod:UnknownColorless","floor":5},{"not_picked":["sneckomod:UnknownDexterity","sneckomod:UnknownClassTHE_CHAMP_GRAY"],"picked":"sneckomod:UnknownUncommonSkill","floor":10},{"not_picked":["sneckomod:WideSting","sneckomod:DiceBlock+1"],"picked":"sneckomod:UnknownVulnerable+1","floor":11}],"player_experience":570790,"relics_obtained":[{"floor":10,"key":"Tiny Chest"},{"floor":11,"key":"Toxic Egg 2"}],"event_choices":[{"damage_healed":0,"gold_gain":0,"player_choice":"Forge","damage_taken":0,"max_hp_gain":0,"max_hp_loss":0,"event_name":"Accursed Blacksmith","floor":3,"gold_loss":0,"cards_upgraded":["sneckomod:SoulExchange"]}],"is_beta":true,"boss_relics":[],"items_purged_floors":[],"is_endless":false,"potions_floor_spawned":[4,5],"killed_by":"3 Sentries","ascension_level":2}}