{"host":"2n2g1vowfllvjtvi","time":1609004438,"event":{"mods":["AchievementEnabler","BaseMod","Custom Start","GifTheSpireLib","Keyboard Shortcuts","Minty Spire (QoL Compilation)","Quick Restart","Rare Cards Sparkle","StSLib","SuperFastMode"],"gold_per_floor":[112,112,135,149,424,424,55,55,55,55,93,93,107,32,32,122,122,146,161,185,185,185,185,85,119,119,143,167,9,27,41,41,139,139,160,160,493,518,71,71,85,85,85,112,128,173,173,189,189,189,189,189,18,48,48],"floor_reached":56,"playtime":1206,"items_purged":["Regret","Strike_R","Strike_R","Strike_R","Cleave+1"],"score":2063,"play_id":"fba49cc0-f50f-4046-9b09-62fbd89a8125","local_time":"20201227024038","is_ascension_mode":true,"campfire_choices":[{"data":"Uppercut","floor":6.0,"key":"SMITH"},{"data":"Bash","floor":8.0,"key":"SMITH"},{"data":"Cleave","floor":10.0,"key":"SMITH"},{"data":"Feel No Pain","floor":15.0,"key":"SMITH"},{"floor":23.0,"key":"REST"},{"floor":32.0,"key":"DIG"},{"floor":40.0,"key":"DIG"},{"data":"Offering","floor":42.0,"key":"SMITH"},{"floor":49.0,"key":"RECALL"},{"data":"Evolve","floor":52.0,"key":"SMITH"}],"circlet_count":0,"master_deck":["AscendersBane","Defend_R","Defend_R","Defend_R+1","Bash+1","Uppercut+1","Feel No Pain+1","Offering+1","Pommel Strike","Necronomicurse","Sever Soul","Power Through+1","Evolve+1","Offering+1","Reckless Charge","Second Wind","Necronomicurse","Dark Embrace","Entrench"],"relics":["Burning Blood","NeowsBlessing","Juzu Bracelet","FossilizedHelix","Calipers","Shovel","CaptainsWheel","Empty Cage","Necronomicon","Charon\u0027s Ashes","The Courier","Du-Vu Doll","Busted Crown","Ginger","Gremlin Horn","War Paint","Ice Cream","Pen Nib","Incense Burner","Torii"],"acts_visited":["Exordium","TheCity","TheBeyond","TheEnding"],"potions_floor_usage":[],"damage_taken":[{"damage":0.0,"enemies":"2 Louse","floor":1.0,"turns":1.0},{"damage":0.0,"enemies":"Jaw Worm","floor":4.0,"turns":1.0},{"damage":0.0,"enemies":"Lagavulin","floor":11.0,"turns":1.0},{"damage":0.0,"enemies":"Small Slimes","floor":13.0,"turns":2.0},{"damage":10.0,"enemies":"Slime Boss","floor":16.0,"turns":9.0},{"damage":20.0,"enemies":"Shell Parasite","floor":18.0,"turns":6.0},{"damage":6.0,"enemies":"Chosen","floor":19.0,"turns":4.0},{"damage":15.0,"enemies":"Centurion and Healer","floor":20.0,"turns":6.0},{"damage":15.0,"enemies":"Book of Stabbing","floor":25.0,"turns":4.0},{"damage":0.0,"enemies":"Snecko","floor":27.0,"turns":2.0},{"damage":6.0,"enemies":"Cultist and Chosen","floor":28.0,"turns":4.0},{"damage":0.0,"enemies":"Shelled Parasite and Fungi","floor":30.0,"turns":3.0},{"damage":0.0,"enemies":"Snecko","floor":31.0,"turns":3.0},{"damage":5.0,"enemies":"Automaton","floor":33.0,"turns":9.0},{"damage":6.0,"enemies":"3 Darklings","floor":35.0,"turns":2.0},{"damage":0.0,"enemies":"Mind Bloom Boss Battle","floor":38.0,"turns":4.0},{"damage":0.0,"enemies":"3 Shapes","floor":41.0,"turns":3.0},{"damage":6.0,"enemies":"Giant Head","floor":44.0,"turns":6.0},{"damage":6.0,"enemies":"3 Darklings","floor":45.0,"turns":2.0},{"damage":6.0,"enemies":"2 Orb Walkers","floor":46.0,"turns":2.0},{"damage":22.0,"enemies":"Jaw Worm Horde","floor":48.0,"turns":2.0},{"damage":6.0,"enemies":"Donu and Deca","floor":50.0,"turns":6.0},{"damage":6.0,"enemies":"Shield and Spear","floor":54.0,"turns":8.0},{"damage":12,"enemies":"The Heart","floor":55,"turns":14}],"seed_played":"8211623890546153064","potions_obtained":[{"floor":4.0,"key":"AttackPotion"},{"floor":13.0,"key":"Dexterity Potion"},{"floor":16.0,"key":"Explosive Potion"},{"floor":19.0,"key":"GamblersBrew"},{"floor":27.0,"key":"AttackPotion"},{"floor":30.0,"key":"BloodPotion"},{"floor":31.0,"key":"EssenceOfSteel"},{"floor":41.0,"key":"Ancient Potion"},{"floor":44.0,"key":"FearPotion"},{"floor":48.0,"key":"GamblersBrew"}],"is_trial":false,"path_per_floor":["M","?","T","M","?","R","$","R","T","R","E","?","M","?","R","B",null,"M","M","M","?","?","R","$","E","T","M","M","$","M","M","R","B",null,"M","?","?","?","$","R","M","R","T","E","M","?","?","M","R","B",null,"R","$","E","B",null],"character_chosen":"IRONCLAD","items_purchased":["FossilizedHelix","Evolve","Gremlin Horn","War Paint","Dark Embrace"],"campfire_rested":1,"item_purchase_floors":[7,29,39,39,53],"current_hp_per_floor":[74,48,48,54,54,54,54,54,54,54,60,49,55,55,55,51,69,55,55,46,25,25,47,47,38,38,44,44,44,65,71,71,72,74,74,74,74,75,75,75,75,75,75,75,75,75,75,59,59,59,71,71,71,71,65],"gold":48,"neow_bonus":"THREE_ENEMY_KILL","is_daily":false,"chose_seed":false,"campfire_upgraded":6,"win_rate":0.0,"timestamp":1609004438,"path_taken":["M","?","?","M","?","R","$","R","T","R","E","?","M","?","R","BOSS","M","M","M","?","?","R","$","E","T","M","M","$","M","M","R","BOSS","M","?","?","?","$","R","M","R","T","E","M","?","?","M","R","BOSS","R","$","E","BOSS"],"items_purchased_type":["Relic","Card","Relic","Relic","Card"],"build_version":"2020-12-22","purchased_purges":5,"victory":true,"max_hp_per_floor":[75,75,75,75,75,75,75,75,75,75,75,75,75,75,75,75,75,75,75,75,75,75,75,75,75,75,75,75,75,75,75,75,75,75,75,75,75,75,75,75,75,75,75,75,75,75,75,75,75,75,75,75,75,75,75],"card_choices":[{"not_picked":["Flex","Flame Barrier"],"picked":"Uppercut","floor":1.0},{"not_picked":["Warcry","True Grit"],"picked":"Cleave","floor":4.0},{"not_picked":["Sword Boomerang","Demon Form"],"picked":"Feel No Pain","floor":11.0},{"not_picked":["True Grit","Uppercut","Armaments"],"picked":"SKIP","floor":13.0},{"not_picked":["Barricade","Bludgeon"],"picked":"Offering","floor":16.0},{"not_picked":["Combust","Cleave"],"picked":"Clash","floor":18.0},{"not_picked":["Fire Breathing","Clothesline","Havoc"],"picked":"SKIP","floor":19.0},{"not_picked":["Heavy Blade","Rupture"],"picked":"Pommel Strike","floor":20.0},{"not_picked":["Disarm+1","Warcry"],"picked":"Sever Soul","floor":25.0},{"not_picked":["Heavy Blade","Evolve"],"picked":"Power Through+1","floor":27.0},{"not_picked":["Warcry","Sword Boomerang","Heavy Blade"],"picked":"SKIP","floor":28.0},{"not_picked":["Clash","Wild Strike+1","Twin Strike"],"picked":"SKIP","floor":30.0},{"not_picked":["Sword Boomerang","True Grit","Twin Strike"],"picked":"SKIP","floor":31.0},{"not_picked":["Reaper","Immolate"],"picked":"Offering","floor":33.0},{"not_picked":["Sword Boomerang"],"picked":"SKIP","floor":35.0},{"not_picked":[],"picked":"Reckless Charge","floor":38.0},{"not_picked":["Anger"],"picked":"SKIP","floor":41.0},{"not_picked":["Anger"],"picked":"SKIP","floor":41.0},{"not_picked":["Headbutt"],"picked":"SKIP","floor":44.0},{"not_picked":["Perfected Strike"],"picked":"SKIP","floor":45.0},{"not_picked":[],"picked":"Second Wind","floor":46.0},{"not_picked":["Warcry"],"picked":"SKIP","floor":48.0},{"not_picked":[],"picked":"Entrench","floor":54.0}],"player_experience":451135,"relics_obtained":[{"floor":3.0,"key":"Juzu Bracelet"},{"floor":9.0,"key":"Calipers"},{"floor":11.0,"key":"Shovel"},{"floor":21.0,"key":"Necronomicon"},{"floor":25.0,"key":"Charon\u0027s Ashes"},{"floor":26.0,"key":"The Courier"},{"floor":32.0,"key":"Du-Vu Doll"},{"floor":38.0,"key":"Ginger"},{"floor":40.0,"key":"Ice Cream"},{"floor":44.0,"key":"Pen Nib"},{"floor":46.0,"key":"Incense Burner"},{"floor":54.0,"key":"Torii"}],"event_choices":[{"damage_healed":0.0,"max_hp_gain":0.0,"max_hp_loss":0.0,"gold_gain":0.0,"event_name":"Golden Idol","player_choice":"Take Damage","floor":2.0,"gold_loss":0.0,"damage_taken":26.0,"relics_obtained":["Golden Idol"]},{"damage_healed":0.0,"max_hp_gain":0.0,"max_hp_loss":0.0,"gold_gain":275.0,"event_name":"Golden Shrine","player_choice":"Desecrate","floor":5.0,"gold_loss":0.0,"damage_taken":0.0,"cards_obtained":["Regret"]},{"damage_healed":0.0,"max_hp_gain":0.0,"max_hp_loss":0.0,"gold_gain":0.0,"event_name":"Scrap Ooze","player_choice":"Success","floor":12.0,"gold_loss":0.0,"damage_taken":11.0,"relics_obtained":["CaptainsWheel"]},{"cards_removed":["Strike_R"],"damage_healed":0.0,"max_hp_gain":0.0,"max_hp_loss":0.0,"gold_gain":0.0,"event_name":"The Cleric","player_choice":"Card Removal","floor":14.0,"gold_loss":75.0,"damage_taken":0.0},{"damage_healed":0.0,"max_hp_gain":0.0,"max_hp_loss":0.0,"gold_gain":0.0,"event_name":"Cursed Tome","player_choice":"Obtained Book","floor":21.0,"gold_loss":0.0,"damage_taken":21.0},{"cards_removed":["Clash"],"damage_healed":0.0,"max_hp_gain":0.0,"max_hp_loss":0.0,"gold_gain":0.0,"event_name":"Back to Basics","player_choice":"Elegance","floor":22.0,"gold_loss":0.0,"damage_taken":0.0},{"damage_healed":0.0,"max_hp_gain":0.0,"max_hp_loss":0.0,"gold_gain":0.0,"event_name":"SensoryStone","player_choice":"Memory 1","floor":36.0,"gold_loss":0.0,"damage_taken":0.0},{"damage_healed":0.0,"max_hp_gain":0.0,"max_hp_loss":0.0,"gold_gain":333.0,"event_name":"The Moai Head","player_choice":"Gave Idol","floor":37.0,"relics_lost":["Golden Idol"],"gold_loss":0.0,"damage_taken":0.0},{"damage_healed":0.0,"max_hp_gain":0.0,"max_hp_loss":0.0,"gold_gain":0.0,"event_name":"MindBloom","player_choice":"Fight","floor":38.0,"gold_loss":0.0,"damage_taken":0.0},{"damage_healed":0.0,"max_hp_gain":0.0,"max_hp_loss":0.0,"gold_gain":0.0,"event_name":"Mysterious Sphere","player_choice":"Fight","floor":46.0,"gold_loss":0.0,"damage_taken":0.0},{"damage_healed":0.0,"max_hp_gain":0.0,"max_hp_loss":0.0,"gold_gain":0.0,"event_name":"Duplicator","player_choice":"Copied","floor":47.0,"gold_loss":0.0,"damage_taken":0.0,"cards_obtained":["Necronomicurse"]}],"is_beta":false,"boss_relics":[{"not_picked":["Runic Pyramid","Cursed Key"],"picked":"Empty Cage"},{"not_picked":["Tiny House","Snecko Eye"],"picked":"Busted Crown"}],"items_purged_floors":[7,24,29,39,53],"is_endless":false,"potions_floor_spawned":[4,13,16,19,27,30,31,41,44,45,48,54],"ascension_level":15}}