{"host":"yvb207ks1sg3cxef","time":1609010754,"event":{"mods":["2.2 Compatiblity","BaseMod","Bestiary","Colored Powertips","Minty Spire (QoL Compilation)","Permanent Neow","Quick Restart","Relic Stats","StSLib"],"gold_per_floor":[99,99,99,99,99,99,99,99,99,99,99,99,99,99,99,99,99,99,0,0,0,0,0,0,0],"floor_reached":24,"playtime":1014,"items_purged":[],"score":540,"play_id":"9eed9615-8e08-47ac-860d-3e76e67a2a14","local_time":"20201227005554","is_ascension_mode":true,"campfire_choices":[{"data":"Skewer","floor":6,"key":"SMITH"},{"data":"Bullet Time","floor":15,"key":"SMITH"}],"circlet_count":0,"master_deck":["AscendersBane","Strike_G","Strike_G","Strike_G","Strike_G","Defend_G","Defend_G","Defend_G","Defend_G","Defend_G","Survivor+1","Neutralize","Backstab+1","Dagger Spray","Skewer+1","Deadly Poison","PiercingWail","Bullet Time+1","Bouncing Flask","Predator","Footwork+1","Night Terror","PiercingWail","Noxious Fumes+1","Blur"],"relics":["Ectoplasm","Potion Belt","Centennial Puzzle","Frozen Egg 2","Nunchaku","SacredBark","Tiny Chest"],"acts_visited":["Exordium","TheCity"],"potions_floor_usage":[8,20,20,20,20,22,22,23,23,23],"damage_taken":[{"damage":0,"enemies":"2 Louse","floor":1,"turns":4},{"damage":4,"enemies":"Jaw Worm","floor":2,"turns":4},{"damage":2,"enemies":"Small Slimes","floor":3,"turns":3},{"damage":0,"enemies":"3 Louse","floor":7,"turns":2},{"damage":0,"enemies":"3 Sentries","floor":8,"turns":6},{"damage":2,"enemies":"Gremlin Nob","floor":10,"turns":3},{"damage":1,"enemies":"Exordium Wildlife","floor":11,"turns":2},{"damage":10,"enemies":"Lagavulin","floor":12,"turns":5},{"damage":5,"enemies":"Blue Slaver","floor":13,"turns":3},{"damage":0,"enemies":"Exordium Thugs","floor":14,"turns":3},{"damage":4,"enemies":"The Guardian","floor":16,"turns":10},{"damage":20,"enemies":"Shell Parasite","floor":18,"turns":7},{"damage":19,"enemies":"2 Thieves","floor":19,"turns":4},{"damage":0,"enemies":"Shelled Parasite and Fungi","floor":20,"turns":1},{"damage":10,"enemies":"Snecko","floor":22,"turns":3},{"damage":0,"enemies":"Book of Stabbing","floor":23,"turns":3},{"damage":2,"enemies":"Snake Plant","floor":24,"turns":2}],"seed_played":"-4773482429475180258","potions_obtained":[{"floor":3,"key":"SteroidPotion"},{"floor":7,"key":"DistilledChaos"},{"floor":8,"key":"FearPotion"},{"floor":10,"key":"EntropicBrew"},{"floor":19,"key":"BlessingOfTheForge"},{"floor":20,"key":"Explosive Potion"},{"floor":22,"key":"AttackPotion"}],"is_trial":false,"path_per_floor":["M","M","M","?","?","R","M","E","T","E","M","E","M","M","R","B",null,"M","M","M","?","M","E","M"],"character_chosen":"THE_SILENT","items_purchased":[],"campfire_rested":0,"item_purchase_floors":[],"current_hp_per_floor":[59,55,53,33,26,26,26,26,26,24,23,13,8,8,8,4,51,31,12,12,12,2,2,0,0],"gold":0,"neow_bonus":"BOSS_RELIC","is_daily":false,"chose_seed":false,"campfire_upgraded":2,"win_rate":0.0,"timestamp":1609010754,"path_taken":["M","M","M","?","?","R","?","E","T","E","M","E","M","M","R","BOSS","M","M","M","?","M","E","M"],"items_purchased_type":[],"build_version":"2020-12-22","purchased_purges":0,"victory":false,"max_hp_per_floor":[66,66,66,66,66,66,66,66,66,66,66,66,66,66,66,66,66,66,66,66,66,66,66,66,66],"relic_stats":{"Centennial Puzzle":[24],"Nunchaku":[6],"counters":[17,65],"Tiny Chest":0,"Ectoplasm":450,"obtain_stats":[{"Potion Belt":8,"Centennial Puzzle":9,"Nunchaku":12,"SacredBark":17,"Tiny Chest":23,"Ectoplasm":0,"Frozen Egg 2":10,"Ring of the Snake":0},{"Potion Belt":5,"Centennial Puzzle":5,"Nunchaku":8,"SacredBark":11,"Tiny Chest":16,"Ectoplasm":0,"Frozen Egg 2":6,"Ring of the Snake":0},{"Potion Belt":19,"Centennial Puzzle":19,"Nunchaku":29,"SacredBark":45,"Tiny Chest":63,"Ectoplasm":0,"Frozen Egg 2":22,"Ring of the Snake":0}]},"card_choices":[{"not_picked":["Underhanded Strike","Prepared"],"picked":"Backstab","floor":1},{"not_picked":["Calculated Gamble","Flying Knee"],"picked":"Dagger Spray","floor":2},{"not_picked":["Accuracy","Catalyst"],"picked":"Skewer","floor":3},{"not_picked":["Flying Knee","Slice"],"picked":"Deadly Poison","floor":7},{"not_picked":["Skewer","Dagger Spray"],"picked":"PiercingWail","floor":8},{"not_picked":["Dagger Spray","Dodge and Roll"],"picked":"Bullet Time","floor":10},{"not_picked":["Sucker Punch","Backflip"],"picked":"Bouncing Flask","floor":11},{"not_picked":["Bullet Time","Grand Finale"],"picked":"Predator","floor":12},{"not_picked":["Calculated Gamble","Setup"],"picked":"Footwork+1","floor":13},{"not_picked":["Dagger Spray","Sucker Punch","Blade Dance"],"picked":"SKIP","floor":14},{"not_picked":["A Thousand Cuts+1","Grand Finale"],"picked":"Night Terror","floor":16},{"not_picked":["Finisher","Flying Knee"],"picked":"PiercingWail","floor":18},{"not_picked":["Blade Dance","Terror","Cloak And Dagger"],"picked":"SKIP","floor":19},{"not_picked":["Underhanded Strike","Crippling Poison"],"picked":"Noxious Fumes+1","floor":20},{"not_picked":["Deflect","Slice","Underhanded Strike"],"picked":"SKIP","floor":22},{"not_picked":["Choke","Glass Knife"],"picked":"Blur","floor":23}],"player_experience":221232,"relics_obtained":[{"floor":8,"key":"Potion Belt"},{"floor":9,"key":"Centennial Puzzle"},{"floor":10,"key":"Frozen Egg 2"},{"floor":12,"key":"Nunchaku"},{"floor":23,"key":"Tiny Chest"}],"event_choices":[{"damage_healed":0,"gold_gain":0,"player_choice":"Entered Light","damage_taken":20,"max_hp_gain":0,"max_hp_loss":0,"event_name":"Shining Light","floor":4,"gold_loss":0,"cards_upgraded":["Backstab","Survivor"]},{"cards_removed":["Strike_G"],"damage_healed":0,"gold_gain":0,"player_choice":"Card Removal","damage_taken":7,"max_hp_gain":0,"max_hp_loss":0,"event_name":"Golden Wing","floor":5,"gold_loss":0},{"damage_healed":0,"gold_gain":0,"player_choice":"Ignored","damage_taken":0,"max_hp_gain":0,"max_hp_loss":0,"event_name":"Cursed Tome","floor":21,"gold_loss":0}],"is_beta":false,"boss_relics":[{"not_picked":["WristBlade","HoveringKite"],"picked":"SacredBark"}],"items_purged_floors":[],"is_endless":false,"potions_floor_spawned":[3,7,8,10,19,20,22],"killed_by":"Snake Plant","ascension_level":17}}