{"host":"2lo6hma6kymb0g9i","time":1609002742,"event":{"mods":["BaseMod","Colored Map","DeckTracker","Minty Spire (QoL Compilation)"],"gold_per_floor":[111,111,186,237,237,265,282,297,297,313,313,238,238,238],"floor_reached":13,"playtime":582,"items_purged":["Strike_G"],"score":216,"play_id":"c9e2987c-8696-47ab-a022-c0d2cf08fb3a","local_time":"20201227021222","is_ascension_mode":true,"campfire_choices":[{"floor":11,"key":"REST"}],"circlet_count":0,"master_deck":["AscendersBane","Strike_G","Strike_G","Strike_G","Defend_G","Defend_G","Defend_G","Defend_G","Defend_G","Survivor","Neutralize","Footwork","Backstab","Backflip","Acrobatics","Slice"],"relics":["Ring of the Snake","NeowsBlessing","PreservedInsect","Omamori","Frozen Egg 2"],"acts_visited":["Exordium"],"potions_floor_usage":[10,13],"damage_taken":[{"damage":0,"enemies":"Jaw Worm","floor":1,"turns":1},{"damage":0,"enemies":"3 Sentries","floor":6,"turns":1},{"damage":0,"enemies":"2 Louse","floor":7,"turns":1},{"damage":0,"enemies":"Cultist","floor":8,"turns":4},{"damage":3,"enemies":"Large Slime","floor":10,"turns":13},{"damage":28,"enemies":"Lagavulin","floor":13,"turns":11}],"seed_played":"-5660519344347721163","potions_obtained":[{"floor":1,"key":"LiquidBronze"},{"floor":6,"key":"SneckoOil"}],"is_trial":false,"path_per_floor":["M","?","?","T","?","E","M","M","T","M","R","$","E"],"character_chosen":"THE_SILENT","items_purchased":[],"campfire_rested":1,"item_purchase_floors":[],"current_hp_per_floor":[59,59,48,48,13,13,13,13,13,10,29,29,1,1],"gold":238,"neow_bonus":"THREE_ENEMY_KILL","is_daily":false,"chose_seed":false,"campfire_upgraded":0,"win_rate":0.0,"timestamp":1609002742,"path_taken":["M","?","?","?","?","E","M","?","T","?","R","$","E"],"items_purchased_type":[],"build_version":"2020-12-22","purchased_purges":1,"victory":false,"max_hp_per_floor":[66,66,66,66,66,66,66,66,66,66,66,66,66,66],"card_choices":[{"not_picked":["Well Laid Plans","Bane"],"picked":"Footwork","floor":1},{"not_picked":["Footwork+1","Dodge and Roll"],"picked":"Backstab","floor":6},{"not_picked":["Skewer","Sucker Punch"],"picked":"Backflip","floor":7},{"not_picked":["Slice","Masterful Stab"],"picked":"Acrobatics","floor":8},{"not_picked":["Sucker Punch","Catalyst"],"picked":"Slice","floor":10}],"player_experience":892714,"relics_obtained":[{"floor":4,"key":"PreservedInsect"},{"floor":6,"key":"Frozen Egg 2"}],"event_choices":[{"cards_removed":["Strike_G"],"damage_healed":0,"gold_gain":0,"player_choice":"Forget","damage_taken":0,"max_hp_gain":0,"max_hp_loss":0,"event_name":"Living Wall","floor":2,"gold_loss":0},{"damage_healed":0,"gold_gain":75,"player_choice":"Gather Gold","damage_taken":11,"max_hp_gain":0,"max_hp_loss":0,"event_name":"World of Goop","floor":3,"gold_loss":0},{"damage_healed":0,"gold_gain":0,"player_choice":"Success","damage_taken":35,"relics_obtained":["Omamori"],"max_hp_gain":0,"max_hp_loss":0,"event_name":"Scrap Ooze","floor":5,"gold_loss":0}],"is_beta":false,"boss_relics":[],"items_purged_floors":[12],"is_endless":false,"potions_floor_spawned":[1,6],"killed_by":"Lagavulin","ascension_level":20}}