{"host":"tknto047uabgu3zm","time":1609022128,"event":{"mods":["AchievementEnabler","BaseMod","Bestiary","Block Reminder","Colored Map","Colored Powertips","Highlight Path","Minty Spire (QoL Compilation)","MonsterHotkey","Permanent Neow","Random Character Button","Rare Cards Sparkle","Relic Sorter","Relic Stats","StSLib"],"gold_per_floor":[119,136,136,153,78,78,110,110,110,124,124,40,70,70,70,144,144,156,206,34,30,30,30,30,30,30],"floor_reached":25,"playtime":756,"items_purged":["Shame"],"score":364,"play_id":"9793e649-6ec4-4079-9b71-335c874e10e6","local_time":"20201226143528","is_ascension_mode":true,"campfire_choices":[{"floor":6,"key":"REST"},{"data":"Strike_G","floor":8,"key":"PURGE"},{"floor":15,"key":"REST"},{"data":"Cloak And Dagger","floor":23,"key":"SMITH"}],"circlet_count":0,"master_deck":["AscendersBane","Strike_G","Strike_G","Strike_G","Defend_G","Defend_G+1","Defend_G","Defend_G+1","Survivor","Neutralize","Cloak And Dagger+1","Poisoned Stab","Catalyst","Accuracy","Footwork","Footwork","Malaise","Dagger Spray","Poisoned Stab+1","Infinite Blades","Necronomicurse"],"relics":["Ring of the Snake","Peace Pipe","War Paint","Meat on the Bone","Cursed Key","MealTicket","Necronomicon"],"acts_visited":["Exordium","TheCity"],"potions_floor_usage":[7,16,25],"damage_taken":[{"damage":36,"enemies":"Jaw Worm","floor":1,"turns":8},{"damage":2,"enemies":"Cultist","floor":2,"turns":4},{"damage":1,"enemies":"Small Slimes","floor":4,"turns":3},{"damage":27,"enemies":"Gremlin Nob","floor":7,"turns":4},{"damage":2,"enemies":"2 Fungi Beasts","floor":10,"turns":3},{"damage":30,"enemies":"The Guardian","floor":16,"turns":11},{"damage":27,"enemies":"Chosen","floor":18,"turns":10},{"damage":13,"enemies":"2 Thieves","floor":21,"turns":5},{"damage":23,"enemies":"Shelled Parasite and Fungi","floor":25,"turns":3}],"seed_played":"-7469196605159878657","potions_obtained":[{"floor":4,"key":"PowerPotion"},{"floor":10,"key":"PowerPotion"},{"floor":18,"key":"PowerPotion"},{"floor":21,"key":"FearPotion"}],"is_trial":false,"path_per_floor":["M","M","?","M","$","R","E","R","T","M","?","$","?","?","R","B",null,"M","?","$","M","?","R","?","M"],"character_chosen":"THE_SILENT","items_purchased":["Footwork","MealTicket"],"campfire_rested":2,"item_purchase_floors":[12,20],"current_hp_per_floor":[23,21,21,20,20,39,12,12,12,22,27,27,27,20,41,23,59,44,44,44,43,43,43,22,0,0],"gold":30,"neow_bonus":"ONE_RARE_RELIC","is_daily":false,"chose_seed":false,"campfire_upgraded":1,"win_rate":0.0,"timestamp":1609022128,"path_taken":["M","M","?","M","$","R","E","R","T","?","?","$","?","?","R","BOSS","M","?","$","M","?","R","?","M"],"items_purchased_type":["Card","Relic"],"build_version":"2020-12-22","purchased_purges":1,"victory":false,"max_hp_per_floor":[66,66,66,66,66,66,66,66,66,66,71,71,71,71,71,71,71,71,71,71,71,71,71,71,71,71],"relic_stats":{"Peace Pipe":2,"counters":[9,51],"MealTicket":0,"Necronomicon":[0],"War Paint":["Defend_G","Defend_G"],"Cursed Key":0,"obtain_stats":[{"Peace Pipe":0,"MealTicket":20,"Necronomicon":24,"War Paint":7,"Cursed Key":17,"Ring of the Snake":0,"Meat on the Bone":9},{"Peace Pipe":0,"MealTicket":7,"Necronomicon":8,"War Paint":4,"Cursed Key":6,"Ring of the Snake":0,"Meat on the Bone":4},{"Peace Pipe":0,"MealTicket":43,"Necronomicon":48,"War Paint":19,"Cursed Key":33,"Ring of the Snake":0,"Meat on the Bone":19}],"Ring of the Snake":[18],"Meat on the Bone":48},"card_choices":[{"not_picked":["Blade Dance","Backflip"],"picked":"Cloak And Dagger","floor":1},{"not_picked":["Prepared","Acrobatics"],"picked":"Poisoned Stab","floor":2},{"not_picked":["Dodge and Roll","Tactician"],"picked":"Catalyst","floor":4},{"not_picked":["Eviscerate","Sucker Punch"],"picked":"Accuracy","floor":7},{"not_picked":["Bouncing Flask","Catalyst"],"picked":"Footwork","floor":10},{"not_picked":["Phantasmal Killer","Glass Knife"],"picked":"Malaise","floor":16},{"not_picked":["Expertise","Flying Knee"],"picked":"Dagger Spray","floor":18},{"not_picked":["Deflect","Quick Slash"],"picked":"Poisoned Stab+1","floor":21}],"player_experience":479673,"relics_obtained":[{"floor":7,"key":"War Paint"},{"floor":9,"key":"Meat on the Bone"},{"floor":24,"key":"Necronomicon"}],"event_choices":[{"cards_removed":["Defend_G"],"damage_healed":0,"gold_gain":0,"player_choice":"Offered Basic","damage_taken":0,"max_hp_gain":0,"max_hp_loss":0,"event_name":"Bonfire Elementals","floor":3,"gold_loss":0},{"damage_healed":0,"gold_gain":0,"player_choice":"Donut","damage_taken":0,"max_hp_gain":5,"max_hp_loss":0,"event_name":"Big Fish","floor":11,"gold_loss":0},{"damage_healed":0,"gold_gain":30,"player_choice":"Searched \u00271\u0027 times","damage_taken":0,"max_hp_gain":0,"max_hp_loss":0,"event_name":"Dead Adventurer","floor":13,"gold_loss":0},{"cards_removed":["Strike_G"],"damage_healed":0,"gold_gain":0,"player_choice":"Card Removal","damage_taken":7,"max_hp_gain":0,"max_hp_loss":0,"event_name":"Golden Wing","floor":14,"gold_loss":0},{"damage_healed":0,"gold_gain":50,"player_choice":"Stole From Cult","damage_taken":0,"max_hp_gain":0,"max_hp_loss":0,"event_name":"Nest","floor":19,"gold_loss":0},{"damage_healed":0,"gold_gain":0,"player_choice":"Read","damage_taken":0,"max_hp_gain":0,"max_hp_loss":0,"event_name":"The Library","floor":22,"gold_loss":0,"cards_obtained":["Infinite Blades"]},{"damage_healed":0,"gold_gain":0,"player_choice":"Obtained Book","damage_taken":21,"max_hp_gain":0,"max_hp_loss":0,"event_name":"Cursed Tome","floor":24,"gold_loss":0}],"is_beta":false,"boss_relics":[{"not_picked":["Coffee Dripper","Astrolabe"],"picked":"Cursed Key"}],"items_purged_floors":[5],"is_endless":false,"potions_floor_spawned":[4,10,18,21],"killed_by":"Shelled Parasite and Fungi","ascension_level":17}}