{"host":"981nlwu0905dw1bz","time":1609004462,"event":{"mods":["BaseMod","DeckTracker","Minty Spire (QoL Compilation)","Rare Cards Sparkle","SuperFastMode"],"gold_per_floor":[115,190,190,203,203,203,213,213,213,21,21,21,21,37,37,137,137,147,157,157,157],"floor_reached":20,"playtime":534,"items_purged":[],"score":259,"play_id":"2705f4d8-d3d5-40df-9c22-c53ada1ea0f9","local_time":"20201227024102","is_ascension_mode":true,"campfire_choices":[{"data":"Gash","floor":6.0,"key":"SMITH"},{"data":"Sweeping Beam","floor":8.0,"key":"SMITH"},{"data":"Storm","floor":11.0,"key":"SMITH"},{"data":"Leap","floor":15.0,"key":"SMITH"}],"circlet_count":0,"master_deck":["AscendersBane","Strike_B","Strike_B","Strike_B","Defend_B","Defend_B","Defend_B","Defend_B","Zap","Dualcast","Storm+1","Compile Driver","Gash+1","Sweeping Beam+1","Leap+1","Machine Learning","BootSequence","Stack"],"relics":["Cracked Core","Sundial","Lee\u0027s Waffle","SlaversCollar"],"acts_visited":["Exordium","TheCity"],"potions_floor_usage":[19,20],"damage_taken":[{"damage":3.0,"enemies":"Jaw Worm","floor":1.0,"turns":4.0},{"damage":7.0,"enemies":"Small Slimes","floor":4.0,"turns":3.0},{"damage":1.0,"enemies":"2 Louse","floor":7.0,"turns":2.0},{"damage":2.0,"enemies":"Looter","floor":14.0,"turns":3.0},{"damage":61.0,"enemies":"The Guardian","floor":16.0,"turns":11.0},{"damage":22.0,"enemies":"Spheric Guardian","floor":18.0,"turns":5.0},{"damage":18,"enemies":"3 Byrds","floor":19,"turns":3},{"damage":22,"enemies":"Snake Plant","floor":20,"turns":4}],"seed_played":"-9068204224129553309","potions_obtained":[{"floor":4.0,"key":"Fruit Juice"},{"floor":7.0,"key":"LiquidBronze"},{"floor":19,"key":"ColorlessPotion"}],"is_trial":false,"path_per_floor":["M","?","?","M","?","R","M","R","T","$","R","?","$","M","R","B",null,"M","M","M"],"character_chosen":"DEFECT","items_purchased":["Lee\u0027s Waffle","PowerPotion"],"campfire_rested":0,"item_purchase_floors":[10,10],"current_hp_per_floor":[65,54,54,52,52,52,51,51,51,87,87,87,87,85,85,24,71,49,31,9,9],"gold":157,"neow_bonus":"TRANSFORM_CARD","is_daily":false,"chose_seed":false,"campfire_upgraded":4,"win_rate":0.0,"timestamp":1609004462,"path_taken":["M","?","?","M","?","R","M","R","T","$","R","?","?","M","R","BOSS","M","M","M"],"items_purchased_type":["Relic","Potion"],"build_version":"2020-12-22","purchased_purges":0,"victory":false,"max_hp_per_floor":[75,75,75,80,80,80,80,80,80,87,87,87,87,87,87,87,87,87,87,87,87],"card_choices":[{"not_picked":["Beam Cell","Steam"],"picked":"Compile Driver","floor":1.0},{"not_picked":["Scrape","Turbo"],"picked":"Gash","floor":4.0},{"not_picked":["Compile Driver","Barrage"],"picked":"Sweeping Beam","floor":7.0},{"not_picked":["Fusion","Steam"],"picked":"Leap","floor":14.0},{"not_picked":["Buffer","Core Surge"],"picked":"Machine Learning","floor":16.0},{"not_picked":["Sweeping Beam","Steam Power+1"],"picked":"BootSequence","floor":18.0},{"not_picked":["Steam+1","Turbo"],"picked":"Stack","floor":19}],"player_experience":506284,"relics_obtained":[{"floor":9.0,"key":"Sundial"}],"event_choices":[{"damage_healed":0.0,"max_hp_gain":0.0,"max_hp_loss":0.0,"gold_gain":75.0,"event_name":"World of Goop","player_choice":"Gather Gold","floor":2.0,"gold_loss":0.0,"damage_taken":11.0},{"damage_healed":0.0,"max_hp_gain":0.0,"max_hp_loss":0.0,"gold_gain":0.0,"event_name":"Golden Wing","player_choice":"Ignored","floor":3.0,"gold_loss":0.0,"damage_taken":0.0},{"damage_healed":0.0,"max_hp_gain":0.0,"max_hp_loss":0.0,"gold_gain":0.0,"event_name":"Shining Light","player_choice":"Ignored","floor":5.0,"gold_loss":0.0,"damage_taken":0.0},{"damage_healed":0.0,"max_hp_gain":0.0,"max_hp_loss":0.0,"gold_gain":0.0,"event_name":"Liars Game","player_choice":"Ignored","floor":12.0,"gold_loss":0.0,"damage_taken":0.0}],"is_beta":false,"boss_relics":[{"not_picked":["SacredBark","Busted Crown"],"picked":"SlaversCollar"}],"items_purged_floors":[],"is_endless":false,"potions_floor_spawned":[4,7,19],"killed_by":"Snake Plant","ascension_level":12}}