{"host":"yd9r7zy2pq4z3cad","time":1609004610,"event":{"mods":["AchievementEnabler","Act Like it!","Astrologer","BaseMod","Beaked The Cultist","Better Third Choice","BetterRewards","Colored Map","Colored Powertips","Conspire","Curses Come First","Displayed Cursed Tome","Downfall","Elementarium","GifTheSpireLib","Halation","Hallownest","Hermit","Highlight Path","Hubris","Infinite Spire","Jorbs\u0027s Wanderer Trilogy","Menagerie","Minty Spire (QoL Compilation)","Pale of the Ancients","Permanent Neow","Rare Cards Sparkle","Relic Sorter","Relic Stats","Replay The Spire","Shade Mod","StSLib","Stuff the Spire","The Alterego","The Blackbeard","The Bladedancer","The Bug Knight","The Cursed","The Dragon Tamer","The Exalted","The Factory","The Forsaken","The Gatherer","The Hierophant","The Jungle","The Mystic","The Necromancer","The Problem Sleuth","The Runesmith","The Servant 0.9.4","The Spell Scribe","vexMod"],"gold_per_floor":[99,113,115,215,60,89,89,14,0,0,0,0,29,58,0,105,105,30,48,63,163,163,163,163,194,194,222,222,122,47,147,166,269,269,269,279,279,279,4,4,4,29,29,29,29,129,139,172,188,188,188,220,70,70,70,70],"floor_reached":55,"playtime":2824,"items_purged":["sneckomod:Unknown2Cost","sneckomod:Bewildered","Normality","CommonCold"],"score":719,"play_id":"054be012-011c-4ebe-bf2d-0a65cf17eda7","local_time":"20201226224330","daily_mods":["Draft","Heirloom","Flight","downfall:Lament","Elite Swarm"],"is_ascension_mode":false,"campfire_choices":[{"floor":1,"key":"RECALL"},{"data":"sneckomod:SnakeSap","floor":8,"key":"SMITH"},{"data":"expansioncontent:DashGenerateEvil","floor":18,"key":"SMITH"},{"data":"sneckomod:Nope","floor":23,"key":"SMITH"},{"floor":30,"key":"REST"},{"data":"sneckomod:SoulCleanse","floor":35,"key":"SMITH"},{"data":"Reboot","floor":43,"key":"SMITH"},{"data":"sneckomod:UnknownRareSkill","floor":45,"key":"SMITH"},{"floor":54,"key":"REST"}],"circlet_count":0,"master_deck":["sneckomod:Nope+1","sneckomod:ImprovisedAttack+1","sneckomod:IronFang+1","sneckomod:UnknownVulnerable+2","sneckomod:SoulCleanse+1","sneckomod:UnknownCommonAttack+1","sneckomod:UnknownBlock","sneckomod:UnknownVulnerable","sneckomod:UnknownBlock","sneckomod:UnknownClassWHITE+2","sneckomod:UnknownStrike+1","sneckomod:SnakeSap+1","sneckomod:UnknownRarePower","Reboot+1","expansioncontent:DashGenerateEvil+1","sneckomod:UnknownRareSkill+1","sneckomod:WideSting+1","sneckomod:UnknownDexterity+1","sneckomod:UnknownColorless+1"],"relics":["sneckomod:SneckoSoul","NeowsBlessing","Ring of Chaos","TungstenRod","Tiny Chest","champ:Barbells","Art of War","downfall:HeartBlessingRed","m_SnakeBloodCore","NeowsBlessing","vexMod:ScavengeHelm","vexMod:PlasmaPancake","Kintsugi","downfall:HeartBlessingBlue","StuffTheSpire:CocoNut","infinitespire:Golems Mask","hubris:CrystalStatue","Golden Egg","Iron Hammer","sneckomod:BabySnecko","downfall:HeartBlessingGreen","hubris:ScarierMask","Gremlin Horn","Ring of Fury","Ring of Fangs","theForsaken:Lifeblossom","Whetstone","Dream Catcher","Bromod:ArcaneGuardian","HollowMod:LifeEnderRelic"],"acts_visited":["Menagerie:Menagerie","TheCity","TheBeyond","TheEnding"],"potions_floor_usage":[20,21,21,32,42,55],"damage_taken":[{"damage":0,"enemies":"Menagerie:MonstrousExperiment","floor":2,"turns":1},{"damage":0,"enemies":"downfall:FleeingMerchant","floor":3,"turns":1},{"damage":0,"enemies":"Menagerie:Hydra","floor":6,"turns":1},{"damage":0,"enemies":"Menagerie:VoidReaper","floor":13,"turns":1},{"damage":0,"enemies":"Menagerie:MaskedSummoner","floor":14,"turns":1},{"damage":0,"enemies":"downfall:Watcher","floor":16,"turns":1},{"damage":0,"enemies":"Chosen","floor":19,"turns":3},{"damage":0,"enemies":"3 Byrds","floor":20,"turns":2},{"damage":12,"enemies":"Colosseum Nobs","floor":21,"turns":4},{"damage":10,"enemies":"HollowMod:Nosk","floor":25,"turns":3},{"damage":6,"enemies":"Book of Stabbing","floor":27,"turns":3},{"damage":0,"enemies":"Centurion and Healer","floor":32,"turns":2},{"damage":20,"enemies":"downfall:Defect","floor":33,"turns":4},{"damage":0,"enemies":"3 Shapes","floor":36,"turns":1},{"damage":4,"enemies":"Giant Head","floor":42,"turns":5},{"damage":10,"enemies":"3 Darklings","floor":47,"turns":2},{"damage":46,"enemies":"Nemesis","floor":48,"turns":3},{"damage":8,"enemies":"Sphere and 2 Shapes","floor":49,"turns":1},{"damage":72,"enemies":"downfall:Silent","floor":50,"turns":9},{"damage":69,"enemies":"downfall:CharBossMerchant","floor":52,"turns":8},{"damage":143,"enemies":"downfall:NeowBoss","floor":55,"turns":18}],"seed_played":"-1717894856335634758","potions_obtained":[{"floor":2,"key":"BlessingOfTheForge"},{"floor":6,"key":"Explosive Potion"},{"floor":13,"key":"SkillPotion"},{"floor":20,"key":"Weak Potion"},{"floor":25,"key":"sneckomod:MuddlingPotion"},{"floor":32,"key":"Reflective Coating"},{"floor":33,"key":"ColorlessPotion"},{"floor":42,"key":"FearPotion"}],"is_trial":true,"path_per_floor":["R","M","$","WH","$","E","T","R","WH","WH","?","WH","E","E","WH","B",null,"R","M","M","?","WH","R","T","E","WH","E","?","$","R","WH","M","B",null,"R","M","T","?","$","?","T","E","R","WH","R","WH","M","E","M","B",null,"E","$","R","B"],"character_chosen":"THE_SNECKO","items_purchased":["Tiny Chest","sneckomod:SnakeSap","champ:Barbells","theForsaken:Lifeblossom"],"campfire_rested":2,"item_purchase_floors":[3,3,5,39],"current_hp_per_floor":[99,99,100,100,100,101,101,101,101,111,111,111,111,117,117,118,118,128,128,128,126,126,126,126,119,119,116,116,116,135,135,135,118,135,135,135,135,135,135,135,135,135,135,148,148,148,142,104,99,36,149,84,84,129,0,0],"gold":70,"neow_bonus":"HUNDRED_GOLD","is_daily":false,"chose_seed":false,"campfire_upgraded":6,"win_rate":0.0,"timestamp":1609004610,"path_taken":["R","M","$","WH","$","E","T","R","WH","WH","?","WH","E","E","WH","BOSS","R","M","M","?","WH","R","T","E","WH","E","?","$","R","WH","M","BOSS","R","M","?","?","$","?","T","E","R","WH","R","WH","?","E","M","BOSS","E","$","R","BOSS"],"items_purchased_type":["Relic","Card","Relic","Relic"],"build_version":"2020-12-22","purchased_purges":4,"victory":false,"max_hp_per_floor":[99,99,100,100,100,101,101,101,101,111,111,111,111,117,117,118,118,128,128,128,135,135,135,135,135,135,135,135,135,135,135,135,135,135,135,135,135,135,135,135,135,135,135,148,148,148,149,149,149,149,149,150,150,150,150,150],"relic_stats":{"Dream Catcher":1,"Gremlin Horn":[3,3],"counters":[21,74],"Tiny Chest":1,"Art of War":[5],"Whetstone":["sneckomod:UnknownCommonAttack","sneckomod:UnknownStrike"],"obtain_stats":[{"vexMod:PlasmaPancake":14,"Golden Egg":25,"hubris:CrystalStatue":24,"Gremlin Horn":37,"downfall:HeartBlessingGreen":30,"theForsaken:Lifeblossom":39,"Whetstone":41,"sneckomod:SneckoSoul":0,"Dream Catcher":42,"Ring of Fangs":38,"m_SnakeBloodCore":11,"downfall:HeartBlessingBlue":18,"hubris:ScarierMask":34,"Tiny Chest":3,"infinitespire:Golems Mask":21,"Iron Hammer":27,"Bromod:ArcaneGuardian":48,"champ:Barbells":5,"HollowMod:LifeEnderRelic":52,"NeowsBlessing":0,"downfall:HeartBlessingRed":8,"vexMod:ScavengeHelm":13,"Ring of Chaos":0,"sneckomod:BabySnecko":28,"StuffTheSpire:CocoNut":21,"Ring of Fury":38,"Art of War":6,"Kintsugi":17,"TungstenRod":0},{"vexMod:PlasmaPancake":5,"Golden Egg":10,"hubris:CrystalStatue":9,"Gremlin Horn":14,"downfall:HeartBlessingGreen":11,"theForsaken:Lifeblossom":14,"Whetstone":14,"sneckomod:SneckoSoul":0,"Dream Catcher":15,"Ring of Fangs":14,"m_SnakeBloodCore":3,"downfall:HeartBlessingBlue":6,"hubris:ScarierMask":13,"Tiny Chest":2,"infinitespire:Golems Mask":9,"Iron Hammer":11,"Bromod:ArcaneGuardian":17,"champ:Barbells":2,"HollowMod:LifeEnderRelic":20,"NeowsBlessing":0,"downfall:HeartBlessingRed":3,"vexMod:ScavengeHelm":4,"Ring of Chaos":0,"sneckomod:BabySnecko":11,"StuffTheSpire:CocoNut":9,"Ring of Fury":14,"Art of War":3,"Kintsugi":6,"TungstenRod":0},{"vexMod:PlasmaPancake":5,"Golden Egg":18,"hubris:CrystalStatue":15,"Gremlin Horn":28,"downfall:HeartBlessingGreen":21,"theForsaken:Lifeblossom":28,"Whetstone":28,"sneckomod:SneckoSoul":0,"Dream Catcher":33,"Ring of Fangs":28,"m_SnakeBloodCore":3,"downfall:HeartBlessingBlue":6,"hubris:ScarierMask":27,"Tiny Chest":2,"infinitespire:Golems Mask":15,"Iron Hammer":21,"Bromod:ArcaneGuardian":38,"champ:Barbells":2,"HollowMod:LifeEnderRelic":56,"NeowsBlessing":0,"downfall:HeartBlessingRed":3,"vexMod:ScavengeHelm":4,"Ring of Chaos":0,"sneckomod:BabySnecko":21,"StuffTheSpire:CocoNut":15,"Ring of Fury":28,"Art of War":3,"Kintsugi":6,"TungstenRod":0}],"TungstenRod":52},"card_choices":[{"not_picked":["sneckomod:UnknownCommonAttack","sneckomod:UnknownClassWANDERER_GRAY_COLOR"],"picked":"sneckomod:Nope","floor":0},{"not_picked":["sneckomod:UnknownCommonAttack","sneckomod:WideSting"],"picked":"sneckomod:ImprovisedAttack","floor":0},{"not_picked":["sneckomod:ImprovisedAttack","sneckomod:DiceBoulder"],"picked":"sneckomod:IronFang","floor":0},{"not_picked":["sneckomod:DiceBlock","sneckomod:UnknownCommonAttack"],"picked":"sneckomod:UnknownVulnerable","floor":0},{"not_picked":["sneckomod:SnekBeam","sneckomod:IronFang"],"picked":"sneckomod:Unknown2Cost","floor":0},{"not_picked":["sneckomod:SoulDraw","sneckomod:IronFang"],"picked":"sneckomod:SoulCleanse","floor":0},{"not_picked":["sneckomod:Nope","sneckomod:Unknown1Cost"],"picked":"sneckomod:SoulDraw","floor":0},{"not_picked":["sneckomod:UnknownCommonSkill","sneckomod:Nope"],"picked":"sneckomod:UnknownCommonAttack","floor":0},{"not_picked":["sneckomod:SoulCleanse","sneckomod:WideSting"],"picked":"sneckomod:UnknownClassPURPLE","floor":0},{"not_picked":["sneckomod:WideSting","sneckomod:UnknownWeak"],"picked":"sneckomod:UnknownBlock","floor":0},{"not_picked":["sneckomod:SerpentIdol","sneckomod:Unknown2Cost"],"picked":"sneckomod:IronFang","floor":0},{"not_picked":["sneckomod:SlitherStrike","sneckomod:UnknownClassHIEROPHANT_GOLD_COLOR"],"picked":"sneckomod:UnknownVulnerable","floor":0},{"not_picked":["sneckomod:WideSting","sneckomod:UnknownWeak"],"picked":"sneckomod:UnknownBlock","floor":0},{"not_picked":["sneckomod:UnknownClassGREEN","sneckomod:RainOfDice"],"picked":"sneckomod:UnknownClassBLUE","floor":0},{"not_picked":["sneckomod:DiceCrush","sneckomod:DiceBlock"],"picked":"sneckomod:UnknownClassWHITE","floor":0},{"not_picked":["sneckomod:UnknownClassHEXA_GHOST_PURPLE","sneckomod:DefensiveFlair","sneckomod:UnknownCommonAttack"],"picked":"SKIP","floor":2},{"not_picked":["sneckomod:UnknownClasssleuth_GRAY_COLOR","sneckomod:UnknownClassTHE_CURSED_PURPLE"],"picked":"sneckomod:UnknownStrike","floor":3},{"not_picked":["sneckomod:UnknownColorless","sneckomod:Cheat"],"picked":"sneckomod:UnknownRarePower","floor":6},{"not_picked":["sneckomod:Restock","Bullet Time"],"picked":"Reboot","floor":13},{"not_picked":["Amplify","Bullet Time","sneckomod:Cheat"],"picked":"SKIP","floor":14},{"not_picked":["ReplayTheSpireMod:Brewmster","Transmutation"],"picked":"expansioncontent:DashGenerateEvil","floor":15},{"not_picked":["Bullet Time","Reboot"],"picked":"sneckomod:UnknownRareSkill","floor":16},{"not_picked":["sneckomod:DiceCrush","sneckomod:UnknownBlock"],"picked":"sneckomod:WideSting+1","floor":19},{"not_picked":["sneckomod:UnknownClassSILVER+1","sneckomod:IronFang","sneckomod:UnknownClassGATHERER_LIME"],"picked":"SKIP","floor":20},{"not_picked":["sneckomod:UnknownRareSkill","sneckomod:UnlimitedRolls","sneckomod:DangerNoodle"],"picked":"SKIP","floor":25},{"not_picked":["sneckomod:DangerNoodle","sneckomod:UnknownRareAttack","sneckomod:Unknown3Cost"],"picked":"SKIP","floor":27},{"not_picked":["sneckomod:UnknownExhaust","sneckomod:UnknownBlock","sneckomod:DiceCrush"],"picked":"SKIP","floor":32},{"not_picked":["sneckomod:UnknownClassBEAKED_YELLOW+1","sneckomod:UnknownVulnerable","sneckomod:UnknownClassBLESSING"],"picked":"SKIP","floor":36},{"not_picked":["sneckomod:Restock","sneckomod:DangerNoodle","sneckomod:UnlimitedRolls"],"picked":"SKIP","floor":42},{"not_picked":["sneckomod:UnknownClasssleuth_GRAY_COLOR+1","sneckomod:UnknownClassGATHERER_LIME"],"picked":"sneckomod:UnknownDexterity+1","floor":47},{"not_picked":["sneckomod:UnknownRareSkill","sneckomod:Mudshield","sneckomod:Restock"],"picked":"SKIP","floor":48},{"not_picked":["sneckomod:SoulRoll+1","sneckomod:UnknownVulnerable","sneckomod:UnknownClassBLADEMASTER_GRAY"],"picked":"SKIP","floor":49},{"not_picked":["sneckomod:MorePower","sneckomod:Cheat"],"picked":"sneckomod:UnknownColorless","floor":52}],"player_experience":178684,"relics_obtained":[{"floor":6,"key":"Art of War"},{"floor":13,"key":"vexMod:ScavengeHelm"},{"floor":14,"key":"vexMod:PlasmaPancake"},{"floor":21,"key":"StuffTheSpire:CocoNut"},{"floor":21,"key":"infinitespire:Golems Mask"},{"floor":24,"key":"hubris:CrystalStatue"},{"floor":25,"key":"Golden Egg"},{"floor":27,"key":"Iron Hammer"},{"floor":37,"key":"Gremlin Horn"},{"floor":38,"key":"Ring of Fury"},{"floor":38,"key":"Ring of Fangs"},{"floor":41,"key":"Whetstone"},{"floor":42,"key":"Dream Catcher"},{"floor":48,"key":"Bromod:ArcaneGuardian"},{"floor":52,"key":"HollowMod:LifeEnderRelic"}],"event_choices":[{"damage_healed":0,"gold_gain":0,"player_choice":"Avoid the battle","damage_taken":0,"max_hp_gain":0,"max_hp_loss":0,"event_name":"Menagerie:MageAndMonster","floor":9,"gold_loss":15}],"is_beta":false,"boss_relics":[{"not_picked":["Replay:Drink Me","StuffTheSpire:ModemDavis"],"picked":"Kintsugi"},{"not_picked":["halation:SmartPhone","Runesmith:UraniumAnvil"],"picked":"hubris:ScarierMask"}],"items_purged_floors":[3,29,39,53],"is_endless":false,"potions_floor_spawned":[2,6,13,20,25,32,33,42,52],"killed_by":"downfall:NeowBoss","ascension_level":0}}