{"host":"s0rqbuvjzggdtc2s","time":1609001881,"event":{"mods":["ATMod(°¢èªMod)","BaseMod","Minty Spire (QoL Compilation)","StSLib","The Bug Knight","¡¾ÒÅÎï¿¨ÅÆ¡¿REMEMod"],"gold_per_floor":[117,117,117,117,127,127,160,177,177,230,111,125,135,164,164,261,261,273,163,181,64,163,163,163,179,205,235,235,235,49,49,49,149,149,169,180,37,54,54,54,83,101,101,101,121,134,149,149,149,149],"floor_reached":51,"playtime":1736,"items_purged":["HollowMod:NailStrikeStart"],"score":980,"play_id":"6f28ce8d-1cd6-4ef9-89e8-dae6ac5506b7","local_time":"20201227005801","is_ascension_mode":false,"campfire_choices":[{"data":"HollowMod:FocusHealStart","floor":6.0,"key":"SMITH"},{"floor":15.0,"key":"REST"},{"data":"HollowMod:theNailsmith","floor":23.0,"key":"SMITH"},{"data":"HollowMod:MantisMark","floor":24.0,"key":"SMITH"},{"floor":29.0,"key":"REST"},{"data":"Mayhem","floor":32.0,"key":"SMITH"},{"floor":40.0,"key":"REST"},{"floor":44.0,"key":"REST"},{"floor":49.0,"key":"REST"}],"circlet_count":0,"master_deck":["HollowMod:NailStrikeStart","HollowMod:NailStrikeStart","HollowMod:NailStrikeStart","HollowMod:QuickDashStart","HollowMod:QuickDashStart+1","HollowMod:QuickDashStart","HollowMod:QuickDashStart","HollowMod:FocusHealStart+1","HollowMod:PogoStrike","HollowMod:ChannelNail+1","HollowMod:VengefulSpirit+1","HollowMod:CycloneSlash+1","HollowMod:SoulStrike+1","HollowMod:MantisMark+1","HollowMod:ZotesMagnificence+1","HollowMod:SharpenedNail+1","HollowMod:SoulSplash","HollowMod:theNailsmith+1","HollowMod:ChannelNail+1","HollowMod:QuirrelsAssistance+1","HollowMod:HowlingWraiths+1","HollowMod:PureNailStrike+1","HollowMod:PerfectDash","HollowMod:LifebloodCocoon+1","HollowMod:CornifersMapStart+1","Mayhem+1","HollowMod:SoulMaster","AT_EmpoweredMortalDraw+1","HollowMod:CycloneSlash+1","HollowMod:SoulSplash","HollowMod:HowlingWraiths+1","HollowMod:SoulStrike+1","HollowMod:FallenFury+1","Parasite","HollowMod:GoodIntentions+1"],"relics":["HollowMod:VesselMask","AT_ATBox","REME_ComplimentaryCards","NeowsBlessing","Calipers","Molten Egg 2","WingedGreaves","Potion Belt","Bag of Marbles","SlaversCollar","Orichalcum","REME_HandOfSuture","AT_MortalBlade","Pen Nib","Meat on the Bone","AT_TimeSand"],"acts_visited":["Exordium","TheCity","TheBeyond"],"potions_floor_usage":[50,50,50,50],"damage_taken":[{"damage":0.0,"enemies":"2 Louse","floor":1.0,"turns":1.0},{"damage":0.0,"enemies":"Small Slimes","floor":5.0,"turns":1.0},{"damage":0.0,"enemies":"Gremlin Nob","floor":7.0,"turns":1.0},{"damage":0.0,"enemies":"Cultist","floor":8.0,"turns":3.0},{"damage":1.0,"enemies":"Exordium Wildlife","floor":12.0,"turns":3.0},{"damage":2.0,"enemies":"Exordium Thugs","floor":13.0,"turns":3.0},{"damage":17.0,"enemies":"3 Sentries","floor":14.0,"turns":4.0},{"damage":51.0,"enemies":"The Guardian","floor":16.0,"turns":6.0},{"damage":12.0,"enemies":"2 Thieves","floor":18.0,"turns":3.0},{"damage":12.0,"enemies":"Shell Parasite","floor":20.0,"turns":2.0},{"damage":0.0,"enemies":"Snake Plant","floor":25.0,"turns":1.0},{"damage":43.0,"enemies":"Gremlin Leader","floor":27.0,"turns":7.0},{"damage":23.0,"enemies":"HollowMod:NKGrimm","floor":33.0,"turns":9.0},{"damage":19.0,"enemies":"Orb Walker","floor":35.0,"turns":3.0},{"damage":7.0,"enemies":"3 Darklings","floor":36.0,"turns":3.0},{"damage":0.0,"enemies":"Jaw Worm Horde","floor":38.0,"turns":1.0},{"damage":0.0,"enemies":"Nemesis","floor":41.0,"turns":2.0},{"damage":27.0,"enemies":"Transient","floor":42.0,"turns":5.0},{"damage":2.0,"enemies":"Spire Growth","floor":45.0,"turns":4.0},{"damage":27.0,"enemies":"Writhing Mass","floor":46.0,"turns":4.0},{"damage":0.0,"enemies":"Jaw Worm Horde","floor":47.0,"turns":1.0},{"damage":72,"enemies":"Awakened One","floor":50,"turns":9}],"seed_played":"8917472515610495126","potions_obtained":[{"floor":5.0,"key":"Dexterity Potion"},{"floor":12.0,"key":"Strength Potion"},{"floor":14.0,"key":"Swift Potion"},{"floor":25.0,"key":"GamblersBrew"},{"floor":35.0,"key":"Regen Potion"},{"floor":38.0,"key":"LiquidBronze"},{"floor":45.0,"key":"GamblersBrew"},{"floor":46.0,"key":"FearPotion"}],"is_trial":false,"path_per_floor":["M","?","?","?","M","R","E","M","T","T","$","M","M","E","R","B",null,"M","$","M","$","?","R","R","M","T","E","?","R","$","?","R","B",null,"M","M","$","M","?","R","E","M","T","R","M","M","M","?","R","B",null],"character_chosen":"THE_BUGKNIGHT","items_purchased":["HollowMod:SoulStrike+1","HollowMod:MantisMark","HollowMod:QuirrelsAssistance+1","HollowMod:PureNailStrike+1","HollowMod:PerfectDash","Mayhem","Pen Nib"],"campfire_rested":5,"item_purchase_floors":[11,11,19,21,21,30,37],"current_hp_per_floor":[75,60,53,53,53,53,59,65,65,65,65,70,68,57,75,30,75,69,69,57,57,57,57,57,57,57,24,24,46,46,64,64,47,75,62,55,55,55,55,75,75,48,48,70,68,41,41,41,63,23],"gold":149,"neow_bonus":"THREE_ENEMY_KILL","is_daily":false,"chose_seed":false,"campfire_upgraded":4,"win_rate":0.0,"timestamp":1609001881,"path_taken":["M","?","?","?","M","R","E","?","T","?","$","M","M","E","R","BOSS","M","$","M","$","?","R","R","M","T","E","?","R","$","?","R","BOSS","M","M","$","M","?","R","E","M","T","R","M","M","M","?","R","BOSS"],"items_purchased_type":["Card","Card","Card","Card","Card","Card","Relic"],"build_version":"2020-12-22","purchased_purges":1,"victory":true,"max_hp_per_floor":[75,75,75,75,75,75,75,75,75,75,75,75,75,75,75,75,75,75,75,75,75,75,75,75,75,75,75,75,75,75,75,75,75,75,75,75,75,75,75,75,75,75,75,75,75,75,75,75,75,75],"card_choices":[{"not_picked":["HollowMod:InfectedAttack","HollowMod:VengefulVoid"],"picked":"HollowMod:ChannelNail","floor":1.0},{"not_picked":["HollowMod:WraithStrike","HollowMod:HeavyBlow","HollowMod:SharpenedShadows"],"picked":"SKIP","floor":5.0},{"not_picked":["HollowMod:GreatSlash+1","HollowMod:FallenFury+1"],"picked":"HollowMod:VengefulSpirit+1","floor":7.0},{"not_picked":["HollowMod:NewGlowingWomb","HollowMod:AbyssShriek+1"],"picked":"HollowMod:CycloneSlash+1","floor":8.0},{"not_picked":["HollowMod:PerfectDash","HollowMod:InfectedCysts+1"],"picked":"HollowMod:ZotesMagnificence+1","floor":12.0},{"not_picked":["HollowMod:InfectedAttack+1","HollowMod:InfectedCysts+1"],"picked":"HollowMod:SharpenedNail+1","floor":13.0},{"not_picked":["HollowMod:DoubleDash","HollowMod:CycloneSlash+1"],"picked":"HollowMod:SoulSplash","floor":14.0},{"not_picked":["HollowMod:Hiveblood","HollowMod:VoidDash"],"picked":"HollowMod:theNailsmith","floor":16.0},{"not_picked":["HollowMod:ShadowDash","HollowMod:CloakDash"],"picked":"HollowMod:ChannelNail+1","floor":18.0},{"not_picked":["HollowMod:CoiledNail+1","HollowMod:AbyssShriek+1"],"picked":"HollowMod:HowlingWraiths+1","floor":20.0},{"not_picked":["HollowMod:NewJinnsSoul","HollowMod:MothsMistake"],"picked":"HollowMod:LifebloodCocoon+1","floor":25.0},{"not_picked":["HollowMod:WraithStrike+1","HollowMod:CrystalDash"],"picked":"HollowMod:CornifersMapStart+1","floor":27.0},{"not_picked":["HollowMod:VoidDash","HollowMod:ZotesMagnificence+1"],"picked":"HollowMod:SoulMaster","floor":33.0},{"not_picked":["HollowMod:TaintedHusks+1","HollowMod:DescendingDark+1"],"picked":"HollowMod:CycloneSlash+1","floor":35.0},{"not_picked":["HollowMod:CycloneSlash+1","HollowMod:GrimmsGift","HollowMod:GoodIntentions"],"picked":"SKIP","floor":36.0},{"not_picked":["HollowMod:CoiledNail+1","HollowMod:BrokenVessel"],"picked":"HollowMod:SoulSplash","floor":38.0},{"not_picked":["HollowMod:CycloneSlash+1","HollowMod:ShapeofUnn+1"],"picked":"HollowMod:HowlingWraiths+1","floor":41.0},{"not_picked":["HollowMod:CloakDash","HollowMod:CycloneSlash+1"],"picked":"HollowMod:SoulStrike+1","floor":42.0},{"not_picked":["HollowMod:NewLittleFool+1","HollowMod:MothsMistake+1"],"picked":"HollowMod:FallenFury+1","floor":45.0},{"not_picked":["HollowMod:DescendingDark+1","HollowMod:GrimmsGift"],"picked":"HollowMod:GoodIntentions+1","floor":46.0},{"not_picked":["HollowMod:ChannelNail","HollowMod:InfectedAttack+1","HollowMod:CoiledNail+1"],"picked":"SKIP","floor":47.0}],"player_experience":188265,"relics_obtained":[{"floor":7.0,"key":"Molten Egg 2"},{"floor":9.0,"key":"WingedGreaves"},{"floor":10.0,"key":"Potion Belt"},{"floor":14.0,"key":"Bag of Marbles"},{"floor":26.0,"key":"Orichalcum"},{"floor":27.0,"key":"REME_HandOfSuture"},{"floor":41.0,"key":"Meat on the Bone"},{"floor":43.0,"key":"AT_TimeSand"}],"event_choices":[{"damage_healed":0.0,"max_hp_gain":0.0,"max_hp_loss":0.0,"gold_gain":0.0,"event_name":"Shining Light","player_choice":"Entered Light","floor":2.0,"gold_loss":0.0,"damage_taken":15.0,"cards_upgraded":["HollowMod:ChannelNail","HollowMod:QuickDashStart"]},{"damage_healed":0.0,"max_hp_gain":0.0,"max_hp_loss":0.0,"gold_gain":0.0,"event_name":"Scrap Ooze","player_choice":"Success","floor":3.0,"gold_loss":0.0,"damage_taken":7.0,"relics_obtained":["Calipers"]},{"damage_healed":0.0,"max_hp_gain":0.0,"max_hp_loss":0.0,"gold_gain":0.0,"event_name":"WeMeetAgain","player_choice":"Ignored","floor":4.0,"gold_loss":0.0,"damage_taken":0.0},{"damage_healed":0.0,"max_hp_gain":0.0,"max_hp_loss":0.0,"gold_gain":99.0,"event_name":"Nest","player_choice":"Stole From Cult","floor":22.0,"gold_loss":0.0,"damage_taken":0.0},{"damage_healed":0.0,"max_hp_gain":0.0,"max_hp_loss":0.0,"gold_gain":0.0,"event_name":"Ghosts","player_choice":"Ignored","floor":28.0,"gold_loss":0.0,"damage_taken":0.0},{"damage_healed":0.0,"max_hp_gain":0.0,"max_hp_loss":0.0,"gold_gain":0.0,"event_name":"Mysterious Sphere","player_choice":"Ignored","floor":48.0,"gold_loss":0.0,"damage_taken":0.0}],"is_beta":false,"boss_relics":[{"not_picked":["Pandora\u0027s Box","SacredBark"],"picked":"SlaversCollar"},{"not_picked":["HollowMod:VoidIdolRelic","Snecko Eye"],"picked":"AT_MortalBlade"}],"items_purged_floors":[19],"is_endless":false,"potions_floor_spawned":[5,12,14,25,35,38,45,46],"ascension_level":0}}