{"host":"64agj841g523yxf2","time":1609023935,"event":{"mods":["BaseMod","Hermit","Minty Spire (QoL Compilation)","Remilia??????","Replay The Spire","StSLib","SuperFastMode","Td1madao Mod","The Bug Knight","The Construct","The Cursed","The Disciple","The Hierophant","The Mystic","The Necromancer","The Poker Player","The Senshi","The Servant 0.9.4","Yuyuko"],"gold_per_floor":[116,27,38,31,45,74,92,111,111,140,140,140,140,153,153,253,253,273,291,291,291,304,304,322,322,322,322,334,334,349,363,444,548,648,660,660,673,673,403,403,417,417,499,499,519,519,519,538,538,538],"floor_reached":51,"playtime":4113,"items_purged":["TheCursedMod:Strike_TheCursed","SwitchConfidence"],"score":636,"play_id":"2f8435fe-a13c-40e5-961c-114f96893c99","local_time":"20201227000535","is_ascension_mode":false,"campfire_choices":[{"floor":12,"key":"REST"},{"floor":15,"key":"DIG"},{"data":"TheCursedMod:Stigma","floor":23,"key":"SMITH"},{"data":"TheCursedMod:CleanUpWorkshop","floor":25,"key":"SMITH"},{"data":"TheCursedMod:VitalStrike","floor":27,"key":"SMITH"},{"data":"TheCursedMod:StunningStrike","floor":29,"key":"SMITH"},{"data":"TheCursedMod:SoulReap","floor":40,"key":"SMITH"},{"data":"TheCursedMod:AntiAging","floor":42,"key":"SMITH"},{"data":"TheCursedMod:AbyssShockwave","floor":44,"key":"SMITH"},{"data":"TheCursedMod:WearCloak","floor":49,"key":"SMITH"}],"circlet_count":0,"master_deck":["TheCursedMod:Strike_TheCursed","TheCursedMod:Strike_TheCursed+1","TheCursedMod:Defend_TheCursed","TheCursedMod:Defend_TheCursed","TheCursedMod:CursedWand","TheCursedMod:CleanUpWorkshop+1","TheCursedMod:Dregs","TheCursedMod:Stigma+1","TheCursedMod:CircleOfCorruption","TheCursedMod:RapidMovement+1","TheCursedMod:VitalStrike+1","TheCursedMod:ReleasedStrength","TheCursedMod:CursedShiv","TheCursedMod:CircleOfFlame","TheCursedMod:Torture","TheCursedMod:NeowsMight","TheCursedMod:SoulReap+1","TheCursedMod:CollectTribute+1","TheCursedMod:CursedAmulet+1","TheCursedMod:CursedArmor+1","TheCursedMod:Mangle","TheCursedMod:SmokeScreen+1","Hallucinations","TheCursedMod:CircleOfBlood","TheCursedMod:SurpriseAttack+1","TheCursedMod:StunningStrike+1","TheCursedMod:HellfireBreathing+1","TheCursedMod:Obscuration+1","TheCursedMod:AntiAging+1","TheCursedMod:CursedAmulet+1","TheCursedMod:SpitefulPray","TheCursedMod:AbyssShockwave+1","TheCursedMod:FleshFromBone+1","TheCursedMod:WearCloak+1","Violence","TheCursedMod:VitalStrike+1"],"relics":["TheCursedMod:BlackMagicAdvanced","NeowsBlessing","TheCursedMod:SoulVessel","ReplayTheSpireMod:CursedCoin","ReplayTheSpireMod:Ninjato","Onion Ring","InkBottle","Replay:Wax Seal","Ancient Tea Set","Astrolabe","Enchiridion","Ring of Peace","Boot","Replay:Grab Bag","Replay:Wanted Poster","TheCursedMod:OminousMark","construct:ClawGrip","Replay:WaspNest"],"acts_visited":["Exordium","TheCity","TheBeyond"],"potions_floor_usage":[10,33,33,50,50,50],"damage_taken":[{"damage":0,"enemies":"2 Louse","floor":1,"turns":1},{"damage":0,"enemies":"Cultist","floor":3,"turns":1},{"damage":0,"enemies":"Jaw Worm","floor":5,"turns":1},{"damage":35,"enemies":"Lagavulin","floor":6,"turns":7},{"damage":11,"enemies":"Exordium Wildlife","floor":7,"turns":3},{"damage":0,"enemies":"2 Fungi Beasts","floor":8,"turns":3},{"damage":11,"enemies":"3 Sentries","floor":10,"turns":5},{"damage":0,"enemies":"Looter","floor":14,"turns":2},{"damage":64,"enemies":"Fading Forest","floor":16,"turns":11},{"damage":0,"enemies":"Chosen","floor":18,"turns":3},{"damage":5,"enemies":"3 Byrds","floor":19,"turns":3},{"damage":9,"enemies":"Cultist and Chosen","floor":22,"turns":6},{"damage":0,"enemies":"Centurion and Healer","floor":24,"turns":6},{"damage":0,"enemies":"Snake Plant","floor":28,"turns":1},{"damage":0,"enemies":"Cultist and Chosen","floor":30,"turns":5},{"damage":0,"enemies":"Snecko","floor":31,"turns":5},{"damage":38,"enemies":"Pondfish","floor":33,"turns":10},{"damage":0,"enemies":"Orb Walker","floor":35,"turns":2},{"damage":42,"enemies":"3 Darklings","floor":37,"turns":5},{"damage":5,"enemies":"Writhing Mass","floor":41,"turns":3},{"damage":0,"enemies":"Maw","floor":45,"turns":7},{"damage":0,"enemies":"3 Darklings","floor":48,"turns":4},{"damage":51,"enemies":"Replay:Hell Engine","floor":50,"turns":9}],"seed_played":"5046944680932233562","potions_obtained":[{"floor":5,"key":"Explosive Potion"},{"floor":6,"key":"Venom Potion"},{"floor":7,"key":"TheCursedMod:DregsPotion"},{"floor":18,"key":"Languid Potion"},{"floor":30,"key":"Adrenaline Potion"},{"floor":41,"key":"Regen Potion"}],"is_trial":false,"path_per_floor":["M","?","M","$","M","E","M","M","T","E","?","R","T","M","R","B",null,"M","M","?","?","M","R","M","R","T","R","M","R","M","M","R","B",null,"M","?","M","?","$","R","M","R","T","R","M","?","$","M","R","B",null],"character_chosen":"THE_CURSED","items_purchased":["TheCursedMod:RapidMovement+1","ReplayTheSpireMod:CursedCoin","TheCursedMod:VitalStrike","TheCursedMod:AbyssShockwave","Block Potion","Ancient Potion"],"campfire_rested":1,"item_purchase_floors":[4,4,4,39,39,39],"current_hp_per_floor":[75,75,75,75,75,42,34,36,36,27,27,49,49,51,51,10,75,75,73,57,57,58,58,75,75,75,75,75,75,75,75,75,52,75,75,75,45,45,45,45,69,69,69,69,78,78,78,78,78,58],"gold":538,"neow_bonus":"THREE_ENEMY_KILL","is_daily":false,"chose_seed":false,"campfire_upgraded":8,"win_rate":0.0,"timestamp":1609023935,"path_taken":["M","?","M","$","?","E","M","M","T","E","?","R","?","M","R","BOSS","M","M","?","?","M","R","M","R","T","R","M","R","M","M","R","BOSS","M","?","M","?","$","R","M","R","T","R","M","?","?","M","R","BOSS"],"items_purchased_type":["Card","Relic","Card","Card","Potion","Potion"],"build_version":"2020-12-22","purchased_purges":2,"victory":true,"max_hp_per_floor":[75,75,75,75,75,75,75,75,75,75,75,75,75,75,75,75,75,75,75,75,75,75,75,75,75,75,75,75,75,75,75,75,75,75,75,75,77,73,73,73,75,75,75,75,78,78,78,78,78,81],"card_choices":[{"not_picked":["TheCursedMod:CircleOfFlame","TheCursedMod:CursedAmulet"],"picked":"TheCursedMod:Stigma","floor":1},{"not_picked":["TheCursedMod:ManaBullet","TheCursedMod:AshesToAshes"],"picked":"TheCursedMod:CircleOfCorruption","floor":3},{"not_picked":["TheCursedMod:SoulCrush","TheCursedMod:PrepareRite"],"picked":"TheCursedMod:ReleasedStrength","floor":5},{"not_picked":["TheCursedMod:BloodBarrier","TheCursedMod:CircleOfCorruption"],"picked":"TheCursedMod:CursedShiv","floor":6},{"not_picked":["TheCursedMod:Torture","TheCursedMod:RapidMovement"],"picked":"TheCursedMod:CircleOfFlame","floor":7},{"not_picked":["TheCursedMod:BloodBarrier","TheCursedMod:PrepareRite"],"picked":"TheCursedMod:Torture","floor":8},{"not_picked":["TheCursedMod:RapidMovement","TheCursedMod:CursedArmor"],"picked":"TheCursedMod:NeowsMight","floor":10},{"not_picked":["TheCursedMod:CursedMace","TheCursedMod:VitalStrike"],"picked":"TheCursedMod:SoulReap","floor":14},{"not_picked":["TheCursedMod:CursedAmulet","TheCursedMod:Stigma"],"picked":"TheCursedMod:Mangle","floor":18},{"not_picked":["TheCursedMod:CircleOfFocus","TheCursedMod:SoulCrush"],"picked":"TheCursedMod:SmokeScreen+1","floor":19},{"not_picked":["TheCursedMod:PrepareRite","TheCursedMod:WearCloak+1"],"picked":"TheCursedMod:CircleOfBlood","floor":22},{"not_picked":["TheCursedMod:RapidMovement","TheCursedMod:CursedMace"],"picked":"TheCursedMod:SurpriseAttack+1","floor":24},{"not_picked":["TheCursedMod:SoulCrush","TheCursedMod:CircleOfBlood"],"picked":"TheCursedMod:StunningStrike","floor":28},{"not_picked":["TheCursedMod:Stigma","TheCursedMod:FuryStrike"],"picked":"TheCursedMod:HellfireBreathing+1","floor":30},{"not_picked":["TheCursedMod:CursedAmulet+1","TheCursedMod:VitalStrike"],"picked":"TheCursedMod:Obscuration+1","floor":31},{"not_picked":["TheCursedMod:VoidForm","TheCursedMod:OutForBlood"],"picked":"TheCursedMod:AntiAging","floor":33},{"not_picked":["TheCursedMod:TacticalStrike+1","TheCursedMod:Torture"],"picked":"TheCursedMod:CursedAmulet+1","floor":35},{"not_picked":["TheCursedMod:ReleasedKnowledge+1","TheCursedMod:SpitefulStrike"],"picked":"TheCursedMod:SpitefulPray","floor":37},{"not_picked":["TheCursedMod:CursedBlade","TheCursedMod:Obscuration+1"],"picked":"TheCursedMod:FleshFromBone+1","floor":41},{"not_picked":["TheCursedMod:FuryStrike","TheCursedMod:Stretching"],"picked":"TheCursedMod:WearCloak","floor":45},{"not_picked":["Madness","Master of Strategy"],"picked":"Violence","floor":46},{"not_picked":["TheCursedMod:RavingStaff+1","TheCursedMod:BlessingInDisguise"],"picked":"TheCursedMod:VitalStrike+1","floor":48}],"player_experience":272523,"relics_obtained":[{"floor":6,"key":"ReplayTheSpireMod:Ninjato"},{"floor":9,"key":"Onion Ring"},{"floor":10,"key":"InkBottle"},{"floor":13,"key":"Replay:Wax Seal"},{"floor":15,"key":"Ancient Tea Set"},{"floor":20,"key":"Enchiridion"},{"floor":21,"key":"Ring of Peace"},{"floor":26,"key":"Boot"},{"floor":43,"key":"Replay:WaspNest"}],"event_choices":[{"damage_healed":0,"gold_gain":0,"player_choice":"Paid Gold","damage_taken":0,"relics_obtained":["TheCursedMod:SoulVessel"],"max_hp_gain":0,"max_hp_loss":0,"event_name":"WeMeetAgain","floor":2,"gold_loss":89},{"damage_healed":0,"gold_gain":0,"player_choice":"Obtained Book","damage_taken":16,"max_hp_gain":0,"max_hp_loss":0,"event_name":"Cursed Tome","floor":20,"gold_loss":0},{"damage_healed":0,"gold_gain":0,"player_choice":"Ignored","damage_taken":0,"max_hp_gain":0,"max_hp_loss":0,"event_name":"Tomb of Lord Red Mask","floor":36,"gold_loss":0},{"damage_healed":0,"gold_gain":0,"player_choice":"Max HP","damage_taken":0,"max_hp_gain":0,"max_hp_loss":4,"event_name":"Winding Halls","floor":38,"gold_loss":0},{"damage_healed":0,"gold_gain":0,"player_choice":"Memory 1","damage_taken":0,"max_hp_gain":0,"max_hp_loss":0,"event_name":"SensoryStone","floor":46,"gold_loss":0}],"is_beta":false,"boss_relics":[{"not_picked":["SacredBark","Coffee Dripper"],"picked":"Astrolabe"},{"not_picked":["Honey Jar","Runic Dome"],"picked":"Replay:Grab Bag"},{"not_picked":["ChewingGum","Busted Crown"],"picked":"Replay:Wanted Poster"},{"not_picked":["Replay:Bronze Core","Velvet Choker"],"picked":"TheCursedMod:OminousMark"},{"not_picked":["Kintsugi","SlaversCollar"],"picked":"construct:ClawGrip"},{"not_picked":["construct:WeddingRing","Replay:Drink Me"],"picked":"TheCursedMod:BlackMagicAdvanced"}],"items_purged_floors":[4,39],"is_endless":false,"potions_floor_spawned":[5,6,7,8,18,22,28,30,31,41,48],"ascension_level":0}}