{"host":"fne7yx97fnz7kq05","time":1609020597,"event":{"mods":["BaseMod","Colored Map","Colored Powertips","Highlight Path","Minty Spire (QoL Compilation)","Relic Stats"],"gold_per_floor":[109,109,128,148,163,163,203,203,203,228,228,242,60,94,94,94,94],"floor_reached":16,"playtime":1104,"items_purged":["Defend_G"],"score":202,"play_id":"27a0fd4c-1f20-4dba-8402-26567e3f435a","local_time":"20201226160957","is_ascension_mode":true,"campfire_choices":[{"data":"Neutralize","floor":6,"key":"SMITH"},{"data":"Dagger Spray","floor":8,"key":"SMITH"},{"data":"Poisoned Stab","floor":11,"key":"SMITH"},{"data":"Dodge and Roll","floor":15,"key":"SMITH"}],"circlet_count":0,"master_deck":["AscendersBane","Strike_G","Strike_G","Strike_G+1","Strike_G","Defend_G","Defend_G","Defend_G","Survivor","Neutralize+1","Backflip","Dodge and Roll+1","Backstab+1","Dagger Spray+1","Acrobatics","Poisoned Stab+1","Crippling Poison","Swift Strike","Malaise"],"relics":["Ring of the Snake","Golden Idol","Whetstone","Gremlin Horn"],"acts_visited":["Exordium"],"potions_floor_usage":[7,7,16],"damage_taken":[{"damage":0,"enemies":"Small Slimes","floor":1,"turns":6},{"damage":0,"enemies":"Jaw Worm","floor":3,"turns":4},{"damage":0,"enemies":"2 Louse","floor":4,"turns":2},{"damage":2,"enemies":"2 Fungi Beasts","floor":5,"turns":4},{"damage":8,"enemies":"Lagavulin","floor":7,"turns":5},{"damage":0,"enemies":"Looter","floor":10,"turns":2},{"damage":0,"enemies":"Gremlin Gang","floor":12,"turns":2},{"damage":12,"enemies":"3 Sentries","floor":14,"turns":10},{"damage":38,"enemies":"Slime Boss","floor":16,"turns":12}],"seed_played":"6517948620688705788","potions_obtained":[{"floor":3,"key":"Fire Potion"},{"floor":4,"key":"CunningPotion"},{"floor":7,"key":"Fruit Juice"}],"is_trial":false,"path_per_floor":["M","?","M","M","M","R","E","R","T","M","R","M","$","E","R","B"],"character_chosen":"THE_SILENT","items_purchased":["Swift Strike"],"campfire_rested":0,"item_purchase_floors":[13],"current_hp_per_floor":[59,54,54,54,52,52,44,44,44,44,44,44,44,32,32,0,0],"gold":94,"neow_bonus":"TRANSFORM_TWO_CARDS","is_daily":false,"chose_seed":false,"campfire_upgraded":4,"win_rate":0.0,"timestamp":1609020597,"path_taken":["M","?","M","M","M","R","E","R","T","M","R","M","$","E","R","BOSS"],"items_purchased_type":["Card"],"build_version":"2020-12-22","purchased_purges":1,"victory":false,"max_hp_per_floor":[60,54,54,54,54,54,54,54,54,54,54,54,54,54,54,59,59],"relic_stats":{"Gremlin Horn":[1,1],"counters":[9,47],"Golden Idol":34,"Whetstone":["Backstab","Strike_G"],"obtain_stats":[{"Gremlin Horn":14,"Golden Idol":2,"Whetstone":7,"Ring of the Snake":0},{"Gremlin Horn":8,"Golden Idol":1,"Whetstone":5,"Ring of the Snake":0},{"Gremlin Horn":35,"Golden Idol":6,"Whetstone":21,"Ring of the Snake":0}],"Ring of the Snake":[18]},"card_choices":[{"not_picked":["Deadly Poison","Catalyst"],"picked":"Backstab","floor":1},{"not_picked":["Dagger Throw","Prepared"],"picked":"Dagger Spray","floor":3},{"not_picked":["Reflex","Prepared"],"picked":"Acrobatics","floor":4},{"not_picked":["Dodge and Roll","Deadly Poison"],"picked":"Poisoned Stab","floor":5},{"not_picked":["Outmaneuver","Tactician","Dagger Spray"],"picked":"SKIP","floor":7},{"not_picked":["Dagger Spray","Cloak And Dagger"],"picked":"Crippling Poison","floor":10},{"not_picked":["Deadly Poison","Doppelganger","Predator"],"picked":"SKIP","floor":12},{"not_picked":["Quick Slash","Outmaneuver"],"picked":"Malaise","floor":14}],"player_experience":219054,"relics_obtained":[{"floor":7,"key":"Whetstone"},{"floor":14,"key":"Gremlin Horn"}],"event_choices":[{"damage_healed":0,"gold_gain":0,"player_choice":"Lose Max HP","damage_taken":0,"relics_obtained":["Golden Idol"],"max_hp_gain":0,"max_hp_loss":6,"event_name":"Golden Idol","floor":2,"gold_loss":0}],"is_beta":false,"boss_relics":[],"items_purged_floors":[13],"is_endless":false,"potions_floor_spawned":[3,4,7],"killed_by":"Slime Boss","ascension_level":16}}