{"host":"ctlqibkg0sskiu65","time":1609001087,"event":{"mods":["2.2 Compatiblity","AchievementEnabler","Aspiration","BaseMod","BetterRewards","Colored Map","Colored Powertips","Conspire","Downfall","Fiend Mod","Infinite Spire","Minty Spire (QoL Compilation)","Quick Restart","Replay The Spire","Shop Mod","StSLib","The Bladedancer","The Cursed","The Hierophant","The Jungle","The Kombatant","The Poker Player","The Servant 0.9.4","TheBandit"],"gold_per_floor":[168,148,163,173,207,207,217,217,217,3,0,17,27,39,39,142,142,159,171,186,24,42,42,52,64,64,80,80,98,112,130,130,231,231,243,257,217,58,72,106,118,118,172,172,183,183,183,197,197,197],"floor_reached":51,"playtime":3467,"items_purged":["PokerPlayerMod:Diamond1"],"score":781,"play_id":"8cb12df8-f323-4893-b1ec-9c0807960225","local_time":"20201226104447","is_ascension_mode":false,"metric_token":1554,"campfire_choices":[{"floor":6.0,"key":"REST"},{"data":"PokerPlayerMod:Heart2","floor":15.0,"key":"SMITH"},{"data":"PokerPlayerMod:Mulligan","floor":23.0,"key":"SMITH"},{"floor":28.0,"key":"REST"},{"data":"PokerPlayerMod:Heart3","floor":32.0,"key":"SMITH"},{"floor":42.0,"key":"REST"},{"data":"PokerPlayerMod:DartThrow","floor":44.0,"key":"SMITH"},{"data":"PokerPlayerMod:CloakAndDiamond","floor":47,"key":"SMITH"},{"floor":49,"key":"REST"}],"circlet_count":0,"master_deck":["PokerPlayerMod:Diamond2","PokerPlayerMod:Diamond3","PokerPlayerMod:Diamond4","PokerPlayerMod:Diamond5","PokerPlayerMod:Spade1","PokerPlayerMod:Spade2","PokerPlayerMod:Spade3","PokerPlayerMod:Spade4","PokerPlayerMod:Club1","PokerPlayerMod:Club2","PokerPlayerMod:Heart4","PokerPlayerMod:TrumpStrike+1","PokerPlayerMod:BadJoker","PokerPlayerMod:Mulligan+1","PokerPlayerMod:Fold","PokerPlayerMod:Spade3","PokerPlayerMod:Raise","PokerPlayerMod:FlyingCard+1","PokerPlayerMod:Spade9","PokerPlayerMod:JackOfSpades","PokerPlayerMod:Club4","PokerPlayerMod:Club5","PokerPlayerMod:Spade9","PokerPlayerMod:Overdeal","PokerPlayerMod:CloakAndDiamond","PokerPlayerMod:Diamond10+","PokerPlayerMod:Diamond10+","PokerPlayerMod:DiamondStrike","PokerPlayerMod:CloakAndDiamond+1","PokerPlayerMod:DartThrow","PokerPlayerMod:Spade6","PokerPlayerMod:DiamondStrike","PokerPlayerMod:ClubDance+1","PokerPlayerMod:Heart5","PokerPlayerMod:DartThrow+1","PokerPlayerMod:Diamond8","PokerPlayerMod:Configure+1","PokerPlayerMod:Spade10+","PokerPlayerMod:Heart7","PokerPlayerMod:ClubShade","PokerPlayerMod:SpadeStrike","PokerPlayerMod:DiamondStrike+1","PokerPlayerMod:Harden+1","PokerPlayerMod:Diamond6"],"relics":["PokerPlayerMod:DeckCase","ClockworkSouvenir","infinitespire:BottledMercury","Replay:Ringing Soul","SlaversCollar","Replay:WaspNest","Bronze Scales","infinitespire:Lucky Rock"],"acts_visited":["Exordium","Exordium","TheBeyond"],"potions_floor_usage":[50],"damage_taken":[{"damage":1.0,"enemies":"2 Louse","floor":1.0,"turns":3.0},{"damage":4.0,"enemies":"Cultist","floor":3.0,"turns":4.0},{"damage":5.0,"enemies":"infinitespire:Voidling","floor":4.0,"turns":6.0},{"damage":19.0,"enemies":"conspire:MimicChest","floor":5.0,"turns":6.0},{"damage":6.0,"enemies":"Exordium Wildlife","floor":7.0,"turns":6.0},{"damage":1.0,"enemies":"conspire:2 RoseBushes","floor":12.0,"turns":4.0},{"damage":0.0,"enemies":"Looter","floor":13.0,"turns":2.0},{"damage":0.0,"enemies":"Blue Slaver","floor":14.0,"turns":3.0},{"damage":3.0,"enemies":"Hexaghost","floor":16.0,"turns":10.0},{"damage":11.0,"enemies":"Shell Parasite","floor":18.0,"turns":7.0},{"damage":2.0,"enemies":"theJungle:5_Spyders","floor":19.0,"turns":9.0},{"damage":0.0,"enemies":"theJungle:JungleHuntersEncounter","floor":20.0,"turns":6.0},{"damage":0.0,"enemies":"theJungle:SlimyTreeVines","floor":22.0,"turns":5.0},{"damage":26.0,"enemies":"theJungle:2_Snecko_Cultists","floor":24.0,"turns":4.0},{"damage":13.0,"enemies":"theJungle:JungleHuntersEncounter","floor":25.0,"turns":6.0},{"damage":5.0,"enemies":"theJungle:Lyon","floor":27.0,"turns":3.0},{"damage":16.0,"enemies":"theJungle:2_Snecko_Cultists","floor":29.0,"turns":4.0},{"damage":3.0,"enemies":"theJungle:2_Flameangoes","floor":30.0,"turns":4.0},{"damage":0.0,"enemies":"theJungle:Lyon","floor":31.0,"turns":3.0},{"damage":30.0,"enemies":"theJungle:TotemBoss","floor":33.0,"turns":7.0},{"damage":0.0,"enemies":"3 Shapes","floor":35.0,"turns":4.0},{"damage":15.0,"enemies":"Orb Walker","floor":36.0,"turns":4.0},{"damage":21.0,"enemies":"4 Shapes","floor":39.0,"turns":5.0},{"damage":101.0,"enemies":"Giant Head","floor":40.0,"turns":12.0},{"damage":12.0,"enemies":"Jaw Worm Horde","floor":41.0,"turns":5.0},{"damage":15,"enemies":"Transient","floor":45,"turns":5},{"damage":36,"enemies":"Maw","floor":48,"turns":8},{"damage":58,"enemies":"Replay:Hell Engine","floor":50,"turns":12}],"seed_played":"2970075416664451169","potions_obtained":[{"floor":1.0,"key":"Energy Potion"},{"floor":2.0,"key":"FairyPotion"},{"floor":5.0,"key":"Guardian:BlockOnCardUsePotion"},{"floor":7.0,"key":"Guardian:BlockOnCardUsePotion"},{"floor":22.0,"key":"Dexterity Potion"},{"floor":30.0,"key":"conspire:TimeTravelPotion"},{"floor":45,"key":"Slimebound:ThreeZeroPotion"}],"is_trial":false,"path_per_floor":["M","?","M","M","?","R","M","?","T","$","?","M","M","M","R","B",null,"M","M","M","$","M","R","M","M","T","M","R","M","M","M","R","B",null,"M","M","?","$","M","E","M","R","T","R","M","?","R","M","R","B",null],"character_chosen":"THE_POKER_PLAYER","items_purchased":["ClockworkSouvenir","PokerPlayerMod:Spade9","PokerPlayerMod:Diamond10+","PokerPlayerMod:DiamondStrike","PokerPlayerMod:Heart7","PokerPlayerMod:ClubShade"],"campfire_rested":4,"item_purchase_floors":[0,10,21,21,38,38],"current_hp_per_floor":[51,51,48,45,29,44,40,40,40,43,43,48,57,62,62,64,67,59,71,76,79,82,82,59,52,52,53,80,71,77,92,92,76,103,106,106,106,109,99,55,66,101,101,101,94,94,94,86,123,101],"gold":197,"neow_bonus":"","is_daily":false,"chose_seed":false,"campfire_upgraded":5,"win_rate":0.0,"timestamp":1609001087,"path_taken":["M","?","?","?","?","R","M","?","T","?","?","M","M","?","R","BOSS","M","M","M","$","?","R","M","M","T","M","R","M","M","M","R","BOSS","M","M","?","$","M","E","?","R","T","R","M","?","R","M","R","BOSS"],"items_purchased_type":["Relic","Card","Undefined","Card","Card","Card"],"build_version":"2020-12-22","purchased_purges":1,"victory":true,"max_hp_per_floor":[52,52,52,52,52,52,52,52,52,55,55,58,61,64,64,67,67,70,73,76,79,82,82,85,88,88,91,91,94,97,100,100,103,103,106,109,109,112,112,115,118,118,118,118,121,121,121,124,124,124],"card_choices":[{"not_picked":["PokerPlayerMod:MagicTrick","PokerPlayerMod:Club5"],"picked":"PokerPlayerMod:Fold","floor":1.0},{"not_picked":["PokerPlayerMod:CardBurn","PokerPlayerMod:Manipulation"],"picked":"PokerPlayerMod:Spade3","floor":3.0},{"not_picked":["PokerPlayerMod:Diamond6","PokerPlayerMod:FakeSymbols"],"picked":"PokerPlayerMod:Raise","floor":4.0},{"not_picked":["PokerPlayerMod:ClubsClub","PokerPlayerMod:Overdeal"],"picked":"PokerPlayerMod:FlyingCard","floor":5.0},{"not_picked":["PokerPlayerMod:ClubsClub","PokerPlayerMod:ClubDance","PokerPlayerMod:Harden"],"picked":"SKIP","floor":7.0},{"not_picked":["PokerPlayerMod:Diamond7","PokerPlayerMod:Raise"],"picked":"PokerPlayerMod:JackOfSpades","floor":12.0},{"not_picked":["PokerPlayerMod:DiamondStrike","PokerPlayerMod:Configure"],"picked":"PokerPlayerMod:Club4","floor":13.0},{"not_picked":["PokerPlayerMod:Club3","PokerPlayerMod:Raise"],"picked":"PokerPlayerMod:Club4","floor":14.0},{"not_picked":["PokerPlayerMod:WildCard","PokerPlayerMod:WasteCollection"],"picked":"PokerPlayerMod:Spade9","floor":16.0},{"not_picked":["PokerPlayerMod:CardPrinter","PokerPlayerMod:Overdeal","PokerPlayerMod:Spade1"],"picked":"SKIP","floor":18.0},{"not_picked":["PokerPlayerMod:CardPrinter","PokerPlayerMod:Spade1"],"picked":"PokerPlayerMod:Overdeal","floor":18.0},{"not_picked":["PokerPlayerMod:MagicTrick+1","PokerPlayerMod:ClubDance+1"],"picked":"PokerPlayerMod:CloakAndDiamond","floor":19.0},{"not_picked":["PokerPlayerMod:Diamond5","PokerPlayerMod:Raise+1"],"picked":"PokerPlayerMod:DartThrow","floor":20.0},{"not_picked":["PokerPlayerMod:HotShotCut+1","PokerPlayerMod:Diamond5"],"picked":"PokerPlayerMod:CloakAndDiamond","floor":22.0},{"not_picked":["PokerPlayerMod:Configure","PokerPlayerMod:Spade3"],"picked":"PokerPlayerMod:DartThrow","floor":24.0},{"not_picked":["PokerPlayerMod:Diamond4","PokerPlayerMod:Extraction+1"],"picked":"PokerPlayerMod:Spade6","floor":25.0},{"not_picked":["PokerPlayerMod:Spade2","PokerPlayerMod:Spade5"],"picked":"PokerPlayerMod:DiamondStrike","floor":27.0},{"not_picked":["PokerPlayerMod:Spade4","PokerPlayerMod:Spade2"],"picked":"PokerPlayerMod:ClubDance+1","floor":29.0},{"not_picked":["PokerPlayerMod:Configure","PokerPlayerMod:CloakAndDiamond"],"picked":"PokerPlayerMod:Heart5","floor":30.0},{"not_picked":["PokerPlayerMod:CardBurn","PokerPlayerMod:Extraction"],"picked":"PokerPlayerMod:DartThrow+1","floor":31.0},{"not_picked":["PokerPlayerMod:SecretDealer","PokerPlayerMod:FakeSymbols"],"picked":"PokerPlayerMod:Diamond8","floor":33.0},{"not_picked":["PokerPlayerMod:Club3","PokerPlayerMod:Spade3"],"picked":"PokerPlayerMod:Configure+1","floor":35.0},{"not_picked":["PokerPlayerMod:Diamond3","PokerPlayerMod:Club4"],"picked":"PokerPlayerMod:Spade10+","floor":36.0},{"not_picked":["PokerPlayerMod:SecondChance","PokerPlayerMod:Raise","PokerPlayerMod:RiskyBet+1"],"picked":"SKIP","floor":39.0},{"not_picked":["PokerPlayerMod:Diamond1","PokerPlayerMod:Spade4"],"picked":"PokerPlayerMod:SpadeStrike","floor":40.0},{"not_picked":["PokerPlayerMod:Diamond4","PokerPlayerMod:ClubDance"],"picked":"PokerPlayerMod:DiamondStrike+1","floor":41.0},{"not_picked":["PokerPlayerMod:Diamond3","PokerPlayerMod:Diamond2"],"picked":"PokerPlayerMod:Harden+1","floor":45},{"not_picked":["PokerPlayerMod:Extraction","PokerPlayerMod:Diamond3"],"picked":"PokerPlayerMod:Diamond6","floor":48}],"player_experience":174112,"relics_obtained":[{"floor":5.0,"key":"infinitespire:BottledMercury"},{"floor":9.0,"key":"Replay:Ringing Soul"},{"floor":26.0,"key":"Replay:WaspNest"},{"floor":40.0,"key":"Bronze Scales"},{"floor":43.0,"key":"infinitespire:Lucky Rock"}],"event_choices":[{"damage_healed":0.0,"max_hp_gain":0.0,"max_hp_loss":0.0,"gold_gain":0.0,"event_name":"The Woman in Blue","player_choice":"Bought 1 Potion","floor":2.0,"gold_loss":0.0,"damage_taken":0.0},{"damage_healed":0.0,"max_hp_gain":0.0,"max_hp_loss":0.0,"gold_gain":0.0,"event_name":"World of Goop","player_choice":"Left Gold","floor":11.0,"gold_loss":3.0,"damage_taken":0.0},{"damage_healed":0.0,"max_hp_gain":0.0,"max_hp_loss":0.0,"gold_gain":0.0,"event_name":"Designer","player_choice":"Upgraded Two","floor":37.0,"gold_loss":40.0,"damage_taken":0.0,"cards_upgraded":["PokerPlayerMod:Club4","PokerPlayerMod:FlyingCard"]},{"cards_removed":["PokerPlayerMod:DartThrow"],"damage_healed":0,"gold_gain":0,"player_choice":"Removed Attack","damage_taken":0,"max_hp_gain":0,"max_hp_loss":0,"event_name":"Falling","floor":46,"gold_loss":0}],"is_beta":false,"boss_relics":[{"not_picked":["ChewingGum","Abe\u0027s Treasure"],"picked":"SlaversCollar"},{"not_picked":["Runic Dome","aspiration:DefectSkillbook","Calling Bell"]}],"items_purged_floors":[10],"is_endless":false,"potions_floor_spawned":[1,5,7,13,22,24,27,30,35,39,45,48],"ascension_level":0}}