{"host":"3jpwrwmmgyabjceh","time":1609015707,"event":{"mods":["AchievementEnabler","BaseMod","Colored Map","Colored Powertips","Highlight Path","Minty Spire (QoL Compilation)","Quick Restart","StSLib"],"gold_per_floor":[113,132,132,132,143,170,189,189,235,250,250,250,276,276,276,276,276],"floor_reached":16,"playtime":724,"items_purged":[],"score":140,"play_id":"0140bc91-b4d2-4071-ac04-5fbf80b09057","local_time":"20201226234827","is_ascension_mode":true,"campfire_choices":[{"data":"Body Slam","floor":8.0,"key":"SMITH"},{"floor":11.0,"key":"REST"},{"data":"Uppercut","floor":15,"key":"SMITH"}],"circlet_count":0,"master_deck":["Strike_R","Strike_R","Strike_R","Strike_R","Defend_R","Defend_R","Defend_R","Defend_R","Bash","Clothesline","Seeing Red","Regret","Rampage","Body Slam+1","Reaper","Uppercut+1","Shrug It Off"],"relics":["SlaversCollar","Pantograph","Tiny Chest","Dream Catcher","Calipers"],"acts_visited":["Exordium"],"potions_floor_usage":[12,16],"damage_taken":[{"damage":2.0,"enemies":"Jaw Worm","floor":1.0,"turns":3.0},{"damage":0.0,"enemies":"2 Louse","floor":2.0,"turns":3.0},{"damage":2.0,"enemies":"Small Slimes","floor":5.0,"turns":3.0},{"damage":10.0,"enemies":"Lagavulin","floor":6.0,"turns":5.0},{"damage":22.0,"enemies":"Red Slaver","floor":7.0,"turns":5.0},{"damage":3.0,"enemies":"2 Fungi Beasts","floor":10.0,"turns":2.0},{"damage":0,"enemies":"Exordium Wildlife","floor":12,"turns":1},{"damage":20,"enemies":"Gremlin Nob","floor":13,"turns":4},{"damage":97,"enemies":"Slime Boss","floor":16,"turns":12}],"seed_played":"-7876322739205026014","potions_obtained":[{"floor":2.0,"key":"ColorlessPotion"},{"floor":5.0,"key":"SmokeBomb"},{"floor":7.0,"key":"Fire Potion"},{"floor":13,"key":"BloodPotion"}],"is_trial":false,"path_per_floor":["M","M","?","?","M","E","M","R","T","M","R","M","E","?","R","B"],"character_chosen":"IRONCLAD","items_purchased":[],"campfire_rested":1,"item_purchase_floors":[],"current_hp_per_floor":[78,78,78,78,76,66,44,44,44,41,65,65,51,43,43,0,0],"gold":276,"neow_bonus":"BOSS_RELIC","is_daily":false,"chose_seed":false,"campfire_upgraded":2,"win_rate":0.0,"timestamp":1609015707,"path_taken":["M","M","?","?","M","E","M","R","T","M","R","M","E","?","R","BOSS"],"items_purchased_type":[],"build_version":"2020-12-22","purchased_purges":0,"victory":false,"max_hp_per_floor":[80,80,80,80,80,80,80,80,80,80,80,80,80,80,80,80,80],"card_choices":[{"not_picked":["Headbutt","Metallicize"],"picked":"Clothesline","floor":1.0},{"not_picked":["Warcry","Perfected Strike"],"picked":"Seeing Red","floor":2.0},{"not_picked":["Sentinel","Entrench"],"picked":"Rampage","floor":5.0},{"not_picked":["Armaments","Clothesline"],"picked":"Body Slam","floor":6.0},{"not_picked":["Evolve","Cleave"],"picked":"Reaper","floor":7.0},{"not_picked":["Anger","Wild Strike"],"picked":"Uppercut","floor":10.0},{"not_picked":["Rage","Searing Blow"],"picked":"Shrug It Off","floor":13}],"player_experience":290339,"relics_obtained":[{"floor":6.0,"key":"Tiny Chest"},{"floor":9.0,"key":"Dream Catcher"},{"floor":13,"key":"Calipers"}],"event_choices":[{"cards_removed":["Strike_R"],"damage_healed":0.0,"max_hp_gain":0.0,"max_hp_loss":0.0,"gold_gain":0.0,"event_name":"Living Wall","player_choice":"Forget","floor":3.0,"gold_loss":0.0,"damage_taken":0.0},{"damage_healed":0.0,"max_hp_gain":0.0,"max_hp_loss":0.0,"gold_gain":0.0,"event_name":"Big Fish","player_choice":"Box","floor":4.0,"gold_loss":0.0,"damage_taken":0.0,"relics_obtained":["Pantograph"],"cards_obtained":["Regret"]},{"damage_healed":0,"gold_gain":0,"player_choice":"Damaged","damage_taken":8,"max_hp_gain":0,"max_hp_loss":0,"event_name":"Wheel of Change","floor":14,"gold_loss":0}],"is_beta":false,"boss_relics":[],"items_purged_floors":[],"is_endless":false,"potions_floor_spawned":[2,5,7,12,13],"killed_by":"Slime Boss","ascension_level":5}}