{"host":"atc9njsbcy6dgluf","time":1609003427,"event":{"mods":["BaseMod","Minty Spire (QoL Compilation)","StSLib","The Marked"],"gold_per_floor":[115,190,205,215,232,232,263,99,99,99,117,152,170,183,183,278,278,294,294,294,307,323,356,356,356,409,409,420,20,120,153,153,248,298,316,329,1,17,17,49,49,49,49,49,149,162,179,205,205,205,205],"floor_reached":50,"playtime":5892,"items_purged":[],"score":597,"play_id":"30603bd1-5bf3-4c7c-aed4-c78c7d889dac","local_time":"20201226182347","is_ascension_mode":false,"campfire_choices":[{"data":"theMarked:BanishingWave","floor":6.0,"key":"SMITH"},{"floor":15.0,"key":"REST"},{"floor":24.0,"key":"REST"},{"data":"theMarked:DeterminationOfTheMarked","floor":27.0,"key":"SMITH"},{"floor":32.0,"key":"REST"},{"floor":41.0,"key":"RECALL"},{"data":"theMarked:SoldierForm","floor":49.0,"key":"SMITH"}],"circlet_count":0,"master_deck":["theMarked:Strike","theMarked:Strike","theMarked:Strike","theMarked:Strike","theMarked:Strike","theMarked:Defend","theMarked:Defend","theMarked:Defend","theMarked:SoldierOfQuellstein","theMarked:Reabsorb","theMarked:BanishingWave+1","theMarked:EnhancedHearing+1","theMarked:SummonStrength","Iron Wave","theMarked:Overcharge","theMarked:SummonStrength","theMarked:WardOff","theMarked:Challenge","theMarked:Opportunist+1","theMarked:DeterminationOfTheMarked+1","theMarked:WardOff+1","theMarked:ChainLightning","theMarked:EnhancedHearing+1","RitualDagger","theMarked:ComboAttacks","Mayhem","theMarked:EnhanceMovement","theMarked:BindingBlade","theMarked:ReduceFriction","theMarked:KeepCalmAndFightOn+1","theMarked:Opportunist+1","theMarked:SoldierForm+1","Mayhem","theMarked:TurnInvisible","theMarked:EnhanceMovement"],"relics":["theMarked:ArtifactOfAir","Letter Opener","StrikeDummy","Bottled Lightning","Sozu","Happy Flower","Tiny Chest","Mango","Meat on the Bone","Question Card","Tiny House","Ornamental Fan","Pear","Anchor"],"acts_visited":["Exordium","TheCity","TheBeyond"],"potions_floor_usage":[],"damage_taken":[{"damage":2.0,"enemies":"2 Louse","floor":1.0,"turns":2.0},{"damage":0.0,"enemies":"Small Slimes","floor":3.0,"turns":3.0},{"damage":1.0,"enemies":"Cultist","floor":4.0,"turns":3.0},{"damage":7.0,"enemies":"Gremlin Gang","floor":5.0,"turns":4.0},{"damage":13.0,"enemies":"3 Sentries","floor":7.0,"turns":5.0},{"damage":8.0,"enemies":"2 Fungi Beasts","floor":11.0,"turns":2.0},{"damage":19.0,"enemies":"Gremlin Nob","floor":12.0,"turns":4.0},{"damage":0.0,"enemies":"3 Louse","floor":13.0,"turns":2.0},{"damage":0.0,"enemies":"Looter","floor":14.0,"turns":1.0},{"damage":25.0,"enemies":"Hexaghost","floor":16.0,"turns":11.0},{"damage":5.0,"enemies":"3 Byrds","floor":18.0,"turns":4.0},{"damage":2.0,"enemies":"Shell Parasite","floor":21.0,"turns":3.0},{"damage":12.0,"enemies":"3 Cultists","floor":22.0,"turns":4.0},{"damage":48.0,"enemies":"Slavers","floor":23.0,"turns":4.0},{"damage":5.0,"enemies":"Snecko","floor":28.0,"turns":4.0},{"damage":0.0,"enemies":"Colosseum Slavers","floor":30.0,"turns":1.0},{"damage":6.0,"enemies":"Colosseum Nobs","floor":30.0,"turns":4.0},{"damage":20.0,"enemies":"Gremlin Leader","floor":31.0,"turns":6.0},{"damage":36.0,"enemies":"Champ","floor":33.0,"turns":7.0},{"damage":30.0,"enemies":"3 Darklings","floor":35.0,"turns":5.0},{"damage":10.0,"enemies":"Orb Walker","floor":36.0,"turns":3.0},{"damage":12.0,"enemies":"Jaw Worm Horde","floor":38.0,"turns":3.0},{"damage":28.0,"enemies":"Nemesis","floor":40.0,"turns":5.0},{"damage":12.0,"enemies":"3 Darklings","floor":46.0,"turns":2.0},{"damage":4.0,"enemies":"Maw","floor":47.0,"turns":6.0},{"damage":62,"enemies":"Donu and Deca","floor":50,"turns":5}],"seed_played":"-6770346702109727634","potions_obtained":[{"floor":4.0,"key":"FearPotion"},{"floor":11.0,"key":"Swift Potion"},{"floor":12.0,"key":"EntropicBrew"},{"floor":13.0,"key":"SteroidPotion"},{"floor":16.0,"key":"Fire Potion"}],"is_trial":false,"path_per_floor":["M","?","M","M","M","R","E","$","T","?","M","E","M","M","R","B",null,"M","?","?","M","M","E","R","?","T","R","M","$","?","E","R","B",null,"M","M","$","M","$","E","R","$","T","?","?","M","M","T","R","B"],"character_chosen":"THE_DEFAULT","items_purchased":["theMarked:SummonStrength","theMarked:ComboAttacks","Tiny Chest","Mayhem","theMarked:SoldierForm","Mayhem"],"campfire_rested":3,"item_purchase_floors":[8,29,29,29,37,37],"current_hp_per_floor":[75,64,64,63,56,56,43,43,43,43,35,16,16,16,39,14,77,72,72,72,70,58,22,45,39,39,39,34,34,42,34,61,37,96,66,56,56,56,56,40,40,40,50,50,50,50,58,58,58,0,0],"gold":205,"neow_bonus":"TEN_PERCENT_HP_BONUS","is_daily":false,"chose_seed":false,"campfire_upgraded":3,"win_rate":0.0,"timestamp":1609003427,"path_taken":["M","?","M","M","M","R","E","$","T","?","?","E","M","?","R","BOSS","M","?","?","M","M","E","R","?","T","R","M","$","?","E","R","BOSS","M","M","$","M","$","E","R","$","T","?","?","M","M","?","R","BOSS"],"items_purchased_type":["Card","Card","Relic","Card","Card","Card"],"build_version":"2020-12-22","purchased_purges":0,"victory":false,"max_hp_per_floor":[77,77,77,77,77,77,77,77,77,77,77,77,77,77,77,77,77,77,77,77,77,77,77,77,77,77,77,77,77,91,91,91,91,96,96,96,96,96,96,96,96,96,106,106,106,106,106,106,106,106,106],"card_choices":[{"not_picked":["theMarked:SwordAndMagic","theMarked:Improvise"],"picked":"theMarked:Reabsorb","floor":1.0},{"not_picked":["theMarked:Improvise","theMarked:Frustration"],"picked":"theMarked:Panic","floor":3.0},{"not_picked":["theMarked:ResourceFulStrike","theMarked:TakeCover","theMarked:TunnelVision"],"picked":"SKIP","floor":4.0},{"not_picked":["theMarked:Parkour","theMarked:Aftermath"],"picked":"theMarked:BanishingWave","floor":5.0},{"not_picked":["theMarked:RepellingDischarge","theMarked:Aftermath"],"picked":"theMarked:EnhancedHearing","floor":7.0},{"not_picked":["theMarked:Parkour","theMarked:ResourceFulStrike","theMarked:TwofoldDefense"],"picked":"SKIP","floor":11.0},{"not_picked":["theMarked:Electrocute","theMarked:PowerFlow"],"picked":"theMarked:Overcharge","floor":12.0},{"not_picked":["theMarked:Parkour","theMarked:Electrocute"],"picked":"theMarked:SummonStrength","floor":13.0},{"not_picked":["theMarked:RepellingDischarge","theMarked:GodGivenPower"],"picked":"theMarked:WardOff","floor":14.0},{"not_picked":["theMarked:ChannelForce","theMarked:DispelDoubt"],"picked":"theMarked:Challenge","floor":16.0},{"not_picked":["theMarked:ResourceFulStrike","theMarked:BanishingStrike"],"picked":"theMarked:Opportunist+1","floor":18.0},{"not_picked":["theMarked:Static","theMarked:Seal"],"picked":"theMarked:WardOff+1","floor":21.0},{"not_picked":["theMarked:ElectricStrings","theMarked:Frustration"],"picked":"theMarked:ChainLightning","floor":22.0},{"not_picked":["theMarked:SwordAndMagic","theMarked:TwofoldDefense"],"picked":"theMarked:EnhancedHearing+1","floor":23.0},{"not_picked":["theMarked:WastefulDefense","theMarked:LightningStrikesTwice","theMarked:SelfDefenseTraining+1"],"picked":"SKIP","floor":28.0},{"not_picked":["theMarked:ResourceFulStrike","theMarked:Static"],"picked":"theMarked:EnhanceMovement","floor":31.0},{"not_picked":["theMarked:SummonStrength","theMarked:ChannelForce","theMarked:EternalStudent"],"picked":"theMarked:BindingBlade","floor":33.0},{"not_picked":["theMarked:BanishingStrike","theMarked:TwofoldDefense","theMarked:Overcharge+1"],"picked":"theMarked:ReduceFriction","floor":34.0},{"not_picked":["theMarked:TwofoldDefense+1","theMarked:SelfDefenseTraining","theMarked:ResourceFulStrike+1"],"picked":"theMarked:KeepCalmAndFightOn+1","floor":35.0},{"not_picked":["theMarked:ElectricStrings","theMarked:Parkour","theMarked:EmpowerWeapon+1"],"picked":"theMarked:Opportunist+1","floor":36.0},{"not_picked":["theMarked:WastefulAttack+1","theMarked:Convert+1","theMarked:CreepingChasm+1","theMarked:ResourceFulStrike"],"picked":"SKIP","floor":38.0},{"not_picked":["theMarked:Frustration+1","theMarked:Parkour","theMarked:Polarize"],"picked":"theMarked:TurnInvisible","floor":40.0},{"not_picked":["theMarked:Electrocute+1","theMarked:WastefulAttack+1","theMarked:SwordAndMagic+1","theMarked:Frustration+1"],"picked":"SKIP","floor":46.0},{"not_picked":["theMarked:BanishingStrike+1","theMarked:DeterminationOfTheMarked","theMarked:Electrocute+1"],"picked":"theMarked:EnhanceMovement","floor":47.0}],"player_experience":557226,"relics_obtained":[{"floor":7.0,"key":"Letter Opener"},{"floor":9.0,"key":"StrikeDummy"},{"floor":12.0,"key":"Bottled Lightning"},{"floor":23.0,"key":"Happy Flower"},{"floor":30.0,"key":"Mango"},{"floor":30.0,"key":"Meat on the Bone"},{"floor":31.0,"key":"Question Card"},{"floor":40.0,"key":"Ornamental Fan"},{"floor":43.0,"key":"Pear"},{"floor":48.0,"key":"Anchor"}],"event_choices":[{"damage_healed":0.0,"max_hp_gain":0.0,"max_hp_loss":0.0,"gold_gain":75.0,"event_name":"World of Goop","player_choice":"Gather Gold","floor":2.0,"gold_loss":0.0,"damage_taken":11.0},{"cards_removed":["theMarked:Defend"],"damage_healed":0.0,"max_hp_gain":0.0,"max_hp_loss":0.0,"gold_gain":0.0,"event_name":"NoteForYourself","player_choice":"Took Card","floor":10.0,"gold_loss":0.0,"damage_taken":0.0,"cards_obtained":["Iron Wave"]},{"damage_healed":0.0,"max_hp_gain":0.0,"max_hp_loss":0.0,"gold_gain":0.0,"event_name":"Ghosts","player_choice":"Ignored","floor":19.0,"gold_loss":0.0,"damage_taken":0.0},{"damage_healed":0.0,"max_hp_gain":0.0,"max_hp_loss":0.0,"gold_gain":0.0,"event_name":"The Library","player_choice":"Read","floor":20.0,"gold_loss":0.0,"damage_taken":0.0,"cards_obtained":["theMarked:DeterminationOfTheMarked"]},{"damage_healed":0.0,"max_hp_gain":0.0,"max_hp_loss":0.0,"gold_gain":0.0,"event_name":"Nest","player_choice":"Joined the Cult","floor":25.0,"gold_loss":0.0,"damage_taken":6.0,"cards_obtained":["RitualDagger"]},{"damage_healed":0.0,"max_hp_gain":0.0,"max_hp_loss":0.0,"gold_gain":0.0,"event_name":"Colosseum","player_choice":"Fight","floor":30.0,"gold_loss":0.0,"damage_taken":0.0},{"damage_healed":0.0,"max_hp_gain":0.0,"max_hp_loss":0.0,"gold_gain":0.0,"event_name":"Colosseum","player_choice":"Fought Nobs","floor":30.0,"gold_loss":0.0,"damage_taken":0.0},{"cards_removed":["theMarked:Panic"],"damage_healed":0.0,"max_hp_gain":0.0,"max_hp_loss":0.0,"gold_gain":0.0,"event_name":"Falling","player_choice":"Removed Skill","floor":44.0,"gold_loss":0.0,"damage_taken":0.0},{"damage_healed":0.0,"max_hp_gain":0.0,"max_hp_loss":0.0,"gold_gain":100.0,"event_name":"Golden Shrine","player_choice":"Pray","floor":45.0,"gold_loss":0.0,"damage_taken":0.0}],"is_beta":false,"boss_relics":[{"not_picked":["Calling Bell","Pandora\u0027s Box"],"picked":"Sozu"},{"not_picked":["theMarked:BronzeBlade","Snecko Eye"],"picked":"Tiny House"}],"items_purged_floors":[],"is_endless":false,"potions_floor_spawned":[4,11,12,13,16,21,30,30,38,46],"killed_by":"Donu and Deca","ascension_level":0}}