{"host":"31s8hzukbhz1k6i6","time":1609005771,"event":{"mods":["BaseMod","Colored Map","Minty Spire (QoL Compilation)","Relic Stats"],"gold_per_floor":[116,116,116,116,116,152,182,208,268,304,354,389,453,504,516,658,670,703,715,474,488,512,512,536,552,552,552,567,667,682,723,723,844,844,869,869,692,707,707,747,762,777,803,817,10,10,10,29,29,29],"floor_reached":51,"playtime":2101,"items_purged":["Strike_B","Strike_B","Normality"],"score":821,"play_id":"8a29498f-99ee-4ae8-9f68-a5c8d8048a0e","local_time":"20201226100251","is_ascension_mode":false,"campfire_choices":[{"data":"Doom and Gloom","floor":15,"key":"SMITH"},{"data":"Chill","floor":23,"key":"SMITH"},{"data":"Defragment","floor":32,"key":"SMITH"},{"data":"Defragment","floor":47,"key":"SMITH"},{"data":"Loop","floor":49,"key":"SMITH"}],"circlet_count":0,"master_deck":["Strike_B+1","Defend_B","Defend_B","Defend_B","Defend_B+1","Zap","Dualcast","Cold Snap+1","Rainbow","Genetic Algorithm","Doom and Gloom+1","Compile Driver","Ball Lightning+1","Chill+1","Electrodynamics","Cold Snap+1","Coolheaded","Redo+1","Defragment+1","Skim","Coolheaded","Self Repair+1","Rainbow","Buffer","Tempest+1","Loop+1","Seek+1","Heatsinks+1","Defragment+1","Darkness+1","White Noise+1","Coolheaded+1","Conserve Battery+1","Coolheaded+1"],"relics":["Cracked Core","NeowsBlessing","Golden Idol","MawBank","Bag of Preparation","Boot","Blood Vial","PreservedInsect","Coffee Dripper","ClockworkSouvenir","Regal Pillow","Mercury Hourglass","Whetstone","Cursed Key","Toxic Egg 2","Centennial Puzzle","Orrery","Anchor","Pocketwatch"],"acts_visited":["Exordium","TheCity","TheBeyond"],"potions_floor_usage":[11,14,16,44,50],"damage_taken":[{"damage":0,"enemies":"Cultist","floor":1,"turns":1},{"damage":0,"enemies":"Lagavulin","floor":6,"turns":1},{"damage":0,"enemies":"Jaw Worm","floor":7,"turns":1},{"damage":4,"enemies":"2 Louse","floor":8,"turns":3},{"damage":3,"enemies":"Looter","floor":10,"turns":4},{"damage":23,"enemies":"Gremlin Nob","floor":11,"turns":5},{"damage":5,"enemies":"Blue Slaver","floor":12,"turns":3},{"damage":8,"enemies":"3 Sentries","floor":14,"turns":6},{"damage":3,"enemies":"Slime Boss","floor":16,"turns":8},{"damage":3,"enemies":"2 Thieves","floor":18,"turns":3},{"damage":1,"enemies":"Shell Parasite","floor":21,"turns":4},{"damage":13,"enemies":"3 Cultists","floor":22,"turns":3},{"damage":2,"enemies":"Centurion and Healer","floor":24,"turns":4},{"damage":4,"enemies":"Snake Plant","floor":25,"turns":4},{"damage":1,"enemies":"Shelled Parasite and Fungi","floor":28,"turns":3},{"damage":0,"enemies":"Chosen and Byrds","floor":30,"turns":4},{"damage":0,"enemies":"Slavers","floor":31,"turns":1},{"damage":11,"enemies":"Collector","floor":33,"turns":9},{"damage":0,"enemies":"Orb Walker","floor":35,"turns":3},{"damage":3,"enemies":"3 Darklings","floor":38,"turns":4},{"damage":2,"enemies":"Giant Head","floor":40,"turns":8},{"damage":4,"enemies":"Writhing Mass","floor":41,"turns":6},{"damage":1,"enemies":"Sphere and 2 Shapes","floor":42,"turns":3},{"damage":16,"enemies":"3 Darklings","floor":44,"turns":3},{"damage":9,"enemies":"Maw","floor":48,"turns":6},{"damage":5,"enemies":"Donu and Deca","floor":50,"turns":7}],"seed_played":"4107514727129258383","potions_obtained":[{"floor":1,"key":"EssenceOfSteel"},{"floor":7,"key":"SteroidPotion"},{"floor":8,"key":"SpeedPotion"},{"floor":11,"key":"PowerPotion"},{"floor":12,"key":"SkillPotion"},{"floor":14,"key":"SkillPotion"},{"floor":18,"key":"Energy Potion"},{"floor":25,"key":"DuplicationPotion"},{"floor":38,"key":"SkillPotion"},{"floor":40,"key":"DuplicationPotion"}],"is_trial":false,"path_per_floor":["M","?","?","?","?","E","M","M","T","M","E","M","T","E","R","B",null,"M","?","$","M","M","R","M","M","T","?","M","?","M","E","R","B",null,"M","?","$","M","?","E","M","M","T","M","$","?","R","M","R","B",null],"character_chosen":"DEFECT","items_purchased":["ClockworkSouvenir","Coolheaded","Loop","Defragment","Orrery","Anchor","Pocketwatch","PowerPotion"],"campfire_rested":0,"item_purchase_floors":[20,20,37,45,45,45,45,45],"current_hp_per_floor":[75,68,68,54,59,59,59,55,55,52,29,24,24,18,18,17,74,71,74,74,73,61,61,61,59,59,59,60,60,62,64,64,65,74,74,74,74,74,70,68,70,70,70,64,64,64,64,67,67,64],"gold":29,"neow_bonus":"THREE_ENEMY_KILL","is_daily":false,"chose_seed":false,"campfire_upgraded":5,"win_rate":0.0,"timestamp":1609005771,"path_taken":["M","?","?","?","?","E","M","M","T","?","E","M","?","E","R","BOSS","M","?","$","M","?","R","M","M","T","?","M","?","?","E","R","BOSS","M","?","$","M","?","E","M","M","T","M","$","?","R","M","R","BOSS"],"items_purchased_type":["Relic","Card","Card","Card","Relic","Relic","Relic","Potion"],"build_version":"2020-12-22","purchased_purges":3,"victory":true,"max_hp_per_floor":[75,75,69,69,74,74,74,74,74,74,74,74,74,74,74,74,74,74,74,74,74,74,74,74,74,74,74,74,74,74,74,74,74,74,74,74,74,74,70,70,70,70,70,70,70,70,70,70,70,70],"relic_stats":{"Regal Pillow":0,"counters":[26,106],"Golden Idol":178,"PreservedInsect":165,"Bag of Preparation":[44],"Whetstone":["Cold Snap","Ball Lightning"],"MawBank":168,"Boot":[15],"Cursed Key":1,"Mercury Hourglass":[204],"Blood Vial":23,"Centennial Puzzle":[9],"obtain_stats":[{"Regal Pillow":26,"NeowsBlessing":0,"Golden Idol":3,"PreservedInsect":14,"Bag of Preparation":9,"Whetstone":31,"MawBank":6,"Boot":11,"Cursed Key":34,"ClockworkSouvenir":20,"Mercury Hourglass":27,"Blood Vial":13,"Centennial Puzzle":43,"Anchor":45,"Orrery":45,"Coffee Dripper":17,"Toxic Egg 2":40,"Cracked Core":0,"Pocketwatch":45},{"Regal Pillow":14,"NeowsBlessing":0,"Golden Idol":1,"PreservedInsect":8,"Bag of Preparation":4,"Whetstone":17,"MawBank":2,"Boot":6,"Cursed Key":18,"ClockworkSouvenir":10,"Mercury Hourglass":14,"Blood Vial":7,"Centennial Puzzle":23,"Anchor":24,"Orrery":24,"Coffee Dripper":9,"Toxic Egg 2":21,"Cracked Core":0,"Pocketwatch":24},{"Regal Pillow":50,"NeowsBlessing":0,"Golden Idol":1,"PreservedInsect":24,"Bag of Preparation":6,"Whetstone":58,"MawBank":2,"Boot":15,"Cursed Key":67,"ClockworkSouvenir":35,"Mercury Hourglass":50,"Blood Vial":18,"Centennial Puzzle":91,"Anchor":94,"Orrery":94,"Coffee Dripper":32,"Toxic Egg 2":82,"Cracked Core":0,"Pocketwatch":94}],"Pocketwatch":[0]},"card_choices":[{"not_picked":["Coolheaded","Conserve Battery"],"picked":"Cold Snap","floor":1},{"not_picked":["Tempest","Hologram"],"picked":"Rainbow","floor":6},{"not_picked":["BootSequence","Gash"],"picked":"Genetic Algorithm","floor":7},{"not_picked":["Steam","FTL"],"picked":"Doom and Gloom","floor":8},{"not_picked":["Redo","Genetic Algorithm","Sweeping Beam"],"picked":"SKIP","floor":10},{"not_picked":["Streamline","Stack"],"picked":"Compile Driver","floor":11},{"not_picked":["Tempest","Barrage"],"picked":"Ball Lightning","floor":12},{"not_picked":["Hologram","Cold Snap"],"picked":"Chill","floor":14},{"not_picked":["Multi-Cast","Amplify"],"picked":"Electrodynamics","floor":16},{"not_picked":["Chaos","Go for the Eyes"],"picked":"Cold Snap+1","floor":18},{"not_picked":["Conserve Battery","Barrage+1"],"picked":"Redo+1","floor":21},{"not_picked":["Steam","Doom and Gloom","Conserve Battery"],"picked":"SKIP","floor":22},{"not_picked":["Go for the Eyes","Coolheaded+1"],"picked":"Defragment","floor":24},{"not_picked":["Lockon","Go for the Eyes"],"picked":"Skim","floor":25},{"not_picked":["Steam+1","White Noise"],"picked":"Coolheaded","floor":28},{"not_picked":["Reprogram","Electrodynamics"],"picked":"Self Repair+1","floor":30},{"not_picked":["Barrage","Force Field+1"],"picked":"Rainbow","floor":31},{"not_picked":["Amplify","Electrodynamics"],"picked":"Buffer","floor":33},{"not_picked":["Streamline+1","Cold Snap+1"],"picked":"Tempest+1","floor":35},{"not_picked":["Static Discharge","Ball Lightning","Steam Power+1"],"picked":"SKIP","floor":38},{"not_picked":["Barrage+1","Cold Snap+1"],"picked":"Seek+1","floor":40},{"not_picked":["Sweeping Beam+1","Go for the Eyes","Leap+1"],"picked":"SKIP","floor":41},{"not_picked":["Genetic Algorithm+1","Stack+1"],"picked":"Heatsinks+1","floor":42},{"not_picked":["Streamline+1","Leap+1","Melter"],"picked":"SKIP","floor":44},{"not_picked":["Compile Driver","Electrodynamics"],"picked":"Darkness+1","floor":45},{"not_picked":["Steam Power+1","Stack+1"],"picked":"White Noise+1","floor":45},{"not_picked":["Machine Learning","Sweeping Beam+1"],"picked":"Coolheaded+1","floor":45},{"not_picked":["Gash+1","Steam+1"],"picked":"Conserve Battery+1","floor":45},{"not_picked":["Streamline","Static Discharge+1"],"picked":"Coolheaded+1","floor":48}],"player_experience":5117,"relics_obtained":[{"floor":6,"key":"MawBank"},{"floor":9,"key":"Bag of Preparation"},{"floor":11,"key":"Boot"},{"floor":13,"key":"Blood Vial"},{"floor":14,"key":"PreservedInsect"},{"floor":26,"key":"Regal Pillow"},{"floor":31,"key":"Whetstone"},{"floor":40,"key":"Toxic Egg 2"},{"floor":43,"key":"Centennial Puzzle"}],"event_choices":[{"cards_removed":["Strike_B"],"damage_healed":0,"gold_gain":0,"player_choice":"Card Removal","damage_taken":7,"max_hp_gain":0,"max_hp_loss":0,"event_name":"Golden Wing","floor":2,"gold_loss":0},{"damage_healed":0,"gold_gain":0,"player_choice":"Lose Max HP","damage_taken":0,"relics_obtained":["Golden Idol"],"max_hp_gain":0,"max_hp_loss":6,"event_name":"Golden Idol","floor":3,"gold_loss":0},{"damage_healed":0,"gold_gain":0,"player_choice":"Entered Light","damage_taken":14,"max_hp_gain":0,"max_hp_loss":0,"event_name":"Shining Light","floor":4,"gold_loss":0,"cards_upgraded":["Strike_B","Defend_B"]},{"damage_healed":0,"gold_gain":0,"player_choice":"Donut","damage_taken":0,"max_hp_gain":5,"max_hp_loss":0,"event_name":"Big Fish","floor":5,"gold_loss":0},{"damage_healed":3,"gold_gain":0,"player_choice":"Full Heal","damage_taken":0,"max_hp_gain":0,"max_hp_loss":0,"event_name":"Wheel of Change","floor":19,"gold_loss":0},{"damage_healed":0,"gold_gain":0,"player_choice":"Opened","damage_taken":0,"relics_obtained":["Mercury Hourglass"],"max_hp_gain":0,"max_hp_loss":0,"event_name":"The Mausoleum","floor":27,"gold_loss":0},{"damage_healed":0,"gold_gain":100,"player_choice":"Pray","damage_taken":0,"max_hp_gain":0,"max_hp_loss":0,"event_name":"Golden Shrine","floor":29,"gold_loss":0},{"damage_healed":0,"gold_gain":0,"player_choice":"Ignored","damage_taken":0,"max_hp_gain":0,"max_hp_loss":0,"event_name":"Tomb of Lord Red Mask","floor":36,"gold_loss":0},{"damage_healed":0,"gold_gain":0,"player_choice":"Max HP","damage_taken":0,"max_hp_gain":0,"max_hp_loss":4,"event_name":"Winding Halls","floor":39,"gold_loss":0},{"damage_healed":0,"gold_gain":0,"player_choice":"Ignored","damage_taken":0,"max_hp_gain":0,"max_hp_loss":0,"event_name":"The Moai Head","floor":46,"gold_loss":0}],"is_beta":false,"boss_relics":[{"not_picked":["Velvet Choker","Nuclear Battery"],"picked":"Coffee Dripper"},{"not_picked":["SacredBark","Fusion Hammer"],"picked":"Cursed Key"}],"items_purged_floors":[20,37,45],"is_endless":false,"potions_floor_spawned":[1,7,8,11,12,14,18,25,28,30,38,40,41,42],"ascension_level":0}}