{"host":"nb9upq3jx3hg2lpa","time":1609017207,"event":{"mods":["BaseMod","Colored Map","Conspire","Downfall","Hubris","Marisa????????","Minty Spire (QoL Compilation)","Replay The Spire","StSLib","The Cursed","The Servant 0.9.4"],"gold_per_floor":[118,130,130,49,49,49,49,49,82,82,105,380,405,425,443,39,39,143,143,156,156,156,166,186,186,186],"floor_reached":25,"playtime":853,"items_purged":[],"score":236,"play_id":"0dd9a05f-8f27-46c9-a01b-bcd572f3306e","local_time":"20201226151327","is_ascension_mode":false,"campfire_choices":[{"data":"Chaos","floor":6,"key":"SMITH"},{"data":"Static Discharge","floor":10,"key":"SMITH"},{"floor":17,"key":"REST"}],"circlet_count":0,"master_deck":["Strike_B","Strike_B","Strike_B","Strike_B","Defend_B+1","Defend_B","Defend_B","Defend_B","Zap","Dualcast+1","Chaos+1","Beam Cell","Static Discharge+1","Conserve Battery","Redo","Heatsinks","Steam","CurseOfTheBell","ReplayTheSpireMod:Repulse","BasicCrystalCard+1","Panic Button+1","Gash","Panic Button","White Noise"],"relics":["Cracked Core","NeowsBlessing","Replay:Wax Seal","conspire:TopHat","Anchor","Gremlin Horn","TheAbacus","Calling Bell","Pen Nib","Meat on the Bone","Lizard Tail","Prayer Wheel"],"acts_visited":["Exordium","TheCity"],"potions_floor_usage":[9,13,22],"damage_taken":[{"damage":0,"enemies":"2 Louse","floor":1,"turns":1},{"damage":0,"enemies":"Jaw Worm","floor":2,"turns":1},{"damage":0,"enemies":"3 Sentries","floor":9,"turns":1},{"damage":17,"enemies":"Replay:BlueRogue","floor":13,"turns":4},{"damage":3,"enemies":"Cultist","floor":14,"turns":5},{"damage":7,"enemies":"Large Slime","floor":15,"turns":5},{"damage":35,"enemies":"Hexaghost","floor":18,"turns":8},{"damage":26,"enemies":"Shell Parasite","floor":20,"turns":9},{"damage":0,"enemies":"Chosen","floor":22,"turns":1},{"damage":20,"enemies":"Snake Plant","floor":23,"turns":2},{"damage":24,"enemies":"Centurion and Healer","floor":24,"turns":10},{"damage":76,"enemies":"Slavers","floor":25,"turns":3}],"seed_played":"8304525184499614884","potions_obtained":[{"floor":2,"key":"hexamod:EctoCoolerPotion"},{"floor":3,"key":"SmokeBomb"},{"floor":3,"key":"Elixir"},{"floor":3,"key":"Adrenaline Potion"},{"floor":9,"key":"Fruit Juice"},{"floor":15,"key":"DuplicationPotion"},{"floor":18,"key":"ColorlessPotion"},{"floor":23,"key":"AttackPotion"}],"is_trial":false,"path_per_floor":["M","M","?","$","?","R","PTL","PTL","E","R","T","?","E","M","M","$","R","B",null,"M","?","M","M","M","E"],"character_chosen":"DEFECT","items_purchased":["Static Discharge","Gremlin Horn","TheAbacus"],"campfire_rested":1,"item_purchase_floors":[4,16,16],"current_hp_per_floor":[75,75,75,75,60,60,60,60,65,65,65,65,48,45,38,38,62,27,80,54,54,54,46,34,0,0],"gold":186,"neow_bonus":"THREE_ENEMY_KILL","is_daily":false,"chose_seed":false,"campfire_upgraded":2,"win_rate":0.0,"timestamp":1609017207,"path_taken":["M","M","?","?","?","R","PTL","PTL","E","R","T","?","E","M","?","?","R","BOSS","M","?","M","M","?","E"],"items_purchased_type":["Card","Relic","Relic"],"build_version":"2020-12-22","purchased_purges":0,"victory":false,"max_hp_per_floor":[75,75,75,75,75,75,75,75,80,80,80,80,80,80,80,80,80,80,80,80,80,80,80,80,80,80],"card_choices":[{"not_picked":["BasicCrystalCard","Steam"],"picked":"Chaos","floor":1},{"not_picked":["Sweeping Beam","Steam"],"picked":"Beam Cell","floor":2},{"not_picked":["Leap","Thunder Strike"],"picked":"Conserve Battery","floor":9},{"not_picked":["Steam","Fusion"],"picked":"Redo","floor":13},{"not_picked":["Hologram","hubris:PowerSurge"],"picked":"Heatsinks","floor":14},{"not_picked":["Streamline","Sweeping Beam"],"picked":"Steam","floor":15},{"not_picked":["Seek","Buffer"],"picked":"ReplayTheSpireMod:Fabricate Wheel","floor":18},{"not_picked":["Stack+1","Steam Power"],"picked":"ReplayTheSpireMod:Repulse","floor":20},{"not_picked":["Darkness+1","Time Bomb"],"picked":"BasicCrystalCard+1","floor":20},{"not_picked":["Streamline","Leap+1"],"picked":"Panic Button+1","floor":23},{"not_picked":["Streamline","BasicCrystalCard"],"picked":"Gash","floor":23},{"not_picked":["Glacier","Compile Driver"],"picked":"Panic Button","floor":24},{"not_picked":["FTL+1","Stack"],"picked":"White Noise","floor":24}],"player_experience":5446,"relics_obtained":[{"floor":9,"key":"Replay:Wax Seal"},{"floor":11,"key":"conspire:TopHat"},{"floor":13,"key":"Anchor"},{"floor":19,"key":"Pen Nib"},{"floor":19,"key":"Meat on the Bone"},{"floor":19,"key":"Lizard Tail"}],"event_choices":[{"damage_healed":0,"gold_gain":0,"player_choice":"Got Potions","damage_taken":0,"max_hp_gain":0,"max_hp_loss":0,"event_name":"Lab","floor":3,"gold_loss":0},{"damage_healed":0,"gold_gain":0,"player_choice":"Entered Light","damage_taken":15,"max_hp_gain":0,"max_hp_loss":0,"event_name":"Shining Light","floor":5,"gold_loss":0,"cards_upgraded":["Defend_B","Dualcast"]},{"damage_healed":0,"gold_gain":275,"player_choice":"Desecrate","damage_taken":0,"max_hp_gain":0,"max_hp_loss":0,"event_name":"Golden Shrine","floor":12,"gold_loss":0,"cards_obtained":["Regret"]},{"cards_removed":["Regret"],"damage_healed":0,"gold_gain":0,"player_choice":"Removed Curses","damage_taken":0,"max_hp_gain":0,"max_hp_loss":0,"event_name":"Fountain of Cleansing","floor":21,"gold_loss":0}],"is_beta":false,"boss_relics":[{"not_picked":["Runic Pyramid","Velvet Choker"],"picked":"Calling Bell"}],"items_purged_floors":[],"is_endless":false,"potions_floor_spawned":[2,9,15,18,22,23],"killed_by":"Slavers","ascension_level":0}}