{"host":"x5anfo2w8aotfuta","time":1609020905,"event":{"mods":["AchievementEnabler","BaseMod","Bestiary","Block Reminder","Colored Map","Colored Powertips","DeckTracker","Highlight Path","Minty Spire (QoL Compilation)","Quick Restart","Rare Cards Sparkle","Relic Stats","StSLib"],"gold_per_floor":[109,125,137,154,154,154,189,209,277,227,255,255,255,267,267,366,366,377,394,172,182,182,182,217,217,241,255,188,203,203,222,222,327,327,339,359,359,359,54,87,103,130,130,140,169,181,181,216,216,216],"floor_reached":51,"playtime":6086,"items_purged":["Strike_B"],"score":1311,"play_id":"e3a9a253-ad4c-489e-af92-dd6d2a3995ce","local_time":"20201226141505","is_ascension_mode":true,"campfire_choices":[{"data":"Electrodynamics","floor":6,"key":"SMITH"},{"floor":13,"key":"REST"},{"data":"Coolheaded","floor":15,"key":"SMITH"},{"data":"Buffer","floor":23,"key":"SMITH"},{"data":"Buffer","floor":32,"key":"SMITH"},{"data":"Apotheosis","floor":49,"key":"SMITH"}],"circlet_count":0,"master_deck":["Defend_B","Zap+1","Dualcast","Electrodynamics+1","Coolheaded+1","Cold Snap","Leap","Chill","Darkness","Buffer+1","Rip and Tear+1","Ball Lightning+1","Double Energy+1","Sweeping Beam","BootSequence","Buffer+1","Heatsinks","Storm+1","BootSequence","Loop","Force Field","Electrodynamics","Steam","Apotheosis+1","Ball Lightning","Decay","Amplify","Fusion+1","Heatsinks"],"relics":["Cracked Core","FossilizedHelix","White Beast Statue","Thread and Needle","Astrolabe","DollysMirror","Bag of Preparation","Enchiridion","Potion Belt","Kunai","Cursed Key","Membership Card","Incense Burner","Centennial Puzzle","Eternal Feather","Pocketwatch","Mummified Hand"],"acts_visited":["Exordium","TheCity","TheBeyond"],"potions_floor_usage":[11,18,19,21,21,24,24,33,40,40,41,44,45,46,48,50,50],"damage_taken":[{"damage":8,"enemies":"Small Slimes","floor":1,"turns":2},{"damage":7,"enemies":"Jaw Worm","floor":2,"turns":4},{"damage":0,"enemies":"Cultist","floor":3,"turns":3},{"damage":13,"enemies":"3 Louse","floor":4,"turns":3},{"damage":8,"enemies":"3 Sentries","floor":7,"turns":3},{"damage":0,"enemies":"2 Fungi Beasts","floor":8,"turns":2},{"damage":5,"enemies":"Gremlin Nob","floor":11,"turns":4},{"damage":0,"enemies":"Exordium Thugs","floor":14,"turns":3},{"damage":0,"enemies":"Slime Boss","floor":16,"turns":11},{"damage":0,"enemies":"3 Byrds","floor":18,"turns":3},{"damage":18,"enemies":"2 Thieves","floor":19,"turns":3},{"damage":0,"enemies":"Snecko","floor":21,"turns":6},{"damage":0,"enemies":"Slavers","floor":24,"turns":7},{"damage":0,"enemies":"Shelled Parasite and Fungi","floor":27,"turns":3},{"damage":0,"enemies":"Sentry and Sphere","floor":29,"turns":5},{"damage":0,"enemies":"Cultist and Chosen","floor":31,"turns":4},{"damage":0,"enemies":"Automaton","floor":33,"turns":11},{"damage":0,"enemies":"3 Darklings","floor":35,"turns":2},{"damage":0,"enemies":"Orb Walker","floor":36,"turns":2},{"damage":0,"enemies":"Giant Head","floor":40,"turns":9},{"damage":0,"enemies":"Maw","floor":41,"turns":7},{"damage":0,"enemies":"Nemesis","floor":42,"turns":7},{"damage":0,"enemies":"Writhing Mass","floor":44,"turns":4},{"damage":0,"enemies":"Giant Head","floor":45,"turns":11},{"damage":0,"enemies":"4 Shapes","floor":46,"turns":5},{"damage":4,"enemies":"Reptomancer","floor":48,"turns":4},{"damage":0,"enemies":"Awakened One","floor":50,"turns":9}],"seed_played":"7691635935308053023","potions_obtained":[{"floor":1,"key":"LiquidBronze"},{"floor":4,"key":"DuplicationPotion"},{"floor":11,"key":"Energy Potion"},{"floor":14,"key":"SkillPotion"},{"floor":16,"key":"Regen Potion"},{"floor":18,"key":"Fruit Juice"},{"floor":19,"key":"EssenceOfDarkness"},{"floor":21,"key":"BlessingOfTheForge"},{"floor":24,"key":"PowerPotion"},{"floor":27,"key":"CultistPotion"},{"floor":29,"key":"ColorlessPotion"},{"floor":31,"key":"SkillPotion"},{"floor":33,"key":"FocusPotion"},{"floor":35,"key":"Ancient Potion"},{"floor":36,"key":"EssenceOfSteel"},{"floor":40,"key":"AttackPotion"},{"floor":41,"key":"AttackPotion"},{"floor":42,"key":"LiquidBronze"},{"floor":44,"key":"Block Potion"},{"floor":45,"key":"Ancient Potion"},{"floor":46,"key":"Explosive Potion"},{"floor":48,"key":"Ancient Potion"}],"is_trial":false,"path_per_floor":["M","M","M","M","?","R","E","M","T","?","E","?","R","M","R","B",null,"M","M","$","M","?","R","E","?","T","M","$","M","?","M","R","B",null,"M","M","?","?","$","E","M","E","T","M","E","M","?","E","R","B",null],"character_chosen":"DEFECT","items_purchased":["DollysMirror","Loop","Membership Card","Incense Burner"],"campfire_rested":1,"item_purchase_floors":[20,28,39,39],"current_hp_per_floor":[60,53,53,40,40,40,32,32,32,32,27,27,47,47,47,47,63,63,45,45,65,65,65,65,49,49,49,49,49,49,49,49,49,67,67,67,67,67,67,67,67,67,67,67,67,67,67,63,73,73],"gold":216,"neow_bonus":"THREE_RARE_CARDS","is_daily":false,"chose_seed":false,"campfire_upgraded":5,"win_rate":0.0,"timestamp":1609020905,"path_taken":["M","M","M","M","?","R","E","M","T","?","E","?","R","M","R","BOSS","M","?","$","M","?","R","E","?","T","?","$","M","?","?","R","BOSS","M","M","?","?","$","E","?","E","T","M","E","M","?","E","R","BOSS"],"items_purchased_type":["Relic","Card","Relic","Relic"],"build_version":"2020-12-22","purchased_purges":1,"victory":true,"max_hp_per_floor":[68,68,68,68,68,68,68,68,68,68,68,68,68,68,68,68,68,68,68,68,73,73,73,73,73,73,73,73,73,73,73,73,73,73,73,73,73,73,73,73,73,73,73,73,73,73,73,73,73,73],"relic_stats":{"Centennial Puzzle":[3],"counters":[27,137],"Mummified Hand":[27],"Astrolabe":["Rip and Tear","Ball Lightning","Double Energy"],"Eternal Feather":10,"Bag of Preparation":[28],"Kunai":[8],"Cursed Key":1,"obtain_stats":[{"Potion Belt":26,"Astrolabe":17,"Enchiridion":25,"Thread and Needle":11,"Eternal Feather":42,"Bag of Preparation":24,"Incense Burner":39,"Cursed Key":34,"White Beast Statue":9,"Centennial Puzzle":40,"DollysMirror":20,"Mummified Hand":48,"Kunai":30,"Membership Card":39,"Cracked Core":0,"FossilizedHelix":7,"Pocketwatch":45},{"Potion Belt":13,"Astrolabe":9,"Enchiridion":13,"Thread and Needle":7,"Eternal Feather":22,"Bag of Preparation":13,"Incense Burner":19,"Cursed Key":17,"White Beast Statue":6,"Centennial Puzzle":20,"DollysMirror":11,"Mummified Hand":26,"Kunai":15,"Membership Card":19,"Cracked Core":0,"FossilizedHelix":5,"Pocketwatch":24},{"Potion Belt":54,"Astrolabe":35,"Enchiridion":54,"Thread and Needle":21,"Eternal Feather":104,"Bag of Preparation":54,"Incense Burner":81,"Cursed Key":77,"White Beast Statue":17,"Centennial Puzzle":90,"DollysMirror":41,"Mummified Hand":128,"Kunai":62,"Membership Card":81,"Cracked Core":0,"FossilizedHelix":15,"Pocketwatch":119}],"Pocketwatch":[6]},"card_choices":[{"not_picked":["Amplify","Biased Cognition"],"picked":"Electrodynamics","floor":0},{"not_picked":["Chill","Tempest"],"picked":"Coolheaded","floor":1},{"not_picked":["Consume","Beam Cell"],"picked":"Cold Snap","floor":2},{"not_picked":["Lockon","Chaos","Blizzard"],"picked":"SKIP","floor":3},{"not_picked":["Rebound","Stack","Beam Cell"],"picked":"SKIP","floor":4},{"not_picked":["Blizzard","Redo"],"picked":"Leap","floor":7},{"not_picked":["Barrage","Storm"],"picked":"Chill","floor":8},{"not_picked":["Redo","Beam Cell"],"picked":"Darkness","floor":11},{"not_picked":["Rip and Tear","Lockon"],"picked":"Double Energy","floor":14},{"not_picked":["Thunder Strike","Reboot"],"picked":"Buffer","floor":16},{"not_picked":["Hologram","Barrage"],"picked":"Sweeping Beam","floor":18},{"not_picked":["Go for the Eyes","Reprogram"],"picked":"BootSequence","floor":19},{"not_picked":["Rebound","Reprogram","Beam Cell"],"picked":"SKIP","floor":21},{"not_picked":["Fusion","Steam"],"picked":"Storm+1","floor":24},{"not_picked":["Ball Lightning","Compile Driver"],"picked":"BootSequence","floor":27},{"not_picked":["Rip and Tear","Streamline+1"],"picked":"Force Field","floor":29},{"not_picked":["Darkness","Redo+1","FTL"],"picked":"SKIP","floor":31},{"not_picked":["Seek","Rainbow"],"picked":"Electrodynamics","floor":33},{"not_picked":["Undo","Ball Lightning+1"],"picked":"Steam","floor":35},{"not_picked":["Reprogram+1","Hello World+1","FTL+1"],"picked":"SKIP","floor":36},{"not_picked":["Jack Of All Trades","Violence"],"picked":"Apotheosis","floor":37},{"not_picked":["Skim","Redo","Compile Driver"],"picked":"SKIP","floor":40},{"not_picked":["Redo","FTL"],"picked":"Ball Lightning","floor":41},{"not_picked":["Auto Shields","Reinforced Body+1","Redo"],"picked":"SKIP","floor":42},{"not_picked":["Gash","Redo+1","Stack"],"picked":"SKIP","floor":44},{"not_picked":["Reprogram+1","Steam Power"],"picked":"Amplify","floor":45},{"not_picked":["Coolheaded","Rebound"],"picked":"Fusion+1","floor":46},{"not_picked":["Go for the Eyes+1","Gash"],"picked":"Heatsinks","floor":48}],"player_experience":388888,"relics_obtained":[{"floor":7,"key":"FossilizedHelix"},{"floor":9,"key":"White Beast Statue"},{"floor":11,"key":"Thread and Needle"},{"floor":24,"key":"Bag of Preparation"},{"floor":25,"key":"Enchiridion"},{"floor":26,"key":"Potion Belt"},{"floor":40,"key":"Centennial Puzzle"},{"floor":42,"key":"Eternal Feather"},{"floor":45,"key":"Pocketwatch"},{"floor":48,"key":"Mummified Hand"}],"event_choices":[{"damage_healed":0,"gold_gain":0,"player_choice":"Ignored","damage_taken":0,"max_hp_gain":0,"max_hp_loss":0,"event_name":"Liars Game","floor":5,"gold_loss":0},{"cards_removed":["Strike_B"],"damage_healed":0,"gold_gain":0,"player_choice":"Card Removal","damage_taken":0,"max_hp_gain":0,"max_hp_loss":0,"event_name":"The Cleric","floor":10,"gold_loss":50},{"damage_healed":0,"gold_gain":0,"player_choice":"Forge","damage_taken":0,"max_hp_gain":0,"max_hp_loss":0,"event_name":"Accursed Blacksmith","floor":12,"gold_loss":0,"cards_upgraded":["Zap"]},{"damage_healed":0,"gold_gain":0,"cards_transformed":["Double Energy","Defend_B"],"player_choice":"Became Test Subject","damage_taken":0,"max_hp_gain":0,"max_hp_loss":0,"event_name":"Drug Dealer","floor":22,"gold_loss":0,"cards_obtained":["Heatsinks","Compile Driver"]},{"damage_healed":0,"gold_gain":0,"player_choice":"Obtained Book","damage_taken":16,"max_hp_gain":0,"max_hp_loss":0,"event_name":"Cursed Tome","floor":25,"gold_loss":0},{"damage_healed":0,"gold_gain":0,"player_choice":"Gave Potion","damage_taken":0,"relics_obtained":["Kunai"],"max_hp_gain":0,"max_hp_loss":0,"event_name":"WeMeetAgain","floor":30,"gold_loss":0},{"damage_healed":0,"gold_gain":0,"player_choice":"Memory 1","damage_taken":0,"max_hp_gain":0,"max_hp_loss":0,"event_name":"SensoryStone","floor":37,"gold_loss":0},{"cards_removed":["Defend_B"],"damage_healed":0,"gold_gain":0,"player_choice":"Purged","damage_taken":0,"max_hp_gain":0,"max_hp_loss":0,"event_name":"Purifier","floor":38,"gold_loss":0},{"cards_removed":["Compile Driver"],"damage_healed":0,"gold_gain":0,"player_choice":"Removed Attack","damage_taken":0,"max_hp_gain":0,"max_hp_loss":0,"event_name":"Falling","floor":47,"gold_loss":0}],"is_beta":false,"boss_relics":[{"not_picked":["Philosopher\u0027s Stone","FrozenCore"],"picked":"Astrolabe"},{"not_picked":["Empty Cage","SlaversCollar"],"picked":"Cursed Key"}],"items_purged_floors":[20],"is_endless":false,"potions_floor_spawned":[1,4,11,14,16,18,19,21,24,27,29,31,33,35,36,40,41,42,44,45,46,48],"ascension_level":5}}