{"host":"djjpvtbajazjoxm7","time":1609002107,"event":{"mods":["Act Like it!","Arknights The Spire","Ascension Reborn","BaseMod","CapriCore","GungeonMod","Hermit","KOR Keyword Fix","Lobotomy","Minty Spire (QoL Compilation)","Replay The Spire","StSLib","The Gatherer","The Hierophant","The Immortal","Waifu the Spire"],"gold_per_floor":[18,28,28,28,45,45,76,76,127,142,142,157,167,185,185,185,185],"floor_reached":16,"playtime":556,"items_purged":[],"score":104,"play_id":"c489559b-410a-4582-b6c9-4a7f9b4a7033","local_time":"20201227020147","is_ascension_mode":true,"campfire_choices":[{"data":"ats:Burning Ground","floor":6,"key":"SMITH"},{"floor":11,"key":"REST"},{"data":"ats:Guardian Obelisk","floor":15,"key":"SMITH"}],"circlet_count":0,"master_deck":["ats:Strike C","ats:Strike G","ats:Strike V","ats:Armor Crushing Shot","ats:Defend","ats:Defend","ats:Defend","ats:Defend","ats:Emotion Absorption","ats:Charging Defense","ats:Burning Ground+1","ats:Guardian Obelisk+1","ats:Volcano","ats:Healing Drone","ats:Apocalypse","ats:Childhood Dance","ats:Assault Order"],"relics":["ats:Sanity","DemoMod:VorpalBullet","ats:Originium","Matryoshka","DemoMod:MemoryAlloy","Boot"],"acts_visited":["Exordium"],"potions_floor_usage":[7,16],"damage_taken":[{"damage":10,"enemies":"Cultist","floor":1,"turns":4},{"damage":1,"enemies":"Small Slimes","floor":2,"turns":2},{"damage":10,"enemies":"Jaw Worm","floor":5,"turns":5},{"damage":11,"enemies":"Lagavulin","floor":7,"turns":4},{"damage":10,"enemies":"Large Slime","floor":10,"turns":7},{"damage":0,"enemies":"3 Louse","floor":12,"turns":2},{"damage":11,"enemies":"2 Fungi Beasts","floor":13,"turns":3},{"damage":10,"enemies":"Exordium Wildlife","floor":14,"turns":3},{"damage":49,"enemies":"Hexaghost","floor":16,"turns":12}],"seed_played":"4167339811051414220","potions_obtained":[{"floor":2,"key":"FearPotion"},{"floor":5,"key":"Swift Potion"},{"floor":10,"key":"Dexterity Potion"}],"is_trial":false,"path_per_floor":["M","M","?","$","M","R","E","?","T","M","R","M","M","M","R","B"],"character_chosen":"DOCTOR_CLASS","items_purchased":[],"campfire_rested":1,"item_purchase_floors":[],"current_hp_per_floor":[62,61,54,54,44,44,33,26,26,16,37,37,30,26,26,0,0],"gold":185,"neow_bonus":"ONE_RARE_RELIC","is_daily":false,"chose_seed":false,"campfire_upgraded":2,"win_rate":0.0,"timestamp":1609002107,"path_taken":["M","?","?","$","M","R","E","?","T","M","R","M","M","M","R","BOSS"],"items_purchased_type":[],"build_version":"2020-12-22","purchased_purges":0,"victory":false,"max_hp_per_floor":[72,72,72,72,72,72,72,72,72,72,72,72,72,72,72,72,72],"card_choices":[{"not_picked":["ats:Leaping Hammer","ats:Very Hot Blade"],"picked":"ats:Charging Defense","floor":1},{"not_picked":["ats:Childhood Dance","ats:Encircling Forest"],"picked":"ats:Burning Ground","floor":2},{"not_picked":["ats:Spore Proliferation","ats:Encircling Forest"],"picked":"ats:Guardian Obelisk","floor":5},{"not_picked":["ats:Childhood Dance","ats:Red Shift"],"picked":"ats:Volcano","floor":7},{"not_picked":["ats:Assault Order","ats:Magnetic Hammer"],"picked":"ats:Healing Drone","floor":10},{"not_picked":["ats:Soul Rend","ats:Powerful Strike"],"picked":"ats:Apocalypse","floor":12},{"not_picked":["ats:Powerful Strike","ats:Consecutive Shot Auto"],"picked":"ats:Childhood Dance","floor":13},{"not_picked":["ats:Flexible Camouflage","ats:Cat Scratch"],"picked":"ats:Assault Order","floor":14}],"player_experience":188605,"relics_obtained":[{"floor":7,"key":"ats:Originium"},{"floor":7,"key":"Matryoshka"},{"floor":9,"key":"DemoMod:MemoryAlloy"},{"floor":9,"key":"Boot"}],"event_choices":[{"cards_removed":["ats:Strike S"],"damage_healed":0,"gold_gain":0,"player_choice":"Card Removal","damage_taken":7,"max_hp_gain":0,"max_hp_loss":0,"event_name":"Golden Wing","floor":3,"gold_loss":0},{"damage_healed":0,"gold_gain":0,"player_choice":"Damaged","damage_taken":7,"max_hp_gain":0,"max_hp_loss":0,"event_name":"Wheel of Change","floor":8,"gold_loss":0}],"is_beta":false,"boss_relics":[],"items_purged_floors":[],"is_endless":false,"potions_floor_spawned":[2,5,10,12,14],"killed_by":"Hexaghost","ascension_level":0}}