{"host":"ovxa65d68iy9l57e","time":1609024884,"event":{"mods":["AchievementEnabler","BaseMod","Better Altar","Better Skull","Better Vampires","Colored Map","Curses Come First","Minty Spire (QoL Compilation)","Relic Stats","StSLib"],"gold_per_floor":[118,131,131,131,141,174,185,215,215,215,240,240,251,28,28,130,130,140,156,174,188,205,205,22,33,33,33,53,77,2,23,23,23,23],"floor_reached":33,"playtime":3613,"items_purged":["Strike_G","Strike_G"],"score":353,"play_id":"907ea243-0852-47f1-ac84-41e8f8d73ec8","local_time":"20201227002124","is_ascension_mode":true,"campfire_choices":[{"data":"Sucker Punch","floor":10,"key":"SMITH"},{"data":"Envenom","floor":15,"key":"SMITH"},{"data":"Tactician","floor":23,"key":"SMITH"},{"floor":27,"key":"REST"},{"floor":32,"key":"REST"}],"circlet_count":0,"master_deck":["Strike_G","Defend_G","Defend_G","Defend_G","Defend_G","Defend_G","Survivor+1","Neutralize","All Out Attack+1","Masterful Stab","Bane","Dagger Throw","Sucker Punch+1","Backstab+1","Blade Dance","Underhanded Strike+1","Envenom+1","Tactician+1","Tools of the Trade","Acrobatics","Bane+1","Dagger Spray+1","Corpse Explosion","Outmaneuver+1","Dash+1","Deadly Poison","Dagger Throw+1","Deflect+1","Riddle With Holes+1","Well Laid Plans"],"relics":["Black Star","Paper Crane","Centennial Puzzle","Molten Egg 2","Boot","Tiny Chest","Strawberry","Pear","HoveringKite","CeramicFish"],"acts_visited":["Exordium","TheCity"],"potions_floor_usage":[8,16,18,18,20,20,31,31],"damage_taken":[{"damage":2,"enemies":"Cultist","floor":1,"turns":4},{"damage":1,"enemies":"Small Slimes","floor":2,"turns":4},{"damage":0,"enemies":"2 Louse","floor":5,"turns":3},{"damage":19,"enemies":"Lagavulin","floor":6,"turns":8},{"damage":1,"enemies":"Looter","floor":7,"turns":3},{"damage":0,"enemies":"3 Sentries","floor":8,"turns":4},{"damage":8,"enemies":"Gremlin Nob","floor":11,"turns":3},{"damage":0,"enemies":"Exordium Thugs","floor":13,"turns":3},{"damage":6,"enemies":"The Guardian","floor":16,"turns":10},{"damage":6,"enemies":"Spheric Guardian","floor":18,"turns":3},{"damage":11,"enemies":"2 Thieves","floor":19,"turns":3},{"damage":8,"enemies":"Shelled Parasite and Fungi","floor":20,"turns":6},{"damage":7,"enemies":"3 Cultists","floor":21,"turns":4},{"damage":18,"enemies":"Cultist and Chosen","floor":22,"turns":5},{"damage":29,"enemies":"Shelled Parasite and Fungi","floor":25,"turns":5},{"damage":10,"enemies":"Snecko","floor":28,"turns":4},{"damage":20,"enemies":"Chosen and Byrds","floor":29,"turns":5},{"damage":9,"enemies":"3 Cultists","floor":31,"turns":4},{"damage":41,"enemies":"Automaton","floor":33,"turns":6}],"seed_played":"7550698134972661175","potions_obtained":[{"floor":2,"key":"GamblersBrew"},{"floor":6,"key":"AttackPotion"},{"floor":8,"key":"SpeedPotion"},{"floor":13,"key":"SkillPotion"},{"floor":18,"key":"GamblersBrew"},{"floor":19,"key":"GamblersBrew"},{"floor":28,"key":"Weak Potion"},{"floor":29,"key":"Weak Potion"}],"is_trial":false,"path_per_floor":["M","M","?","?","M","E","M","E","T","R","E","?","M","$","R","B",null,"M","M","M","M","M","R","$","M","T","R","M","M","?","M","R","B"],"character_chosen":"THE_SILENT","items_purchased":["Envenom","Tactician","Dash+1","Deadly Poison"],"campfire_rested":2,"item_purchase_floors":[14,14,24,24],"current_hp_per_floor":[68,67,53,53,53,34,33,33,33,33,42,47,47,47,47,41,92,86,75,67,60,42,42,42,13,13,40,30,10,10,1,28,0,0],"gold":23,"neow_bonus":"BOSS_RELIC","is_daily":false,"chose_seed":false,"campfire_upgraded":3,"win_rate":0.0,"timestamp":1609024884,"path_taken":["M","M","?","?","M","E","M","E","T","R","E","?","M","$","R","BOSS","M","M","M","M","M","R","$","M","T","R","M","M","?","M","R","BOSS"],"items_purchased_type":["Card","Card","Card","Card"],"build_version":"2020-12-22","purchased_purges":2,"victory":false,"max_hp_per_floor":[70,70,70,70,70,70,70,70,70,70,87,92,92,92,92,92,92,92,92,92,92,92,92,92,92,92,92,92,92,92,92,92,92,92],"relic_stats":{"Centennial Puzzle":[39],"counters":[19,87],"CeramicFish":27,"HoveringKite":[36],"Tiny Chest":0,"Black Star":3,"Boot":[76],"obtain_stats":[{"Centennial Puzzle":6,"Pear":11,"Strawberry":11,"CeramicFish":26,"HoveringKite":17,"Molten Egg 2":8,"Tiny Chest":9,"Black Star":0,"Paper Crane":6,"Boot":8,"Ring of the Snake":0},{"Centennial Puzzle":4,"Pear":7,"Strawberry":7,"CeramicFish":15,"HoveringKite":9,"Molten Egg 2":6,"Tiny Chest":6,"Black Star":0,"Paper Crane":4,"Boot":6,"Ring of the Snake":0},{"Centennial Puzzle":19,"Pear":29,"Strawberry":29,"CeramicFish":68,"HoveringKite":42,"Molten Egg 2":26,"Tiny Chest":26,"Black Star":0,"Paper Crane":19,"Boot":26,"Ring of the Snake":0}]},"card_choices":[{"not_picked":["Blade Dance","Quick Slash"],"picked":"All Out Attack","floor":1},{"not_picked":["Underhanded Strike","Riddle With Holes"],"picked":"Masterful Stab","floor":2},{"not_picked":["Underhanded Strike","Slice"],"picked":"Bane","floor":5},{"not_picked":["Deflect","Flying Knee"],"picked":"Dagger Throw","floor":6},{"not_picked":["Deflect","Masterful Stab"],"picked":"Sucker Punch","floor":7},{"not_picked":["Venomology","Blade Dance"],"picked":"Backstab+1","floor":8},{"not_picked":["Infinite Blades","Dodge and Roll"],"picked":"Blade Dance","floor":11},{"not_picked":["Distraction","Phantasmal Killer"],"picked":"Underhanded Strike+1","floor":13},{"not_picked":["Venomology","Unload+1"],"picked":"Tools of the Trade","floor":16},{"not_picked":["Prepared","Crippling Poison"],"picked":"Acrobatics","floor":18},{"not_picked":["Flying Knee+1","Prepared"],"picked":"Bane+1","floor":19},{"not_picked":["Flechettes+1","Dodge and Roll"],"picked":"Dagger Spray+1","floor":20},{"not_picked":["Dagger Throw+1","Prepared"],"picked":"Corpse Explosion","floor":21},{"not_picked":["Acrobatics+1","Masterful Stab+1"],"picked":"Outmaneuver+1","floor":22},{"not_picked":["Distraction","Bane+1"],"picked":"Dagger Throw+1","floor":25},{"not_picked":["Infinite Blades","Tactician"],"picked":"Deflect+1","floor":28},{"not_picked":["Distraction","Deflect"],"picked":"Riddle With Holes+1","floor":29},{"not_picked":["A Thousand Cuts","Underhanded Strike+1"],"picked":"Well Laid Plans","floor":31}],"player_experience":231428,"relics_obtained":[{"floor":6,"key":"Paper Crane"},{"floor":6,"key":"Centennial Puzzle"},{"floor":8,"key":"Molten Egg 2"},{"floor":8,"key":"Boot"},{"floor":9,"key":"Tiny Chest"},{"floor":11,"key":"Strawberry"},{"floor":11,"key":"Pear"},{"floor":26,"key":"CeramicFish"}],"event_choices":[{"damage_healed":0,"gold_gain":0,"player_choice":"Entered Light","damage_taken":14,"max_hp_gain":0,"max_hp_loss":0,"event_name":"Shining Light","floor":3,"gold_loss":0,"cards_upgraded":["Survivor","All Out Attack"]},{"cards_removed":["Strike_G"],"damage_healed":0,"gold_gain":0,"player_choice":"Forget","damage_taken":0,"max_hp_gain":0,"max_hp_loss":0,"event_name":"Living Wall","floor":4,"gold_loss":0},{"damage_healed":0,"gold_gain":0,"player_choice":"Donut","damage_taken":0,"max_hp_gain":5,"max_hp_loss":0,"event_name":"Big Fish","floor":12,"gold_loss":0},{"cards_removed":["Strike_G"],"damage_healed":0,"gold_gain":0,"player_choice":"Gave Gold","damage_taken":0,"max_hp_gain":0,"max_hp_loss":0,"event_name":"Beggar","floor":30,"gold_loss":75}],"is_beta":false,"boss_relics":[{"not_picked":["Coffee Dripper","Velvet Choker"],"picked":"HoveringKite"}],"items_purged_floors":[14,24],"is_endless":false,"potions_floor_spawned":[2,6,8,13,18,19,28,29],"killed_by":"Automaton","ascension_level":2}}