{"host":"71h53w2p123dt4nv","time":1609014120,"event":{"mods":["AchievementEnabler","BaseMod","Better Third Choice","Minty Spire (QoL Compilation)","Rare Cards Sparkle","Shop Mod","StSLib","The Animator"],"gold_per_floor":[124,71,102,117,127,127,157,169,234,256,268,309,321,371,383,500,574,614,642,676,708,743,755,787,848,913,925,937,949,961,127,127,239,239,256,256,11,11,11,11,11,29,56,73,91,41,59,0,0,6,6],"floor_reached":50,"playtime":5914,"items_purged":["animator:HiiragiShinya+1","Clumsy"],"score":653,"play_id":"c157eb69-763f-42a3-a497-ae03845d650b","local_time":"20201226212200","is_ascension_mode":true,"campfire_choices":[{"data":"animator:Kaijin","floor":6,"key":"SMITH"},{"floor":8,"key":"RECALL"},{"data":"animator:Shinoa","floor":11,"key":"SMITH"},{"floor":13,"key":"REST"},{"data":"animator:HiiragiShinya","floor":15,"key":"SMITH"},{"floor":23,"key":"REST"},{"floor":27,"key":"REST"},{"floor":29,"key":"REST"},{"floor":32,"key":"REST"},{"data":"animator:Kaijin","floor":40,"key":"SMITH"},{"floor":49,"key":"REST"}],"circlet_count":0,"master_deck":["animator:Strike_Konosuba+1","animator:Defend_Konosuba+1","animator:Strike","animator:Strike","animator:Strike+1","animator:Defend+1","animator:Defend+1","animator:Kazuma","animator:Aqua+1","animator:Kaijin+1","animator:Shinoa+1","animator:Lancer","animator:UneriGinkaku","animator:Megumin+10","animator:Chris+1","animator:Benimaru+1","animator:UneriGinkaku+1","animator:Emonzaemon+1","animator:IzunaHatsuse+1","animator:Tet+1","animator:HigakiRinne","animator:FeridBathory","animator:Kaijin+1","animator:Canti+1","Writhe","animator:Wiz","animator:CrowleyEusford+1","animator:MumenRider+1","animator:Lancer+1","animator:ShinjiMatou"],"relics":["animator:LivingPicture","animator:TheMissingPiece","Pocketwatch","MawBank","Smiling Mask","Molten Egg 2","Whetstone","Tiny House","Centennial Puzzle","animator:ShionDessert","betterThird:NestCultRelic","Bottled Lightning","MealTicket","Frozen Eye","Cursed Key","War Paint","Red Skull","Red Mask"],"acts_visited":["Exordium","TheCity","TheBeyond"],"potions_floor_usage":[7,10,12,16,22,25,33,35,35,45,47,50],"damage_taken":[{"damage":0,"enemies":"2 Louse","floor":1,"turns":3},{"damage":0,"enemies":"Cultist","floor":3,"turns":4},{"damage":1,"enemies":"Jaw Worm","floor":4,"turns":5},{"damage":5,"enemies":"2 Fungi Beasts","floor":5,"turns":4},{"damage":5,"enemies":"3 Sentries","floor":7,"turns":8},{"damage":7,"enemies":"Large Slime","floor":10,"turns":6},{"damage":21,"enemies":"Gremlin Nob","floor":12,"turns":4},{"damage":5,"enemies":"3 Sentries","floor":14,"turns":7},{"damage":24,"enemies":"Hexaghost","floor":16,"turns":9},{"damage":22,"enemies":"3 Byrds","floor":18,"turns":4},{"damage":10,"enemies":"Spheric Guardian","floor":19,"turns":4},{"damage":22,"enemies":"Shelled Parasite and Fungi","floor":20,"turns":6},{"damage":11,"enemies":"Snecko","floor":21,"turns":6},{"damage":5,"enemies":"Snake Plant","floor":22,"turns":3},{"damage":18,"enemies":"Chosen and Byrds","floor":24,"turns":3},{"damage":54,"enemies":"Gremlin Leader","floor":25,"turns":8},{"damage":66,"enemies":"Automaton","floor":33,"turns":9},{"damage":21,"enemies":"3 Darklings","floor":35,"turns":4},{"damage":20,"enemies":"3 Shapes","floor":42,"turns":2},{"damage":57,"enemies":"Maw","floor":44,"turns":6},{"damage":9,"enemies":"Spire Growth","floor":45,"turns":4},{"damage":16,"enemies":"Jaw Worm Horde","floor":47,"turns":3},{"damage":43,"enemies":"Donu and Deca","floor":50,"turns":3}],"seed_played":"-5493249578170250220","potions_obtained":[{"floor":3,"key":"BlessingOfTheForge"},{"floor":5,"key":"SkillPotion"},{"floor":7,"key":"Strength Potion"},{"floor":10,"key":"BlessingOfTheForge"},{"floor":12,"key":"PowerPotion"},{"floor":17,"key":"Explosive Potion"},{"floor":21,"key":"Block Potion"},{"floor":33,"key":"SpeedPotion"},{"floor":44,"key":"SneckoOil"},{"floor":45,"key":"AttackPotion"},{"floor":47,"key":"Weak Potion"}],"is_trial":false,"path_per_floor":["M","?","M","M","M","R","E","R","T","M","R","E","R","E","R","B",null,"M","M","M","M","M","R","M","E","T","R","?","R","?","$","R","B",null,"M","?","$","?","?","R","?","M","T","M","M","$","M","?","R","B"],"character_chosen":"THE_ANIMATOR","items_purchased":["Bottled Lightning","MealTicket","Frozen Eye","Regen Potion","animator:HigakiRinne","animator:Canti+1","War Paint"],"campfire_rested":6,"item_purchase_floors":[31,31,31,31,31,37,37],"current_hp_per_floor":[72,72,72,72,69,69,66,66,66,62,62,43,64,61,61,40,71,55,50,36,33,33,57,47,6,6,30,30,54,39,39,64,18,68,52,52,67,67,85,85,85,66,66,15,15,30,17,17,42,0,0],"gold":6,"neow_bonus":"TEN_PERCENT_HP_BONUS","is_daily":false,"chose_seed":false,"campfire_upgraded":4,"win_rate":0.0,"timestamp":1609014120,"path_taken":["M","?","M","M","M","R","E","R","T","M","R","E","R","E","R","BOSS","M","M","?","M","M","R","M","E","T","R","?","R","?","$","R","BOSS","M","?","$","?","?","R","?","M","T","M","M","$","?","?","R","BOSS"],"items_purchased_type":["Relic","Relic","Relic","Potion","Card","Card","Relic"],"build_version":"2020-12-22","purchased_purges":2,"victory":false,"max_hp_per_floor":[72,72,72,72,72,72,72,72,72,73,73,73,73,73,73,74,79,80,80,80,80,80,80,80,80,80,80,80,80,85,85,85,85,85,85,85,85,85,85,85,85,86,86,86,86,86,86,86,86,86,86],"card_choices":[{"not_picked":["animator:Tatsumaki","animator:Sonic"],"picked":"animator:Kaijin","floor":1},{"not_picked":["animator:RinTohsaka","animator:FielNirvalen"],"picked":"animator:Shinoa","floor":3},{"not_picked":["animator:FielNirvalen","animator:Azekura"],"picked":"animator:Lancer","floor":4},{"not_picked":["animator:Darkness","animator:Genos"],"picked":"animator:UneriGinkaku","floor":7},{"not_picked":["animator:IzunaHatsuse","animator:Melzalgald"],"picked":"animator:HiiragiShinya","floor":10},{"not_picked":["animator:Shichika","animator:HiiragiShinya","animator:FielNirvalen"],"picked":"SKIP","floor":12},{"not_picked":["animator:Mitsurugi+1","animator:Verdia"],"picked":"animator:Megumin+1","floor":14},{"not_picked":["animator:Hans","animator:HigakiRinne"],"picked":"animator:Eris","floor":16},{"not_picked":["animator:Yuuichirou+1","animator:Megumin+1"],"picked":"animator:Chris+1","floor":17},{"not_picked":["animator:Assassin+1","animator:Kaijin"],"picked":"animator:Benimaru+1","floor":18},{"not_picked":["animator:SilverFang+1","animator:Megumin+1"],"picked":"animator:Eris","floor":19},{"not_picked":["animator:DolaRiku","animator:SilverFang","animator:ZankiKiguchi+1"],"picked":"SKIP","floor":20},{"not_picked":["animator:Togame","animator:TsurugaMeisai"],"picked":"animator:UneriGinkaku+1","floor":21},{"not_picked":["animator:Nanami","animator:Millim+1"],"picked":"animator:Emonzaemon+1","floor":22},{"not_picked":["animator:Yoichi","animator:MumenRider+1"],"picked":"animator:IzunaHatsuse","floor":24},{"not_picked":["animator:HiiragiShinya","animator:RinTohsaka"],"picked":"animator:Tet+1","floor":25},{"not_picked":["animator:Saber+1","animator:Shiro"],"picked":"animator:FeridBathory","floor":33},{"not_picked":["animator:Shuna","animator:Shion+1"],"picked":"animator:Kaijin","floor":35},{"not_picked":["animator:Darkness","animator:MetalKnight+1"],"picked":"animator:CrowleyEusford+1","floor":42},{"not_picked":["animator:Shion+1","animator:Berserker+1"],"picked":"animator:MumenRider+1","floor":44},{"not_picked":["animator:UneriGinkaku+1","animator:Illya+1"],"picked":"animator:Lancer+1","floor":45},{"not_picked":["animator:Berserker+1","animator:Assassin+1"],"picked":"animator:ShinjiMatou","floor":47}],"player_experience":169237,"relics_obtained":[{"floor":7,"key":"MawBank"},{"floor":9,"key":"Smiling Mask"},{"floor":12,"key":"Molten Egg 2"},{"floor":14,"key":"Whetstone"},{"floor":25,"key":"Centennial Puzzle"},{"floor":26,"key":"animator:ShionDessert"},{"floor":43,"key":"Red Skull"}],"event_choices":[{"damage_healed":0,"gold_gain":0,"player_choice":"Paid Gold","damage_taken":0,"relics_obtained":["Pocketwatch"],"max_hp_gain":0,"max_hp_loss":0,"event_name":"WeMeetAgain","floor":2,"gold_loss":53},{"damage_healed":0,"gold_gain":0,"player_choice":"Madness","damage_taken":0,"relics_obtained":["betterThird:NestCultRelic"],"max_hp_gain":0,"max_hp_loss":0,"event_name":"betterThird:BetterNest","floor":28,"gold_loss":0},{"damage_healed":0,"gold_gain":0,"player_choice":"Shed Blood","damage_taken":20,"max_hp_gain":5,"max_hp_loss":0,"event_name":"Forgotten Altar","floor":30,"gold_loss":0},{"damage_healed":0,"gold_gain":0,"player_choice":"Ignored","damage_taken":0,"max_hp_gain":0,"max_hp_loss":0,"event_name":"Mysterious Sphere","floor":36,"gold_loss":0},{"cards_removed":["animator:Defend"],"damage_healed":0,"gold_gain":0,"player_choice":"Removed Skill","damage_taken":0,"max_hp_gain":0,"max_hp_loss":0,"event_name":"Falling","floor":38,"gold_loss":0},{"damage_healed":21,"gold_gain":0,"player_choice":"Writhe","damage_taken":0,"max_hp_gain":0,"max_hp_loss":0,"event_name":"Winding Halls","floor":39,"gold_loss":0,"cards_obtained":["Writhe"]},{"damage_healed":0,"gold_gain":0,"player_choice":"1 cards matched","damage_taken":0,"max_hp_gain":0,"max_hp_loss":0,"event_name":"Match and Keep!","floor":41,"gold_loss":0,"cards_obtained":["animator:Wiz"]},{"damage_healed":0,"gold_gain":0,"player_choice":"Paid","damage_taken":0,"relics_obtained":["Red Mask"],"max_hp_gain":0,"max_hp_loss":0,"event_name":"Tomb of Lord Red Mask","floor":48,"gold_loss":59}],"is_beta":false,"boss_relics":[{"not_picked":["SlaversCollar","Coffee Dripper"],"picked":"Tiny House"},{"not_picked":["SacredBark","animator:CursedBlade"],"picked":"Cursed Key"}],"items_purged_floors":[31,46],"is_endless":false,"potions_floor_spawned":[3,5,7,10,12,21,33,44,45,47],"killed_by":"Donu and Deca","ascension_level":5}}