{"host":"zig6x0mxqzam82fb","time":1609005915,"event":{"mods":["BaseMod","Block Reminder","Colored Map","Colored Powertips","Minty Spire (QoL Compilation)","Relic Stats"],"gold_per_floor":[110,120,134,147,4,32,32,59,59,79,95,95,95,13,13,114,114,133,151,165,9,9,9,26,26,26,26,26,46,0,0,0,100,100,119,119,136,136,21,56,56,56,56,38,58,76,76,76],"floor_reached":47,"playtime":3692,"items_purged":[],"score":810,"play_id":"0ebc7068-b4db-4f40-909e-5bab9b988e09","local_time":"20201226130515","is_ascension_mode":true,"campfire_choices":[{"floor":7,"key":"REST"},{"floor":12,"key":"REST"},{"floor":15,"key":"REST"},{"floor":23,"key":"REST"},{"floor":28,"key":"REST"},{"floor":32,"key":"REST"},{"floor":41,"key":"REST"}],"circlet_count":0,"master_deck":["AscendersBane","Strike_B+1","Defend_B","Defend_B","Defend_B","Zap","Dualcast","Doom and Gloom+1","Coolheaded","Leap","Conserve Battery","Echo Form","Sweeping Beam","Reinforced Body","Coolheaded","Sweeping Beam","Defragment","Machine Learning","Streamline","Cold Snap+1","Fusion","Conserve Battery","Stack","Coolheaded+1","Sweeping Beam","Cold Snap","White Noise","Capacitor","Echo Form","Conserve Battery+1","Chill+1","Conserve Battery","Coolheaded","Ball Lightning","Creative AI"],"relics":["Cracked Core","Whetstone","Bronze Scales","HornCleat","Snecko Eye","Orrery","The Courier","Sozu","Strawberry","Pantograph","Akabeko"],"acts_visited":["Exordium","TheCity","TheBeyond"],"potions_floor_usage":[3,6,11,19,20,20,27,37],"damage_taken":[{"damage":1,"enemies":"Cultist","floor":1,"turns":3},{"damage":8,"enemies":"2 Louse","floor":2,"turns":2},{"damage":8,"enemies":"Small Slimes","floor":3,"turns":3},{"damage":26,"enemies":"Exordium Wildlife","floor":4,"turns":6},{"damage":29,"enemies":"3 Sentries","floor":6,"turns":8},{"damage":0,"enemies":"Lagavulin","floor":8,"turns":6},{"damage":6,"enemies":"2 Fungi Beasts","floor":10,"turns":3},{"damage":0,"enemies":"Large Slime","floor":11,"turns":7},{"damage":18,"enemies":"The Guardian","floor":16,"turns":11},{"damage":21,"enemies":"Chosen","floor":18,"turns":6},{"damage":3,"enemies":"3 Byrds","floor":19,"turns":3},{"damage":10,"enemies":"Centurion and Healer","floor":20,"turns":5},{"damage":33,"enemies":"3 Cultists","floor":24,"turns":5},{"damage":20,"enemies":"Colosseum Slavers","floor":27,"turns":2},{"damage":0,"enemies":"Snecko","floor":29,"turns":7},{"damage":46,"enemies":"Automaton","floor":33,"turns":13},{"damage":25,"enemies":"3 Darklings","floor":35,"turns":4},{"damage":27,"enemies":"3 Shapes","floor":37,"turns":3},{"damage":23,"enemies":"Reptomancer","floor":40,"turns":7},{"damage":17,"enemies":"Jaw Worm Horde","floor":45,"turns":4},{"damage":0,"enemies":"Maw","floor":46,"turns":8},{"damage":35,"enemies":"Writhing Mass","floor":47,"turns":5}],"seed_played":"5075757324794972451","potions_obtained":[{"floor":1,"key":"DistilledChaos"},{"floor":2,"key":"Weak Potion"},{"floor":3,"key":"LiquidBronze"},{"floor":11,"key":"Block Potion"},{"floor":16,"key":"SkillPotion"},{"floor":18,"key":"SkillPotion"},{"floor":24,"key":"AttackPotion"},{"floor":33,"key":"SteroidPotion"}],"is_trial":false,"path_per_floor":["M","M","M","M","$","E","R","E","T","M","M","R","?","$","R","B",null,"M","M","M","$","$","R","M","?","T","?","R","M","?","?","R","B",null,"M","?","M","?","$","E","R","?","T","$","M","M","M"],"character_chosen":"DEFECT","items_purchased":["Echo Form","Defragment","Orrery","Strawberry","Coolheaded"],"campfire_rested":7,"item_purchase_floors":[5,14,21,39,44],"current_hp_per_floor":[74,66,58,32,32,3,27,27,27,21,21,45,45,45,69,51,74,53,50,40,40,40,64,31,31,31,11,35,35,35,35,59,13,65,40,72,45,45,52,29,52,52,52,52,35,35,0,0],"gold":76,"neow_bonus":"TEN_PERCENT_HP_BONUS","is_daily":false,"chose_seed":false,"campfire_upgraded":0,"win_rate":0.0,"timestamp":1609005915,"path_taken":["M","M","M","M","$","E","R","E","T","M","M","R","?","$","R","BOSS","M","M","M","?","$","R","M","?","T","?","R","?","?","?","R","BOSS","M","?","M","?","$","E","R","?","T","$","?","M","M"],"items_purchased_type":["Card","Card","Relic","Relic","Card"],"build_version":"2020-12-22","purchased_purges":0,"victory":false,"max_hp_per_floor":[82,82,82,82,82,82,82,82,82,82,82,82,82,82,82,82,82,82,82,82,82,82,82,82,82,82,82,82,82,82,82,82,82,82,82,72,72,72,79,79,79,79,79,79,79,79,79,79],"relic_stats":{"Sozu":3,"counters":[22,121],"Bronze Scales":[327],"Pantograph":0,"Snecko Eye":[130,146,169,133],"Whetstone":["Strike_B","Doom and Gloom"],"obtain_stats":[{"Sozu":34,"HornCleat":9,"Bronze Scales":8,"Strawberry":39,"Pantograph":40,"Snecko Eye":17,"Orrery":21,"The Courier":26,"Whetstone":6,"Cracked Core":0,"Akabeko":43},{"Sozu":16,"HornCleat":6,"Bronze Scales":6,"Strawberry":18,"Pantograph":19,"Snecko Eye":9,"Orrery":12,"The Courier":13,"Whetstone":5,"Cracked Core":0,"Akabeko":19},{"Sozu":90,"HornCleat":28,"Bronze Scales":28,"Strawberry":97,"Pantograph":104,"Snecko Eye":49,"Orrery":63,"The Courier":68,"Whetstone":22,"Cracked Core":0,"Akabeko":104}]},"card_choices":[{"not_picked":["Consume","Rebound"],"picked":"Doom and Gloom","floor":1},{"not_picked":["Consume","Genetic Algorithm"],"picked":"Coolheaded","floor":2},{"not_picked":["Genetic Algorithm","Beam Cell"],"picked":"Leap","floor":3},{"not_picked":["Consume","Storm"],"picked":"Conserve Battery","floor":4},{"not_picked":["Stack","Blizzard"],"picked":"Sweeping Beam","floor":6},{"not_picked":["Biased Cognition","Stack"],"picked":"Reinforced Body","floor":8},{"not_picked":["Recycle","Conserve Battery"],"picked":"Coolheaded","floor":10},{"not_picked":["Recycle","Go for the Eyes"],"picked":"Sweeping Beam","floor":11},{"not_picked":["Thunder Strike","Multi-Cast"],"picked":"Machine Learning","floor":16},{"not_picked":["Steam","Redo","Gash"],"picked":"SKIP","floor":18},{"not_picked":["Compile Driver+1","FTL"],"picked":"Streamline","floor":19},{"not_picked":["Conserve Battery","White Noise"],"picked":"Cold Snap+1","floor":20},{"not_picked":["Rebound","Conserve Battery"],"picked":"Fusion","floor":21},{"not_picked":["Stack","Hologram"],"picked":"Conserve Battery","floor":21},{"not_picked":["Reprogram+1","Leap"],"picked":"Stack","floor":21},{"not_picked":["Storm+1","Skim"],"picked":"Coolheaded+1","floor":21},{"not_picked":["Stack","Steam"],"picked":"Sweeping Beam","floor":21},{"not_picked":["Steam","Leap"],"picked":"Cold Snap","floor":24},{"not_picked":["Rip and Tear","Conserve Battery"],"picked":"Capacitor","floor":29},{"not_picked":["Core Surge","Multi-Cast"],"picked":"Echo Form","floor":33},{"not_picked":["Go for the Eyes+1","Blizzard"],"picked":"Conserve Battery+1","floor":35},{"not_picked":["Leap","Tempest+1"],"picked":"Chill+1","floor":37},{"not_picked":["Beam Cell","Gash","Skim"],"picked":"SKIP","floor":40},{"not_picked":["Darkness+1","Rebound+1"],"picked":"Ball Lightning","floor":45},{"not_picked":["Undo","Barrage+1"],"picked":"Creative AI","floor":46}],"player_experience":331999,"relics_obtained":[{"floor":6,"key":"Whetstone"},{"floor":8,"key":"Bronze Scales"},{"floor":9,"key":"HornCleat"},{"floor":26,"key":"The Courier"},{"floor":40,"key":"Pantograph"},{"floor":43,"key":"Akabeko"}],"event_choices":[{"cards_removed":["Defend_B"],"damage_healed":0,"gold_gain":0,"player_choice":"Offered Basic","damage_taken":0,"max_hp_gain":0,"max_hp_loss":0,"event_name":"Bonfire Elementals","floor":13,"gold_loss":0},{"damage_healed":0,"gold_gain":0,"cards_transformed":["Strike_B","Strike_B"],"player_choice":"Became Test Subject","damage_taken":0,"max_hp_gain":0,"max_hp_loss":0,"event_name":"Drug Dealer","floor":25,"gold_loss":0,"cards_obtained":["Steam","White Noise"]},{"damage_healed":0,"gold_gain":0,"player_choice":"Fight","damage_taken":0,"max_hp_gain":0,"max_hp_loss":0,"event_name":"Colosseum","floor":27,"gold_loss":0},{"damage_healed":0,"gold_gain":0,"player_choice":"Fled From Nobs","damage_taken":0,"max_hp_gain":0,"max_hp_loss":0,"event_name":"Colosseum","floor":27,"gold_loss":0},{"damage_healed":0,"gold_gain":0,"player_choice":"Paid Fearfully","damage_taken":0,"max_hp_gain":0,"max_hp_loss":0,"event_name":"Masked Bandits","floor":30,"gold_loss":46},{"damage_healed":0,"gold_gain":0,"player_choice":"Ignored","damage_taken":0,"max_hp_gain":0,"max_hp_loss":0,"event_name":"Ghosts","floor":31,"gold_loss":0},{"damage_healed":72,"gold_gain":0,"player_choice":"Heal","damage_taken":0,"max_hp_gain":0,"max_hp_loss":10,"event_name":"The Moai Head","floor":36,"gold_loss":0},{"cards_removed":["Steam"],"damage_healed":0,"gold_gain":0,"player_choice":"Removed Skill","damage_taken":0,"max_hp_gain":0,"max_hp_loss":0,"event_name":"Falling","floor":38,"gold_loss":0},{"damage_healed":0,"gold_gain":0,"cards_transformed":["Strike_B"],"player_choice":"Transformed","damage_taken":0,"max_hp_gain":0,"max_hp_loss":0,"event_name":"Transmorgrifier","floor":42,"gold_loss":0,"cards_obtained":["Conserve Battery"]}],"is_beta":false,"boss_relics":[{"not_picked":["Nuclear Battery","Astrolabe"],"picked":"Snecko Eye"},{"not_picked":["Tiny House","Runic Dome"],"picked":"Sozu"}],"items_purged_floors":[],"is_endless":false,"potions_floor_spawned":[1,2,3,11,16,18,24,33,35,40,46],"killed_by":"Writhing Mass","ascension_level":10}}