{"host":"h4390p13uu6iw1q5","time":1609016127,"event":{"mods":["BaseMod","Colored Map","Minty Spire (QoL Compilation)"],"gold_per_floor":[114,129,48,63,78,78,108,123,123,123,138,138,153,168,168,268,268,283,283,55,55,70,100,100,130,155,170,170,185,205,220,220,320,320,335,335,350,365,380,380,410,410,435,435,435,450,450,450],"floor_reached":47,"playtime":5044,"items_purged":[],"score":576,"play_id":"1fd2a8c7-650f-440b-a7c0-fda5da20235f","local_time":"20201226155527","daily_mods":["SealedDeck","Diverse","Binary"],"is_ascension_mode":false,"campfire_choices":[{"data":"Beam Cell","floor":6,"key":"SMITH"},{"data":"Deflect","floor":10,"key":"SMITH"},{"data":"Inflame","floor":12,"key":"SMITH"},{"data":"Cleave","floor":15,"key":"SMITH"},{"data":"Feel No Pain","floor":24,"key":"SMITH"},{"data":"Meditate","floor":28,"key":"SMITH"},{"data":"Riddle With Holes","floor":32,"key":"SMITH"},{"floor":40,"key":"REST"},{"data":"Madness","floor":42,"key":"SMITH"},{"data":"Shrug It Off","floor":45,"key":"SMITH"}],"circlet_count":0,"master_deck":["Halt","Deflect+1","EmptyFist","Beam Cell+1","Dropkick","Collect","Feel No Pain+1","Streamline+1","Crescendo","Genetic Algorithm","Riddle With Holes+1","CarveReality","Leg Sweep","Acrobatics","Cleave+1","Inflame+1","WaveOfTheHand","SandsOfTime","DevaForm","Concentrate+1","Wireheading","Meditate+1","Regret","Perseverance+1","Second Wind","Judgement","Shrug It Off+1","Madness","Madness+1","Escape Plan","Armaments+1","Prepared","Infinite Blades+1","Parasite","Power Through+1"],"relics":["Burning Blood","Blood Vial","Sundial","Cursed Key","Red Skull","PreservedInsect","Champion Belt","Incense Burner","Bronze Scales","Red Mask","SlaversCollar","Nunchaku","Akabeko"],"acts_visited":["Exordium","TheCity","TheBeyond"],"potions_floor_usage":[8,8,8,23,25,33],"damage_taken":[{"damage":0,"enemies":"Cultist","floor":1,"turns":3},{"damage":0,"enemies":"Small Slimes","floor":2,"turns":3},{"damage":0,"enemies":"2 Louse","floor":4,"turns":3},{"damage":9,"enemies":"Large Slime","floor":5,"turns":4},{"damage":14,"enemies":"Lagavulin","floor":7,"turns":4},{"damage":29,"enemies":"Gremlin Gang","floor":8,"turns":4},{"damage":0,"enemies":"2 Fungi Beasts","floor":11,"turns":3},{"damage":3,"enemies":"Exordium Thugs","floor":13,"turns":4},{"damage":0,"enemies":"Exordium Wildlife","floor":14,"turns":4},{"damage":0,"enemies":"Slime Boss","floor":16,"turns":4},{"damage":3,"enemies":"Chosen","floor":18,"turns":4},{"damage":7,"enemies":"Shell Parasite","floor":22,"turns":4},{"damage":2,"enemies":"Book of Stabbing","floor":23,"turns":4},{"damage":12,"enemies":"Slavers","floor":25,"turns":3},{"damage":12,"enemies":"Chosen and Byrds","floor":27,"turns":3},{"damage":1,"enemies":"Centurion and Healer","floor":29,"turns":5},{"damage":5,"enemies":"Masked Bandits","floor":30,"turns":3},{"damage":12,"enemies":"Shelled Parasite and Fungi","floor":31,"turns":5},{"damage":17,"enemies":"Collector","floor":33,"turns":8},{"damage":39,"enemies":"3 Darklings","floor":35,"turns":4},{"damage":0,"enemies":"Orb Walker","floor":37,"turns":2},{"damage":18,"enemies":"Maw","floor":38,"turns":6},{"damage":24,"enemies":"Sphere and 2 Shapes","floor":39,"turns":7},{"damage":4,"enemies":"Giant Head","floor":41,"turns":7},{"damage":34,"enemies":"Writhing Mass","floor":46,"turns":4},{"damage":33,"enemies":"Transient","floor":47,"turns":5}],"seed_played":"5451747836825439005","potions_obtained":[{"floor":4,"key":"SkillPotion"},{"floor":5,"key":"SneckoOil"},{"floor":7,"key":"Energy Potion"},{"floor":11,"key":"DistilledChaos"},{"floor":13,"key":"DistilledChaos"},{"floor":18,"key":"Weak Potion"},{"floor":25,"key":"SneckoOil"},{"floor":29,"key":"SteroidPotion"},{"floor":33,"key":"LiquidBronze"},{"floor":37,"key":"Dexterity Potion"}],"is_trial":false,"path_per_floor":["M","M","$","M","M","R","E","M","T","R","M","R","M","M","R","B",null,"M","?","$","?","M","E","R","E","T","M","R","M","?","M","R","B",null,"M","?","M","M","M","R","E","R","T","?","R","M","M"],"character_chosen":"IRONCLAD","items_purchased":["Leg Sweep","Wireheading","Red Skull"],"campfire_rested":1,"item_purchase_floors":[3,20,20],"current_hp_per_floor":[80,80,80,80,77,77,69,48,48,48,56,56,61,69,69,77,80,80,80,80,80,79,80,80,74,74,70,70,77,80,74,74,65,80,47,37,45,35,19,43,47,47,47,47,47,21,0,0],"gold":450,"neow_bonus":"","is_daily":true,"chose_seed":false,"campfire_upgraded":9,"win_rate":0.0,"timestamp":1609016127,"path_taken":["M","M","$","M","M","R","E","?","T","R","M","R","M","M","R","BOSS","M","?","$","?","M","E","R","E","T","M","R","M","?","M","R","BOSS","M","?","M","M","M","R","E","R","T","?","R","M","?"],"items_purchased_type":["Card","Card","Relic"],"build_version":"2020-12-22","purchased_purges":0,"victory":false,"max_hp_per_floor":[80,80,80,80,80,80,80,80,80,80,80,80,80,80,80,80,80,80,80,80,80,80,80,80,80,80,80,80,80,80,80,80,80,80,80,80,80,80,80,80,80,80,80,80,80,80,80,80],"card_choices":[{"not_picked":["Turbo"],"picked":"Riddle With Holes","floor":1},{"not_picked":["Streamline"],"picked":"CarveReality","floor":2},{"not_picked":["Outmaneuver"],"picked":"Acrobatics","floor":4},{"not_picked":["Turbo"],"picked":"Cleave","floor":5},{"not_picked":["Pray"],"picked":"Inflame","floor":7},{"not_picked":["Acrobatics","CarveReality"],"picked":"SKIP","floor":8},{"not_picked":["Go for the Eyes"],"picked":"WaveOfTheHand","floor":11},{"not_picked":["Ball Lightning"],"picked":"SandsOfTime","floor":13},{"not_picked":["Redo","Deflect"],"picked":"SKIP","floor":14},{"not_picked":["Rainbow"],"picked":"DevaForm","floor":16},{"not_picked":["Coolheaded"],"picked":"Concentrate+1","floor":18},{"not_picked":["Outmaneuver","Dropkick"],"picked":"SKIP","floor":22},{"not_picked":["SandsOfTime","ForeignInfluence"],"picked":"SKIP","floor":23},{"not_picked":["Turbo"],"picked":"Meditate","floor":25},{"not_picked":["FlyingSleeves"],"picked":"Perseverance+1","floor":27},{"not_picked":["Tactician"],"picked":"Second Wind","floor":29},{"not_picked":["Bane","Iron Wave"],"picked":"SKIP","floor":31},{"not_picked":["Glass Knife"],"picked":"Judgement","floor":33},{"not_picked":["Flex"],"picked":"Shrug It Off","floor":35},{"not_picked":["Outmaneuver"],"picked":"Escape Plan","floor":37},{"not_picked":["Consecrate"],"picked":"Armaments+1","floor":38},{"not_picked":["Perfected Strike"],"picked":"Prepared","floor":39},{"not_picked":["Compile Driver+1"],"picked":"Infinite Blades+1","floor":41},{"not_picked":["Blade Dance+1"],"picked":"Power Through+1","floor":46}],"player_experience":2379885,"relics_obtained":[{"floor":7,"key":"Blood Vial"},{"floor":9,"key":"Sundial"},{"floor":23,"key":"Champion Belt"},{"floor":25,"key":"Incense Burner"},{"floor":26,"key":"Bronze Scales"},{"floor":30,"key":"Red Mask"},{"floor":41,"key":"Nunchaku"},{"floor":43,"key":"Akabeko"}],"event_choices":[{"damage_healed":0,"gold_gain":0,"player_choice":"Upgraded","damage_taken":0,"max_hp_gain":0,"max_hp_loss":0,"event_name":"Upgrade Shrine","floor":19,"gold_loss":0,"cards_upgraded":["Streamline"]},{"damage_healed":0,"gold_gain":0,"player_choice":"Opened","damage_taken":0,"relics_obtained":["PreservedInsect"],"max_hp_gain":0,"max_hp_loss":0,"event_name":"The Mausoleum","floor":21,"gold_loss":0},{"damage_healed":0,"gold_gain":0,"player_choice":"Fought Bandits","damage_taken":0,"max_hp_gain":0,"max_hp_loss":0,"event_name":"Masked Bandits","floor":30,"gold_loss":0},{"damage_healed":0,"gold_gain":0,"player_choice":"Embrace Madness","damage_taken":10,"max_hp_gain":0,"max_hp_loss":0,"event_name":"Winding Halls","floor":36,"gold_loss":0,"cards_obtained":["Madness","Madness"]},{"damage_healed":0,"gold_gain":0,"player_choice":"Bought 0 Potions","damage_taken":0,"max_hp_gain":0,"max_hp_loss":0,"event_name":"The Woman in Blue","floor":44,"gold_loss":0}],"is_beta":false,"boss_relics":[{"not_picked":["Runic Cube","Velvet Choker"],"picked":"Cursed Key"},{"not_picked":["Fusion Hammer","Coffee Dripper"],"picked":"SlaversCollar"}],"items_purged_floors":[],"is_endless":false,"potions_floor_spawned":[4,5,7,11,13,18,25,29,30,33,37,39,46],"killed_by":"Transient","ascension_level":0}}