{"host":"7sni158j623xchr2","time":1609005904,"event":{"mods":["BaseMod","Colored Map","Highlight Path","Minty Spire (QoL Compilation)","Permanent Neow","Potion Indicator Mod","Rare Cards Sparkle","Relic Sorter","Relic Stats","StSLib","everything is the same but u backflip on backflip"],"gold_per_floor":[112,44,58,77,89,115,115,142,142,142,152,152,181,234,234,336,336,276,5,5,5,5,5,5,5,5,5,5,5,5,5,5,5,5,5,5,5,5,5,5,5,5,5,5,5,5,5,5,5,5,5,5,5,5,5],"floor_reached":56,"playtime":2329,"items_purged":["Strike_B"],"score":1468,"play_id":"8f6c824a-bfde-4c36-94ad-bcd452c59670","local_time":"20201226120504","is_ascension_mode":true,"campfire_choices":[{"data":"Rip and Tear","floor":7,"key":"SMITH"},{"floor":10,"key":"REST"},{"data":"Melter","floor":12,"key":"SMITH"},{"floor":15,"key":"REST"},{"floor":24,"key":"REST"},{"data":"Rainbow","floor":32,"key":"SMITH"},{"data":"Consume","floor":41,"key":"SMITH"},{"floor":49,"key":"RECALL"},{"floor":52,"key":"DIG"}],"circlet_count":0,"master_deck":["Zap","Dualcast","Genetic Algorithm","Rip and Tear+1","Reinforced Body","Melter+1","Chill","Rainbow+1","Ball Lightning+1","Go for the Eyes+1","Echo Form","Barrage+1","Genetic Algorithm","Master of Strategy","FTL+1","Reinforced Body","Sweeping Beam+1","Writhe","Defragment+1","Defragment+1","Static Discharge+1","Rainbow","Cold Snap+1","Force Field","Force Field","BootSequence","Cold Snap+1","Force Field","BootSequence","Barrage+1","Chaos+1","Consume+1","Defragment+1","Echo Form+1","Static Discharge+1","Coolheaded+1","Decay","Lockon+1"],"relics":["Inserter","Thread and Needle","Blue Candle","Molten Egg 2","The Courier","Dream Catcher","Ectoplasm","Enchiridion","Red Mask","Eternal Feather","Art of War","Frozen Egg 2","PreservedInsect","Pantograph","Pandora\u0027s Box","Pear","Orichalcum","Shovel","Kunai","HornCleat","Anchor"],"acts_visited":["Exordium","TheCity","TheBeyond","TheEnding"],"potions_floor_usage":[6,8,13,21,25,40,50],"damage_taken":[{"damage":4,"enemies":"Cultist","floor":1,"turns":5},{"damage":0,"enemies":"Jaw Worm","floor":3,"turns":4},{"damage":0,"enemies":"Small Slimes","floor":4,"turns":3},{"damage":10,"enemies":"Looter","floor":5,"turns":5},{"damage":34,"enemies":"3 Sentries","floor":6,"turns":8},{"damage":25,"enemies":"Gremlin Nob","floor":8,"turns":6},{"damage":0,"enemies":"Large Slime","floor":11,"turns":6},{"damage":0,"enemies":"3 Sentries","floor":13,"turns":5},{"damage":12,"enemies":"The Guardian","floor":16,"turns":11},{"damage":11,"enemies":"2 Thieves","floor":18,"turns":4},{"damage":23,"enemies":"Masked Bandits","floor":21,"turns":4},{"damage":0,"enemies":"Spheric Guardian","floor":22,"turns":3},{"damage":13,"enemies":"Book of Stabbing","floor":23,"turns":6},{"damage":3,"enemies":"Gremlin Leader","floor":25,"turns":6},{"damage":11,"enemies":"Slavers","floor":29,"turns":5},{"damage":1,"enemies":"Centurion and Healer","floor":30,"turns":5},{"damage":4,"enemies":"Snake Plant","floor":31,"turns":4},{"damage":15,"enemies":"Collector","floor":33,"turns":6},{"damage":1,"enemies":"Orb Walker","floor":35,"turns":4},{"damage":0,"enemies":"3 Darklings","floor":36,"turns":4},{"damage":13,"enemies":"Jaw Worm Horde","floor":37,"turns":5},{"damage":1,"enemies":"Transient","floor":38,"turns":5},{"damage":1,"enemies":"Maw","floor":39,"turns":8},{"damage":29,"enemies":"Reptomancer","floor":40,"turns":5},{"damage":17,"enemies":"Sphere and 2 Shapes","floor":42,"turns":4},{"damage":1,"enemies":"Mind Bloom Boss Battle","floor":44,"turns":5},{"damage":7,"enemies":"Nemesis","floor":46,"turns":5},{"damage":4,"enemies":"Transient","floor":47,"turns":5},{"damage":40,"enemies":"Jaw Worm Horde","floor":48,"turns":4},{"damage":2,"enemies":"Donu and Deca","floor":50,"turns":9},{"damage":8,"enemies":"Shield and Spear","floor":54,"turns":7},{"damage":81,"enemies":"The Heart","floor":55,"turns":12}],"seed_played":"2780803496106006761","potions_obtained":[{"floor":5,"key":"Strength Potion"},{"floor":6,"key":"Explosive Potion"},{"floor":11,"key":"Swift Potion"},{"floor":13,"key":"Fire Potion"},{"floor":23,"key":"Fire Potion"},{"floor":25,"key":"LiquidBronze"},{"floor":31,"key":"FearPotion"},{"floor":33,"key":"EssenceOfSteel"},{"floor":36,"key":"Ancient Potion"},{"floor":39,"key":"SkillPotion"},{"floor":44,"key":"FearPotion"}],"is_trial":false,"path_per_floor":["M","$","M","M","M","E","R","E","T","R","M","R","E","T","R","B",null,"M","$","?","?","M","E","R","E","T","?","?","E","M","M","R","B",null,"M","M","M","M","M","E","R","M","T","?","?","E","M","M","R","B",null,"R","$","E","B",null],"character_chosen":"DEFECT","items_purchased":["Rip and Tear","Genetic Algorithm","Master of Strategy"],"campfire_rested":3,"item_purchase_floors":[2,19,19],"current_hp_per_floor":[71,71,71,71,61,27,27,2,2,24,24,24,24,24,46,34,75,64,64,48,25,25,12,46,43,43,43,43,32,31,27,42,52,75,74,74,61,60,59,40,61,44,44,68,68,61,57,17,38,61,85,85,85,77,4],"gold":5,"neow_bonus":"BOSS_RELIC","is_daily":false,"chose_seed":false,"campfire_upgraded":4,"win_rate":0.0,"timestamp":1609005904,"path_taken":["M","$","M","?","?","E","R","E","T","R","M","R","E","?","R","BOSS","M","$","?","?","M","E","R","E","T","?","?","E","M","?","R","BOSS","M","M","M","M","M","E","R","M","T","?","?","E","M","?","R","BOSS","R","$","E","BOSS"],"items_purchased_type":["Card","Card","Card"],"build_version":"2020-12-22","purchased_purges":1,"victory":true,"max_hp_per_floor":[75,75,75,75,75,75,75,75,75,75,75,75,75,75,75,75,75,75,75,75,75,75,75,75,75,75,75,75,75,75,75,75,75,75,75,75,75,75,75,85,85,85,85,85,85,85,85,85,85,85,85,85,85,85,85],"relic_stats":{"Inserter":[89],"counters":[32,178],"Blue Candle":[22],"Eternal Feather":69,"PreservedInsect":214,"Orichalcum":[24],"Dream Catcher":2,"Shovel":1,"Pantograph":83,"Pandora\u0027s Box":["Cold Snap","Force Field","Force Field","BootSequence","Cold Snap","Force Field","BootSequence"],"Ectoplasm":597,"Art of War":[20],"Kunai":[7],"obtain_stats":[{"Inserter":0,"Pear":40,"Blue Candle":8,"Enchiridion":20,"Thread and Needle":6,"Eternal Feather":23,"The Courier":13,"PreservedInsect":28,"Frozen Egg 2":27,"Orichalcum":43,"Dream Catcher":14,"Anchor":54,"Shovel":44,"HornCleat":52,"Pantograph":29,"Molten Egg 2":9,"Pandora\u0027s Box":34,"Ectoplasm":17,"Red Mask":21,"Art of War":25,"Kunai":46,"Cracked Core":0},{"Inserter":0,"Pear":24,"Blue Candle":6,"Enchiridion":10,"Thread and Needle":5,"Eternal Feather":13,"The Courier":8,"PreservedInsect":14,"Frozen Egg 2":14,"Orichalcum":25,"Dream Catcher":8,"Anchor":31,"Shovel":26,"HornCleat":30,"Pantograph":15,"Molten Egg 2":6,"Pandora\u0027s Box":18,"Ectoplasm":9,"Red Mask":11,"Art of War":14,"Kunai":27,"Cracked Core":0},{"Inserter":0,"Pear":127,"Blue Candle":31,"Enchiridion":57,"Thread and Needle":25,"Eternal Feather":70,"The Courier":42,"PreservedInsect":76,"Frozen Egg 2":76,"Orichalcum":131,"Dream Catcher":42,"Anchor":166,"Shovel":136,"HornCleat":159,"Pantograph":81,"Molten Egg 2":31,"Pandora\u0027s Box":96,"Ectoplasm":53,"Red Mask":61,"Art of War":76,"Kunai":141,"Cracked Core":0}]},"card_choices":[{"not_picked":["Cold Snap","Go for the Eyes"],"picked":"Genetic Algorithm","floor":1},{"not_picked":["Redo","Go for the Eyes","Stack"],"picked":"SKIP","floor":3},{"not_picked":["Hologram","Barrage"],"picked":"Reinforced Body","floor":4},{"not_picked":["Storm","Streamline"],"picked":"Melter","floor":5},{"not_picked":["Stack","Capacitor"],"picked":"Chill","floor":6},{"not_picked":["FTL","Gash"],"picked":"Rainbow","floor":8},{"not_picked":["Hologram","Coolheaded"],"picked":"Ball Lightning+1","floor":11},{"not_picked":["Beam Cell+1","Hologram"],"picked":"Go for the Eyes+1","floor":13},{"not_picked":["Rainbow","Creative AI"],"picked":"Echo Form","floor":16},{"not_picked":["Barrage+1","Leap","Redo"],"picked":"SKIP","floor":18},{"not_picked":["Leap","Redo"],"picked":"Barrage+1","floor":18},{"not_picked":["Capacitor","Beam Cell+1"],"picked":"FTL+1","floor":21},{"not_picked":["Gash+1","BootSequence"],"picked":"Reinforced Body","floor":22},{"not_picked":["Hologram","Recycle","Genetic Algorithm"],"picked":"SKIP","floor":23},{"not_picked":["Tempest","Leap"],"picked":"Sweeping Beam+1","floor":24},{"not_picked":["Leap","Coolheaded","Doom and Gloom+1"],"picked":"SKIP","floor":25},{"not_picked":["Ball Lightning+1","Aggregate"],"picked":"Defragment+1","floor":29},{"not_picked":["Blizzard+1","Barrage+1"],"picked":"Defragment+1","floor":30},{"not_picked":["Sweeping Beam+1","Rebound+1"],"picked":"Static Discharge+1","floor":31},{"not_picked":["Core Surge+1","All For One+1"],"picked":"Rainbow","floor":33},{"not_picked":["Streamline+1","Undo+1","Barrage+1"],"picked":"SKIP","floor":35},{"not_picked":["Streamline+1","Undo+1"],"picked":"Barrage+1","floor":35},{"not_picked":["Compile Driver+1","Leap+1"],"picked":"Chaos+1","floor":36},{"not_picked":["Hologram","Rebound+1"],"picked":"Consume","floor":37},{"not_picked":["Redo","Skim+1"],"picked":"Defragment+1","floor":38},{"not_picked":["Lockon+1","FTL+1"],"picked":"Echo Form+1","floor":39},{"not_picked":["Steam+1","Ball Lightning+1"],"picked":"Static Discharge+1","floor":40},{"not_picked":["Go for the Eyes+1","Turbo","Steam"],"picked":"SKIP","floor":42},{"not_picked":["Echo Form+1","Sweeping Beam+1"],"picked":"Coolheaded+1","floor":44},{"not_picked":["Go for the Eyes+1","Melter+1","Cold Snap+1"],"picked":"SKIP","floor":46},{"not_picked":["Cold Snap+1","Static Discharge+1","Ball Lightning+1"],"picked":"SKIP","floor":47},{"not_picked":["Coolheaded","Go for the Eyes+1","Cold Snap+1"],"picked":"SKIP","floor":48},{"not_picked":["Static Discharge+1","Hologram+1"],"picked":"Lockon+1","floor":54}],"player_experience":1537977,"relics_obtained":[{"floor":6,"key":"Thread and Needle"},{"floor":8,"key":"Blue Candle"},{"floor":9,"key":"Molten Egg 2"},{"floor":13,"key":"The Courier"},{"floor":14,"key":"Dream Catcher"},{"floor":20,"key":"Enchiridion"},{"floor":21,"key":"Red Mask"},{"floor":23,"key":"Eternal Feather"},{"floor":25,"key":"Art of War"},{"floor":29,"key":"Pantograph"},{"floor":40,"key":"Pear"},{"floor":43,"key":"Orichalcum"},{"floor":44,"key":"Shovel"},{"floor":46,"key":"Kunai"},{"floor":52,"key":"HornCleat"},{"floor":54,"key":"Anchor"}],"event_choices":[{"damage_healed":0,"gold_gain":0,"player_choice":"Obtained Book","damage_taken":16,"max_hp_gain":0,"max_hp_loss":0,"event_name":"Cursed Tome","floor":20,"gold_loss":0},{"damage_healed":0,"gold_gain":0,"player_choice":"Fought Bandits","damage_taken":0,"max_hp_gain":0,"max_hp_loss":0,"event_name":"Masked Bandits","floor":21,"gold_loss":0},{"damage_healed":0,"gold_gain":0,"player_choice":"Opened","damage_taken":0,"relics_obtained":["Frozen Egg 2"],"max_hp_gain":0,"max_hp_loss":0,"event_name":"The Mausoleum","floor":27,"gold_loss":0,"cards_obtained":["Writhe"]},{"damage_healed":0,"gold_gain":0,"player_choice":"Gave Potion","damage_taken":0,"relics_obtained":["PreservedInsect"],"max_hp_gain":0,"max_hp_loss":0,"event_name":"WeMeetAgain","floor":28,"gold_loss":0},{"damage_healed":0,"gold_gain":0,"player_choice":"Fight","damage_taken":0,"max_hp_gain":0,"max_hp_loss":0,"event_name":"MindBloom","floor":44,"gold_loss":0},{"damage_healed":0,"gold_gain":0,"player_choice":"Cursed","damage_taken":0,"max_hp_gain":0,"max_hp_loss":0,"event_name":"Wheel of Change","floor":45,"gold_loss":0,"cards_obtained":["Decay"]}],"is_beta":false,"boss_relics":[{"not_picked":["Runic Pyramid","Calling Bell"],"picked":"Ectoplasm"},{"not_picked":["Cursed Key","SlaversCollar"],"picked":"Pandora\u0027s Box"}],"items_purged_floors":[19],"is_endless":false,"potions_floor_spawned":[5,6,11,13,23,25,31,33,36,38,39,44],"ascension_level":2}}