{"host":"1ltt377nc7aury4n","time":1609013022,"event":{"mods":["AchievementEnabler","BaseMod","Best Route Mod","Colored Powertips","Minty Spire (QoL Compilation)","StSLib"],"gold_per_floor":[15,15,15,34,50,76,93,93,118,43,43,68,79,99,99,194,194,208,222,222,233,133,133,133],"floor_reached":23,"playtime":5329,"items_purged":["Pain","Defend_B"],"score":223,"play_id":"6372b6e4-4525-4542-a5e5-4eb2bcc4a764","local_time":"20201226150342","is_ascension_mode":true,"campfire_choices":[{"floor":11,"key":"REST"},{"data":"Loop","floor":15,"key":"SMITH"}],"circlet_count":0,"master_deck":["Strike_B","Strike_B","Defend_B","Defend_B","Zap","Dualcast","Tempest","Steam","Melter","Beam Cell","Cold Snap","Streamline","Loop+1","Multi-Cast","Defragment","Glacier","Hologram","Hello World"],"relics":["Cracked Core","WarpedTongs","Lantern","Orichalcum","PreservedInsect","SlaversCollar","Blue Candle"],"acts_visited":["Exordium","TheCity"],"potions_floor_usage":[12,13,16,18],"damage_taken":[{"damage":8,"enemies":"Small Slimes","floor":1,"turns":2},{"damage":5,"enemies":"Cultist","floor":4,"turns":3},{"damage":7,"enemies":"Jaw Worm","floor":5,"turns":3},{"damage":27,"enemies":"Lagavulin","floor":6,"turns":4},{"damage":2,"enemies":"Exordium Thugs","floor":7,"turns":2},{"damage":4,"enemies":"3 Sentries","floor":12,"turns":5},{"damage":0,"enemies":"Large Slime","floor":13,"turns":2},{"damage":0,"enemies":"2 Fungi Beasts","floor":14,"turns":2},{"damage":11,"enemies":"Slime Boss","floor":16,"turns":7},{"damage":27,"enemies":"2 Thieves","floor":18,"turns":3},{"damage":0,"enemies":"Shell Parasite","floor":19,"turns":5},{"damage":47,"enemies":"Centurion and Healer","floor":21,"turns":5},{"damage":5,"enemies":"Gremlin Leader","floor":23,"turns":2}],"seed_played":"2306055978363915422","potions_obtained":[{"floor":1,"key":"PotionOfCapacity"},{"floor":4,"key":"LiquidMemories"},{"floor":12,"key":"SkillPotion"},{"floor":16,"key":"Energy Potion"},{"floor":19,"key":"SteroidPotion"},{"floor":21,"key":"Fire Potion"}],"is_trial":false,"path_per_floor":["M","?","$","M","M","E","M","?","T","$","R","E","M","M","R","B",null,"M","M","?","M","$","E"],"character_chosen":"DEFECT","items_purchased":[],"campfire_rested":1,"item_purchase_floors":[],"current_hp_per_floor":[67,67,67,62,55,28,26,26,26,26,48,44,44,44,44,33,75,48,48,48,1,1,0,0],"gold":133,"neow_bonus":"TRANSFORM_TWO_CARDS","is_daily":false,"chose_seed":false,"campfire_upgraded":1,"win_rate":0.0,"timestamp":1609013022,"path_taken":["M","?","$","M","M","E","?","?","T","$","R","E","M","M","R","BOSS","M","M","?","M","$","E"],"items_purchased_type":[],"build_version":"2020-12-22","purchased_purges":2,"victory":false,"max_hp_per_floor":[75,75,75,75,75,75,75,75,75,75,75,75,75,75,75,75,75,75,75,75,75,75,75,75],"card_choices":[{"not_picked":["Turbo","Gash"],"picked":"Melter","floor":1},{"not_picked":["Steam","Rebound"],"picked":"Beam Cell","floor":4},{"not_picked":["Leap","Steam"],"picked":"Cold Snap","floor":5},{"not_picked":["Go for the Eyes","Undo"],"picked":"Streamline","floor":6},{"not_picked":["Hologram","Storm"],"picked":"Loop","floor":7},{"not_picked":["Sweeping Beam","Melter","Storm"],"picked":"SKIP","floor":12},{"not_picked":["Self Repair","Storm"],"picked":"Defragment","floor":13},{"not_picked":["Tempest","Aggregate","Gash"],"picked":"SKIP","floor":14},{"not_picked":["Beam Cell","Conserve Battery"],"picked":"Glacier","floor":18},{"not_picked":["Redo","Sweeping Beam"],"picked":"Hologram","floor":19},{"not_picked":["Leap","Conserve Battery"],"picked":"Hello World","floor":21}],"player_experience":222557,"relics_obtained":[{"floor":6,"key":"Lantern"},{"floor":9,"key":"Orichalcum"},{"floor":12,"key":"PreservedInsect"}],"event_choices":[{"damage_healed":0,"gold_gain":0,"player_choice":"Rummage","damage_taken":0,"relics_obtained":["WarpedTongs"],"max_hp_gain":0,"max_hp_loss":0,"event_name":"Accursed Blacksmith","floor":2,"gold_loss":0,"cards_obtained":["Pain"]},{"damage_healed":0,"gold_gain":0,"cards_transformed":["Strike_B"],"player_choice":"Change","damage_taken":0,"max_hp_gain":0,"max_hp_loss":0,"event_name":"Living Wall","floor":8,"gold_loss":0,"cards_obtained":["Multi-Cast"]},{"damage_healed":0,"gold_gain":0,"player_choice":"Gave Potion","damage_taken":0,"relics_obtained":["Blue Candle"],"max_hp_gain":0,"max_hp_loss":0,"event_name":"WeMeetAgain","floor":20,"gold_loss":0}],"is_beta":false,"boss_relics":[{"not_picked":["Tiny House","Busted Crown"],"picked":"SlaversCollar"}],"items_purged_floors":[10,22],"is_endless":false,"potions_floor_spawned":[1,4,12,16,19,21],"killed_by":"Gremlin Leader","ascension_level":2}}