{"host":"Brown Brick","time":1609026452,"event":{"mods":["BaseMod","Melee Mod","Minty Spire (QoL Compilation)","Rare Cards Sparkle","Relic Stats","Robot Space Explorer","StSLib","The Marked","Unceasing Turn Reminder","everything is the same but u backflip on backflip"],"gold_per_floor":[113,75,92,45,220,255,255,275,275,275,309,94,129,205,205,300,300,311,328,328,243,257,293,293,293,347,386,286,66,84,118,118,222,222,245,183,183,183],"floor_reached":37,"playtime":2287,"items_purged":["Doubt"],"score":489,"play_id":"a35a1bd1-3dba-4c1b-81fd-b53c32b9b08a","local_time":"20201227004732","is_ascension_mode":false,"campfire_choices":[{"data":"theMarked:RogueSparks","floor":10,"key":"SMITH"},{"data":"theMarked:EnhancedHearing","floor":15,"key":"SMITH"},{"floor":24,"key":"REST"},{"floor":32,"key":"REST"}],"circlet_count":0,"master_deck":["theMarked:Strike","theMarked:Strike","theMarked:Strike","theMarked:Strike","theMarked:Strike","theMarked:Defend","theMarked:Defend","theMarked:Defend","theMarked:Defend","theMarked:SoldierOfQuellstein+1","theMarked:EnhancedHearing+1","theMarked:RogueSparks+1","theMarked:SwordAndMagic","theMarked:BindingBlade","theMarked:BindingBlade","theMarked:SuspiciousRaven","theMarked:EnhancedHearing+1","theMarked:DeterminationOfTheMarked+1","theMarked:TwofoldDefense","theMarked:HeritageOfTheMarked+1","theMarked:EnhancedHearing+1","theMarked:SummonStrength+1","theMarked:DeterminationOfTheMarked+1","theMarked:ComboAttacks+1"],"relics":["theMarked:ArtifactOfAir","NeowsBlessing","Pantograph","Odd Mushroom","MealTicket","Strawberry","Lizard Tail","Frozen Egg 2","theMarked:Eyepatch","Regal Pillow","CeramicFish","Nilry\u0027s Codex","Sundial","Oddly Smooth Stone","PreservedInsect","SlaversCollar"],"acts_visited":["Exordium","TheCity","TheBeyond"],"potions_floor_usage":[23,23,30],"damage_taken":[{"damage":0,"enemies":"Cultist","floor":1,"turns":1},{"damage":0,"enemies":"Small Slimes","floor":3,"turns":1},{"damage":0,"enemies":"Lagavulin","floor":6,"turns":2},{"damage":14,"enemies":"The Mushroom Lair","floor":8,"turns":5},{"damage":11,"enemies":"3 Sentries","floor":11,"turns":7},{"damage":0,"enemies":"Lagavulin","floor":13,"turns":3},{"damage":29,"enemies":"Hexaghost","floor":16,"turns":7},{"damage":7,"enemies":"3 Byrds","floor":18,"turns":4},{"damage":16,"enemies":"Spheric Guardian","floor":19,"turns":4},{"damage":26,"enemies":"Snake Plant","floor":22,"turns":4},{"damage":40,"enemies":"Slavers","floor":23,"turns":6},{"damage":10,"enemies":"Book of Stabbing","floor":27,"turns":7},{"damage":29,"enemies":"Centurion and Healer","floor":30,"turns":5},{"damage":34,"enemies":"Slavers","floor":31,"turns":6},{"damage":35,"enemies":"Collector","floor":33,"turns":7},{"damage":6,"enemies":"3 Darklings","floor":35,"turns":5},{"damage":86,"enemies":"2 Orb Walkers","floor":37,"turns":4}],"seed_played":"6289073346157319638","potions_obtained":[{"floor":1,"key":"EssenceOfSteel"},{"floor":3,"key":"ColorlessPotion"},{"floor":11,"key":"BlessingOfTheForge"},{"floor":31,"key":"Dexterity Potion"},{"floor":33,"key":"Ancient Potion"}],"is_trial":false,"path_per_floor":["M","$","M","$","?","E","?","?","T","R","E","$","E","T","R","B",null,"M","M","?","?","M","E","R","?","T","E","$","$","M","E","R","B",null,"M","$","?"],"character_chosen":"THE_DEFAULT","items_purchased":["theMarked:RogueSparks","theMarked:SwordAndMagic","theMarked:BindingBlade","Fruit Juice","Oddly Smooth Stone","theMarked:EnhancedHearing+1","theMarked:ComboAttacks+1"],"campfire_rested":2,"item_purchase_floors":[2,4,12,28,29,29,36],"current_hp_per_floor":[70,70,70,70,70,70,70,56,56,56,52,67,67,67,67,48,77,70,54,54,54,28,30,68,52,52,42,57,72,48,14,53,43,82,76,82,0,0],"gold":183,"neow_bonus":"THREE_ENEMY_KILL","is_daily":false,"chose_seed":false,"campfire_upgraded":2,"win_rate":0.0,"timestamp":1609026452,"path_taken":["M","$","M","$","?","E","?","?","T","R","E","$","E","?","R","BOSS","M","M","?","?","M","E","R","?","T","E","?","$","?","E","R","BOSS","M","$","?"],"items_purchased_type":["Card","Card","Card","Potion","Relic","Card","Card"],"build_version":"2020-12-18","purchased_purges":1,"victory":false,"max_hp_per_floor":[70,70,70,70,70,70,70,70,70,70,77,77,77,77,77,77,77,77,77,77,77,77,77,77,77,77,77,77,77,82,82,82,82,82,82,82,82,82],"relic_stats":{"Lizard Tail":38,"Regal Pillow":30,"counters":[17,76],"Sundial":[6],"Pantograph":35,"CeramicFish":54,"MealTicket":51,"PreservedInsect":0,"obtain_stats":[{"Regal Pillow":21,"NeowsBlessing":0,"Nilry\u0027s Codex":25,"CeramicFish":23,"Oddly Smooth Stone":29,"PreservedInsect":31,"Odd Mushroom":8,"Frozen Egg 2":14,"theMarked:ArtifactOfAir":0,"SlaversCollar":34,"Lizard Tail":13,"Sundial":27,"Pantograph":6,"Strawberry":11,"MealTicket":9,"theMarked:Eyepatch":17},{"Regal Pillow":9,"NeowsBlessing":0,"Nilry\u0027s Codex":11,"CeramicFish":11,"Oddly Smooth Stone":12,"PreservedInsect":14,"Odd Mushroom":4,"Frozen Egg 2":6,"theMarked:ArtifactOfAir":0,"SlaversCollar":15,"Lizard Tail":6,"Sundial":12,"Pantograph":3,"Strawberry":5,"MealTicket":4,"theMarked:Eyepatch":7},{"Regal Pillow":33,"NeowsBlessing":0,"Nilry\u0027s Codex":43,"CeramicFish":43,"Oddly Smooth Stone":50,"PreservedInsect":60,"Odd Mushroom":8,"Frozen Egg 2":18,"theMarked:ArtifactOfAir":0,"SlaversCollar":67,"Lizard Tail":18,"Sundial":50,"Pantograph":3,"Strawberry":15,"MealTicket":8,"theMarked:Eyepatch":25}]},"card_choices":[{"not_picked":["theMarked:ResourceFulStrike","theMarked:HeightenedSenses"],"picked":"theMarked:EnhancedHearing","floor":1},{"not_picked":["theMarked:Improvise","theMarked:Static","theMarked:Aftermath"],"picked":"SKIP","floor":3},{"not_picked":["theMarked:HeightenedSenses","theMarked:TwofoldDefense"],"picked":"theMarked:BindingBlade","floor":6},{"not_picked":["theMarked:TwofoldDefense","theMarked:Frustration","theMarked:Electrify"],"picked":"SKIP","floor":11},{"not_picked":["theMarked:TwofoldDefense","theMarked:Aftermath","theMarked:ChainLightning"],"picked":"SKIP","floor":13},{"not_picked":["theMarked:TurnInvisible","theMarked:Defy"],"picked":"theMarked:SuspiciousRaven","floor":16},{"not_picked":["theMarked:Indomitable","theMarked:BanishingStrike"],"picked":"theMarked:EnhancedHearing+1","floor":18},{"not_picked":["theMarked:Reabsorb","theMarked:TakeCover+1","theMarked:Polarize"],"picked":"SKIP","floor":19},{"not_picked":["theMarked:Electrocute","theMarked:PowerFlow+1"],"picked":"theMarked:DeterminationOfTheMarked+1","floor":22},{"not_picked":["theMarked:Generate","theMarked:Static"],"picked":"theMarked:TwofoldDefense","floor":23},{"not_picked":["theMarked:HeightenedSenses","theMarked:GodGivenPower+1"],"picked":"theMarked:HeritageOfTheMarked+1","floor":27},{"not_picked":["theMarked:PowerFlow","theMarked:MagicAdept+1","theMarked:TwofoldDefense+1"],"picked":"SKIP","floor":30},{"not_picked":["theMarked:Parkour","theMarked:TurnInvisible","theMarked:Aftermath+1"],"picked":"SKIP","floor":31},{"not_picked":["theMarked:Levitate","theMarked:MuscleMemory"],"picked":"theMarked:SummonStrength+1","floor":33},{"not_picked":["theMarked:CreepingChasm+1","theMarked:KeepCalmAndFightOn"],"picked":"theMarked:DeterminationOfTheMarked+1","floor":35}],"player_experience":648404,"relics_obtained":[{"floor":6,"key":"Pantograph"},{"floor":8,"key":"Odd Mushroom"},{"floor":9,"key":"MealTicket"},{"floor":11,"key":"Strawberry"},{"floor":13,"key":"Lizard Tail"},{"floor":14,"key":"Frozen Egg 2"},{"floor":23,"key":"CeramicFish"},{"floor":25,"key":"Nilry\u0027s Codex"},{"floor":27,"key":"Sundial"},{"floor":31,"key":"PreservedInsect"}],"event_choices":[{"damage_healed":0,"gold_gain":175,"player_choice":"AGREE","damage_taken":0,"max_hp_gain":0,"max_hp_loss":0,"event_name":"Liars Game","floor":5,"gold_loss":0,"cards_obtained":["Doubt"]},{"damage_healed":0,"gold_gain":0,"player_choice":"Grow","damage_taken":0,"max_hp_gain":0,"max_hp_loss":0,"event_name":"Living Wall","floor":7,"gold_loss":0,"cards_upgraded":["theMarked:SoldierOfQuellstein"]},{"damage_healed":0,"gold_gain":0,"player_choice":"Fought Mushrooms","damage_taken":0,"max_hp_gain":0,"max_hp_loss":0,"event_name":"Mushrooms","floor":8,"gold_loss":0},{"damage_healed":0,"gold_gain":0,"player_choice":"Ignored","damage_taken":0,"max_hp_gain":0,"max_hp_loss":0,"event_name":"Ghosts","floor":20,"gold_loss":0},{"damage_healed":0,"gold_gain":0,"player_choice":"Obtained Relic","damage_taken":0,"relics_obtained":["Regal Pillow"],"max_hp_gain":0,"max_hp_loss":0,"event_name":"Addict","floor":21,"gold_loss":85},{"damage_healed":0,"gold_gain":0,"player_choice":"Obtained Book","damage_taken":16,"max_hp_gain":0,"max_hp_loss":0,"event_name":"Cursed Tome","floor":25,"gold_loss":0},{"damage_healed":0,"gold_gain":0,"player_choice":"Fight","damage_taken":0,"max_hp_gain":0,"max_hp_loss":0,"event_name":"Mysterious Sphere","floor":37,"gold_loss":0}],"is_beta":true,"boss_relics":[{"not_picked":["theMarked:BronzeBlade","Pandora\u0027s Box"],"picked":"theMarked:Eyepatch"},{"not_picked":["Calling Bell","Busted Crown"],"picked":"SlaversCollar"}],"items_purged_floors":[12],"is_endless":false,"potions_floor_spawned":[1,3,11,16,19,31,33],"killed_by":"2 Orb Walkers","ascension_level":0}}