{"host":"2m78pqva0leqn903","time":1609013002,"event":{"mods":["BaseMod","Minty Spire (QoL Compilation)","StSLib","TestMod"],"gold_per_floor":[114,39,50,50,70,104,122,129,129],"floor_reached":8,"playtime":688,"items_purged":["Strike_G"],"score":116,"play_id":"c65f83cd-9a1c-4c01-9b15-638c4443d6f8","local_time":"20201227040322","is_ascension_mode":true,"campfire_choices":[],"circlet_count":0,"master_deck":["AscendersBane","Strike_G","Strike_G","Strike_G","Strike_G","Defend_G","Defend_G","Defend_G","Defend_G","Defend_G","Survivor","Neutralize","Backstab","Catalyst"],"relics":["Ring of the Snake","testmod-TestBox","testmod-DeterminationOfClimber","NeowsBlessing","testmod-HeartOfDaVinci"],"acts_visited":["Exordium"],"potions_floor_usage":[8],"damage_taken":[{"damage":0.0,"enemies":"Small Slimes","floor":1.0,"turns":1.0},{"damage":0.0,"enemies":"Cultist","floor":3.0,"turns":2.0},{"damage":0.0,"enemies":"2 Louse","floor":5.0,"turns":1.0},{"damage":25.0,"enemies":"3 Sentries","floor":6.0,"turns":12.0},{"damage":15.0,"enemies":"Large Slime","floor":7.0,"turns":8.0},{"damage":45,"enemies":"Lagavulin","floor":8,"turns":11}],"seed_played":"-8559313084672559303","potions_obtained":[{"floor":3.0,"key":"Explosive Potion"}],"is_trial":false,"path_per_floor":["M","$","M","?","M","E","M","E"],"character_chosen":"THE_SILENT","items_purchased":[],"campfire_rested":0,"item_purchase_floors":[],"current_hp_per_floor":[60,60,60,60,61,41,30,0,0],"gold":129,"neow_bonus":"THREE_ENEMY_KILL","is_daily":false,"chose_seed":false,"campfire_upgraded":0,"win_rate":0.0,"timestamp":1609013002,"path_taken":["M","$","M","?","?","E","M","E"],"items_purchased_type":[],"build_version":"2020-12-22","purchased_purges":1,"victory":false,"max_hp_per_floor":[66,66,66,66,66,66,66,66,66],"card_choices":[{"not_picked":["Underhanded Strike","Acrobatics","Setup"],"picked":"SKIP","floor":1.0},{"not_picked":["Backflip","Deflect"],"picked":"Backstab","floor":3.0},{"not_picked":["Quick Slash","Underhanded Strike","Dodge and Roll"],"picked":"SKIP","floor":5.0},{"not_picked":["Cloak And Dagger","PiercingWail","Dagger Throw"],"picked":"SKIP","floor":6.0},{"not_picked":["Outmaneuver","Bane"],"picked":"Catalyst","floor":7.0}],"player_experience":883525,"relics_obtained":[{"floor":6.0,"key":"testmod-HeartOfDaVinci"}],"event_choices":[{"damage_healed":0.0,"max_hp_gain":0.0,"max_hp_loss":0.0,"gold_gain":0.0,"event_name":"Transmorgrifier","player_choice":"Ignored","floor":4.0,"gold_loss":0.0,"damage_taken":0.0}],"is_beta":false,"boss_relics":[],"items_purged_floors":[2],"is_endless":false,"potions_floor_spawned":[3],"killed_by":"Lagavulin","ascension_level":20}}