{"host":"bbcqjedmotowk2e9","time":1609008148,"event":{"mods":["AchievementEnabler","Aspiration","BaseMod","Colored Powertips","Energized Spire","GifTheSpireLib","Halation","Hubris","Hyrulean Relics","Infinite Spire","Marisa????????","Minty Spire (QoL Compilation)","Permanent Neow","Quick Restart","Relic Stats","Replay The Spire","Spires And Sneckos","StSLib","Stuff the Spire","Synergy Search","The Disciple"],"gold_per_floor":[115,115,115,6,6,39,39,58,106,0,18,38,65,65,65,169,169,184,184,203,219,219,219,230,244,244,244,244,277,287,301,301,406,406,422,23,43,43,58,58,91,108,135,135,145,158,188,188,188,188],"floor_reached":51,"playtime":1945,"items_purged":["Defend_MRS","Strike_MRS"],"score":489,"play_id":"bd982576-97aa-48c7-aee2-f8a545a3c450","local_time":"20201226214228","is_ascension_mode":false,"campfire_choices":[{"data":"FairyDestructionRay","floor":7,"key":"SMITH"},{"floor":15,"key":"REST"},{"floor":23,"key":"REST"},{"floor":28,"key":"REST"},{"floor":32,"key":"REST"},{"floor":40,"key":"REST"},{"floor":49,"key":"REST"}],"circlet_count":0,"master_deck":["Defend_MRS","Defend_MRS","Defend_MRS","MasterSpark+1","UpSweep","DoubleSpark","AsteroidBelt+1","FairyDestructionRay+1","LuminesStrike","ManaRampage","PropBag","MysteriousBeam","PropBag","GravityBeat","6A","TreasureHunter","BlazeAway+1","ShootingEcho+1","PulseMagic+1","Singularity"],"relics":["MiniHakkero","Ring of Chaos","zeldaRelics:CourageTriforce","infinitespire:CursedDice","Black Star","zeldaRelics:WisdomTriforce","ExperimentalFamiliar","aspiration:Lifesprig","Oddly Smooth Stone","zeldaRelics:PowerTriforce","halation:BlackBeret","Garlic"],"acts_visited":["Exordium","TheCity","TheBeyond"],"potions_floor_usage":[50,50,50],"damage_taken":[{"damage":1,"enemies":"Cultist","floor":1,"turns":3},{"damage":3,"enemies":"Gremlin Nob","floor":6,"turns":4},{"damage":0,"enemies":"2 Louse","floor":8,"turns":3},{"damage":11,"enemies":"Jaw Worm","floor":11,"turns":2},{"damage":4,"enemies":"3 Louse","floor":12,"turns":2},{"damage":20,"enemies":"Lagavulin","floor":13,"turns":5},{"damage":18,"enemies":"Fading Forest","floor":16,"turns":11},{"damage":10,"enemies":"Chosen","floor":18,"turns":3},{"damage":5,"enemies":"3 Byrds","floor":20,"turns":3},{"damage":27,"enemies":"Centurion and Healer","floor":21,"turns":5},{"damage":8,"enemies":"Snecko","floor":24,"turns":3},{"damage":12,"enemies":"Shelled Parasite and Fungi","floor":25,"turns":3},{"damage":28,"enemies":"Gremlin Leader","floor":29,"turns":6},{"damage":0,"enemies":"Sentry and Sphere","floor":30,"turns":3},{"damage":3,"enemies":"3 Cultists","floor":31,"turns":3},{"damage":7,"enemies":"Collector","floor":33,"turns":5},{"damage":20,"enemies":"Orb Walker","floor":35,"turns":3},{"damage":9,"enemies":"3 Shapes","floor":37,"turns":1},{"damage":9,"enemies":"Sphere and 2 Shapes","floor":39,"turns":2},{"damage":14,"enemies":"Giant Head","floor":41,"turns":5},{"damage":0,"enemies":"3 Darklings","floor":42,"turns":1},{"damage":0,"enemies":"Maw","floor":45,"turns":3},{"damage":7,"enemies":"Spire Growth","floor":46,"turns":2},{"damage":18,"enemies":"Nemesis","floor":47,"turns":2},{"damage":40,"enemies":"Time Eater","floor":50,"turns":7}],"seed_played":"4211442357133249011","potions_obtained":[{"floor":13,"key":"ColorlessPotion"},{"floor":16,"key":"BottledSpark"},{"floor":20,"key":"Venom Potion"},{"floor":29,"key":"Fire Potion"}],"is_trial":true,"path_per_floor":["M","WH","?","$","WH","E","R","M","T","WH","M","M","E","WH","R","B",null,"M","AVR","M","M","WH","R","M","M","T","WH","R","E","M","M","R","B",null,"M","$","M","?","M","R","E","M","T","AVR","M","M","E","WH","R","B",null],"character_chosen":"MARISA","items_purchased":["AsteroidBelt+1","aspiration:Lifesprig","Oddly Smooth Stone"],"campfire_rested":6,"item_purchase_floors":[4,36,36],"current_hp_per_floor":[74,74,74,74,74,71,71,71,71,71,60,56,36,36,58,50,75,65,65,60,33,33,55,47,35,35,42,66,38,38,35,59,52,82,62,62,53,53,44,68,54,54,54,54,54,47,29,29,53,13],"gold":188,"neow_bonus":"REMOVE_CARD","is_daily":false,"chose_seed":false,"campfire_upgraded":1,"win_rate":0.0,"timestamp":1609008148,"path_taken":["M","WH","?","$","WH","E","R","M","T","WH","M","M","E","WH","R","BOSS","M","AVR","M","?","WH","R","M","M","T","WH","R","E","M","M","R","BOSS","M","$","M","?","M","R","E","M","T","AVR","M","M","E","WH","R","BOSS"],"items_purchased_type":["Card","Relic","Relic"],"build_version":"2020-12-22","purchased_purges":2,"victory":true,"max_hp_per_floor":[75,75,75,75,75,75,75,75,75,75,75,75,75,75,75,75,75,75,75,75,75,75,75,75,75,75,82,82,82,82,82,82,82,82,82,82,82,82,82,82,82,82,82,82,82,82,82,82,82,82],"relic_stats":{"counters":[25,90],"Black Star":3,"obtain_stats":[{"AmplifyWand":20,"halation:BlackBeret":47,"aspiration:Lifesprig":36,"Gremlin Horn":30,"zeldaRelics:WisdomTriforce":29,"Sundial":31,"zeldaRelics:CouragePiece":6,"Kunai":24,"zeldaRelics:PowerPiece":41,"zeldaRelics:WisdomPiece":26,"infinitespire:CursedDice":10,"Blue Candle":45,"Oddly Smooth Stone":36,"Ring of Chaos":0,"Letter Opener":41,"zeldaRelics:PowerTriforce":43,"zeldaRelics:CourageTriforce":13,"Mercury Hourglass":29,"ExperimentalFamiliar":34,"Ornamental Fan":21,"Shuriken":25,"Black Star":17,"Garlic":47,"MiniHakkero":0,"Meat on the Bone":35},{"AmplifyWand":9,"halation:BlackBeret":24,"aspiration:Lifesprig":17,"Gremlin Horn":14,"zeldaRelics:WisdomTriforce":13,"Sundial":15,"zeldaRelics:CouragePiece":2,"Kunai":11,"zeldaRelics:PowerPiece":20,"zeldaRelics:WisdomPiece":12,"infinitespire:CursedDice":3,"Blue Candle":22,"Oddly Smooth Stone":17,"Ring of Chaos":0,"Letter Opener":20,"zeldaRelics:PowerTriforce":21,"zeldaRelics:CourageTriforce":6,"Mercury Hourglass":13,"ExperimentalFamiliar":16,"Ornamental Fan":10,"Shuriken":12,"Black Star":7,"Garlic":24,"MiniHakkero":0,"Meat on the Bone":17},{"AmplifyWand":34,"halation:BlackBeret":83,"aspiration:Lifesprig":67,"Gremlin Horn":54,"zeldaRelics:WisdomTriforce":53,"Sundial":59,"zeldaRelics:CouragePiece":7,"Kunai":43,"zeldaRelics:PowerPiece":75,"zeldaRelics:WisdomPiece":47,"infinitespire:CursedDice":10,"Blue Candle":78,"Oddly Smooth Stone":67,"Ring of Chaos":0,"Letter Opener":71,"zeldaRelics:PowerTriforce":76,"zeldaRelics:CourageTriforce":19,"Mercury Hourglass":50,"ExperimentalFamiliar":64,"Ornamental Fan":39,"Shuriken":47,"Black Star":30,"Garlic":83,"MiniHakkero":0,"Meat on the Bone":66}]},"card_choices":[{"not_picked":["DeepEcoloBomb","MilkyWay","UnstableBomb"],"picked":"SKIP","floor":1},{"not_picked":["BigCrunch","DoubleSpark"],"picked":"FairyDestructionRay","floor":6},{"not_picked":["ShootingEcho","EarthLightRay"],"picked":"LuminesStrike","floor":8},{"not_picked":["IllusionStar","ManaConvection","CollectingQuirk"],"picked":"SKIP","floor":11},{"not_picked":["SuperPerseids","LuminesStrike","Robbery"],"picked":"SKIP","floor":12},{"not_picked":["BigCrunch","MagicChant","DC"],"picked":"SKIP","floor":13},{"not_picked":["MaximisePower","EscapeVelocity"],"picked":"ManaRampage","floor":16},{"not_picked":["GravityBeat+1","IllusionStar"],"picked":"PropBag","floor":18},{"not_picked":["SporeBomb+1","WitchOfGreed","FairyDestructionRay"],"picked":"SKIP","floor":20},{"not_picked":["GrandCross+1","FairyDestructionRay+1","SporeBomb"],"picked":"SKIP","floor":21},{"not_picked":["NonDirectionalLaser","DarkMatter"],"picked":"PropBag","floor":24},{"not_picked":["ShootingEcho","GasGiant","AsteroidBelt"],"picked":"SKIP","floor":25},{"not_picked":["StarBarrage","StarlightTyphoon+1"],"picked":"GravityBeat","floor":29},{"not_picked":["LuminesStrike","RefractionSpark"],"picked":"6A","floor":30},{"not_picked":["ChargingUp+1","FairyDestructionRay","SuperNova"],"picked":"SKIP","floor":31},{"not_picked":["StarDustReverie","SatelliteIllusion"],"picked":"TreasureHunter","floor":33},{"not_picked":["SuperPerseids+1","GalacticHalo+1"],"picked":"BlazeAway+1","floor":35},{"not_picked":["MagicChant","UnstableBomb+1","Acceleration+1"],"picked":"SKIP","floor":37},{"not_picked":["GravityBeat+1","MeteoricShower"],"picked":"ShootingEcho+1","floor":39},{"not_picked":["ShootingEcho","AsteroidBelt"],"picked":"PulseMagic+1","floor":41},{"not_picked":["ChargingUp","GrandCross","CollectingQuirk"],"picked":"SKIP","floor":42},{"not_picked":["GrandCross","LuminesStrike","IllusionStar+1"],"picked":"SKIP","floor":45},{"not_picked":["IllusionStar+1","GasGiant+1","NonDirectionalLaser"],"picked":"SKIP","floor":46},{"not_picked":["UnstableBomb","DoubleSpark+1"],"picked":"Singularity","floor":47}],"player_experience":566727,"relics_obtained":[{"floor":6,"key":"zeldaRelics:CouragePiece"},{"floor":9,"key":"zeldaRelics:CouragePiece"},{"floor":13,"key":"zeldaRelics:CouragePiece"},{"floor":26,"key":"zeldaRelics:WisdomPiece"},{"floor":29,"key":"zeldaRelics:WisdomPiece"},{"floor":29,"key":"zeldaRelics:WisdomPiece"},{"floor":41,"key":"zeldaRelics:PowerPiece"},{"floor":41,"key":"zeldaRelics:PowerPiece"},{"floor":43,"key":"zeldaRelics:PowerPiece"},{"floor":47,"key":"halation:BlackBeret"},{"floor":47,"key":"Garlic"}],"event_choices":[{"damage_healed":0,"gold_gain":0,"cards_transformed":["Strike_MRS"],"player_choice":"Transformed","damage_taken":0,"max_hp_gain":0,"max_hp_loss":0,"event_name":"Transmorgrifier","floor":3,"gold_loss":0,"cards_obtained":["DoubleSpark"]}],"is_beta":false,"boss_relics":[{"not_picked":["Replay:Wanted Poster","StuffTheSpire:ModemDavis"],"picked":"Black Star"},{"not_picked":["halation:HeavySnake","Tiny House"],"picked":"ExperimentalFamiliar"}],"items_purged_floors":[4,36],"is_endless":false,"potions_floor_spawned":[13,16,20,29,30,41,42,46],"ascension_level":0}}