{"host":"oiai0qxasotny765","time":1609012409,"event":{"mods":["2.2 Compatiblity","AchievementEnabler","BaseMod","Colored Map","Minty Spire (QoL Compilation)","Permanent Neow","Relic Stats","StSLib","SuperFastMode","everything is the same but u backflip on backflip"],"gold_per_floor":[112,112,37,57,70,70,98,98,124,124,138,193,93,93,93,166,166,185,60,60,60,60,60,70,120,120,120,130,130,150,165,165,165,165],"floor_reached":33,"playtime":1196,"items_purged":["Strike_G","Defend_G","Strike_G"],"score":509,"play_id":"7491be6a-33e3-4c36-af5f-901b459d081d","local_time":"20201227045329","is_ascension_mode":true,"campfire_choices":[{"data":"Dagger Spray","floor":6.0,"key":"SMITH"},{"data":"Bullet Time","floor":8.0,"key":"SMITH"},{"data":"Neutralize","floor":10.0,"key":"SMITH"},{"data":"Leg Sweep","floor":15.0,"key":"SMITH"},{"floor":23.0,"key":"REST"},{"floor":27.0,"key":"REST"},{"floor":32.0,"key":"REST"}],"circlet_count":0,"master_deck":["AscendersBane","Strike_G+1","Strike_G+1","Strike_G+1","Defend_G+1","Defend_G+1","Defend_G+1","Defend_G+1","Survivor","Neutralize+1","Tools of the Trade+1","Dagger Spray+1","Bullet Time+1","Blade Dance","Leg Sweep+1","Dagger Throw","Corpse Explosion","Grand Finale","Escape Plan"],"relics":["Ring of the Snake","Strawberry","Omamori","StrikeDummy","Cursed Key","Paper Crane"],"acts_visited":["Exordium","TheCity"],"potions_floor_usage":[33,33],"damage_taken":[{"damage":5.0,"enemies":"Small Slimes","floor":1.0,"turns":7.0},{"damage":4.0,"enemies":"Cultist","floor":4.0,"turns":4.0},{"damage":0.0,"enemies":"Jaw Worm","floor":5.0,"turns":5.0},{"damage":7.0,"enemies":"3 Sentries","floor":7.0,"turns":7.0},{"damage":1.0,"enemies":"Large Slime","floor":11.0,"turns":6.0},{"damage":24.0,"enemies":"Gremlin Nob","floor":12.0,"turns":4.0},{"damage":26.0,"enemies":"Hexaghost","floor":16.0,"turns":15.0},{"damage":19.0,"enemies":"Spheric Guardian","floor":18.0,"turns":7.0},{"damage":14.0,"enemies":"Chosen","floor":24.0,"turns":5.0},{"damage":18.0,"enemies":"3 Cultists","floor":28.0,"turns":4.0},{"damage":9.0,"enemies":"Centurion and Healer","floor":30.0,"turns":5.0},{"damage":8.0,"enemies":"Chosen and Byrds","floor":31.0,"turns":9.0},{"damage":34,"enemies":"Automaton","floor":33,"turns":6}],"seed_played":"1054878203610945603","potions_obtained":[{"floor":1.0,"key":"Block Potion"},{"floor":5.0,"key":"Fire Potion"},{"floor":7.0,"key":"Swift Potion"},{"floor":18.0,"key":"PowerPotion"},{"floor":28.0,"key":"GamblersBrew"},{"floor":29.0,"key":"GamblersBrew"}],"is_trial":false,"path_per_floor":["M","?","$","M","M","R","E","R","T","R","M","?","$","?","R","B",null,"M","$","?","?","?","R","M","?","T","R","M","?","M","M","R","B"],"character_chosen":"THE_SILENT","items_purchased":[],"campfire_rested":3,"item_purchase_floors":[],"current_hp_per_floor":[54,54,54,50,50,50,50,50,50,50,49,25,25,30,30,4,55,36,36,36,36,16,39,25,18,18,41,23,23,14,6,29,0,0],"gold":165,"neow_bonus":"THREE_RARE_CARDS","is_daily":false,"chose_seed":false,"campfire_upgraded":4,"win_rate":0.0,"timestamp":1609012409,"path_taken":["M","?","$","M","?","R","E","R","T","R","M","?","$","?","R","BOSS","M","$","?","?","?","R","M","?","T","R","?","?","M","?","R","BOSS"],"items_purchased_type":[],"build_version":"2020-12-22","purchased_purges":3,"victory":false,"max_hp_per_floor":[60,60,60,60,60,60,67,67,67,67,67,67,67,72,72,72,72,72,72,72,72,77,77,77,77,77,77,77,77,77,77,77,77,77],"relic_stats":{"counters":[13,84],"Cursed Key":1,"obtain_stats":[{"Strawberry":7,"Omamori":9,"Paper Crane":26,"StrikeDummy":12,"Cursed Key":17,"Ring of the Snake":0},{"Strawberry":4,"Omamori":4,"Paper Crane":9,"StrikeDummy":6,"Cursed Key":7,"Ring of the Snake":0},{"Strawberry":23,"Omamori":23,"Paper Crane":60,"StrikeDummy":33,"Cursed Key":48,"Ring of the Snake":0}],"Ring of the Snake":[26]},"card_choices":[{"not_picked":["Phantasmal Killer","Wraith Form v2"],"picked":"Tools of the Trade","floor":0.0},{"not_picked":["Outmaneuver","Acrobatics"],"picked":"Dagger Spray","floor":1.0},{"not_picked":["Dodge and Roll","Endless Agony"],"picked":"Bullet Time","floor":4.0},{"not_picked":["Cloak And Dagger","Dagger Throw"],"picked":"Blade Dance","floor":5.0},{"not_picked":["Flying Knee","Underhanded Strike"],"picked":"Leg Sweep","floor":7.0},{"not_picked":["Prepared","Outmaneuver"],"picked":"Dagger Throw","floor":11.0},{"not_picked":["Deflect","Outmaneuver"],"picked":"Corpse Explosion","floor":12.0},{"not_picked":["Corpse Explosion","Storm of Steel"],"picked":"Grand Finale","floor":16.0},{"not_picked":["Distraction","Backstab","Deadly Poison+1"],"picked":"SKIP","floor":18.0},{"not_picked":["Sucker Punch+1","Deflect"],"picked":"Escape Plan","floor":24.0},{"not_picked":["PiercingWail","Heel Hook","Slice"],"picked":"SKIP","floor":28.0},{"not_picked":["Infinite Blades","Deflect","Dodge and Roll"],"picked":"SKIP","floor":30.0},{"not_picked":["Dagger Throw","Concentrate","Eviscerate"],"picked":"SKIP","floor":31.0}],"player_experience":287958,"relics_obtained":[{"floor":7.0,"key":"Strawberry"},{"floor":9.0,"key":"Omamori"},{"floor":12.0,"key":"StrikeDummy"},{"floor":26.0,"key":"Paper Crane"}],"event_choices":[{"damage_healed":0.0,"max_hp_gain":0.0,"max_hp_loss":0.0,"gold_gain":0.0,"event_name":"Upgrade Shrine","player_choice":"Upgraded","floor":2.0,"gold_loss":0.0,"damage_taken":0.0,"cards_upgraded":["Tools of the Trade"]},{"damage_healed":0.0,"max_hp_gain":0.0,"max_hp_loss":0.0,"gold_gain":0.0,"event_name":"Dead Adventurer","player_choice":"Searched \u00271\u0027 times","floor":12.0,"gold_loss":0.0,"damage_taken":0.0},{"damage_healed":0.0,"max_hp_gain":5.0,"max_hp_loss":0.0,"gold_gain":0.0,"event_name":"Big Fish","player_choice":"Donut","floor":14.0,"gold_loss":0.0,"damage_taken":0.0},{"damage_healed":0.0,"max_hp_gain":0.0,"max_hp_loss":0.0,"gold_gain":0.0,"event_name":"Back to Basics","player_choice":"Simplicity","floor":20.0,"gold_loss":0.0,"damage_taken":0.0,"cards_upgraded":["Strike_G","Strike_G","Strike_G","Defend_G","Defend_G","Defend_G","Defend_G"]},{"damage_healed":0.0,"max_hp_gain":0.0,"max_hp_loss":0.0,"gold_gain":0.0,"event_name":"Vampires","player_choice":"Ignored","floor":21.0,"gold_loss":0.0,"damage_taken":0.0},{"damage_healed":0.0,"max_hp_gain":5.0,"max_hp_loss":0.0,"gold_gain":0.0,"event_name":"Forgotten Altar","player_choice":"Shed Blood","floor":22.0,"gold_loss":0.0,"damage_taken":25.0},{"damage_healed":0.0,"max_hp_gain":0.0,"max_hp_loss":0.0,"gold_gain":50.0,"event_name":"FaceTrader","player_choice":"Touch","floor":25.0,"gold_loss":0.0,"damage_taken":7.0},{"damage_healed":0.0,"max_hp_gain":0.0,"max_hp_loss":0.0,"gold_gain":0.0,"event_name":"Lab","player_choice":"Got Potions","floor":29.0,"gold_loss":0.0,"damage_taken":0.0}],"is_beta":false,"boss_relics":[{"not_picked":["SacredBark","Coffee Dripper"],"picked":"Cursed Key"}],"items_purged_floors":[3,13,19],"is_endless":false,"potions_floor_spawned":[1,5,7,18,28,31],"killed_by":"Automaton","ascension_level":18}}