{"host":"w3q5ijqu8eoknil3","time":1609003561,"event":{"mods":["AchievementEnabler","BaseMod","Block Reminder","Colored Powertips","Minty Spire (QoL Compilation)","Quick Restart","Relic Stats","ojb\u0027s Better Paths Mod","ojb\u0027s Info Mod","slay the spire mod where everything is the same but ironclad has a cowboy hat"],"gold_per_floor":[119,269,284,298,310,350,350,350,350,350,350],"floor_reached":10,"playtime":225,"items_purged":[],"score":136,"play_id":"a6c34579-ac9a-4e76-83f9-734d2ef126fa","local_time":"20201226172601","is_ascension_mode":true,"campfire_choices":[],"circlet_count":0,"master_deck":["AscendersBane","Strike_R","Strike_R","Strike_R","Strike_R","Strike_R","Defend_R","Defend_R","Defend_R","Defend_R","Bash","Spot Weakness","Pummel","Heavy Blade","Flame Barrier","Power Through"],"relics":["Burning Blood","NeowsBlessing","CeramicFish","Golden Idol","StrikeDummy"],"acts_visited":["Exordium"],"potions_floor_usage":[6,6],"damage_taken":[{"damage":0,"enemies":"Jaw Worm","floor":1,"turns":1},{"damage":0,"enemies":"Small Slimes","floor":3,"turns":2},{"damage":0,"enemies":"Cultist","floor":4,"turns":1},{"damage":6,"enemies":"2 Fungi Beasts","floor":5,"turns":4},{"damage":23,"enemies":"Lagavulin","floor":6,"turns":7},{"damage":55,"enemies":"Gremlin Nob","floor":10,"turns":4}],"seed_played":"7989024604556420647","potions_obtained":[{"floor":1,"key":"SkillPotion"},{"floor":4,"key":"CultistPotion"}],"is_trial":false,"path_per_floor":["M","?","M","M","M","E","?","?","T","E"],"character_chosen":"IRONCLAD","items_purchased":[],"campfire_rested":0,"item_purchase_floors":[],"current_hp_per_floor":[74,74,75,75,75,58,51,51,51,0,0],"gold":350,"neow_bonus":"THREE_ENEMY_KILL","is_daily":false,"chose_seed":false,"campfire_upgraded":0,"win_rate":0.0,"timestamp":1609003561,"path_taken":["M","?","M","M","M","E","?","?","T","E"],"items_purchased_type":[],"build_version":"2020-12-22","purchased_purges":0,"victory":false,"max_hp_per_floor":[75,75,75,75,75,75,75,68,68,68,68],"relic_stats":{"counters":[6,19],"Golden Idol":0,"CeramicFish":9,"obtain_stats":[{"NeowsBlessing":0,"Golden Idol":8,"CeramicFish":6,"StrikeDummy":9,"Burning Blood":0},{"NeowsBlessing":0,"Golden Idol":5,"CeramicFish":5,"StrikeDummy":5,"Burning Blood":0},{"NeowsBlessing":0,"Golden Idol":15,"CeramicFish":15,"StrikeDummy":15,"Burning Blood":0}],"Burning Blood":19},"card_choices":[{"not_picked":["Iron Wave","Warcry"],"picked":"Spot Weakness","floor":1},{"not_picked":["Thunderclap","Flex"],"picked":"Pummel","floor":3},{"not_picked":["Feel No Pain","Cleave"],"picked":"Heavy Blade","floor":4},{"not_picked":["Thunderclap","Cleave"],"picked":"Flame Barrier","floor":5},{"not_picked":["Iron Wave","Rupture"],"picked":"Power Through","floor":6}],"player_experience":950330,"relics_obtained":[{"floor":6,"key":"CeramicFish"},{"floor":9,"key":"StrikeDummy"}],"event_choices":[{"damage_healed":0,"gold_gain":150,"player_choice":"AGREE","damage_taken":0,"max_hp_gain":0,"max_hp_loss":0,"event_name":"Liars Game","floor":2,"gold_loss":0,"cards_obtained":["Doubt"]},{"cards_removed":["Doubt"],"damage_healed":0,"gold_gain":0,"player_choice":"Card Removal","damage_taken":7,"max_hp_gain":0,"max_hp_loss":0,"event_name":"Golden Wing","floor":7,"gold_loss":0},{"damage_healed":0,"gold_gain":0,"player_choice":"Lose Max HP","damage_taken":0,"relics_obtained":["Golden Idol"],"max_hp_gain":0,"max_hp_loss":7,"event_name":"Golden Idol","floor":8,"gold_loss":0}],"is_beta":false,"boss_relics":[],"items_purged_floors":[],"is_endless":false,"potions_floor_spawned":[1,4,5],"killed_by":"Gremlin Nob","ascension_level":20}}