{"host":"a3oe3gstxz77c7qu","time":1609009722,"event":{"mods":["2.2 Compatiblity","Act Like it!","BaseMod","Bestiary","Better Altar","Better Match","Better Note","Better Skull","Better Third Choice","Block Reminder","Curses Come First","Custom Start","Friendly Minions","GifTheSpireLib","Infinite Spire","Lobotomy","LobotomyExtend","Minty Spire (QoL Compilation)","Permanent Neow","Quick Restart","Relic Stats","Replay The Spire","StSLib","The Marked","Uncapped","Wandering Minibosses"],"gold_per_floor":[110,110,122,197,213,240,415,57,57,77,77,161,203,203,203,307,307,328,341,54,54,54,89,89,131,131,60,82,96,0,9,9,114,114,132,132,66,66,0,25,42,42,42,42,74,74,134,153,153,153,153],"floor_reached":50,"playtime":2913,"items_purged":["Doubt","theMarked:Strike","theMarked:Strike"],"score":772,"play_id":"f9c93e59-8bdb-41ad-9ddf-5c3c4d63576f","local_time":"20201226190842","is_ascension_mode":false,"campfire_choices":[{"data":"ReplayTheSpireMod:Chaos Vortex","floor":11,"key":"SMITH"},{"data":"theMarked:Polarize","floor":15,"key":"SMITH"},{"floor":24,"key":"RECALL"},{"floor":32,"key":"REST"},{"floor":44,"key":"REST"},{"floor":49,"key":"REST"}],"circlet_count":0,"master_deck":["Funeral","theMarked:Strike","theMarked:Strike","theMarked:Strike","theMarked:Defend","theMarked:Defend","theMarked:Defend","theMarked:Defend","theMarked:SoldierOfQuellstein","DreamingCurrent","ReplayTheSpireMod:Chaos Vortex+1","UniverseFragment","theMarked:MysticalArsenal","theMarked:SwordAndMagic+1","theMarked:Static","theMarked:ResourceFulStrike","theMarked:MaelstromOfLightning+1","theMarked:Polarize+1","theMarked:Electrocute","theMarked:Overcharge","theMarked:Static+1","theMarked:EnhanceMovement","theMarked:Static","infinitespire:Collect","theMarked:MagicAdept"],"relics":["theMarked:ArtifactOfAir","CogitoBucket","RabbitCall","LetterFromLob","theMarked:DemonDagger","BargainBundle","Replay:Rubber Ducky","theMarked:NailFile","CeramicFish","Boot","Fusion Hammer","wanderingMiniBosses:Blackblade","Anchor","Replay:Mystery Machine","Replay:Arrowhead","Juzu Bracelet","ChangeAnything","theMarked:KettuFlask","infinitespire:Cupcake","Red Mask","infinitespire:Beetle Shell","Orichalcum","Replay:Baseball","SolemnVow_r","TreeSap"],"acts_visited":["Exordium","TheCity","TheBeyond"],"potions_floor_usage":[6,18,29,29,48,48,50],"damage_taken":[{"damage":0.0,"enemies":"2 Louse","floor":1.0,"turns":2.0},{"damage":0.0,"enemies":"Small Slimes","floor":3.0,"turns":4.0},{"damage":0,"enemies":"Cultist","floor":5,"turns":4},{"damage":31,"enemies":"Lagavulin","floor":6,"turns":13},{"damage":0,"enemies":"Exordium Wildlife","floor":10,"turns":3},{"damage":15,"enemies":"Gremlin Nob","floor":13,"turns":4},{"damage":19,"enemies":"Slime Boss","floor":16,"turns":7},{"damage":30,"enemies":"2 Thieves","floor":18,"turns":7},{"damage":0,"enemies":"Spheric Guardian","floor":19,"turns":3},{"damage":37,"enemies":"Gremlin Leader","floor":23,"turns":7},{"damage":1,"enemies":"Book of Stabbing","floor":25,"turns":3},{"damage":0,"enemies":"Snake Plant","floor":28,"turns":3},{"damage":40,"enemies":"Chosen and Byrds","floor":29,"turns":4},{"damage":29,"enemies":"Champ","floor":33,"turns":5},{"damage":0,"enemies":"Orb Walker","floor":35,"turns":3},{"damage":0,"enemies":"Giant Head","floor":40,"turns":4},{"damage":0,"enemies":"3 Darklings","floor":41,"turns":3},{"damage":0,"enemies":"Nemesis","floor":45,"turns":5},{"damage":0,"enemies":"R_Hoarder","floor":47,"turns":5},{"damage":51,"enemies":"Spire Growth","floor":48,"turns":6},{"damage":42,"enemies":"FixerMidnight","floor":50,"turns":2}],"seed_played":"-5365051698064819083","potions_obtained":[{"floor":1.0,"key":"Strength Potion"},{"floor":5,"key":"AttackPotion"},{"floor":10,"key":"LifebloodPotion"},{"floor":13,"key":"CultistPotion"},{"floor":19,"key":"Fire Potion"},{"floor":33,"key":"Toxic Potion"},{"floor":35,"key":"Swift Potion"},{"floor":48,"key":"Strength Potion"}],"is_trial":false,"path_per_floor":["M","?","M","?","M","E","?","$","T","M","R","?","E","?","R","B",null,"M","M","$","$","?","E","R","E","T","$","M","M","?","AVR","R","B",null,"M","?","?","?","?","E","M","$","T","R","E","?","E","M","R","B"],"character_chosen":"THE_DEFAULT","items_purchased":["BargainBundle","Replay:Rubber Ducky","theMarked:MysticalArsenal","theMarked:SwordAndMagic+1","BlessingOfTheForge","FairyPotion","theMarked:Static","theMarked:ResourceFulStrike","theMarked:Electrocute","Anchor","theMarked:EnhanceMovement"],"campfire_rested":3,"item_purchase_floors":[8,8,8,8,8,8,8,8,20,20,27],"current_hp_per_floor":[70,53,70,59,70,70,70,70,70,70,70,70,68,68,68,63,70,50,69,69,69,69,70,70,70,70,70,70,40,40,40,61,48,70,70,70,70,66,66,66,66,66,66,66,66,66,66,33,52,0,0],"gold":153,"neow_bonus":"","is_daily":false,"chose_seed":false,"campfire_upgraded":2,"win_rate":0.0,"timestamp":1609009722,"path_taken":["M","?","M","?","M","E","?","$","T","M","R","?","E","?","R","BOSS","M","M","?","$","?","E","R","E","T","?","M","M","?","AVR","R","BOSS","M","?","?","?","?","E","M","?","T","R","E","?","E","M","R","BOSS"],"items_purchased_type":["Relic","Relic","Card","Card","Potion","Potion","Card","Card","Card","Relic","Card"],"build_version":"2020-12-22","purchased_purges":3,"victory":false,"max_hp_per_floor":[70,70,70,70,70,70,70,70,70,70,70,70,70,70,70,70,70,70,70,70,70,70,70,70,70,70,70,70,70,70,70,70,70,70,70,70,70,66,66,66,66,66,66,66,66,66,66,66,66,21,21],"relic_stats":{"counters":[24,100],"CeramicFish":99,"Juzu Bracelet":3,"Orichalcum":[24],"Boot":[52],"obtain_stats":[{"RabbitCall":0,"SolemnVow_r":48,"CeramicFish":12,"Juzu Bracelet":26,"Replay:Mystery Machine":23,"Boot":13,"Replay:Rubber Ducky":8,"theMarked:KettuFlask":31,"CogitoBucket":0,"TreeSap":48,"Fusion Hammer":17,"Red Mask":39,"theMarked:NailFile":9,"theMarked:DemonDagger":6,"BargainBundle":8,"infinitespire:Beetle Shell":40,"Orichalcum":45,"Replay:Arrowhead":25,"theMarked:ArtifactOfAir":0,"Anchor":20,"Replay:Baseball":47,"wanderingMiniBosses:Blackblade":18,"RedMistMask":3,"LetterFromLob":1,"ChangeAnything":29,"infinitespire:Cupcake":34},{"RabbitCall":0,"SolemnVow_r":23,"CeramicFish":5,"Juzu Bracelet":12,"Replay:Mystery Machine":11,"Boot":6,"Replay:Rubber Ducky":4,"theMarked:KettuFlask":15,"CogitoBucket":0,"TreeSap":23,"Fusion Hammer":7,"Red Mask":17,"theMarked:NailFile":4,"theMarked:DemonDagger":4,"BargainBundle":4,"infinitespire:Beetle Shell":18,"Orichalcum":20,"Replay:Arrowhead":12,"theMarked:ArtifactOfAir":0,"Anchor":10,"Replay:Baseball":21,"wanderingMiniBosses:Blackblade":9,"RedMistMask":2,"LetterFromLob":1,"ChangeAnything":15,"infinitespire:Cupcake":16},{"RabbitCall":0,"SolemnVow_r":96,"CeramicFish":26,"Juzu Bracelet":58,"Replay:Mystery Machine":55,"Boot":30,"Replay:Rubber Ducky":23,"theMarked:KettuFlask":66,"CogitoBucket":0,"TreeSap":98,"Fusion Hammer":37,"Red Mask":74,"theMarked:NailFile":23,"theMarked:DemonDagger":23,"BargainBundle":23,"infinitespire:Beetle Shell":78,"Orichalcum":86,"Replay:Arrowhead":58,"theMarked:ArtifactOfAir":0,"Anchor":48,"Replay:Baseball":91,"wanderingMiniBosses:Blackblade":45,"RedMistMask":6,"LetterFromLob":2,"ChangeAnything":66,"infinitespire:Cupcake":71}]},"card_choices":[{"not_picked":["OldLady","Bloodbath","SpiderBud"],"picked":"Singing Bowl","floor":1.0},{"not_picked":["Murderer","SilentOrchestra"],"picked":"DreamingCurrent","floor":1.0},{"not_picked":["theMarked:Frustration","theMarked:ContemptForTheProud","theMarked:SwordAndMagic"],"picked":"SKIP","floor":1.0},{"not_picked":["infinitespire:SevenWalls","infinitespire:TheBestDefense"],"picked":"ReplayTheSpireMod:Chaos Vortex","floor":2.0},{"not_picked":["QueenBee","BeautyBeast"],"picked":"UniverseFragment","floor":3.0},{"not_picked":["theMarked:TwofoldDefense","theMarked:ChainLightning","theMarked:Frustration"],"picked":"SKIP","floor":3.0},{"not_picked":["BeautyBeast","OldLady","MeatLantern"],"picked":"Singing Bowl","floor":5},{"not_picked":["theMarked:Parkour","theMarked:SelfDefenseTraining","theMarked:Frustration"],"picked":"SKIP","floor":5},{"not_picked":["CherryBlossoms","MHz"],"picked":"Funeral","floor":6},{"not_picked":["theMarked:WastefulAttack","theMarked:ResourceFulStrike","theMarked:ElectricStrings"],"picked":"SKIP","floor":6},{"not_picked":["theMarked:WastefulAttack","theMarked:ResourceFulStrike","theMarked:ElectricStrings"],"picked":"SKIP","floor":6},{"not_picked":["VoidDream","SpiderBud","OldLady"],"picked":"Singing Bowl","floor":10},{"not_picked":["theMarked:WardOff","theMarked:Static","theMarked:Convert"],"picked":"SKIP","floor":10},{"not_picked":["theMarked:Parkour","theMarked:Overthink"],"picked":"theMarked:MaelstromOfLightning","floor":12},{"not_picked":["theMarked:Parkour","theMarked:Electrocute"],"picked":"theMarked:Polarize","floor":13},{"not_picked":["Scorched","SpiderBud","LongBird"],"picked":"Singing Bowl","floor":13},{"not_picked":["Bloodbath","Rudolta","BeautyBeast"],"picked":"Singing Bowl","floor":16},{"not_picked":[],"picked":"wanderingMiniBosses:FinaleOfPromise","floor":18},{"not_picked":["Scorched","CherryBlossoms","MeatLantern"],"picked":"Singing Bowl","floor":18},{"not_picked":["theMarked:Frustration","theMarked:ChainLightning","theMarked:WardOff+1"],"picked":"SKIP","floor":18},{"not_picked":["LittlePrince","BlackSwan","WhitesApple"],"picked":"Singing Bowl","floor":19},{"not_picked":["theMarked:Frustration","theMarked:EmpowerWeapon","theMarked:Indomitable+1"],"picked":"SKIP","floor":19},{"not_picked":["theMarked:SelfDefenseTraining","theMarked:WardOff"],"picked":"theMarked:Overcharge","floor":23},{"not_picked":["SilentOrchestra","MHz","Mercenary"],"picked":"Singing Bowl","floor":23},{"not_picked":["theMarked:Generate+1","theMarked:Convert"],"picked":"theMarked:Static+1","floor":25},{"not_picked":["PunishingBird","ShyLook","HappyTeddy"],"picked":"Singing Bowl","floor":25},{"not_picked":["theMarked:Generate","theMarked:WastefulAttack"],"picked":"theMarked:Static","floor":28},{"not_picked":["Wellcheers","PunishingBird","HappyTeddy"],"picked":"Singing Bowl","floor":28},{"not_picked":["WallGazer","SilentOrchestra","Bloodbath"],"picked":"Singing Bowl","floor":29},{"not_picked":["theMarked:WardOff","theMarked:Opportunist","theMarked:Parkour+1"],"picked":"SKIP","floor":29},{"not_picked":["LongBird","Mercenary","MHz"],"picked":"Singing Bowl","floor":33},{"not_picked":["FairyFestival","Murderer","Mercenary"],"picked":"Singing Bowl","floor":35},{"not_picked":["theMarked:ChainLightning","theMarked:RepellingDischarge","theMarked:ParalyzingBlade"],"picked":"SKIP","floor":35},{"not_picked":["Discovery+1","Dramatic Entrance+1"],"picked":"Dark Shackles+1","floor":37},{"not_picked":["Scarecrow","FairyFestival","Scorched"],"picked":"Singing Bowl","floor":40},{"not_picked":["theMarked:EnhanceMovement+1","theMarked:TakeCover","theMarked:RepellingDischarge+1"],"picked":"SKIP","floor":40},{"not_picked":["Porccubus","SilentOrchestra","Laetitia"],"picked":"Singing Bowl","floor":41},{"not_picked":["theMarked:Electrocute","theMarked:WardOff+1","theMarked:Parkour"],"picked":"SKIP","floor":41},{"not_picked":["CENSORED","BlueStar","RedShoes"],"picked":"Singing Bowl","floor":45},{"not_picked":["theMarked:Opportunist+1","theMarked:Parkour","theMarked:Seal"],"picked":"SKIP","floor":45},{"not_picked":["theMarked:Static","theMarked:ResourceFulStrike"],"picked":"theMarked:MagicAdept","floor":47},{"not_picked":["LaLuna","Mercenary","Scarecrow"],"picked":"Singing Bowl","floor":47},{"not_picked":["QueenBee","HappyTeddy","QueenOfHatred"],"picked":"Singing Bowl","floor":48},{"not_picked":["theMarked:EnhancedHearing","theMarked:TwofoldDefense+1","theMarked:WastefulAttack+1"],"picked":"SKIP","floor":48}],"player_experience":679400,"relics_obtained":[{"floor":1.0,"key":"LetterFromLob"},{"floor":3.0,"key":"RedMistMask"},{"floor":6,"key":"theMarked:DemonDagger"},{"floor":9,"key":"theMarked:NailFile"},{"floor":12,"key":"CeramicFish"},{"floor":13,"key":"Boot"},{"floor":18,"key":"wanderingMiniBosses:Blackblade"},{"floor":23,"key":"Replay:Mystery Machine"},{"floor":25,"key":"Replay:Arrowhead"},{"floor":26,"key":"Juzu Bracelet"},{"floor":40,"key":"infinitespire:Beetle Shell"},{"floor":45,"key":"Orichalcum"},{"floor":47,"key":"Replay:Baseball"}],"event_choices":[{"damage_healed":0.0,"max_hp_gain":0.0,"max_hp_loss":0.0,"gold_gain":75.0,"event_name":"betterThird:BetterGoop","player_choice":"Gold","floor":4.0,"gold_loss":0.0,"damage_taken":11.0},{"damage_healed":0,"gold_gain":175,"player_choice":"AGREE","damage_taken":240,"max_hp_gain":0,"max_hp_loss":0,"event_name":"betterThird:BetterSerpent","floor":7,"gold_loss":0},{"damage_healed":0,"gold_gain":0,"player_choice":"Upgraded","damage_taken":0,"max_hp_gain":0,"max_hp_loss":0,"event_name":"Upgrade Shrine","floor":14,"gold_loss":0,"cards_upgraded":["theMarked:MaelstromOfLightning"]},{"cards_removed":["wanderingMiniBosses:FinaleOfPromise"],"damage_healed":0,"gold_gain":0,"player_choice":"Give","damage_taken":0,"max_hp_gain":0,"max_hp_loss":0,"event_name":"betterNote:BetterNote","floor":22,"gold_loss":0,"cards_obtained":["None"]},{"damage_healed":0,"gold_gain":0,"player_choice":"Paid Fearfully","damage_taken":0,"max_hp_gain":0,"max_hp_loss":0,"event_name":"Masked Bandits","floor":30,"gold_loss":96},{"damage_healed":0,"gold_gain":0,"player_choice":"Memory 1","damage_taken":0,"max_hp_gain":0,"max_hp_loss":0,"event_name":"SensoryStone","floor":36,"gold_loss":0},{"damage_healed":0,"gold_gain":0,"player_choice":"Random: Orange","damage_taken":0,"max_hp_gain":0,"max_hp_loss":0,"event_name":"betterThird:BetterPortal","floor":37,"gold_loss":0},{"damage_healed":0,"gold_gain":0,"player_choice":"2","damage_taken":0,"max_hp_gain":0,"max_hp_loss":0,"event_name":"betterMatch:BetterMatch","floor":37,"gold_loss":0,"cards_obtained":["betterMatch:ColorlessUncommonCard"]},{"damage_healed":0,"gold_gain":0,"player_choice":"Max HP","damage_taken":0,"max_hp_gain":0,"max_hp_loss":4,"event_name":"Winding Halls","floor":38,"gold_loss":0},{"damage_healed":0,"gold_gain":0,"player_choice":"Paid","damage_taken":0,"relics_obtained":["Red Mask"],"max_hp_gain":0,"max_hp_loss":0,"event_name":"Tomb of Lord Red Mask","floor":39,"gold_loss":66}],"is_beta":false,"boss_relics":[{"not_picked":["ReplayTheSpireMod:SealedPack","Runic Dome"],"picked":"Fusion Hammer"},{"not_picked":["Busted Crown","ReplayTheSpireMod:DimensionalGlitch"],"picked":"infinitespire:Cupcake"}],"items_purged_floors":[8,20,31],"is_endless":false,"potions_floor_spawned":[1,5,10,13,19,28,33,35,41,47,48],"killed_by":"FixerMidnight","ascension_level":0}}