{"host":"ezkqjaqywejtjag1","time":1609019379,"event":{"mods":["BaseMod","BetterRewards","Colored Map","Infinite Spire","Minty Spire (QoL Compilation)","Replay The Spire","StSLib"],"gold_per_floor":[115,129,129,145,161,161,174,184,184,199,199,199,199],"floor_reached":12,"playtime":513,"items_purged":[],"score":99,"play_id":"a52309fd-c8e9-4fed-a5f6-53eb079b01f8","local_time":"20201226164939","daily_mods":["Vintage","Heirloom"],"is_ascension_mode":false,"campfire_choices":[{"data":"Defend_R","floor":6,"key":"SMITH"}],"circlet_count":0,"master_deck":["Strike_R","Strike_R","Strike_R","Strike_R","Strike_R","Defend_R+1","Defend_R","Defend_R","Defend_R","Infernal Blade+1"],"relics":["Burning Blood","Pondfish Scales","Replay:Bottled Eggs","Divine Protection","Pocketwatch","infinitespire:CheckeredPen","Garlic","Pear","Durian","Eternal Feather"],"acts_visited":["Exordium"],"potions_floor_usage":[12],"damage_taken":[{"damage":2,"enemies":"2 Louse","floor":1,"turns":5},{"damage":1,"enemies":"Cultist","floor":2,"turns":3},{"damage":0,"enemies":"Small Slimes","floor":4,"turns":3},{"damage":5,"enemies":"2 Fungi Beasts","floor":5,"turns":4},{"damage":0,"enemies":"Looter","floor":7,"turns":3},{"damage":0,"enemies":"3 Louse","floor":8,"turns":4},{"damage":9,"enemies":"Exordium Thugs","floor":10,"turns":6},{"damage":122,"enemies":"Gremlin Nob","floor":12,"turns":8}],"seed_played":"424735338316738523","potions_obtained":[{"floor":2,"key":"DistilledChaos"},{"floor":4,"key":"Ancient Potion"},{"floor":5,"key":"Reflective Coating"}],"is_trial":true,"path_per_floor":["M","M","?","M","M","R","M","M","T","M","?","E"],"character_chosen":"IRONCLAD","items_purchased":[],"campfire_rested":0,"item_purchase_floors":[],"current_hp_per_floor":[80,80,80,80,80,80,80,90,95,92,92,0,0],"gold":199,"neow_bonus":"","is_daily":false,"chose_seed":false,"campfire_upgraded":1,"win_rate":0.0,"timestamp":1609019379,"path_taken":["M","M","?","?","M","R","M","M","T","M","?","E"],"items_purchased_type":[],"build_version":"2020-12-22","purchased_purges":0,"victory":false,"max_hp_per_floor":[80,80,80,80,80,80,80,90,95,95,95,95,95],"card_choices":[],"player_experience":169886,"relics_obtained":[{"floor":1,"key":"Replay:Bottled Eggs"},{"floor":2,"key":"Divine Protection"},{"floor":4,"key":"Pocketwatch"},{"floor":5,"key":"infinitespire:CheckeredPen"},{"floor":7,"key":"Garlic"},{"floor":8,"key":"Pear"},{"floor":9,"key":"Durian"},{"floor":10,"key":"Eternal Feather"}],"event_choices":[{"damage_healed":0,"gold_gain":0,"player_choice":"Ignored","damage_taken":0,"max_hp_gain":0,"max_hp_loss":0,"event_name":"Purifier","floor":3,"gold_loss":0}],"is_beta":false,"boss_relics":[],"items_purged_floors":[],"is_endless":false,"potions_floor_spawned":[2,4,5,7],"killed_by":"Gremlin Nob","ascension_level":0}}