{"host":"3jpwrwmmgyabjceh","time":1609024714,"event":{"mods":["AchievementEnabler","BaseMod","Colored Map","Colored Powertips","Highlight Path","Minty Spire (QoL Compilation)","Quick Restart","StSLib"],"gold_per_floor":[112,112,37,50,50,50,67,67,93,121,71,86,86,114,126,233,245,274,41,60,60,79,79,112,112,112,137,137,236,236,256,256,351,351,362,362,381,603,603,603,614,614,614,614,418,435,463,42,42,42,42,42,42,77,77,77],"floor_reached":55,"playtime":1635,"items_purged":["Regret","Strike_R","Pain","Strike_R"],"score":711,"play_id":"4f287e85-8806-4580-8bd4-f0499f895ec2","local_time":"20201227021834","is_ascension_mode":false,"campfire_choices":[{"data":"Bash","floor":6.0,"key":"SMITH"},{"data":"Heavy Blade","floor":8.0,"key":"SMITH"},{"data":"Spot Weakness","floor":15.0,"key":"SMITH"},{"data":"Brutality","floor":23.0,"key":"SMITH"},{"floor":25.0,"key":"REST"},{"data":"Rupture","floor":28.0,"key":"SMITH"},{"data":"Combust","floor":30.0,"key":"SMITH"},{"floor":32.0,"key":"REST"},{"data":"Demon Form","floor":40,"key":"SMITH"},{"data":"Reaper","floor":44,"key":"SMITH"},{"floor":49,"key":"RECALL"},{"data":"Heavy Blade","floor":52,"key":"SMITH"}],"circlet_count":0,"master_deck":["Strike_R","Defend_R","Defend_R","Defend_R","Defend_R","Bash+1","Spot Weakness+1","Heavy Blade+1","Cleave","Rupture+1","Brutality+1","Combust+1","Impervious","True Grit+1","Demon Form+1","Reaper+1","Doubt","Rupture","Armaments+1","Feel No Pain","Heavy Blade+1","True Grit+1"],"relics":["Black Blood","Omamori","Bag of Preparation","PreservedInsect","MawBank","Cursed Key","Blood Vial","Red Mask","Toy Ornithopter","Anchor","Blue Candle","Dead Branch","The Courier","Meat on the Bone","Orichalcum"],"acts_visited":["Exordium","TheCity","TheBeyond","TheEnding"],"potions_floor_usage":[41,50,50,50],"damage_taken":[{"damage":6.0,"enemies":"Cultist","floor":1.0,"turns":4.0},{"damage":7.0,"enemies":"Small Slimes","floor":4.0,"turns":4.0},{"damage":3.0,"enemies":"Jaw Worm","floor":7.0,"turns":3.0},{"damage":18.0,"enemies":"3 Sentries","floor":10.0,"turns":4.0},{"damage":5.0,"enemies":"Looter","floor":12.0,"turns":3.0},{"damage":2.0,"enemies":"3 Louse","floor":14.0,"turns":3.0},{"damage":48.0,"enemies":"Hexaghost","floor":16.0,"turns":7.0},{"damage":23.0,"enemies":"Shell Parasite","floor":18.0,"turns":4.0},{"damage":6.0,"enemies":"Spheric Guardian","floor":20.0,"turns":4.0},{"damage":12.0,"enemies":"Snake Plant","floor":22.0,"turns":3.0},{"damage":26.0,"enemies":"Masked Bandits","floor":24.0,"turns":4.0},{"damage":22.0,"enemies":"Slavers","floor":27.0,"turns":3.0},{"damage":9.0,"enemies":"Centurion and Healer","floor":31.0,"turns":5.0},{"damage":22.0,"enemies":"Collector","floor":33.0,"turns":5.0},{"damage":35.0,"enemies":"3 Darklings","floor":35.0,"turns":4.0},{"damage":17,"enemies":"3 Shapes","floor":37,"turns":4},{"damage":31,"enemies":"Transient","floor":41,"turns":5},{"damage":33,"enemies":"4 Shapes","floor":46,"turns":5},{"damage":2,"enemies":"Nemesis","floor":47,"turns":3},{"damage":51,"enemies":"Time Eater","floor":50,"turns":7},{"damage":70,"enemies":"Shield and Spear","floor":54,"turns":6},{"damage":80,"enemies":"The Heart","floor":55,"turns":3}],"seed_played":"-5116185436696374015","potions_obtained":[{"floor":1.0,"key":"BlessingOfTheForge"},{"floor":4.0,"key":"CultistPotion"},{"floor":14.0,"key":"Swift Potion"},{"floor":22.0,"key":"PowerPotion"},{"floor":24.0,"key":"FearPotion"},{"floor":31.0,"key":"Fire Potion"},{"floor":37,"key":"EssenceOfSteel"},{"floor":41,"key":"Dexterity Potion"},{"floor":46,"key":"SpeedPotion"}],"is_trial":false,"path_per_floor":["M","?","$","M","?","R","M","R","T","E","?","M","?","M","R","B",null,"M","$","M","?","M","R","?","R","T","E","R","?","R","M","R","B",null,"M","?","M","?","T","R","M","T","T","R","$","M","E","$","R","B",null,"R","$","E","B"],"character_chosen":"IRONCLAD","items_purchased":["Blood Vial","Rupture","Feel No Pain","Heavy Blade","Meat on the Bone"],"campfire_rested":2,"item_purchase_floors":[19,45,48,48,48],"current_hp_per_floor":[80,80,80,79,79,79,80,80,80,68,68,69,57,61,61,19,80,63,63,65,65,61,61,43,67,67,53,53,53,53,52,76,62,80,80,80,75,75,75,75,80,80,80,80,80,80,80,80,80,80,80,80,80,62,0,0],"gold":77,"neow_bonus":"THREE_CARDS","is_daily":false,"chose_seed":false,"campfire_upgraded":9,"win_rate":0.0,"timestamp":1609024714,"path_taken":["M","?","$","M","?","R","?","R","T","E","?","M","?","M","R","BOSS","M","$","M","?","M","R","?","R","T","E","R","?","R","M","R","BOSS","M","?","?","?","?","R","M","?","T","R","$","M","E","$","R","BOSS","R","$","E","BOSS"],"items_purchased_type":["Relic","Card","Card","Card","Relic"],"build_version":"2020-12-22","purchased_purges":4,"victory":false,"max_hp_per_floor":[80,80,80,80,80,80,80,80,80,80,80,80,80,80,80,80,80,80,80,80,80,80,80,80,80,80,80,80,80,80,80,80,80,80,80,80,80,80,80,80,80,80,80,80,80,80,80,80,80,80,80,80,80,80,80,80],"card_choices":[{"not_picked":["Heavy Blade","Sword Boomerang"],"picked":"Spot Weakness","floor":0.0},{"not_picked":["Sentinel","Warcry","Anger"],"picked":"SKIP","floor":1.0},{"not_picked":["Shrug It Off","Havoc"],"picked":"Heavy Blade","floor":4.0},{"not_picked":["Shrug It Off","Clothesline"],"picked":"Cleave","floor":7.0},{"not_picked":["Iron Wave","Dropkick"],"picked":"Rupture","floor":10.0},{"not_picked":["Headbutt","Rampage"],"picked":"Brutality","floor":12.0},{"not_picked":["Iron Wave","Thunderclap"],"picked":"Combust","floor":14.0},{"not_picked":["Fiend Fire","Juggernaut"],"picked":"Impervious","floor":16.0},{"not_picked":["Clash+1","Power Through","Body Slam"],"picked":"SKIP","floor":18.0},{"not_picked":["True Grit","Rage","Perfected Strike"],"picked":"SKIP","floor":20.0},{"not_picked":["Rage+1","Armaments","Cleave"],"picked":"SKIP","floor":22.0},{"not_picked":["Havoc","Evolve"],"picked":"True Grit+1","floor":27.0},{"not_picked":["Pommel Strike","Combust"],"picked":"Demon Form","floor":31.0},{"not_picked":["Juggernaut","Fiend Fire"],"picked":"Reaper","floor":33.0},{"not_picked":["Sentinel","Clothesline+1","Havoc"],"picked":"SKIP","floor":35.0},{"not_picked":["Dual Wield+1","Entrench","True Grit"],"picked":"SKIP","floor":37},{"not_picked":["Warcry+1","Sword Boomerang","Pommel Strike"],"picked":"SKIP","floor":41},{"not_picked":["Anger","Clash"],"picked":"Armaments+1","floor":46},{"not_picked":["Carnage","Cleave","Bludgeon"],"picked":"SKIP","floor":47},{"not_picked":["Hemokinesis","Twin Strike+1"],"picked":"True Grit+1","floor":54}],"player_experience":219061,"relics_obtained":[{"floor":9.0,"key":"Bag of Preparation"},{"floor":10.0,"key":"PreservedInsect"},{"floor":24.0,"key":"Red Mask"},{"floor":27.0,"key":"Toy Ornithopter"},{"floor":39,"key":"Anchor"},{"floor":42,"key":"Blue Candle"},{"floor":43,"key":"Dead Branch"},{"floor":47,"key":"The Courier"},{"floor":54,"key":"Orichalcum"}],"event_choices":[{"damage_healed":0.0,"max_hp_gain":0.0,"max_hp_loss":0.0,"gold_gain":0.0,"event_name":"Big Fish","player_choice":"Box","floor":2.0,"gold_loss":0.0,"damage_taken":0.0,"relics_obtained":["Omamori"],"cards_obtained":["Regret"]},{"cards_removed":["Strike_R"],"damage_healed":0.0,"max_hp_gain":0.0,"max_hp_loss":0.0,"gold_gain":0.0,"event_name":"Purifier","player_choice":"Purged","floor":5.0,"gold_loss":0.0,"damage_taken":0.0},{"cards_removed":["Strike_R"],"damage_healed":0.0,"max_hp_gain":0.0,"max_hp_loss":0.0,"gold_gain":0.0,"event_name":"The Cleric","player_choice":"Card Removal","floor":11.0,"gold_loss":50.0,"damage_taken":0.0},{"damage_healed":0.0,"max_hp_gain":0.0,"max_hp_loss":0.0,"gold_gain":0.0,"event_name":"Scrap Ooze","player_choice":"Success","floor":13.0,"gold_loss":0.0,"damage_taken":12.0,"relics_obtained":["MawBank"]},{"damage_healed":0.0,"max_hp_gain":0.0,"max_hp_loss":0.0,"gold_gain":0.0,"event_name":"Ghosts","player_choice":"Ignored","floor":21.0,"gold_loss":0.0,"damage_taken":0.0},{"damage_healed":0.0,"max_hp_gain":0.0,"max_hp_loss":0.0,"gold_gain":0.0,"event_name":"Masked Bandits","player_choice":"Fought Bandits","floor":24.0,"gold_loss":0.0,"damage_taken":0.0},{"damage_healed":0.0,"max_hp_gain":0.0,"max_hp_loss":0.0,"gold_gain":99.0,"event_name":"Nest","player_choice":"Stole From Cult","floor":29.0,"gold_loss":0.0,"damage_taken":0.0},{"damage_healed":0.0,"max_hp_gain":0.0,"max_hp_loss":0.0,"gold_gain":0.0,"event_name":"SecretPortal","player_choice":"Ignored","floor":36.0,"gold_loss":0.0,"damage_taken":0.0},{"damage_healed":0,"gold_gain":222,"player_choice":"Wore Mask","damage_taken":0,"max_hp_gain":0,"max_hp_loss":0,"event_name":"Tomb of Lord Red Mask","floor":38,"gold_loss":0}],"is_beta":false,"boss_relics":[{"not_picked":["Fusion Hammer","Coffee Dripper"],"picked":"Cursed Key"},{"not_picked":["Calling Bell","Runic Cube"],"picked":"Black Blood"}],"items_purged_floors":[3,19,45,48],"is_endless":false,"potions_floor_spawned":[1,4,14,22,24,31,37,41,46],"killed_by":"The Heart","ascension_level":0}}