{"host":"ezkqjaqywejtjag1","time":1609008025,"event":{"mods":["BaseMod","Colored Map","Infinite Spire","Minty Spire (QoL Compilation)","StSLib"],"gold_per_floor":[114,133,146,156,169,169,169,244,267,193,193,212,229,245,245,350,350,366,366,379,68,85,85,97,108,134,154,189,189,203,214,214,312,312,330,330,330],"floor_reached":36,"playtime":1991,"items_purged":[],"score":684,"play_id":"12759207-0f56-4885-92ff-2a42be76354b","local_time":"20201226134025","daily_mods":["Hoarder"],"is_ascension_mode":false,"campfire_choices":[{"data":"Echo Form","floor":6.0,"key":"SMITH"},{"floor":15.0,"key":"REST"},{"data":"Creative AI","floor":23.0,"key":"SMITH"},{"floor":32.0,"key":"REST"}],"circlet_count":0,"master_deck":["Strike_B","Strike_B","Strike_B","Strike_B","Defend_B","Defend_B","Defend_B","Defend_B","Zap","Dualcast","Melter","Melter","Melter","Go for the Eyes","Go for the Eyes","Go for the Eyes","Self Repair","Self Repair","Self Repair","Heatsinks","Heatsinks","Heatsinks","Echo Form","Echo Form","Echo Form+1","Storm","Storm","Storm","Gash","Gash","Gash","Recycle","Recycle","Recycle","Gash","Gash","Gash","Creative AI+1","Creative AI","Creative AI","Aggregate","Aggregate","Aggregate","infinitespire:DeathsTouch","infinitespire:DeathsTouch","infinitespire:DeathsTouch","Turbo","Turbo","Turbo","Leap","Leap","Leap","Turbo","Turbo","Turbo","Sunder+1","Sunder+1","Sunder+1","Injury","Injury","Injury","Beam Cell+1","Beam Cell+1","Beam Cell+1","Coolheaded","Coolheaded","Coolheaded","Writhe","Writhe","Writhe","Gash","Gash","Gash","Beam Cell","Beam Cell","Beam Cell","Gash","Gash","Gash","Buffer","Buffer","Buffer","Beam Cell+1","Beam Cell+1","Beam Cell+1"],"relics":["Cracked Core","Bag of Marbles","infinitespire:PuzzleCube","Cursed Key","Bird Faced Urn","Anchor","Dream Catcher","Omamori","Sozu"],"acts_visited":["Exordium","TheCity","TheBeyond"],"potions_floor_usage":[],"damage_taken":[{"damage":2.0,"enemies":"Small Slimes","floor":1.0,"turns":4.0},{"damage":1.0,"enemies":"Jaw Worm","floor":2.0,"turns":3.0},{"damage":0.0,"enemies":"2 Louse","floor":3.0,"turns":2.0},{"damage":19.0,"enemies":"Exordium Thugs","floor":4.0,"turns":4.0},{"damage":59.0,"enemies":"Lots of Slimes","floor":5.0,"turns":5.0},{"damage":12.0,"enemies":"2 Fungi Beasts","floor":12.0,"turns":4.0},{"damage":9.0,"enemies":"Blue Slaver","floor":13.0,"turns":3.0},{"damage":9.0,"enemies":"Large Slime","floor":14.0,"turns":4.0},{"damage":0.0,"enemies":"Slime Boss","floor":16.0,"turns":6.0},{"damage":30.0,"enemies":"2 Thieves","floor":18.0,"turns":3.0},{"damage":11.0,"enemies":"Chosen","floor":20.0,"turns":4.0},{"damage":36.0,"enemies":"Snake Plant","floor":22.0,"turns":4.0},{"damage":36.0,"enemies":"Centurion and Healer","floor":24.0,"turns":4.0},{"damage":5.0,"enemies":"3 Cultists","floor":25.0,"turns":4.0},{"damage":9.0,"enemies":"Sentry and Sphere","floor":27.0,"turns":4.0},{"damage":57.0,"enemies":"Gremlin Leader","floor":28.0,"turns":6.0},{"damage":21.0,"enemies":"Shelled Parasite and Fungi","floor":30.0,"turns":4.0},{"damage":18.0,"enemies":"Centurion and Healer","floor":31.0,"turns":4.0},{"damage":59.0,"enemies":"Automaton","floor":33.0,"turns":8.0},{"damage":28.0,"enemies":"3 Shapes","floor":35.0,"turns":7.0},{"damage":79,"enemies":"3 Darklings","floor":36,"turns":5}],"seed_played":"6389076238569994795","potions_obtained":[{"floor":1.0,"key":"Fire Potion"},{"floor":2.0,"key":"Fire Potion"},{"floor":12.0,"key":"Weak Potion"},{"floor":18.0,"key":"SteroidPotion"},{"floor":28.0,"key":"Dexterity Potion"},{"floor":31.0,"key":"FearPotion"}],"is_trial":true,"path_per_floor":["M","M","M","M","M","R","?","?","T","$","?","M","M","M","R","B",null,"M","?","M","$","M","R","M","M","T","M","E","?","M","M","R","B",null,"M","M"],"character_chosen":"DEFECT","items_purchased":["Storm","Bird Faced Urn"],"campfire_rested":2,"item_purchase_floors":[10,21],"current_hp_per_floor":[73,72,72,74,36,36,36,25,25,25,13,15,13,11,33,33,75,59,41,44,44,53,53,36,51,51,69,53,53,59,45,67,39,75,64,0,0],"gold":330,"neow_bonus":"","is_daily":false,"chose_seed":false,"campfire_upgraded":2,"win_rate":0.0,"timestamp":1609008025,"path_taken":["M","M","M","M","M","R","?","?","T","$","?","M","?","M","R","BOSS","M","?","M","$","M","R","M","M","T","M","E","?","?","M","R","BOSS","M","M"],"items_purchased_type":["Card","Relic"],"build_version":"2020-12-22","purchased_purges":0,"victory":false,"max_hp_per_floor":[75,75,75,75,75,75,75,75,75,75,75,75,75,75,75,75,75,75,75,75,75,75,75,75,75,75,75,75,75,75,75,75,75,75,75,75,75],"card_choices":[{"not_picked":["Ball Lightning","Steam Power"],"picked":"Melter","floor":1.0},{"not_picked":["Coolheaded","Cold Snap"],"picked":"Go for the Eyes","floor":2.0},{"not_picked":["Streamline","Redo"],"picked":"Self Repair","floor":3.0},{"not_picked":["Rebound","Force Field"],"picked":"Heatsinks","floor":4.0},{"not_picked":["Go for the Eyes","Stack"],"picked":"Echo Form","floor":5.0},{"not_picked":["FTL","Hologram"],"picked":"Gash","floor":12.0},{"not_picked":["Stack","Multi-Cast"],"picked":"Recycle","floor":13.0},{"not_picked":["Reprogram","Barrage"],"picked":"Gash","floor":14.0},{"not_picked":["Electrodynamics","Rainbow"],"picked":"Creative AI","floor":16.0},{"not_picked":["FTL+1","Steam+1"],"picked":"Aggregate","floor":18.0},{"not_picked":["infinitespire:SevenWalls","infinitespire:SealOfDarkness+"],"picked":"infinitespire:DeathsTouch","floor":19.0},{"not_picked":["Cold Snap","Undo+1"],"picked":"Turbo","floor":20.0},{"not_picked":["Echo Form","Compile Driver"],"picked":"Leap","floor":22.0},{"not_picked":["Leap","Coolheaded"],"picked":"Turbo","floor":24.0},{"not_picked":["Conserve Battery","Rebound"],"picked":"Sunder+1","floor":25.0},{"not_picked":["Conserve Battery","Cold Snap+1"],"picked":"Beam Cell+1","floor":27.0},{"not_picked":["Melter","Cold Snap"],"picked":"Coolheaded","floor":28.0},{"not_picked":["Turbo","Redo+1"],"picked":"Gash","floor":30.0},{"not_picked":["Leap","Auto Shields"],"picked":"Beam Cell","floor":31.0},{"not_picked":["Compile Driver","Creative AI"],"picked":"Gash","floor":32.0},{"not_picked":["Creative AI","Echo Form"],"picked":"Buffer","floor":33.0},{"not_picked":["Barrage+1","Go for the Eyes+1"],"picked":"Beam Cell+1","floor":35.0}],"player_experience":158128,"relics_obtained":[{"floor":9.0,"key":"Bag of Marbles"},{"floor":26.0,"key":"Anchor"},{"floor":28.0,"key":"Dream Catcher"}],"event_choices":[{"damage_healed":0.0,"max_hp_gain":0.0,"max_hp_loss":0.0,"gold_gain":75.0,"event_name":"World of Goop","player_choice":"Gather Gold","floor":8.0,"gold_loss":0.0,"damage_taken":11.0},{"damage_healed":0.0,"max_hp_gain":0.0,"max_hp_loss":0.0,"gold_gain":0.0,"event_name":"Scrap Ooze","player_choice":"Success","floor":11.0,"gold_loss":0.0,"damage_taken":12.0,"relics_obtained":["infinitespire:PuzzleCube"]},{"damage_healed":0.0,"max_hp_gain":0.0,"max_hp_loss":0.0,"gold_gain":0.0,"event_name":"The Mausoleum","player_choice":"Opened","floor":29.0,"gold_loss":0.0,"damage_taken":0.0,"relics_obtained":["Omamori"],"cards_obtained":["Writhe"]}],"is_beta":false,"boss_relics":[{"not_picked":["Empty Cage","Ectoplasm"],"picked":"Cursed Key"},{"not_picked":["Astrolabe","FrozenCore"],"picked":"Sozu"}],"items_purged_floors":[],"is_endless":false,"potions_floor_spawned":[1,2,12,13,18,28,31,35],"killed_by":"3 Darklings","ascension_level":0}}