{"host":"31s8hzukbhz1k6i6","time":1609000558,"event":{"mods":["BaseMod","Colored Map","Minty Spire (QoL Compilation)","Relic Stats"],"gold_per_floor":[112,41,56,56,68,101,127,156,224,71,83,83,93,126,126,230,230,245,261,261,281,18,18,48,48,48,67,95,105,117,137,137,232,232,251,251,7,19,19,19,32,58,58,70,70,70],"floor_reached":45,"playtime":2104,"items_purged":["Defend_R","Bite"],"score":524,"play_id":"3833d4e4-b70f-477a-bd92-b6e5741f913c","local_time":"20201226083558","is_ascension_mode":false,"campfire_choices":[{"data":"Flex","floor":12.0,"key":"SMITH"},{"data":"Double Tap","floor":15.0,"key":"SMITH"},{"data":"Whirlwind","floor":23,"key":"SMITH"},{"data":"Inflame","floor":25,"key":"SMITH"},{"data":"Demon Form","floor":32,"key":"SMITH"},{"data":"Fiend Fire","floor":40,"key":"SMITH"}],"circlet_count":0,"master_deck":["Defend_R","Defend_R","Bash","Cleave","Impervious","Flex+1","Clothesline+1","Double Tap+1","Sword Boomerang","Rage","Twin Strike+1","Offering","CurseOfTheBell","Flame Barrier+1","Bite","Bite","Bite","Bite","Whirlwind+1","Inflame+1","Dark Embrace","Demon Form+1","Warcry+1","Headbutt+1","Fiend Fire+1","Reaper","Shrug It Off","Feed","Flame Barrier+1","Shockwave","Parasite"],"relics":["Burning Blood","Ice Cream","Odd Mushroom","Pen Nib","Mercury Hourglass","Toolbox","Calling Bell","Boot","Pear","Torii","Whetstone","Toy Ornithopter","Matryoshka","Gambling Chip","SlaversCollar","OrangePellets","Ancient Tea Set","Bronze Scales","Incense Burner"],"acts_visited":["Exordium","TheCity","TheBeyond"],"potions_floor_usage":[29,41,45],"damage_taken":[{"damage":1.0,"enemies":"Cultist","floor":1.0,"turns":3.0},{"damage":0.0,"enemies":"2 Louse","floor":3.0,"turns":2.0},{"damage":6.0,"enemies":"Jaw Worm","floor":5.0,"turns":3.0},{"damage":21.0,"enemies":"Lagavulin","floor":6.0,"turns":8.0},{"damage":16.0,"enemies":"The Mushroom Lair","floor":7.0,"turns":3.0},{"damage":17.0,"enemies":"Gremlin Nob","floor":8.0,"turns":4.0},{"damage":0.0,"enemies":"Exordium Wildlife","floor":11.0,"turns":2.0},{"damage":7.0,"enemies":"Blue Slaver","floor":13.0,"turns":2.0},{"damage":0.0,"enemies":"Looter","floor":14.0,"turns":1.0},{"damage":51.0,"enemies":"The Guardian","floor":16.0,"turns":9.0},{"damage":1.0,"enemies":"Chosen","floor":18.0,"turns":3.0},{"damage":24.0,"enemies":"Shell Parasite","floor":19.0,"turns":3.0},{"damage":12,"enemies":"Shelled Parasite and Fungi","floor":21,"turns":5},{"damage":18,"enemies":"Gremlin Leader","floor":24,"turns":4},{"damage":0,"enemies":"Snake Plant","floor":27,"turns":4},{"damage":28,"enemies":"Slavers","floor":28,"turns":3},{"damage":6,"enemies":"Centurion and Healer","floor":29,"turns":5},{"damage":7,"enemies":"Snecko","floor":30,"turns":3},{"damage":6,"enemies":"Snake Plant","floor":31,"turns":2},{"damage":37,"enemies":"Champ","floor":33,"turns":8},{"damage":0,"enemies":"3 Darklings","floor":35,"turns":1},{"damage":14,"enemies":"Orb Walker","floor":38,"turns":4},{"damage":47,"enemies":"4 Shapes","floor":41,"turns":5},{"damage":34,"enemies":"Nemesis","floor":42,"turns":5},{"damage":9,"enemies":"Writhing Mass","floor":44,"turns":4},{"damage":26,"enemies":"Spire Growth","floor":45,"turns":3}],"seed_played":"-2023121833605198279","potions_obtained":[{"floor":1.0,"key":"ColorlessPotion"},{"floor":3.0,"key":"Weak Potion"},{"floor":11.0,"key":"GamblersBrew"},{"floor":13.0,"key":"BloodPotion"},{"floor":14.0,"key":"LiquidMemories"},{"floor":24,"key":"Dexterity Potion"},{"floor":28,"key":"GamblersBrew"},{"floor":29,"key":"Regen Potion"},{"floor":35,"key":"DuplicationPotion"}],"is_trial":false,"path_per_floor":["M","$","M","$","M","E","?","E","T","$","M","R","M","M","R","B",null,"M","M","?","M","$","R","E","R","T","M","E","M","M","M","R","B",null,"M","?","$","M","$","R","M","E","T","M","M"],"character_chosen":"IRONCLAD","items_purchased":["Impervious","Toolbox","Whetstone","Inflame","OrangePellets"],"campfire_rested":0,"item_purchase_floors":[2,10,22,22,37],"current_hp_per_floor":[80,80,80,80,80,65,55,44,44,44,50,50,49,55,55,10,90,90,72,62,62,62,62,54,54,54,62,44,62,62,62,62,47,62,62,62,62,55,55,55,26,14,14,13,0,0],"gold":70,"neow_bonus":"","is_daily":false,"chose_seed":false,"campfire_upgraded":6,"win_rate":0.0,"timestamp":1609000558,"path_taken":["M","?","M","$","M","E","?","E","T","?","M","R","?","M","R","BOSS","M","M","?","M","$","R","E","R","T","M","E","M","M","M","R","BOSS","M","?","$","M","$","R","?","E","T","M","M"],"items_purchased_type":["Card","Relic","Relic","Card","Relic"],"build_version":"2020-12-22","purchased_purges":2,"victory":false,"max_hp_per_floor":[80,80,80,80,80,80,80,80,80,80,80,80,80,80,80,80,90,90,90,62,62,62,62,62,62,62,62,62,62,62,62,62,62,62,62,62,62,62,62,62,65,65,65,65,65,65],"relic_stats":{"OrangePellets":[0],"Torii":20,"counters":[26,99],"Gambling Chip":[28],"Bronze Scales":[21],"Pen Nib":[14],"Whetstone":["Twin Strike","Clothesline"],"Boot":[44],"obtain_stats":[{"Ice Cream":6,"Pear":17,"Torii":17,"Pen Nib":8,"Incense Burner":43,"Whetstone":22,"Odd Mushroom":7,"Boot":17,"Ancient Tea Set":42,"Burning Blood":0,"Mercury Hourglass":9,"Calling Bell":17,"SlaversCollar":34,"OrangePellets":37,"Matryoshka":26,"Gambling Chip":28,"Bronze Scales":43,"Toolbox":10,"Toy Ornithopter":24},{"Ice Cream":4,"Pear":10,"Torii":10,"Pen Nib":6,"Incense Burner":24,"Whetstone":13,"Odd Mushroom":5,"Boot":10,"Ancient Tea Set":24,"Burning Blood":0,"Mercury Hourglass":6,"Calling Bell":10,"SlaversCollar":20,"OrangePellets":21,"Matryoshka":14,"Gambling Chip":16,"Bronze Scales":24,"Toolbox":6,"Toy Ornithopter":14},{"Ice Cream":16,"Pear":37,"Torii":37,"Pen Nib":23,"Incense Burner":92,"Whetstone":48,"Odd Mushroom":19,"Boot":37,"Ancient Tea Set":92,"Burning Blood":0,"Mercury Hourglass":23,"Calling Bell":37,"SlaversCollar":77,"OrangePellets":78,"Matryoshka":52,"Gambling Chip":59,"Bronze Scales":92,"Toolbox":23,"Toy Ornithopter":52}],"Burning Blood":114,"Toy Ornithopter":10,"Mercury Hourglass":[245]},"card_choices":[{"not_picked":["Combust","Body Slam"],"picked":"Cleave","floor":1.0},{"not_picked":["Ghostly Armor","Second Wind"],"picked":"Flex","floor":3.0},{"not_picked":["Thunderclap","Perfected Strike"],"picked":"Clothesline","floor":5.0},{"not_picked":["Iron Wave","Body Slam"],"picked":"Double Tap","floor":6.0},{"not_picked":["Rage","Anger"],"picked":"Sword Boomerang","floor":8.0},{"not_picked":["Thunderclap","Iron Wave","Sword Boomerang"],"picked":"SKIP","floor":11.0},{"not_picked":["Metallicize","Pommel Strike"],"picked":"Rage","floor":13.0},{"not_picked":["Rage","Rampage"],"picked":"Twin Strike","floor":14.0},{"not_picked":["Reaper","Berserk"],"picked":"Offering","floor":16.0},{"not_picked":["Thunderclap","Body Slam","Clash"],"picked":"SKIP","floor":18.0},{"not_picked":["Headbutt","Body Slam"],"picked":"Flame Barrier+1","floor":19.0},{"not_picked":["Carnage","Clothesline+1"],"picked":"Whirlwind","floor":21},{"not_picked":["Dropkick","Clash+1","Carnage"],"picked":"SKIP","floor":24},{"not_picked":["True Grit","Warcry+1"],"picked":"Dark Embrace","floor":27},{"not_picked":["Thunderclap","Dropkick"],"picked":"Demon Form","floor":28},{"not_picked":["Whirlwind","Anger"],"picked":"Warcry+1","floor":29},{"not_picked":["Fire Breathing","Twin Strike"],"picked":"Headbutt+1","floor":30},{"not_picked":["Rampage","Anger"],"picked":"Fiend Fire","floor":31},{"not_picked":["Fiend Fire","Bludgeon"],"picked":"Reaper","floor":33},{"not_picked":["Power Through+1","Dual Wield+1"],"picked":"Shrug It Off","floor":35},{"not_picked":["Sever Soul+1","Warcry"],"picked":"Flame Barrier+1","floor":38},{"not_picked":["Whirlwind+1","Ghostly Armor+1","Flex"],"picked":"SKIP","floor":41},{"not_picked":["Intimidate+1","Combust"],"picked":"Shockwave","floor":42},{"not_picked":["Bloodletting","Flame Barrier","Perfected Strike+1"],"picked":"SKIP","floor":44}],"player_experience":0,"relics_obtained":[{"floor":6.0,"key":"Ice Cream"},{"floor":7.0,"key":"Odd Mushroom"},{"floor":8.0,"key":"Pen Nib"},{"floor":9.0,"key":"Mercury Hourglass"},{"floor":17.0,"key":"Boot"},{"floor":17.0,"key":"Pear"},{"floor":17.0,"key":"Torii"},{"floor":24,"key":"Toy Ornithopter"},{"floor":26,"key":"Matryoshka"},{"floor":28,"key":"Gambling Chip"},{"floor":42,"key":"Ancient Tea Set"},{"floor":43,"key":"Bronze Scales"},{"floor":43,"key":"Incense Burner"}],"event_choices":[{"damage_healed":0.0,"max_hp_gain":0.0,"max_hp_loss":0.0,"gold_gain":0.0,"event_name":"Mushrooms","player_choice":"Fought Mushrooms","floor":7.0,"gold_loss":0.0,"damage_taken":0.0},{"damage_healed":0.0,"max_hp_gain":0.0,"max_hp_loss":28.0,"gold_gain":0.0,"event_name":"Vampires","player_choice":"Became a vampire","floor":20.0,"gold_loss":0.0,"damage_taken":0.0,"cards_obtained":["Bite","Bite","Bite","Bite","Bite"]},{"damage_healed":0,"gold_gain":0,"cards_transformed":["Defend_R"],"player_choice":"Transformed","damage_taken":0,"max_hp_gain":0,"max_hp_loss":0,"event_name":"Transmorgrifier","floor":36,"gold_loss":0,"cards_obtained":["Feed"]}],"is_beta":false,"boss_relics":[{"not_picked":["Mark of Pain","Busted Crown"],"picked":"Calling Bell"},{"not_picked":["Cursed Key","Fusion Hammer"],"picked":"SlaversCollar"}],"items_purged_floors":[22,37],"is_endless":false,"potions_floor_spawned":[1,3,11,13,14,24,28,29,31,35],"killed_by":"Spire Growth","ascension_level":0}}