{"host":"q9718omregw4er46","time":1609014738,"event":{"mods":["BaseMod","Bestiary","Colored Powertips","Minty Spire (QoL Compilation)","Quick Restart","Relic Stats"],"gold_per_floor":[117,135,153,23,23,52,52,64,114,145,145,145,145,145],"floor_reached":13,"playtime":214,"items_purged":[],"score":186,"play_id":"0c429371-c2e0-448c-960c-f612f6cd8390","local_time":"20201227013218","is_ascension_mode":true,"campfire_choices":[{"data":"Static Discharge","floor":7.0,"key":"SMITH"},{"floor":12,"key":"REST"}],"circlet_count":0,"master_deck":["AscendersBane","Strike_B","Strike_B","Strike_B","Strike_B","Defend_B","Defend_B","Defend_B","Defend_B","Zap","Dualcast","Capacitor","Go for the Eyes","Ball Lightning+1","Static Discharge+1","Steam","Reboot"],"relics":["Cracked Core","NeowsBlessing","StrikeDummy","Strawberry","Bag of Marbles"],"acts_visited":["Exordium"],"potions_floor_usage":[],"damage_taken":[{"damage":0.0,"enemies":"Cultist","floor":1.0,"turns":1.0},{"damage":0.0,"enemies":"Jaw Worm","floor":2.0,"turns":1.0},{"damage":0.0,"enemies":"2 Louse","floor":3.0,"turns":1.0},{"damage":36.0,"enemies":"Gremlin Nob","floor":6.0,"turns":4.0},{"damage":13.0,"enemies":"Exordium Thugs","floor":8.0,"turns":3.0},{"damage":15.0,"enemies":"Lagavulin","floor":10.0,"turns":5.0},{"damage":31,"enemies":"Gremlin Nob","floor":13,"turns":3}],"seed_played":"3684036182530924620","potions_obtained":[{"floor":6.0,"key":"Weak Potion"},{"floor":10.0,"key":"AttackPotion"},{"floor":11,"key":"DuplicationPotion"},{"floor":11,"key":"EntropicBrew"}],"is_trial":false,"path_per_floor":["M","M","M","$","?","E","R","M","T","E","?","R","E"],"character_chosen":"DEFECT","items_purchased":["Ball Lightning","Static Discharge"],"campfire_rested":1,"item_purchase_floors":[4,4],"current_hp_per_floor":[64,64,64,64,64,28,28,15,22,7,7,30,0,0],"gold":145,"neow_bonus":"THREE_ENEMY_KILL","is_daily":false,"chose_seed":false,"campfire_upgraded":1,"win_rate":0.0,"timestamp":1609014738,"path_taken":["M","?","M","$","?","E","R","?","T","E","?","R","E"],"items_purchased_type":["Card","Card"],"build_version":"2020-12-22","purchased_purges":0,"victory":false,"max_hp_per_floor":[71,71,71,71,71,71,71,71,78,78,78,78,78,78],"relic_stats":{"counters":[7,18],"obtain_stats":[{"NeowsBlessing":0,"Strawberry":9,"Bag of Marbles":10,"Cracked Core":0,"StrikeDummy":6},{"NeowsBlessing":0,"Strawberry":5,"Bag of Marbles":6,"Cracked Core":0,"StrikeDummy":4},{"NeowsBlessing":0,"Strawberry":10,"Bag of Marbles":15,"Cracked Core":0,"StrikeDummy":7}]},"card_choices":[{"not_picked":["Redo","Hologram"],"picked":"Capacitor","floor":1.0},{"not_picked":["Streamline","Steam Power","Hologram"],"picked":"SKIP","floor":2.0},{"not_picked":["Blizzard","Gash"],"picked":"Go for the Eyes","floor":3.0},{"not_picked":["Streamline","Steam Power"],"picked":"Steam","floor":6.0},{"not_picked":["Hologram","Gash","Loop"],"picked":"SKIP","floor":8.0},{"not_picked":["Stack","Barrage"],"picked":"Reboot","floor":10.0}],"player_experience":1125298,"relics_obtained":[{"floor":6.0,"key":"StrikeDummy"},{"floor":9.0,"key":"Strawberry"},{"floor":10.0,"key":"Bag of Marbles"}],"event_choices":[{"damage_healed":0.0,"max_hp_gain":0.0,"max_hp_loss":0.0,"gold_gain":0.0,"event_name":"Upgrade Shrine","player_choice":"Upgraded","floor":5.0,"gold_loss":0.0,"damage_taken":0.0,"cards_upgraded":["Ball Lightning"]},{"damage_healed":0,"gold_gain":0,"player_choice":"Got Potions","damage_taken":0,"max_hp_gain":0,"max_hp_loss":0,"event_name":"Lab","floor":11,"gold_loss":0}],"is_beta":false,"boss_relics":[],"items_purged_floors":[],"is_endless":false,"potions_floor_spawned":[6,10],"killed_by":"Gremlin Nob","ascension_level":20}}