{"host":"xenpv6dj5x1yxp66","time":1609019450,"event":{"mods":["AchievementEnabler","Aspiration","BaseMod","Better Altar","Better Sensory Stone","Better Skull","Better Third Choice","BetterRewards","Colored Map","Colored Powertips","Conspire","Downfall","Highlight Path","Hubris","Marisa????????","Minty Spire (QoL Compilation)","Quick Restart","READ ME - Guardian Mod","Replay The Spire","Shade Mod","StSLib","The Animator","The Bug Knight","The Construct","The Cursed","The Disciple","The Necromancer","The Runesmith","The Servant 0.9.4"],"gold_per_floor":[217,227,27,39,39,39,39,57,81,119,142,163,177,177,177,298,298,322,117,117,117,117,117,133,147,173,26,51,91,91,115,115,244,244,258,258,279,9,33,68,68,68,68,68,111,134,134,147,147,147],"floor_reached":51,"playtime":4598,"items_purged":[],"score":879,"play_id":"bd8f91af-24b7-4efc-a52a-f2c616c5f74b","local_time":"20201226225050","is_ascension_mode":false,"campfire_choices":[{"data":"TheCursedMod:CursedWand","floor":6,"key":"SMITH"},{"floor":15,"key":"REST"},{"data":"TheCursedMod:ReleasedKnowledge","floor":23,"key":"SMITH"},{"data":"TheCursedMod:Evocation","floor":30,"key":"SMITH"},{"data":"TheCursedMod:HellsGateOpen","floor":32,"key":"SMITH"},{"data":"Creative AI","floor":42,"key":"SMITH"},{"floor":47,"key":"RECALL"},{"data":"TheCursedMod:CursedShiv","floor":49,"key":"SMITH"}],"circlet_count":0,"master_deck":["TheCursedMod:Strike_TheCursed","TheCursedMod:Strike_TheCursed","TheCursedMod:Strike_TheCursed","TheCursedMod:Defend_TheCursed","TheCursedMod:Defend_TheCursed","TheCursedMod:Defend_TheCursed","TheCursedMod:Defend_TheCursed","TheCursedMod:CursedWand+1","TheCursedMod:CleanUpWorkshop","TheCursedMod:Dregs","TheCursedMod:ReleasedKnowledge+1","TheCursedMod:AbyssShockwave","TheCursedMod:VoidForm+1","Injury","TheCursedMod:CursedAmulet","TheCursedMod:SpitefulStrike","TheCursedMod:FleshFromBone","TheCursedMod:CursedShiv+1","TheCursedMod:RapidMovement","TheCursedMod:DarkBarrier+1","TheCursedMod:Evocation+1","TheCursedMod:HellsGateOpen+1","TheCursedMod:HellsGateOpen","Ghostly","Ghostly","Ghostly","Ghostly","Ghostly","TheCursedMod:CursedAmulet","TheCursedMod:CursedShiv","FIFO Queue+1","TheCursedMod:SurpriseAttack+1","TheCursedMod:WearCloak+1","Creative AI+1","Skim+1","TheCursedMod:SurpriseAttack+1","Beam Cell+1","Conserve Battery+1","expansioncontent:PrepareCrush","TheCursedMod:SoulReap+1","TheCursedMod:RavingStaff+1"],"relics":["TheCursedMod:BlackMagic101","ReplayTheSpireMod:Lightbulb","Golden Idol","Lantern","Onion Ring","aspiration:DefectSkillbook","Guide Book","Ring of Misfortune","ReplayTheSpireMod:Ring of Exchange","Simple Rune","Blood Vial","ReplayTheSpireMod:TigerMarble","hubris:VirtuousBlindfold","Strawberry","Replay:Rubber Ducky","aspiration:StickyExplosives_weak","Shuriken"],"acts_visited":["Exordium","TheCity","TheBeyond"],"potions_floor_usage":[2,4,13,24,33,33,33,45,50],"damage_taken":[{"damage":0,"enemies":"Small Slimes","floor":1,"turns":3},{"damage":3,"enemies":"Jaw Worm","floor":2,"turns":9},{"damage":0,"enemies":"Cultist","floor":4,"turns":6},{"damage":11,"enemies":"2 Fungi Beasts","floor":8,"turns":3},{"damage":16,"enemies":"Gremlin Nob","floor":10,"turns":4},{"damage":14,"enemies":"Looter","floor":11,"turns":3},{"damage":13,"enemies":"Exordium Thugs","floor":12,"turns":4},{"damage":6,"enemies":"3 Louse","floor":13,"turns":3},{"damage":12,"enemies":"The Guardian","floor":16,"turns":10},{"damage":17,"enemies":"Shell Parasite","floor":18,"turns":3},{"damage":17,"enemies":"3 Byrds","floor":24,"turns":3},{"damage":1,"enemies":"Snake Plant","floor":25,"turns":3},{"damage":0,"enemies":"3 Cultists","floor":28,"turns":5},{"damage":0,"enemies":"conspire:SneckoGhost","floor":29,"turns":5},{"damage":5,"enemies":"Chosen and Byrds","floor":31,"turns":4},{"damage":6,"enemies":"hubris:MusketHawk","floor":33,"turns":6},{"damage":0,"enemies":"Orb Walker","floor":35,"turns":5},{"damage":9,"enemies":"3 Shapes","floor":37,"turns":4},{"damage":0,"enemies":"Maw","floor":39,"turns":5},{"damage":0,"enemies":"Nemesis","floor":40,"turns":5},{"damage":0,"enemies":"HollowMod:StalkingDevout","floor":45,"turns":5},{"damage":0,"enemies":"Jaw Worm Horde","floor":46,"turns":4},{"damage":0,"enemies":"Spire Growth","floor":48,"turns":4},{"damage":0,"enemies":"Time Eater","floor":50,"turns":10}],"seed_played":"651056958215420556","potions_obtained":[{"floor":1,"key":"champ:CounterPotion"},{"floor":2,"key":"Explosive Potion"},{"floor":11,"key":"Swift Potion"},{"floor":16,"key":"TheCursedMod:DregsPotion"},{"floor":18,"key":"Toxic Potion"},{"floor":24,"key":"Death Potion"},{"floor":29,"key":"AttackPotion"},{"floor":39,"key":"Adrenaline Potion"},{"floor":46,"key":"CultistPotion"}],"is_trial":false,"path_per_floor":["M","M","$","M","?","R","?","M","T","E","M","M","M","?","R","B",null,"M","$","?","?","?","R","M","M","T","$","M","E","R","M","R","B",null,"M","?","M","$","M","E","?","R","T","$","E","M","R","M","R","B",null],"character_chosen":"THE_CURSED","items_purchased":["ReplayTheSpireMod:Lightbulb","Guide Book","TheCursedMod:HellsGateOpen","Blood Vial","Strawberry","Fire Potion","EssenceOfSteel"],"campfire_rested":1,"item_purchase_floors":[3,19,19,27,38,38,38],"current_hp_per_floor":[75,72,72,72,72,72,72,61,61,45,31,18,12,12,34,22,75,58,58,58,58,37,37,20,19,19,19,21,23,23,28,28,24,37,37,37,28,35,37,39,39,39,39,39,41,44,44,44,44,44],"gold":147,"neow_bonus":"HUNDRED_GOLD","is_daily":false,"chose_seed":false,"campfire_upgraded":6,"win_rate":0.0,"timestamp":1609019450,"path_taken":["M","M","$","M","?","R","?","M","T","E","M","M","M","?","R","BOSS","M","$","?","?","?","R","M","?","T","$","M","E","R","M","R","BOSS","M","?","M","$","M","E","?","R","T","$","E","?","R","M","R","BOSS"],"items_purchased_type":["Relic","Relic","Card","Relic","Relic","Potion","Potion"],"build_version":"2020-12-22","purchased_purges":0,"victory":true,"max_hp_per_floor":[75,75,75,75,75,75,75,75,75,75,75,75,75,75,75,75,75,75,75,75,75,37,37,37,37,37,37,37,37,37,37,37,37,37,37,37,37,44,44,44,44,44,44,44,44,44,44,44,44,44],"card_choices":[{"not_picked":["TheCursedMod:RapidMovement","TheCursedMod:PrepareRite"],"picked":"TheCursedMod:ReleasedKnowledge","floor":1},{"not_picked":["TheCursedMod:TacticalStrike","TheCursedMod:Mangle"],"picked":"TheCursedMod:AbyssShockwave","floor":2},{"not_picked":["TheCursedMod:CursedAmulet","TheCursedMod:SpreadPlague"],"picked":"TheCursedMod:VoidForm","floor":4},{"not_picked":["TheCursedMod:FleshFromBone","TheCursedMod:RavingStaff"],"picked":"TheCursedMod:CursedAmulet","floor":8},{"not_picked":["TheCursedMod:TacticalStrike","TheCursedMod:NeowsMight"],"picked":"TheCursedMod:SpitefulStrike","floor":10},{"not_picked":["TheCursedMod:RapidMovement","TheCursedMod:SaltUponWound"],"picked":"TheCursedMod:FleshFromBone","floor":11},{"not_picked":["TheCursedMod:SaltUponWound","TheCursedMod:FleshFromBone"],"picked":"TheCursedMod:CursedShiv","floor":12},{"not_picked":["TheCursedMod:Stigma","TheCursedMod:VitalStrike"],"picked":"TheCursedMod:RapidMovement","floor":13},{"not_picked":["TheCursedMod:ManaCirculation","TheCursedMod:AntiAging"],"picked":"TheCursedMod:DarkBarrier","floor":16},{"not_picked":["Stack","TheCursedMod:AshesToAshes+1","conspire:SharedLibrary"],"picked":"TheCursedMod:Evocation","floor":18},{"not_picked":["Steam","TheCursedMod:AshesToAshes","Streamline"],"picked":"TheCursedMod:CursedAmulet","floor":24},{"not_picked":["TheCursedMod:Stigma","Chill","hubris:Ukulele"],"picked":"TheCursedMod:CursedShiv","floor":25},{"not_picked":["TheCursedMod:SaltUponWound","TheCursedMod:SpitefulPray","TheCursedMod:CursedStaff"],"picked":"FIFO Queue+1","floor":28},{"not_picked":["TheCursedMod:Stretching+1","Streamline","Multi-Cast"],"picked":"TheCursedMod:SurpriseAttack+1","floor":29},{"not_picked":["TheCursedMod:SpitefulStrike","TheCursedMod:HellfireBreathing","TheCursedMod:Obscuration+1"],"picked":"TheCursedMod:WearCloak+1","floor":31},{"not_picked":["Fission","ReplayTheSpireMod:Fabricate Wheel","Electrodynamics"],"picked":"Creative AI","floor":33},{"not_picked":["TheCursedMod:TacticalStrike","Streamline","Steam Power+1"],"picked":"Skim+1","floor":35},{"not_picked":["TheCursedMod:CircleOfFlame","TheCursedMod:SmokeScreen+1","Leap"],"picked":"TheCursedMod:SurpriseAttack+1","floor":37},{"not_picked":["TheCursedMod:Stigma","hubris:PowerSurge","Self Repair+1"],"picked":"Beam Cell+1","floor":39},{"not_picked":["TheCursedMod:TacticalStrike+1","ReplayTheSpireMod:GoodbyeWorld+1","TheCursedMod:SpitefulPlan+1"],"picked":"Conserve Battery+1","floor":40},{"not_picked":["Reinforced Body","Streamline+1","TheCursedMod:SmokeScreen"],"picked":"TheCursedMod:SoulReap+1","floor":45},{"not_picked":["hubris:Ukulele+1","Go for the Eyes","Gash","TheCursedMod:TacticalStrike+1"],"picked":"SKIP","floor":46},{"not_picked":["TheCursedMod:DoubleShield","TheCursedMod:TroublousMinions+1","Thunder Strike"],"picked":"TheCursedMod:RavingStaff+1","floor":48}],"player_experience":160819,"relics_obtained":[{"floor":9,"key":"Lantern"},{"floor":10,"key":"Onion Ring"},{"floor":20,"key":"Ring of Misfortune"},{"floor":20,"key":"ReplayTheSpireMod:Ring of Exchange"},{"floor":26,"key":"Simple Rune"},{"floor":29,"key":"ReplayTheSpireMod:TigerMarble"},{"floor":40,"key":"Replay:Rubber Ducky"},{"floor":43,"key":"aspiration:StickyExplosives_weak"},{"floor":45,"key":"Shuriken"}],"event_choices":[{"damage_healed":0,"gold_gain":0,"player_choice":"Take Wound","damage_taken":0,"relics_obtained":["Golden Idol"],"max_hp_gain":0,"max_hp_loss":0,"event_name":"Golden Idol","floor":5,"gold_loss":0,"cards_obtained":["Injury"]},{"cards_removed":["TheCursedMod:Strike_TheCursed"],"damage_healed":0,"gold_gain":0,"player_choice":"Offered Basic","damage_taken":0,"max_hp_gain":0,"max_hp_loss":0,"event_name":"Bonfire Elementals","floor":14,"gold_loss":0},{"damage_healed":0,"gold_gain":0,"player_choice":"Leave","damage_taken":0,"max_hp_gain":0,"max_hp_loss":0,"event_name":"conspire:Investor","floor":21,"gold_loss":0},{"damage_healed":0,"gold_gain":0,"player_choice":"Became a Ghost","damage_taken":0,"max_hp_gain":0,"max_hp_loss":38,"event_name":"Ghosts","floor":22,"gold_loss":0,"cards_obtained":["Ghostly","Ghostly","Ghostly","Ghostly","Ghostly"]},{"damage_healed":0,"gold_gain":0,"player_choice":"1 cards matched","damage_taken":0,"max_hp_gain":0,"max_hp_loss":0,"event_name":"Match and Keep!","floor":41,"gold_loss":0,"cards_obtained":["expansioncontent:PrepareCrush"]}],"is_beta":false,"boss_relics":[{"not_picked":["ChewingGum","ReplayTheSpireMod:DimensionalGlitch"],"picked":"aspiration:DefectSkillbook"},{"not_picked":["ReplayTheSpireMod:ShopPack","Kintsugi"],"picked":"hubris:VirtuousBlindfold"}],"items_purged_floors":[],"is_endless":false,"potions_floor_spawned":[1,2,11,16,18,24,29,39,40,46],"ascension_level":0}}