{"host":"6d7y2d7a0xmat6il","time":1609013426,"event":{"mods":["AchievementEnabler","Aspiration","BaseMod","Better Note","Colored Map","Colored Powertips","Conspire","Highlight Path","Hubris","Infinite Spire","Marisa????????","Minty Spire (QoL Compilation)","Permanent Neow","Replay The Spire","Shop Mod","StSLib","The Wild Card","vexMod"],"gold_per_floor":[14,14,0,13,13,43,56,56,56],"floor_reached":8,"playtime":402,"items_purged":[],"score":56,"play_id":"fc5d7be9-d1e6-4a64-aeae-2123b944dddb","local_time":"20201226121026","is_ascension_mode":false,"campfire_choices":[],"circlet_count":0,"master_deck":["Strike_P","Strike_P","Strike_P","Strike_P","Defend_P+1","Defend_P+1","Defend_P+1","Defend_P","Eruption","Vigilance","LessonLearned+1","Sanctity+1","Meditate","Crescendo","InnerPeace"],"relics":["PureWater","Replay:Baseball","infinitespire:Bottled Soul"],"acts_visited":["Exordium"],"potions_floor_usage":[6,8],"damage_taken":[{"damage":0,"enemies":"Jaw Worm","floor":1,"turns":3},{"damage":0,"enemies":"Small Slimes","floor":4,"turns":2},{"damage":10,"enemies":"Replay:BlueRogue","floor":6,"turns":6},{"damage":0,"enemies":"2 Louse","floor":7,"turns":5},{"damage":51,"enemies":"Gremlin Nob","floor":8,"turns":5}],"seed_played":"-3014909252432571581","potions_obtained":[{"floor":1,"key":"AttackPotion"},{"floor":7,"key":"AttackPotion"}],"is_trial":false,"path_per_floor":["M","?","?","M","?","E","M","E"],"character_chosen":"WATCHER","items_purchased":[],"campfire_rested":0,"item_purchase_floors":[],"current_hp_per_floor":[72,60,60,60,46,36,36,0,0],"gold":56,"neow_bonus":"THREE_RARE_CARDS","is_daily":false,"chose_seed":false,"campfire_upgraded":0,"win_rate":0.0,"timestamp":1609013426,"path_taken":["M","?","?","?","?","E","M","E"],"items_purchased_type":[],"build_version":"2020-12-22","purchased_purges":0,"victory":false,"max_hp_per_floor":[72,72,72,72,72,72,72,72,72],"card_choices":[{"not_picked":["Ragnarok","ConjureBlade"],"picked":"LessonLearned","floor":0},{"not_picked":["SashWhip","ClearTheMind"],"picked":"Sanctity","floor":1},{"not_picked":["Replay:AtTheReady","SignatureMove"],"picked":"Meditate","floor":4},{"not_picked":["EmptyMind","EmptyFist"],"picked":"Crescendo","floor":6},{"not_picked":["ClearTheMind","Consecrate"],"picked":"InnerPeace","floor":7}],"player_experience":150581,"relics_obtained":[{"floor":6,"key":"infinitespire:Bottled Soul"}],"event_choices":[{"damage_healed":0,"gold_gain":0,"player_choice":"Success","damage_taken":12,"relics_obtained":["Replay:Baseball"],"max_hp_gain":0,"max_hp_loss":0,"event_name":"Scrap Ooze","floor":2,"gold_loss":0},{"damage_healed":0,"gold_gain":0,"player_choice":"Left Gold","damage_taken":0,"max_hp_gain":0,"max_hp_loss":0,"event_name":"World of Goop","floor":3,"gold_loss":14},{"damage_healed":0,"gold_gain":0,"player_choice":"Entered Light","damage_taken":14,"max_hp_gain":0,"max_hp_loss":0,"event_name":"Shining Light","floor":5,"gold_loss":0,"cards_upgraded":["Defend_P","Defend_P"]}],"is_beta":false,"boss_relics":[],"items_purged_floors":[],"is_endless":false,"potions_floor_spawned":[1,7],"killed_by":"Gremlin Nob","ascension_level":0}}