{"host":"areou1to5q11ox5u","time":1609014152,"event":{"mods":["AchievementEnabler","BaseMod","Bestiary","Block Reminder","Colored Map","Colored Powertips","DeckTracker","Downfall","Highlight Path","Infinite Spire","Minty Spire (QoL Compilation)","Permanent Neow","Random Character Button","Relic Sorter","Relic Stats","StSLib","The Jungle"],"gold_per_floor":[99,119,133,133,152,83,83,18,52,152,184,184,213,230,247,351,351,351,351,365,381,397,36,62,62,62,162,162,172,182,77,97,194,194,194,212,225,238,257,257,311,299,299,313,329,8,8,77,89,89],"floor_reached":51,"playtime":5446,"items_purged":[],"score":721,"play_id":"4f61e442-defb-48ac-b67b-0e6cc890b5e5","local_time":"20201226212232","is_ascension_mode":false,"campfire_choices":[{"data":"Guardian:TwinSlam","floor":1.0,"key":"SMITH"},{"data":"Guardian:ChargeCore","floor":12.0,"key":"SMITH"},{"data":"Guardian:PiercingHide","floor":18.0,"key":"SMITH"},{"data":"Guardian:FierceBash","floor":26.0,"key":"SMITH"},{"data":"Guardian:VentSteam","floor":28.0,"key":"SMITH"},{"data":"Guardian:WalkerClaw","floor":35.0,"key":"SMITH"},{"data":"Guardian:GatlingBeam","floor":47,"key":"SMITH"}],"circlet_count":0,"master_deck":["Guardian:Strike_Guardian","Guardian:Strike_Guardian","Guardian:Strike_Guardian","Guardian:Strike_Guardian","Guardian:Defend_Guardian","Guardian:Defend_Guardian","Guardian:Defend_Guardian","Guardian:Defend_Guardian","Guardian:CurlUp","Guardian:TwinSlam+1","Guardian:SentryBeam","Guardian:BronzeOrb","Guardian:RollAttack","Guardian:ChargeCore+1","Guardian:FloatingOrbs+1","Guardian:GemFinder+1","Guardian:PiercingHide+1","Guardian:RollAttack","Guardian:FierceBash+1","CurseOfTheBell","Guardian:PolyBeam","Guardian:PiercingHide","Guardian:BronzeArmor","Guardian:WalkerClaw+1","Guardian:EvasiveProtocol+1","Guardian:VentSteam+1","Guardian:CrystalBeam","Guardian:ChargeCore+1","Guardian:ArmoredProtocol+1","Guardian:Reroute","Dramatic Entrance","Guardian:WalkerClaw","Guardian:TimeSifter+1","Guardian:Orbwalk+1","Guardian:Gem_Cyan","Guardian:VentSteam+1","Guardian:EvasiveProtocol+1","Guardian:GatlingBeam+1","Guardian:BronzeArmor","Guardian:RollAttack","infinitespire:FutureSight","Guardian:ChargeUp","Guardian:FierceBash+1","Guardian:PiercingHide+1","Guardian:TemporalShield+1","Sadistic Nature+1","Guardian:Gem_Lightblue","Guardian:TemporalStrike+1"],"relics":["Guardian:ModeShifter","Bag of Preparation","Frozen Egg 2","Question Card","Letter Opener","Blood Vial","Calling Bell","Vajra","White Beast Statue","Bird Faced Urn","Sundial","Strawberry","Snecko Eye","Orrery","Guardian:ModeShifterPlus","Nunchaku","infinitespire:Beetle Shell","Lee\u0027s Waffle","Bottled Flame"],"acts_visited":["Exordium","TheCity","TheBeyond"],"potions_floor_usage":[50,50],"damage_taken":[{"damage":0.0,"enemies":"Cultist","floor":2.0,"turns":3.0},{"damage":0.0,"enemies":"2 Louse","floor":3.0,"turns":3.0},{"damage":1.0,"enemies":"Jaw Worm","floor":5.0,"turns":3.0},{"damage":0.0,"enemies":"downfall:FleeingMerchant","floor":6.0,"turns":4.0},{"damage":0.0,"enemies":"downfall:FleeingMerchant","floor":8.0,"turns":4.0},{"damage":29.0,"enemies":"Gremlin Nob","floor":9.0,"turns":3.0},{"damage":19.0,"enemies":"3 Sentries","floor":11.0,"turns":7.0},{"damage":16.0,"enemies":"Gremlin Nob","floor":13.0,"turns":3.0},{"damage":0.0,"enemies":"3 Louse","floor":14.0,"turns":2.0},{"damage":0.0,"enemies":"Gremlin Gang","floor":15.0,"turns":1.0},{"damage":2.0,"enemies":"downfall:Silent","floor":16.0,"turns":4.0},{"damage":0.0,"enemies":"Chosen","floor":19.0,"turns":1.0},{"damage":10.0,"enemies":"Shell Parasite","floor":20.0,"turns":3.0},{"damage":0.0,"enemies":"Snake Plant","floor":21.0,"turns":3.0},{"damage":12.0,"enemies":"Sentry and Sphere","floor":22.0,"turns":5.0},{"damage":0.0,"enemies":"downfall:FleeingMerchant","floor":23.0,"turns":4.0},{"damage":2.0,"enemies":"Shelled Parasite and Fungi","floor":29.0,"turns":4.0},{"damage":0.0,"enemies":"Centurion and Healer","floor":30.0,"turns":5.0},{"damage":0.0,"enemies":"downfall:FleeingMerchant","floor":31.0,"turns":4.0},{"damage":17.0,"enemies":"Snake Plant","floor":32.0,"turns":3.0},{"damage":0.0,"enemies":"downfall:Defect","floor":33.0,"turns":6.0},{"damage":11.0,"enemies":"Orb Walker","floor":36.0,"turns":3.0},{"damage":13.0,"enemies":"3 Shapes","floor":37.0,"turns":2.0},{"damage":7.0,"enemies":"3 Darklings","floor":38.0,"turns":4.0},{"damage":24.0,"enemies":"Maw","floor":39.0,"turns":7.0},{"damage":0.0,"enemies":"downfall:FleeingMerchant","floor":42.0,"turns":1.0},{"damage":0.0,"enemies":"4 Shapes","floor":44.0,"turns":2.0},{"damage":21,"enemies":"3 Darklings","floor":45,"turns":4},{"damage":17,"enemies":"Writhing Mass","floor":49,"turns":3},{"damage":10,"enemies":"downfall:Ironclad","floor":50,"turns":6}],"seed_played":"-7071936304503074148","potions_obtained":[{"floor":3.0,"key":"SteroidPotion"},{"floor":9.0,"key":"SpeedPotion"},{"floor":11.0,"key":"champ:CounterPotion"},{"floor":13.0,"key":"SteroidPotion"},{"floor":14.0,"key":"sneckomod:MuddlingPotion"},{"floor":15.0,"key":"FearPotion"},{"floor":19.0,"key":"SmokeBomb"},{"floor":20.0,"key":"Guardian:AcceleratePotion"},{"floor":23.0,"key":"BlessingOfTheForge"},{"floor":30.0,"key":"Weak Potion"},{"floor":31.0,"key":"PowerPotion"},{"floor":33.0,"key":"FairyPotion"},{"floor":36.0,"key":"sneckomod:MuddlingPotion"},{"floor":38.0,"key":"CultistPotion"}],"is_trial":false,"path_per_floor":["R","M","M","?","M","$","T","$","E","?","E","R","E","M","M","B",null,"R","M","M","M","M","$","T","?","R","?","R","M","M","$","M","B",null,"R","M","M","M","M","AVR","T","$","?","M","M","$","R","T","M","B",null],"character_chosen":"GUARDIAN","items_purchased":["Guardian:RollAttack","Guardian:ChargeCore","Sundial","Guardian:VentSteam","Guardian:CrystalBeam","Dramatic Entrance","Guardian:ChargeUp","Nunchaku","infinitespire:Beetle Shell","Lee\u0027s Waffle","Sadistic Nature+1"],"campfire_rested":0,"item_purchase_floors":[6,8,23,23,23,31,42,42,42,46,46],"current_hp_per_floor":[80,80,80,80,79,79,79,79,50,50,31,31,15,17,19,19,80,80,80,72,76,70,76,83,83,83,83,83,87,87,87,72,84,87,87,78,67,64,50,50,50,54,54,58,45,94,94,94,79,81],"gold":89,"neow_bonus":"RANDOM_COMMON_RELIC","is_daily":false,"chose_seed":false,"campfire_upgraded":7,"win_rate":0.0,"timestamp":1609014152,"path_taken":["R","M","M","?","M","$","T","$","E","?","E","R","E","M","M","BOSS","R","M","M","M","M","$","T","?","R","?","R","M","M","$","M","BOSS","R","M","?","M","M","AVR","T","$","?","?","M","?","R","?","M","BOSS"],"items_purchased_type":["Card","Card","Relic","Card","Card","Card","Card","Relic","Relic","Relic","Card"],"build_version":"2020-12-22","purchased_purges":0,"victory":true,"max_hp_per_floor":[80,80,80,80,80,80,80,80,80,80,80,80,80,80,80,80,80,80,80,80,80,80,80,87,87,87,87,87,87,87,87,87,87,87,87,87,87,87,87,87,87,87,87,87,87,94,94,94,94,94],"relic_stats":{"Blood Vial":30,"Nunchaku":[4],"Lee\u0027s Waffle":49,"counters":[30,107],"Sundial":[2],"Bird Faced Urn":[62],"Snecko Eye":[57,66,53,75],"Bag of Preparation":[60],"Letter Opener":[56],"Question Card":51,"obtain_stats":[{"Lee\u0027s Waffle":46,"Guardian:ModeShifterPlus":40,"Guardian:ModeShifter":0,"Vajra":17,"infinitespire:Beetle Shell":42,"Bag of Preparation":0,"Letter Opener":11,"Frozen Egg 2":7,"Question Card":9,"White Beast Statue":17,"Blood Vial":13,"Calling Bell":17,"Nunchaku":42,"Bottled Flame":48,"downfall:BrokenWingStatue":4,"Sundial":23,"Bird Faced Urn":17,"Strawberry":24,"Snecko Eye":34,"Orrery":40},{"Lee\u0027s Waffle":28,"Guardian:ModeShifterPlus":25,"Guardian:ModeShifter":0,"Vajra":11,"infinitespire:Beetle Shell":26,"Bag of Preparation":0,"Letter Opener":7,"Frozen Egg 2":4,"Question Card":6,"White Beast Statue":11,"Blood Vial":8,"Calling Bell":11,"Nunchaku":26,"Bottled Flame":28,"downfall:BrokenWingStatue":2,"Sundial":16,"Bird Faced Urn":11,"Strawberry":16,"Snecko Eye":21,"Orrery":25},{"Lee\u0027s Waffle":98,"Guardian:ModeShifterPlus":91,"Guardian:ModeShifter":0,"Vajra":37,"infinitespire:Beetle Shell":92,"Bag of Preparation":0,"Letter Opener":27,"Frozen Egg 2":13,"Question Card":20,"White Beast Statue":37,"Blood Vial":30,"Calling Bell":37,"Nunchaku":92,"Bottled Flame":98,"downfall:BrokenWingStatue":6,"Sundial":53,"Bird Faced Urn":37,"Strawberry":53,"Snecko Eye":75,"Orrery":91}]},"card_choices":[{"not_picked":["Guardian:ShieldSpikes","Guardian:Gem_White"],"picked":"Guardian:SentryBeam","floor":2.0},{"not_picked":["Guardian:Gem_Fragmented","Guardian:Gem_Yellow"],"picked":"Guardian:Gem_Purple","floor":3.0},{"not_picked":["Guardian:TimeCapacitor","Guardian:Gem_Lightblue"],"picked":"Guardian:BronzeOrb","floor":5.0},{"not_picked":["Guardian:PolyBeam","Guardian:Planning"],"picked":"Guardian:Gem_Orange","floor":6.0},{"not_picked":["Guardian:Gem_Blue","Guardian:ExploitGems"],"picked":"Guardian:Gem_Green","floor":8.0},{"not_picked":["Guardian:PrimingBeam","Guardian:SpikerProtocol+1"],"picked":"Guardian:FloatingOrbs+1","floor":9.0},{"not_picked":["Guardian:Gem_Cyan","Guardian:Preprogram","Guardian:TimeCapacitor+1"],"picked":"Guardian:GemFinder+1","floor":11.0},{"not_picked":["Guardian:Gem_Green","Guardian:Gem_Lightblue"],"picked":"Guardian:Gem_Red","floor":13.0},{"not_picked":["Guardian:Incinerate","Guardian:GatlingBeam","Guardian:Planning"],"picked":"Guardian:Gem_Cyan","floor":13.0},{"not_picked":["Guardian:SentryBeam","Guardian:TimeCapacitor+1","Guardian:Preprogram"],"picked":"Guardian:PiercingHide","floor":14.0},{"not_picked":["Guardian:Suspension","Guardian:Emergency","Guardian:Repulse+1"],"picked":"Guardian:RollAttack","floor":15.0},{"not_picked":["Guardian:Gem_Lightblue","Guardian:Gem_Red"],"picked":"Guardian:Gem_Green","floor":16.0},{"not_picked":["Guardian:BaubleBeam","Guardian:RevengeProtocol+1","Guardian:ConstructionForm+1"],"picked":"Guardian:FierceBash","floor":16.0},{"not_picked":["Guardian:Clone+1","Guardian:Suspension","Guardian:ShieldSpikes"],"picked":"Guardian:PolyBeam","floor":19.0},{"not_picked":["Guardian:Gem_Green","Guardian:Gem_Lightblue"],"picked":"Guardian:Gem_Cyan","floor":20.0},{"not_picked":["Guardian:TimeCapacitor+1","Guardian:TemporalStrike+1","Guardian:Gem_Fragmented"],"picked":"Guardian:PiercingHide","floor":20.0},{"not_picked":["Guardian:Gem_Cyan","Guardian:ShieldCharger","Guardian:Gem_Green"],"picked":"Guardian:BronzeArmor","floor":21.0},{"not_picked":["Guardian:Gem_Lightblue","Guardian:Gem_Green"],"picked":"Guardian:Gem_Red","floor":22.0},{"not_picked":["Guardian:Preprogram","Guardian:Clone","Guardian:CrystalBeam"],"picked":"Guardian:WalkerClaw","floor":22.0},{"not_picked":["Guardian:RollAttack","Guardian:GemFire","Guardian:Planning"],"picked":"Guardian:EvasiveProtocol+1","floor":23.0},{"not_picked":["Guardian:Gem_Lightblue","Guardian:Gem_Green"],"picked":"Guardian:Gem_Red","floor":29.0},{"not_picked":["Guardian:PrimingBeam","Guardian:ShieldCharger","Guardian:TemporalStrike+1"],"picked":"Guardian:ChargeCore+1","floor":29.0},{"not_picked":["Guardian:Gem_Lightblue","Guardian:Gem_Cyan"],"picked":"Guardian:Gem_Red","floor":30.0},{"not_picked":["Guardian:BronzeOrb+1","Guardian:TemporalStrike","Guardian:PrimingBeam+1"],"picked":"Guardian:ArmoredProtocol+1","floor":30.0},{"not_picked":["Guardian:GatlingBeam","Guardian:Gem_Red","Guardian:VentSteam"],"picked":"Guardian:Reroute","floor":31.0},{"not_picked":["Guardian:VentSteam+1","Guardian:SpikerProtocol+1","Guardian:CrystalBeam"],"picked":"Guardian:WalkerClaw","floor":32.0},{"not_picked":["Guardian:Gem_Lightblue","Guardian:Gem_Green"],"picked":"Guardian:Gem_Red","floor":33.0},{"not_picked":["Guardian:Gem_Synthetic","Guardian:AncientConstruct+1","Guardian:FastForward"],"picked":"Guardian:TimeSifter+1","floor":33.0},{"not_picked":["Guardian:Preprogram","Guardian:TimeBomb+1","Guardian:Recover+1"],"picked":"Guardian:Gem_Fragmented","floor":36.0},{"not_picked":["Guardian:Gem_Cyan","Guardian:Incinerate+1","Guardian:Clone+1"],"picked":"Guardian:Orbwalk+1","floor":37.0},{"not_picked":["Guardian:Gem_Red","Guardian:Gem_Lightblue"],"picked":"Guardian:Gem_Cyan","floor":38.0},{"not_picked":["Guardian:TemporalStrike","Guardian:Orbwalk+1","Guardian:Gem_Cyan"],"picked":"Guardian:VentSteam+1","floor":38.0},{"not_picked":["Guardian:Incinerate","Guardian:Recover","Guardian:WalkerClaw"],"picked":"Guardian:EvasiveProtocol+1","floor":39.0},{"not_picked":["Guardian:Reroute","Guardian:TemporalStrike","Guardian:Gem_Red"],"picked":"Guardian:Gem_Cyan","floor":40.0},{"not_picked":["Guardian:ChargeCore","Guardian:Gem_Blue","Guardian:PrismaticBarrier"],"picked":"Guardian:GatlingBeam","floor":40.0},{"not_picked":["Guardian:Orbwalk+1","Guardian:WalkerClaw+1","Guardian:RefractedBeam+1"],"picked":"Guardian:Gem_Crimson","floor":40.0},{"not_picked":["Guardian:PrimingBeam","Guardian:DecasProtection+1","Guardian:Clone"],"picked":"Guardian:BronzeArmor","floor":40.0},{"not_picked":["Guardian:PrismaticBarrier+1","Guardian:Planning+1","Guardian:Gem_Crimson"],"picked":"Guardian:RollAttack","floor":40.0},{"not_picked":["Guardian:RollAttack+1","Guardian:SentryBeam","Guardian:StasisField"],"picked":"Guardian:Gem_Fragmented","floor":42.0},{"not_picked":["Guardian:Reroute","Guardian:ShieldSpikes","Guardian:SpikerProtocol+1"],"picked":"Guardian:PiercingHide+1","floor":44.0},{"not_picked":["Guardian:PolyBeam","Guardian:MultiBeam+1","Guardian:WalkerClaw+1"],"picked":"Guardian:TemporalShield+1","floor":45},{"not_picked":["Guardian:Gem_Cyan","Guardian:Gem_Green"],"picked":"Guardian:Gem_Lightblue","floor":49},{"not_picked":["Guardian:ChargeCore+1","Guardian:FastForward","Guardian:Harden+1"],"picked":"Guardian:TemporalStrike+1","floor":49}],"player_experience":20248,"relics_obtained":[{"floor":7.0,"key":"Frozen Egg 2"},{"floor":9.0,"key":"Question Card"},{"floor":11.0,"key":"Letter Opener"},{"floor":13.0,"key":"Blood Vial"},{"floor":17.0,"key":"Vajra"},{"floor":17.0,"key":"White Beast Statue"},{"floor":17.0,"key":"Bird Faced Urn"},{"floor":24.0,"key":"Strawberry"},{"floor":48,"key":"Bottled Flame"}],"event_choices":[{"damage_healed":0.0,"max_hp_gain":0.0,"max_hp_loss":0.0,"gold_gain":0.0,"event_name":"Ghosts","player_choice":"Ignored","floor":25.0,"gold_loss":0.0,"damage_taken":0.0},{"damage_healed":0.0,"max_hp_gain":0.0,"max_hp_loss":0.0,"gold_gain":0.0,"event_name":"Duplicator","player_choice":"Copied","floor":43.0,"gold_loss":0.0,"damage_taken":0.0,"cards_obtained":["Guardian:FierceBash"]}],"is_beta":false,"boss_relics":[{"not_picked":["Busted Crown","Sozu"],"picked":"Calling Bell"},{"not_picked":["Cursed Key","Empty Cage"],"picked":"Snecko Eye"}],"items_purged_floors":[],"is_endless":false,"potions_floor_spawned":[3,9,11,13,14,15,19,20,21,22,23,29,30,31,32,33,36,37,38,39,42,44,45,49],"ascension_level":0}}