{"host":"o7j6aatxjwpw1421","time":1609000564,"event":{"mods":["2.2 Compatiblity","AchievementEnabler","BaseMod","Colored Map","DeckTracker","Highlight Path","Keyboard Shortcuts","Minty Spire (QoL Compilation)","Permanent Neow","Quick Restart","StSLib","SuperFastMode","everything is the same but u backflip on backflip"],"gold_per_floor":[10,30,45,45,45,45,57,69,114,127,143,163,163,181,181,256,256,273,273,273],"floor_reached":19,"playtime":845,"items_purged":[],"score":348,"play_id":"803b5fb6-16e9-4ddf-9960-cc0cb43210e3","local_time":"20201227013604","is_ascension_mode":true,"campfire_choices":[{"data":"Whirlwind","floor":6.0,"key":"SMITH"},{"data":"Demon Form","floor":13.0,"key":"SMITH"},{"data":"Heavy Blade","floor":15.0,"key":"SMITH"}],"circlet_count":0,"master_deck":["AscendersBane","Strike_R","Strike_R","Strike_R","Defend_R","Defend_R","Defend_R","Defend_R","Bash","Demon Form+1","Feed","Headbutt","Sword Boomerang","Whirlwind+1","Uppercut","Disarm","Heavy Blade+1","Body Slam","Reaper","CurseOfTheBell","Pommel Strike"],"relics":["Burning Blood","Bag of Marbles","Calling Bell","Oddly Smooth Stone","Question Card","Ginger"],"acts_visited":["Exordium","TheCity"],"potions_floor_usage":[],"damage_taken":[{"damage":9.0,"enemies":"Jaw Worm","floor":1.0,"turns":5.0},{"damage":5.0,"enemies":"2 Louse","floor":2.0,"turns":3.0},{"damage":15.0,"enemies":"Small Slimes","floor":3.0,"turns":3.0},{"damage":21.0,"enemies":"Blue Slaver","floor":7.0,"turns":3.0},{"damage":2.0,"enemies":"2 Fungi Beasts","floor":8.0,"turns":3.0},{"damage":5.0,"enemies":"Gremlin Gang","floor":10.0,"turns":6.0},{"damage":10.0,"enemies":"3 Louse","floor":11.0,"turns":3.0},{"damage":0.0,"enemies":"Looter","floor":12.0,"turns":1.0},{"damage":0.0,"enemies":"Gremlin Gang","floor":14.0,"turns":4.0},{"damage":43.0,"enemies":"The Guardian","floor":16.0,"turns":6.0},{"damage":52,"enemies":"2 Thieves","floor":18,"turns":4},{"damage":29,"enemies":"Shell Parasite","floor":19,"turns":6}],"seed_played":"908095529072172936","potions_obtained":[{"floor":3.0,"key":"SkillPotion"},{"floor":8.0,"key":"Block Potion"},{"floor":11.0,"key":"DistilledChaos"},{"floor":12.0,"key":"SpeedPotion"},{"floor":14.0,"key":"BlessingOfTheForge"},{"floor":16.0,"key":"Ancient Potion"}],"is_trial":false,"path_per_floor":["M","M","M","?","?","R","M","M","T","M","M","M","R","M","R","B",null,"M","M"],"character_chosen":"IRONCLAD","items_purchased":[],"campfire_rested":0,"item_purchase_floors":[],"current_hp_per_floor":[68,72,66,66,71,71,56,60,60,64,60,66,66,75,75,38,81,38,9,9],"gold":273,"neow_bonus":"TRANSFORM_TWO_CARDS","is_daily":false,"chose_seed":false,"campfire_upgraded":3,"win_rate":0.0,"timestamp":1609000564,"path_taken":["M","M","M","?","?","R","M","M","T","M","M","M","R","M","R","BOSS","M","M"],"items_purchased_type":[],"build_version":"2020-12-22","purchased_purges":0,"victory":false,"max_hp_per_floor":[78,81,84,84,89,89,89,89,89,92,92,92,92,95,95,95,95,98,98,98],"card_choices":[{"not_picked":["Infernal Blade","Feel No Pain"],"picked":"Headbutt","floor":1.0},{"not_picked":["Headbutt","Twin Strike"],"picked":"Sword Boomerang","floor":2.0},{"not_picked":["Metallicize","Wild Strike"],"picked":"Whirlwind","floor":3.0},{"not_picked":["Thunderclap","Twin Strike"],"picked":"Uppercut","floor":7.0},{"not_picked":["Uppercut","Evolve"],"picked":"Disarm","floor":8.0},{"not_picked":["Body Slam","Searing Blow"],"picked":"Heavy Blade","floor":10.0},{"not_picked":["Wild Strike","Rupture","Infernal Blade"],"picked":"SKIP","floor":11.0},{"not_picked":["Blood for Blood","Anger"],"picked":"Body Slam","floor":12.0},{"not_picked":["Havoc","Warcry","Searing Blow"],"picked":"SKIP","floor":14.0},{"not_picked":["Limit Break","Exhume"],"picked":"Reaper","floor":16.0},{"not_picked":["Infernal Blade","Wild Strike","Hemokinesis"],"picked":"Pommel Strike","floor":18}],"player_experience":386147,"relics_obtained":[{"floor":9.0,"key":"Bag of Marbles"},{"floor":17.0,"key":"Oddly Smooth Stone"},{"floor":17.0,"key":"Question Card"},{"floor":17.0,"key":"Ginger"}],"event_choices":[{"damage_healed":0.0,"max_hp_gain":0.0,"max_hp_loss":0.0,"gold_gain":0.0,"event_name":"Liars Game","player_choice":"Ignored","floor":4.0,"gold_loss":0.0,"damage_taken":0.0},{"damage_healed":0.0,"max_hp_gain":5.0,"max_hp_loss":0.0,"gold_gain":0.0,"event_name":"Big Fish","player_choice":"Donut","floor":5.0,"gold_loss":0.0,"damage_taken":0.0}],"is_beta":false,"boss_relics":[{"not_picked":["Ectoplasm","Fusion Hammer"],"picked":"Calling Bell"}],"items_purged_floors":[],"is_endless":false,"potions_floor_spawned":[3,8,11,12,14,16],"killed_by":"Shell Parasite","ascension_level":14}}