{"host":"dhyczjm99amxd3qx","time":1609006710,"event":{"mods":["BaseMod","Colored Map","Googly Eyes","Highlight Path","Minty Spire (QoL Compilation)","Quick Restart","StSLib"],"gold_per_floor":[109,129,145,145,163,193,193,228,228,259,38,63,63,79,79,202,202,226,226,267,280,294,327,346,384,384,420,444,469,525,558,570,713,725,761,773,507,520,853,885,885,910,910,551,578,588,608,637,637,637],"floor_reached":51,"playtime":4220,"items_purged":["Strike_R","Injury","Fiend Fire"],"score":943,"play_id":"9f473232-be0d-4847-8d77-5bfe1d05ac14","local_time":"20201226131830","is_ascension_mode":true,"campfire_choices":[{"floor":15.0,"key":"REST"},{"data":"Metallicize","floor":32,"key":"SMITH"},{"data":"Offering","floor":41,"key":"SMITH"},{"data":"Immolate","floor":49,"key":"SMITH"}],"circlet_count":0,"master_deck":["Strike_R+1","Strike_R+1","Defend_R","Defend_R","Bash","Rage","Headbutt","Bludgeon+1","Feed","Immolate+1","Impervious","Combust","Seeing Red","Reaper","Inflame+1","Carnage","Metallicize+1","Flex+1","Sword Boomerang+1","Metallicize+1","Hemokinesis","Evolve","Offering+1","Dropkick+1","Bludgeon+1","Shrug It Off+1","Intimidate","Hemokinesis","Feed+1","Dark Shackles","Battle Trance+1","Blood for Blood+1","Reaper+1"],"relics":["Burning Blood","Torii","Mummified Hand","Paper Frog","Sundial","Pen Nib","Oddly Smooth Stone","MealTicket","Velvet Choker","Red Mask","Orichalcum","Whetstone","Gremlin Horn","Centennial Puzzle","MawBank","Bag of Marbles","Astrolabe","Red Skull","Molten Egg 2","Lantern","Vajra","HandDrill","Dream Catcher","Pear"],"acts_visited":["Exordium","TheCity","TheBeyond"],"potions_floor_usage":[23,23,30,33,33,33,40,42,42],"damage_taken":[{"damage":1.0,"enemies":"2 Louse","floor":1.0,"turns":3.0},{"damage":0.0,"enemies":"Small Slimes","floor":2.0,"turns":3.0},{"damage":2.0,"enemies":"Jaw Worm","floor":3.0,"turns":5.0},{"damage":8.0,"enemies":"Large Slime","floor":5.0,"turns":7.0},{"damage":31.0,"enemies":"Lagavulin","floor":6.0,"turns":7.0},{"damage":11.0,"enemies":"3 Sentries","floor":8.0,"turns":6.0},{"damage":7.0,"enemies":"Gremlin Nob","floor":10.0,"turns":3.0},{"damage":1.0,"enemies":"Lagavulin","floor":12.0,"turns":4.0},{"damage":1.0,"enemies":"Looter","floor":14.0,"turns":3.0},{"damage":37,"enemies":"The Guardian","floor":16,"turns":11},{"damage":11,"enemies":"3 Byrds","floor":18,"turns":4},{"damage":27,"enemies":"Masked Bandits","floor":20,"turns":4},{"damage":0,"enemies":"Spheric Guardian","floor":21,"turns":2},{"damage":14,"enemies":"3 Cultists","floor":22,"turns":4},{"damage":21,"enemies":"Slavers","floor":23,"turns":5},{"damage":3,"enemies":"Sentry and Sphere","floor":24,"turns":4},{"damage":6,"enemies":"Gremlin Leader","floor":25,"turns":4},{"damage":26,"enemies":"Slavers","floor":27,"turns":4},{"damage":2,"enemies":"Chosen and Byrds","floor":29,"turns":3},{"damage":5,"enemies":"Book of Stabbing","floor":30,"turns":4},{"damage":0,"enemies":"Snecko","floor":31,"turns":1},{"damage":65,"enemies":"Champ","floor":33,"turns":7},{"damage":0,"enemies":"Orb Walker","floor":35,"turns":2},{"damage":3,"enemies":"3 Shapes","floor":38,"turns":1},{"damage":24,"enemies":"Nemesis","floor":40,"turns":6},{"damage":9,"enemies":"Giant Head","floor":42,"turns":5},{"damage":24,"enemies":"Nemesis","floor":45,"turns":5},{"damage":6,"enemies":"Sphere and 2 Shapes","floor":46,"turns":1},{"damage":6,"enemies":"Jaw Worm Horde","floor":47,"turns":3},{"damage":37,"enemies":"Reptomancer","floor":48,"turns":4},{"damage":121,"enemies":"Awakened One","floor":50,"turns":10}],"seed_played":"631405984489526684","potions_obtained":[{"floor":1.0,"key":"SpeedPotion"},{"floor":6.0,"key":"SpeedPotion"},{"floor":8.0,"key":"Swift Potion"},{"floor":10.0,"key":"AttackPotion"},{"floor":20,"key":"PowerPotion"},{"floor":21,"key":"SkillPotion"},{"floor":22,"key":"Regen Potion"},{"floor":25,"key":"BlessingOfTheForge"},{"floor":27,"key":"Dexterity Potion"},{"floor":30,"key":"Dexterity Potion"},{"floor":33,"key":"FearPotion"},{"floor":38,"key":"Dexterity Potion"},{"floor":40,"key":"Energy Potion"}],"is_trial":false,"path_per_floor":["M","M","M","?","M","E","?","E","T","E","$","E","?","M","R","B",null,"M","?","?","M","M","E","M","E","T","E","T","M","E","M","R","B",null,"M","?","$","M","?","E","R","E","T","$","E","M","M","E","R","B",null],"character_chosen":"IRONCLAD","items_purchased":["Oddly Smooth Stone","Red Skull","Hemokinesis","HandDrill","Dark Shackles"],"campfire_rested":1,"item_purchase_floors":[11,37,37,44,44],"current_hp_per_floor":[72,72,72,58,56,31,24,19,19,18,18,23,23,31,53,22,75,75,75,64,70,78,66,72,72,72,64,64,85,87,87,87,35,87,87,87,87,87,87,87,87,89,89,90,72,72,72,73,73,15],"gold":637,"neow_bonus":"ONE_RARE_RELIC","is_daily":false,"chose_seed":false,"campfire_upgraded":3,"win_rate":0.0,"timestamp":1609006710,"path_taken":["M","M","M","?","M","E","?","E","T","E","?","E","?","M","R","BOSS","M","?","?","M","M","E","M","E","T","E","?","?","E","?","R","BOSS","M","?","?","M","?","E","R","E","T","$","E","M","M","E","R","BOSS"],"items_purchased_type":["Relic","Relic","Card","Relic","Card"],"build_version":"2020-12-22","purchased_purges":3,"victory":true,"max_hp_per_floor":[72,72,72,72,72,72,72,72,72,72,72,72,72,75,75,75,75,75,75,75,75,78,81,84,84,84,84,84,87,87,87,87,87,87,87,87,87,87,87,87,87,90,90,90,90,90,90,104,104,104],"card_choices":[{"not_picked":["Havoc","Wild Strike"],"picked":"Rage","floor":1.0},{"not_picked":["Burning Pact","Iron Wave","Shrug It Off"],"picked":"SKIP","floor":2.0},{"not_picked":["True Grit","Pommel Strike"],"picked":"Headbutt","floor":3.0},{"not_picked":["Warcry","Armaments"],"picked":"Bludgeon","floor":5.0},{"not_picked":["True Grit","Ghostly Armor"],"picked":"Feed","floor":6.0},{"not_picked":["Thunderclap","Cleave"],"picked":"Immolate","floor":8.0},{"not_picked":["Body Slam","Burning Pact"],"picked":"Impervious","floor":10.0},{"not_picked":["Havoc","Warcry"],"picked":"Combust","floor":12.0},{"not_picked":["Combust","Clothesline"],"picked":"Seeing Red","floor":14.0},{"not_picked":["Feed","Impervious"],"picked":"Reaper","floor":16},{"not_picked":["Anger","Second Wind"],"picked":"Inflame+1","floor":18},{"not_picked":["Intimidate","Clothesline"],"picked":"Carnage","floor":20},{"not_picked":["Ghostly Armor","Cleave","Clash+1"],"picked":"SKIP","floor":21},{"not_picked":["Sword Boomerang","Pommel Strike+1"],"picked":"Metallicize+1","floor":22},{"not_picked":["Shrug It Off","Ghostly Armor"],"picked":"Flex+1","floor":23},{"not_picked":["Twin Strike","Wild Strike+1"],"picked":"Sword Boomerang+1","floor":24},{"not_picked":["Iron Wave","Anger"],"picked":"Metallicize","floor":25},{"not_picked":["Clothesline","Heavy Blade"],"picked":"Hemokinesis","floor":27},{"not_picked":["Shrug It Off","Intimidate+1"],"picked":"Fiend Fire","floor":29},{"not_picked":["Anger","Twin Strike"],"picked":"Corruption","floor":30},{"not_picked":["Cleave","Wild Strike"],"picked":"Evolve","floor":31},{"not_picked":["Berserk","Juggernaut"],"picked":"Offering","floor":33},{"not_picked":["Clothesline+1","Anger"],"picked":"Shrug It Off+1","floor":35},{"not_picked":["Entrench+1","Shrug It Off","Headbutt+1"],"picked":"SKIP","floor":38},{"not_picked":["Ghostly Armor+1","Havoc","Sword Boomerang+1"],"picked":"SKIP","floor":40},{"not_picked":["Perfected Strike+1","Body Slam+1"],"picked":"Feed+1","floor":42},{"not_picked":["Anger+1","Warcry+1"],"picked":"Battle Trance+1","floor":45},{"not_picked":["Battle Trance","Perfected Strike+1"],"picked":"Blood for Blood+1","floor":46},{"not_picked":["Warcry","Havoc+1","Perfected Strike+1"],"picked":"SKIP","floor":47},{"not_picked":["Wild Strike+1","Perfected Strike+1"],"picked":"Reaper+1","floor":48}],"player_experience":48652,"relics_obtained":[{"floor":6.0,"key":"Mummified Hand"},{"floor":8.0,"key":"Paper Frog"},{"floor":9.0,"key":"Sundial"},{"floor":10.0,"key":"Pen Nib"},{"floor":12.0,"key":"MealTicket"},{"floor":20,"key":"Red Mask"},{"floor":23,"key":"Orichalcum"},{"floor":25,"key":"Whetstone"},{"floor":26,"key":"Gremlin Horn"},{"floor":27,"key":"Centennial Puzzle"},{"floor":28,"key":"MawBank"},{"floor":30,"key":"Bag of Marbles"},{"floor":40,"key":"Molten Egg 2"},{"floor":42,"key":"Lantern"},{"floor":43,"key":"Vajra"},{"floor":45,"key":"Dream Catcher"},{"floor":48,"key":"Pear"}],"event_choices":[{"damage_healed":0.0,"max_hp_gain":0.0,"max_hp_loss":0.0,"gold_gain":0.0,"event_name":"Shining Light","player_choice":"Entered Light","floor":4.0,"gold_loss":0.0,"damage_taken":14.0,"cards_upgraded":["Strike_R","Strike_R"]},{"cards_removed":["Strike_R"],"damage_healed":0.0,"max_hp_gain":0.0,"max_hp_loss":0.0,"gold_gain":0.0,"event_name":"Golden Wing","player_choice":"Card Removal","floor":7.0,"gold_loss":0.0,"damage_taken":7.0},{"damage_healed":0.0,"max_hp_gain":0.0,"max_hp_loss":0.0,"gold_gain":0.0,"event_name":"Golden Idol","player_choice":"Take Wound","floor":13.0,"gold_loss":0.0,"damage_taken":0.0,"relics_obtained":["Golden Idol"],"cards_obtained":["Injury"]},{"cards_removed":["Defend_R"],"damage_healed":0,"gold_gain":0,"player_choice":"Elegance","damage_taken":0,"max_hp_gain":0,"max_hp_loss":0,"event_name":"Back to Basics","floor":19,"gold_loss":0},{"damage_healed":0,"gold_gain":0,"player_choice":"Fought Bandits","damage_taken":0,"max_hp_gain":0,"max_hp_loss":0,"event_name":"Masked Bandits","floor":20,"gold_loss":0},{"damage_healed":0,"gold_gain":0,"cards_transformed":["Berserk"],"player_choice":"Transformed","damage_taken":0,"max_hp_gain":0,"max_hp_loss":0,"event_name":"Transmorgrifier","floor":36,"gold_loss":0,"cards_obtained":["Intimidate"]},{"damage_healed":0,"gold_gain":333,"player_choice":"Gave Idol","damage_taken":0,"max_hp_gain":0,"max_hp_loss":0,"event_name":"The Moai Head","floor":39,"relics_lost":["Golden Idol"],"gold_loss":0}],"is_beta":false,"boss_relics":[{"not_picked":["Black Star","SacredBark"],"picked":"Velvet Choker"},{"not_picked":["Snecko Eye","Cursed Key"],"picked":"Astrolabe"}],"items_purged_floors":[11,37,44],"is_endless":false,"potions_floor_spawned":[1,6,8,10,20,21,22,25,27,30,33,38,40],"ascension_level":1}}