{"host":"2lo6hma6kymb0g9i","time":1609003654,"event":{"mods":["BaseMod","Colored Map","DeckTracker","Minty Spire (QoL Compilation)"],"gold_per_floor":[112,112,112,112,131,131,131,165,165,196,208,208,208,224,224,301,301,301,301],"floor_reached":18,"playtime":887,"items_purged":[],"score":386,"play_id":"18434044-688d-4f1b-b648-02b209d7b435","local_time":"20201227022734","is_ascension_mode":true,"campfire_choices":[{"data":"Neutralize","floor":6,"key":"SMITH"},{"data":"Noxious Fumes","floor":12,"key":"SMITH"},{"data":"Dagger Spray","floor":15,"key":"SMITH"}],"circlet_count":0,"master_deck":["AscendersBane","Survivor","Neutralize+1","All Out Attack+1","Noxious Fumes+1","Dagger Throw","Dagger Spray+1","Well Laid Plans","Prepared","Tools of the Trade","Deadly Poison","Adrenaline","Endless Agony","Tools of the Trade","All Out Attack","Blade Dance","Acrobatics","Envenom"],"relics":["Ring of the Snake","NeowsBlessing","InkBottle","Art of War","Bottled Tornado","TungstenRod","Pandora\u0027s Box"],"acts_visited":["Exordium","TheCity"],"potions_floor_usage":[10,10],"damage_taken":[{"damage":0,"enemies":"Small Slimes","floor":1,"turns":1},{"damage":0,"enemies":"Jaw Worm","floor":5,"turns":1},{"damage":0,"enemies":"3 Sentries","floor":8,"turns":2},{"damage":9,"enemies":"Lagavulin","floor":10,"turns":10},{"damage":0,"enemies":"Cultist","floor":11,"turns":3},{"damage":14,"enemies":"Exordium Thugs","floor":14,"turns":4},{"damage":23,"enemies":"Hexaghost","floor":16,"turns":10},{"damage":0,"enemies":"Shell Parasite","floor":18,"turns":1}],"seed_played":"-924501075837993751","potions_obtained":[{"floor":1,"key":"Ancient Potion"},{"floor":5,"key":"SpeedPotion"}],"is_trial":false,"path_per_floor":["M","?","?","$","M","R","T","E","T","E","M","R","?","M","R","B",null,"M"],"character_chosen":"THE_SILENT","items_purchased":[],"campfire_rested":0,"item_purchase_floors":[],"current_hp_per_floor":[59,59,59,59,59,59,59,59,59,50,50,50,50,36,36,13,53,53,53],"gold":301,"neow_bonus":"THREE_ENEMY_KILL","is_daily":false,"chose_seed":false,"campfire_upgraded":3,"win_rate":0.0,"timestamp":1609003654,"path_taken":["M","?","?","$","?","R","?","E","T","E","M","R","?","M","R","BOSS","M"],"items_purchased_type":[],"build_version":"2020-12-22","purchased_purges":0,"victory":false,"max_hp_per_floor":[66,66,66,66,66,66,66,66,66,66,66,66,66,66,66,66,66,66,66],"card_choices":[{"not_picked":["Endless Agony","Setup","Sucker Punch"],"picked":"SKIP","floor":1},{"not_picked":["Dagger Throw","Sucker Punch"],"picked":"Noxious Fumes","floor":5},{"not_picked":["Slice","Bane"],"picked":"Dagger Throw","floor":8},{"not_picked":["Doppelganger","Outmaneuver"],"picked":"Dagger Spray","floor":10},{"not_picked":["Quick Slash","Deadly Poison"],"picked":"Well Laid Plans","floor":11},{"not_picked":["Skewer","Choke"],"picked":"Prepared","floor":14}],"player_experience":893296,"relics_obtained":[{"floor":7,"key":"InkBottle"},{"floor":8,"key":"Art of War"},{"floor":9,"key":"Bottled Tornado"},{"floor":10,"key":"TungstenRod"}],"event_choices":[{"damage_healed":0,"gold_gain":0,"player_choice":"Ignored","damage_taken":0,"max_hp_gain":0,"max_hp_loss":0,"event_name":"Golden Idol","floor":2,"gold_loss":0},{"damage_healed":0,"gold_gain":0,"cards_transformed":["Strike_G"],"player_choice":"Transformed","damage_taken":0,"max_hp_gain":0,"max_hp_loss":0,"event_name":"Transmorgrifier","floor":3,"gold_loss":0,"cards_obtained":["All Out Attack"]},{"damage_healed":0,"gold_gain":0,"player_choice":"Upgraded","damage_taken":0,"max_hp_gain":0,"max_hp_loss":0,"event_name":"Upgrade Shrine","floor":13,"gold_loss":0,"cards_upgraded":["All Out Attack"]}],"is_beta":false,"boss_relics":[{"not_picked":["Sozu","Velvet Choker"],"picked":"Pandora\u0027s Box"}],"items_purged_floors":[],"is_endless":false,"potions_floor_spawned":[1,5,8],"killed_by":"Shell Parasite","ascension_level":20}}