{"host":"iz3c9fhlsuknuus5","time":1609025721,"event":{"mods":["BaseMod","Better Third Choice","Colored Map","Colored Powertips","Downfall","GifTheSpireLib","Minty Spire (QoL Compilation)","Quick Restart","StSLib"],"gold_per_floor":[99,24,24,24,37,54,79,79,179,279,279,296,296,311,327,427,427,427,627,627,639,639,656,656,681,681,692,692,350,350,13,27,129,129,129,145,145,163,74,74,74,74,86,132,158,178,34,48,61,61],"floor_reached":51,"playtime":4196,"items_purged":["Guardian:Strike_Guardian","Doubt","hexamod:Haunted"],"score":785,"play_id":"59632b4b-9203-4b13-bfc5-bf6e77f0d1b0","local_time":"20201226233521","is_ascension_mode":false,"campfire_choices":[{"data":"Guardian:CurlUp","floor":1,"key":"SMITH"},{"data":"Guardian:Defend_Guardian","floor":8,"key":"SMITH"},{"data":"Guardian:SpikerProtocol","floor":11,"key":"SMITH"},{"data":"Guardian:RevengeProtocol","floor":18,"key":"SMITH"},{"floor":26,"key":"REST"},{"floor":28,"key":"REST"},{"data":"Guardian:DonusPower","floor":30,"key":"SMITH"},{"data":"expansioncontent:DashGenerateEvil","floor":35,"key":"SMITH"},{"data":"Guardian:PrismaticBeam","floor":40,"key":"SMITH"},{"data":"Guardian:BronzeArmor","floor":42,"key":"SMITH"}],"circlet_count":0,"master_deck":["Guardian:Strike_Guardian","Guardian:Strike_Guardian+1","Guardian:Defend_Guardian+1","Guardian:Defend_Guardian+1","Guardian:CurlUp+1","Guardian:TwinSlam+1","Guardian:RollAttack+1","Guardian:SpikerProtocol+1","Guardian:RevengeProtocol+1","Guardian:PrismaticBeam+1","Guardian:DonusPower+1","Guardian:ShieldSpikes+1","expansioncontent:DashGenerateEvil+1","Guardian:BronzeArmor+1","Writhe","Guardian:Repulse","Guardian:Gem_Purple"],"relics":["Guardian:ModeShifter","downfall:HeartsMalice","Whetstone","Sozu","MutagenicStrength","Question Card","Orichalcum","Lee\u0027s Waffle","War Paint","Cursed Key","FossilizedHelix","Sundial","Turnip","Dream Catcher","Oddly Smooth Stone"],"acts_visited":["Exordium","TheCity","TheBeyond"],"potions_floor_usage":[16,25],"damage_taken":[{"damage":0,"enemies":"downfall:FleeingMerchant","floor":2,"turns":1},{"damage":0,"enemies":"2 Louse","floor":3,"turns":1},{"damage":0,"enemies":"Jaw Worm","floor":4,"turns":1},{"damage":4,"enemies":"Cultist","floor":5,"turns":6},{"damage":10,"enemies":"Red Slaver","floor":6,"turns":5},{"damage":19,"enemies":"downfall:Heads","floor":9,"turns":7},{"damage":0,"enemies":"Exordium Wildlife","floor":12,"turns":3},{"damage":0,"enemies":"3 Louse","floor":14,"turns":1},{"damage":1,"enemies":"Exordium Thugs","floor":15,"turns":2},{"damage":15,"enemies":"downfall:Watcher","floor":16,"turns":5},{"damage":0,"enemies":"3 Byrds","floor":21,"turns":3},{"damage":2,"enemies":"Spheric Guardian","floor":23,"turns":3},{"damage":58,"enemies":"Book of Stabbing","floor":25,"turns":7},{"damage":8,"enemies":"3 Cultists","floor":27,"turns":5},{"damage":0,"enemies":"downfall:FleeingMerchant","floor":29,"turns":4},{"damage":4,"enemies":"downfall:FleeingMerchant","floor":31,"turns":4},{"damage":0,"enemies":"Snake Plant","floor":32,"turns":3},{"damage":7,"enemies":"downfall:Defect","floor":33,"turns":7},{"damage":4,"enemies":"3 Shapes","floor":36,"turns":3},{"damage":0,"enemies":"Orb Walker","floor":38,"turns":2},{"damage":0,"enemies":"downfall:FleeingMerchant","floor":39,"turns":3},{"damage":0,"enemies":"Jaw Worm Horde","floor":43,"turns":4},{"damage":15,"enemies":"2 Orb Walkers","floor":44,"turns":3},{"damage":0,"enemies":"Reptomancer","floor":45,"turns":4},{"damage":0,"enemies":"Transient","floor":46,"turns":5},{"damage":0,"enemies":"3 Darklings","floor":48,"turns":3},{"damage":0,"enemies":"4 Shapes","floor":49,"turns":7},{"damage":82,"enemies":"downfall:Ironclad","floor":50,"turns":15}],"seed_played":"4335154739473520335","potions_obtained":[{"floor":6,"key":"FairyPotion"},{"floor":14,"key":"AttackPotion"},{"floor":15,"key":"ColorlessPotion"}],"is_trial":false,"path_per_floor":["R","$","M","M","M","M","T","R","?","?","R","M","?","M","M","B",null,"R","?","?","M","?","M","T","E","R","M","R","$","R","$","M","B",null,"R","M","?","M","$","R","T","R","M","?","E","M","$","M","M","B",null],"character_chosen":"GUARDIAN","items_purchased":["Lee\u0027s Waffle","Guardian:DonusPower","expansioncontent:DashGenerateEvil","War Paint","FossilizedHelix","Oddly Smooth Stone"],"campfire_rested":2,"item_purchase_floors":[29,29,31,31,39,47],"current_hp_per_floor":[80,80,80,80,76,66,66,66,47,47,47,47,47,47,46,31,80,80,80,80,80,80,78,78,20,44,36,60,87,87,83,83,76,87,87,83,83,83,83,83,83,83,83,68,68,68,68,68,68,26],"gold":61,"neow_bonus":"THREE_ENEMY_KILL","is_daily":false,"chose_seed":false,"campfire_upgraded":8,"win_rate":0.0,"timestamp":1609025721,"path_taken":["R","$","M","M","M","M","T","R","?","?","R","M","?","M","M","BOSS","R","?","?","M","?","M","T","E","R","?","R","$","R","?","M","BOSS","R","M","?","M","$","R","T","R","M","?","E","M","$","?","M","BOSS"],"items_purchased_type":["Relic","Card","Card","Relic","Relic","Relic"],"build_version":"2020-12-22","purchased_purges":3,"victory":true,"max_hp_per_floor":[80,80,80,80,80,80,80,80,80,80,80,80,80,80,80,80,80,80,80,80,80,80,80,80,80,80,80,80,87,87,87,87,87,87,87,87,87,87,87,87,87,87,87,87,87,87,87,87,87,87],"card_choices":[{"not_picked":["Guardian:MultiBeam","Guardian:VentSteam"],"picked":"Guardian:Gem_Lightblue","floor":2},{"not_picked":["Guardian:ShieldCharger","Guardian:WalkerClaw","Guardian:PrimingBeam"],"picked":"SKIP","floor":3},{"not_picked":["Guardian:Reroute","Guardian:Planning"],"picked":"Guardian:Gem_Orange","floor":4},{"not_picked":["Guardian:Recover","Guardian:Gem_Cyan","Guardian:Reroute"],"picked":"SKIP","floor":5},{"not_picked":["Guardian:Clone","Guardian:Gem_Lightblue","Guardian:Preprogram"],"picked":"SKIP","floor":6},{"not_picked":["Guardian:VentSteam","Guardian:Suspension"],"picked":"Guardian:RollAttack","floor":9},{"not_picked":["Guardian:PrismaticBarrier","Guardian:ChargeCore"],"picked":"Guardian:Gem_Cyan","floor":12},{"not_picked":["Guardian:TemporalStrike","Guardian:Incinerate","Guardian:Gem_Red"],"picked":"SKIP","floor":14},{"not_picked":["Guardian:RollAttack","Guardian:MultiBeam","Guardian:CrystalBeam"],"picked":"SKIP","floor":15},{"not_picked":["Guardian:BaubleBeam","Guardian:StasisStrike"],"picked":"Guardian:RevengeProtocol","floor":16},{"not_picked":["Guardian:Harden","Guardian:Incinerate","Guardian:Gem_Red"],"picked":"SKIP","floor":21},{"not_picked":["Guardian:Gem_White","Guardian:PrimingBeam+1"],"picked":"Guardian:PrismaticBeam","floor":23},{"not_picked":["Guardian:TemporalStrike","Guardian:ChargeCore","Guardian:VentSteam+1"],"picked":"Guardian:Gem_Red","floor":25},{"not_picked":["Guardian:RefractedBeam+1","Guardian:Recover","Guardian:RollAttack"],"picked":"Guardian:Gem_White","floor":27},{"not_picked":["Guardian:WalkerClaw","Guardian:Reroute+1","Guardian:Clone","Guardian:PrimingBeam+1"],"picked":"SKIP","floor":29},{"not_picked":["Guardian:RefractedBeam","Guardian:Gem_Fragmented","Guardian:ShieldCharger"],"picked":"Guardian:ShieldSpikes+1","floor":31},{"not_picked":["Guardian:TimeBomb","Guardian:Reroute","Guardian:Planning","Guardian:PrimingBeam"],"picked":"SKIP","floor":32},{"not_picked":["Guardian:Planning","Guardian:ShieldCharger+1","Guardian:RefractedBeam"],"picked":"Guardian:Gem_Red","floor":36},{"not_picked":["Guardian:VentSteam+1","Guardian:TemporalShield+1","Guardian:ChargeCore+1","Guardian:WalkerClaw+1"],"picked":"SKIP","floor":38},{"not_picked":["Guardian:TimeBomb","Guardian:Gem_Crimson","Guardian:VentSteam+1"],"picked":"Guardian:BronzeArmor","floor":39},{"not_picked":["Guardian:PrismaticBeam+1","Guardian:ShieldCharger+1","Guardian:Gem_Crimson","Guardian:Gem_Red"],"picked":"SKIP","floor":43},{"not_picked":["Guardian:RevengeProtocol","Guardian:Gem_Orange","Guardian:ChargeCore","Guardian:CrystalBeam+1"],"picked":"SKIP","floor":45},{"not_picked":["Guardian:Reroute","Guardian:Gem_Red","Guardian:ChargeCore+1","Guardian:Repulse"],"picked":"SKIP","floor":46},{"not_picked":["Guardian:Reroute","Guardian:Gem_Red","Guardian:ChargeCore+1"],"picked":"Guardian:Repulse","floor":46},{"not_picked":["Guardian:ShieldCharger","Guardian:PrimingBeam","Guardian:PiercingHide+1"],"picked":"Guardian:Gem_Purple","floor":48},{"not_picked":["Guardian:RefractedBeam","Guardian:Gem_Purple","Guardian:TemporalStrike","Guardian:VentSteam+1"],"picked":"SKIP","floor":49}],"player_experience":218840,"relics_obtained":[{"floor":7,"key":"Whetstone"},{"floor":24,"key":"Question Card"},{"floor":25,"key":"Orichalcum"},{"floor":41,"key":"Sundial"},{"floor":44,"key":"Turnip"},{"floor":45,"key":"Dream Catcher"}],"event_choices":[{"cards_removed":["Guardian:Defend_Guardian"],"damage_healed":0,"gold_gain":0,"player_choice":"Card Removal","damage_taken":0,"max_hp_gain":0,"max_hp_loss":0,"event_name":"The Cleric","floor":13,"gold_loss":0},{"damage_healed":0,"gold_gain":0,"player_choice":"Inject Mutagens","damage_taken":0,"relics_obtained":["MutagenicStrength"],"max_hp_gain":0,"max_hp_loss":0,"event_name":"Drug Dealer","floor":20,"gold_loss":0},{"damage_healed":0,"gold_gain":0,"player_choice":"Fight","damage_taken":0,"max_hp_gain":0,"max_hp_loss":0,"event_name":"Mysterious Sphere","floor":44,"gold_loss":0}],"is_beta":false,"boss_relics":[{"not_picked":["Black Star","Snecko Eye"],"picked":"Sozu"},{"not_picked":["Fusion Hammer","Astrolabe"],"picked":"Cursed Key"}],"items_purged_floors":[2,29,39],"is_endless":false,"potions_floor_spawned":[6,14,15,23,25,27,36,44,48,49],"ascension_level":0}}