{"host":"0fmi5fguj5lvt8pf","time":1609025797,"event":{"mods":["BaseMod","Colored Map","Curses Come First","Downfall","Minty Spire (QoL Compilation)","Permanent Neow","StSLib","Waifu the Spire"],"gold_per_floor":[99,113,113,113,130,163,163,163,178,204,114,114,134,134,151,151,151,151],"floor_reached":16,"playtime":982,"items_purged":["Regret"],"score":110,"play_id":"ad43a8ee-2587-4d72-8d98-8cfdbbdbc222","local_time":"20201226153637","is_ascension_mode":false,"campfire_choices":[{"data":"champ:MurderStrike","floor":1,"key":"SMITH"},{"data":"champ:Duel","floor":8,"key":"SMITH"}],"circlet_count":0,"master_deck":["champ:Strike+1","champ:Strike","champ:Strike","champ:Strike+1","champ:Defend","champ:Defend","champ:Defend","champ:Defend","champ:Execute+1","champ:Taunt+1","champ:MurderStrike+1","champ:FlashCut","champ:Duel+1","champ:IronFortress","champ:Aggression","champ:RisingSlash+1"],"relics":["champ:ChampionCrown","downfall:ShatteredFragment","Thread and Needle","Singing Bowl","Mummified Hand","Molten Egg 2"],"acts_visited":["Exordium"],"potions_floor_usage":[6,13],"damage_taken":[{"damage":8,"enemies":"Jaw Worm","floor":2,"turns":3},{"damage":2,"enemies":"2 Louse","floor":5,"turns":2},{"damage":29,"enemies":"Lagavulin","floor":6,"turns":7},{"damage":10,"enemies":"Cultist","floor":9,"turns":3},{"damage":23,"enemies":"3 Sentries","floor":10,"turns":8},{"damage":7,"enemies":"downfall:FleeingMerchant","floor":11,"turns":4},{"damage":0,"enemies":"Exordium Thugs","floor":13,"turns":4},{"damage":7,"enemies":"Large Slime","floor":15,"turns":6},{"damage":20,"enemies":"downfall:Watcher","floor":16,"turns":4}],"seed_played":"2615660276248884903","potions_obtained":[{"floor":2,"key":"Block Potion"},{"floor":13,"key":"Fruit Juice"}],"is_trial":false,"path_per_floor":["R","M","?","?","M","E","T","R","M","E","$","?","M","T","M","B"],"character_chosen":"THE_CHAMP","items_purchased":[],"campfire_rested":0,"item_purchase_floors":[],"current_hp_per_floor":[90,87,87,60,58,29,29,29,27,10,10,10,17,17,10,0,0,0],"gold":151,"neow_bonus":"ONE_RANDOM_RARE_CARD","is_daily":false,"chose_seed":false,"campfire_upgraded":2,"win_rate":0.0,"timestamp":1609025797,"path_taken":["R","M","?","?","M","E","T","R","M","E","$","?","M","?","M","BOSS"],"items_purchased_type":[],"build_version":"2020-12-22","purchased_purges":1,"victory":false,"max_hp_per_floor":[90,90,90,90,90,90,90,90,92,92,94,94,101,101,101,101,101,101],"card_choices":[{"not_picked":["champ:FaceSlap","champ:BringItOn"],"picked":"champ:FlashCut","floor":2},{"not_picked":["champ:ArenaPreparation","champ:DefensiveShout"],"picked":"champ:Duel","floor":5},{"not_picked":["champ:Circumvent","champ:TornadoPunch"],"picked":"champ:IronFortress","floor":6},{"not_picked":["champ:Duel","champ:GladiatorsShout","champ:AdrenalArmor"],"picked":"Singing Bowl","floor":9},{"not_picked":["champ:GladiatorsShout","champ:ShieldSigil"],"picked":"champ:Aggression","floor":10},{"not_picked":["champ:SkillfulDodge","champ:Riposte","champ:ShieldSigil"],"picked":"Singing Bowl","floor":11},{"not_picked":["champ:Haymaker","champ:IronFortress","champ:BerserkerStyle"],"picked":"Singing Bowl","floor":13},{"not_picked":["champ:RageSigil","champ:HeartStrike+1"],"picked":"champ:RisingSlash+1","floor":15}],"player_experience":1243479,"relics_obtained":[{"floor":6,"key":"Thread and Needle"},{"floor":7,"key":"Singing Bowl"},{"floor":10,"key":"Mummified Hand"},{"floor":14,"key":"Molten Egg 2"}],"event_choices":[{"damage_healed":0,"gold_gain":0,"player_choice":"Grow","damage_taken":0,"max_hp_gain":0,"max_hp_loss":0,"event_name":"Living Wall","floor":12,"gold_loss":0,"cards_upgraded":["champ:Taunt"]}],"is_beta":false,"boss_relics":[],"items_purged_floors":[11],"is_endless":false,"potions_floor_spawned":[2,13],"killed_by":"downfall:Watcher","ascension_level":0}}