{"host":"vc42n08di9czm3e7","time":1609018741,"event":{"mods":["AchievementEnabler","Act Like it!","BaseMod","Colored Powertips","Downfall","Friendly Minions","GifTheSpireLib","Minty Spire (QoL Compilation)","Rare Cards Sparkle","StSLib"],"gold_per_floor":[14,31,44,61,75,109,109,109,180,196,196,227,250,250,250,370,370,385,409,432,446,143,186,205,205,205,221,259,259,282,407,407,537,537,560,585,84,104,404,404,404,404,430,2,2,25,65,84,84,84,84],"floor_reached":50,"playtime":3220,"items_purged":["Strike_G","Defend_G","Defend_G"],"score":555,"play_id":"5af95431-dd93-43d0-9879-32aeb62ddedc","local_time":"20201226163901","is_ascension_mode":false,"campfire_choices":[{"data":"Venomology","floor":8,"key":"SMITH"},{"data":"Backflip","floor":11,"key":"SMITH"},{"floor":15,"key":"REST"},{"data":"Footwork","floor":25,"key":"SMITH"},{"data":"Noxious Fumes","floor":29,"key":"SMITH"},{"floor":32,"key":"REST"},{"data":"Accuracy","floor":40,"key":"SMITH"},{"data":"Blade Dance","floor":42,"key":"SMITH"},{"floor":45,"key":"RECALL"},{"floor":49,"key":"REST"}],"circlet_count":0,"master_deck":["Strike_G","Strike_G","Defend_G","Defend_G+1","Survivor","Neutralize","Blade Dance","Backflip+1","Blade Dance+1","Bouncing Flask+1","Venomology+1","Underhanded Strike","Bane","PiercingWail","Bullet Time","Doppelganger","Backstab+1","Backstab","Dagger Throw+1","Footwork+1","Deadly Poison","Catalyst","Deadly Poison","Noxious Fumes+1","Adrenaline","Adrenaline","Footwork","Blade Dance+1","Accuracy+1","Cloak And Dagger+1","A Thousand Cuts","Catalyst+1"],"relics":["Ring of the Snake","Ginger","Nunchaku","Golden Idol","The Courier","Unceasing Top","expansioncontent:StudyCardRelic","War Paint","Anchor","Orichalcum","FossilizedHelix","Letter Opener","Empty Cage","Toxic Egg 2","Kunai","Centennial Puzzle","Molten Egg 2","ClockworkSouvenir","Eternal Feather"],"acts_visited":["Exordium","TheCity","TheBeyond"],"potions_floor_usage":[5,6,10,12,16,16,18,20,21,23,24,28,28,28,31,31,33,33,36,38,41,47,47,47,47,50,50,50],"damage_taken":[{"damage":0,"enemies":"2 Louse","floor":1,"turns":3},{"damage":0,"enemies":"Cultist","floor":2,"turns":3},{"damage":1,"enemies":"Jaw Worm","floor":3,"turns":4},{"damage":0,"enemies":"Looter","floor":4,"turns":3},{"damage":9,"enemies":"Red Slaver","floor":5,"turns":4},{"damage":8,"enemies":"Gremlin Nob","floor":6,"turns":3},{"damage":12,"enemies":"Exordium Wildlife","floor":10,"turns":4},{"damage":28,"enemies":"3 Sentries","floor":12,"turns":8},{"damage":4,"enemies":"Blue Slaver","floor":13,"turns":3},{"damage":9,"enemies":"Hexaghost","floor":16,"turns":9},{"damage":0,"enemies":"3 Byrds","floor":18,"turns":5},{"damage":2,"enemies":"2 Thieves","floor":19,"turns":4},{"damage":3,"enemies":"Centurion and Healer","floor":20,"turns":4},{"damage":0,"enemies":"Shelled Parasite and Fungi","floor":21,"turns":5},{"damage":3,"enemies":"Slavers","floor":23,"turns":5},{"damage":0,"enemies":"3 Cultists","floor":24,"turns":5},{"damage":8,"enemies":"Snecko","floor":27,"turns":3},{"damage":4,"enemies":"Book of Stabbing","floor":28,"turns":3},{"damage":0,"enemies":"Cultist and Chosen","floor":30,"turns":4},{"damage":5,"enemies":"Colosseum Slavers","floor":31,"turns":4},{"damage":24,"enemies":"Colosseum Nobs","floor":31,"turns":5},{"damage":26,"enemies":"Automaton","floor":33,"turns":10},{"damage":2,"enemies":"3 Shapes","floor":35,"turns":4},{"damage":0,"enemies":"Orb Walker","floor":36,"turns":3},{"damage":0,"enemies":"Sphere and 2 Shapes","floor":38,"turns":3},{"damage":0,"enemies":"Maw","floor":41,"turns":2},{"damage":0,"enemies":"4 Shapes","floor":46,"turns":4},{"damage":43,"enemies":"Nemesis","floor":47,"turns":7},{"damage":16,"enemies":"Sphere and 2 Shapes","floor":48,"turns":5},{"damage":44,"enemies":"Awakened One","floor":50,"turns":6}],"seed_played":"-8756157549901991908","potions_obtained":[{"floor":2,"key":"Weak Potion"},{"floor":4,"key":"CultistPotion"},{"floor":5,"key":"Fire Potion"},{"floor":10,"key":"BlessingOfTheForge"},{"floor":16,"key":"GhostInAJar"},{"floor":18,"key":"Explosive Potion"},{"floor":23,"key":"EssenceOfSteel"},{"floor":31,"key":"EssenceOfSteel"},{"floor":33,"key":"Ancient Potion"},{"floor":48,"key":"AttackPotion"}],"is_trial":false,"path_per_floor":["M","M","M","M","M","E","?","R","T","M","R","E","M","?","R","B",null,"M","M","M","M","$","E","M","R","T","M","E","R","M","?","R","B",null,"M","M","$","M","?","R","M","R","T","$","R","M","E","M","R","B"],"character_chosen":"THE_SILENT","items_purchased":["War Paint","Footwork","Deadly Poison","Catalyst","Toxic Egg 2","Kunai","Blade Dance+1","Molten Egg 2","ClockworkSouvenir"],"campfire_rested":3,"item_purchase_floors":[22,22,22,22,37,37,37,44,44],"current_hp_per_floor":[70,70,69,69,60,52,52,52,52,40,40,12,8,8,27,18,65,65,63,60,60,60,57,65,65,65,57,53,53,53,24,43,17,65,63,63,63,63,63,63,63,63,63,63,63,63,20,4,41,0,0],"gold":84,"neow_bonus":"ONE_RARE_RELIC","is_daily":false,"chose_seed":false,"campfire_upgraded":6,"win_rate":0.0,"timestamp":1609018741,"path_taken":["M","M","M","M","M","E","?","R","T","M","R","E","M","?","R","BOSS","M","M","M","?","$","E","M","R","T","M","E","R","M","?","R","BOSS","M","M","$","M","?","R","?","R","T","$","R","M","E","M","R","BOSS"],"items_purchased_type":["Relic","Card","Card","Card","Relic","Relic","Card","Relic","Relic"],"build_version":"2020-12-22","purchased_purges":3,"victory":false,"max_hp_per_floor":[70,70,70,70,70,70,65,65,65,65,65,65,65,65,65,65,65,65,65,65,65,65,65,65,65,65,65,65,65,65,65,65,65,65,65,65,65,65,65,65,65,65,65,65,65,65,65,65,65,65,65],"card_choices":[{"not_picked":["Finisher","Poisoned Stab"],"picked":"Blade Dance","floor":1},{"not_picked":["Prepared","Sucker Punch"],"picked":"Backflip","floor":2},{"not_picked":["Flying Knee","Terror","Outmaneuver"],"picked":"SKIP","floor":3},{"not_picked":["Slice","Quick Slash"],"picked":"Blade Dance","floor":4},{"not_picked":["Calculated Gamble","Prepared"],"picked":"Bouncing Flask","floor":5},{"not_picked":["Acrobatics","Quick Slash"],"picked":"Venomology","floor":6},{"not_picked":["Well Laid Plans","Setup"],"picked":"Underhanded Strike","floor":10},{"not_picked":["Dodge and Roll","Slice"],"picked":"Bane","floor":12},{"not_picked":["Cloak And Dagger","Dagger Throw"],"picked":"PiercingWail","floor":13},{"not_picked":["Unload","Wraith Form v2"],"picked":"Doppelganger","floor":16},{"not_picked":["Backflip","Distraction"],"picked":"Backstab+1","floor":18},{"not_picked":["Deflect","Dagger Throw"],"picked":"Backstab","floor":19},{"not_picked":["Terror","Heel Hook","Slice"],"picked":"SKIP","floor":20},{"not_picked":["Well Laid Plans","Cloak And Dagger"],"picked":"Dagger Throw+1","floor":21},{"not_picked":["Endless Agony+1","Finisher+1","Acrobatics+1"],"picked":"SKIP","floor":23},{"not_picked":["Bane","Dagger Throw"],"picked":"Deadly Poison","floor":24},{"not_picked":["PiercingWail","Sucker Punch","Acrobatics"],"picked":"SKIP","floor":27},{"not_picked":["Bouncing Flask","PiercingWail"],"picked":"Noxious Fumes","floor":28},{"not_picked":["Choke+1","Bouncing Flask+1"],"picked":"Adrenaline","floor":30},{"not_picked":["Burst","Grand Finale"],"picked":"Adrenaline","floor":33},{"not_picked":["PiercingWail","Choke"],"picked":"Footwork","floor":35},{"not_picked":["Dodge and Roll+1","Outmaneuver","Quick Slash+1"],"picked":"SKIP","floor":36},{"not_picked":["Sucker Punch","Poisoned Stab+1"],"picked":"Accuracy","floor":38},{"not_picked":["Dagger Spray+1","Poisoned Stab+1"],"picked":"Cloak And Dagger+1","floor":46},{"not_picked":["Crippling Poison+1","Backstab+1"],"picked":"A Thousand Cuts","floor":47},{"not_picked":["Quick Slash+1","Slice+1"],"picked":"Catalyst+1","floor":48}],"player_experience":254108,"relics_obtained":[{"floor":6,"key":"Nunchaku"},{"floor":9,"key":"The Courier"},{"floor":12,"key":"Unceasing Top"},{"floor":23,"key":"Anchor"},{"floor":28,"key":"Orichalcum"},{"floor":31,"key":"FossilizedHelix"},{"floor":31,"key":"Letter Opener"},{"floor":43,"key":"Centennial Puzzle"},{"floor":47,"key":"Eternal Feather"}],"event_choices":[{"damage_healed":0,"gold_gain":0,"player_choice":"Lose Max HP","damage_taken":0,"relics_obtained":["Golden Idol"],"max_hp_gain":0,"max_hp_loss":5,"event_name":"Golden Idol","floor":7,"gold_loss":0},{"damage_healed":0,"gold_gain":0,"cards_transformed":["Strike_G"],"player_choice":"Transformed","damage_taken":0,"max_hp_gain":0,"max_hp_loss":0,"event_name":"Transmorgrifier","floor":14,"gold_loss":0,"cards_obtained":["Bullet Time"]},{"damage_healed":0,"gold_gain":0,"player_choice":"Fight","damage_taken":0,"max_hp_gain":0,"max_hp_loss":0,"event_name":"Colosseum","floor":31,"gold_loss":0},{"damage_healed":0,"gold_gain":0,"player_choice":"Fought Nobs","damage_taken":0,"max_hp_gain":0,"max_hp_loss":0,"event_name":"Colosseum","floor":31,"gold_loss":0},{"damage_healed":0,"gold_gain":300,"player_choice":"Gold","damage_taken":0,"max_hp_gain":0,"max_hp_loss":0,"event_name":"Wheel of Change","floor":39,"gold_loss":0}],"is_beta":false,"boss_relics":[{"not_picked":["SacredBark","SlaversCollar"],"picked":"expansioncontent:StudyCardRelic"},{"not_picked":["Runic Dome","Velvet Choker"],"picked":"Empty Cage"}],"items_purged_floors":[22,37,44],"is_endless":false,"potions_floor_spawned":[2,4,5,10,16,18,19,23,31,31,33,35,36,41,48],"killed_by":"Awakened One","ascension_level":0}}