{"host":"ya062ahhhuj9au1o","time":1609016021,"event":{"mods":["BaseMod","Better Third Choice","Filter the Spire","Hermit","Minty Spire (QoL Compilation)","Random Character Button","Robot Space Explorer","Somnambulant","StSLib","The Bug Knight","The Cursed","The Servant 0.9.4"],"gold_per_floor":[114,124,28,41,41,41,41,69,69,79,79,97,97,128,128,230,230,247,247,24,24,86,86,168,197,197,247,247,222,122,133,133,237,237,257,83,355,405,155,155,205,205,205,205,55,105,174,187,187,187],"floor_reached":51,"playtime":2793,"items_purged":["HollowMod:QuickDashStart","HollowMod:QuickDashStart","HollowMod:NailStrikeStart","HollowMod:NailStrikeStart"],"score":1112,"play_id":"0e2accc5-3b23-4a24-a460-0bec1a7e9e63","local_time":"20201226155341","is_ascension_mode":true,"campfire_choices":[{"data":"HollowMod:DashSlash","floor":6.0,"key":"SMITH"},{"data":"HollowMod:GrimmsGift","floor":11.0,"key":"SMITH"},{"data":"HollowMod:DashSlash","floor":13.0,"key":"SMITH"},{"data":"HollowMod:Weaversong","floor":15.0,"key":"SMITH"},{"data":"HollowMod:ZotesMagnificence","floor":23.0,"key":"SMITH"},{"floor":28.0,"key":"REST"},{"data":"HollowMod:CycloneSlash","floor":32.0,"key":"SMITH"},{"data":"HollowMod:NewLastStag","floor":40.0,"key":"SMITH"},{"data":"HollowMod:DashSlash","floor":42.0,"key":"SMITH"},{"data":"HollowMod:Weaversong","floor":44.0,"key":"SMITH"},{"floor":49,"key":"REST"}],"circlet_count":0,"master_deck":["AscendersBane","HollowMod:NailStrikeStart","HollowMod:NailStrikeStart","HollowMod:PogoStrike","HollowMod:DashSlash+1","HollowMod:CoiledNail+1","HollowMod:MawleksShell+1","HollowMod:DashSlash+1","HollowMod:NewLittleFool","HollowMod:DashSlash+1","HollowMod:GrimmsGift+1","HollowMod:CycloneSlash+1","HollowMod:Weaversong+1","HollowMod:ZotesMagnificence+1","HollowMod:HuntersJournal+1","HollowMod:PerfectDash","HollowMod:Weaversong+1","HollowMod:DashSlash+1","Thinking Ahead+1","HollowMod:NewLastStag+1","HollowMod:PerfectDash","HollowMod:CloakDash"],"relics":["Astrolabe","Bottled Lightning","Sundial","Torii","Philosopher\u0027s Stone","HornCleat","Oddly Smooth Stone","SsserpentHead","Red Mask","Bottled Tornado","Art of War","MutagenicStrength","SlaversCollar","War Paint","Pear"],"acts_visited":["Exordium","TheCity","TheBeyond"],"potions_floor_usage":[],"damage_taken":[{"damage":1.0,"enemies":"Cultist","floor":1.0,"turns":3.0},{"damage":6.0,"enemies":"Small Slimes","floor":2.0,"turns":3.0},{"damage":0.0,"enemies":"2 Louse","floor":4.0,"turns":2.0},{"damage":16.0,"enemies":"Lagavulin","floor":8.0,"turns":3.0},{"damage":2.0,"enemies":"Large Slime","floor":10.0,"turns":6.0},{"damage":2.0,"enemies":"Blue Slaver","floor":12.0,"turns":2.0},{"damage":5.0,"enemies":"Gremlin Nob","floor":14.0,"turns":3.0},{"damage":39.0,"enemies":"HollowMod:FalseKnight","floor":16.0,"turns":7.0},{"damage":11.0,"enemies":"Shell Parasite","floor":18.0,"turns":4.0},{"damage":14.0,"enemies":"Chosen","floor":22.0,"turns":2.0},{"damage":17.0,"enemies":"Masked Bandits","floor":24.0,"turns":4.0},{"damage":12.0,"enemies":"Slavers","floor":25.0,"turns":4.0},{"damage":0.0,"enemies":"Centurion and Healer","floor":31.0,"turns":4.0},{"damage":13.0,"enemies":"Champ","floor":33.0,"turns":6.0},{"damage":1.0,"enemies":"3 Shapes","floor":35.0,"turns":2.0},{"damage":0.0,"enemies":"Orb Walker","floor":47.0,"turns":2.0},{"damage":23,"enemies":"Writhing Mass","floor":48,"turns":4},{"damage":39,"enemies":"Awakened One","floor":50,"turns":8}],"seed_played":"-1894439945393659240","potions_obtained":[{"floor":2.0,"key":"Weak Potion"},{"floor":4.0,"key":"FearPotion"},{"floor":8.0,"key":"LiquidBronze"},{"floor":22.0,"key":"Block Potion"},{"floor":31.0,"key":"FairyPotion"}],"is_trial":false,"path_per_floor":["M","M","$","M","$","R","?","E","T","M","R","M","R","E","R","B",null,"M","?","$","?","M","R","?","E","T","?","R","$","$","M","R","B",null,"M","$","?","?","?","R","T","R","T","R","$","?","M","M","R","B",null],"character_chosen":"THE_BUGKNIGHT","items_purchased":["Fruit Juice","Oddly Smooth Stone","HollowMod:PerfectDash","HollowMod:DashSlash"],"campfire_rested":2,"item_purchase_floors":[3,20,29,36],"current_hp_per_floor":[67,61,61,66,66,66,71,55,55,53,53,51,51,46,46,7,66,55,55,55,55,41,41,24,12,12,12,37,37,37,37,37,24,70,69,69,69,69,69,69,69,69,79,79,79,79,79,56,84,45],"gold":187,"neow_bonus":"BOSS_RELIC","is_daily":false,"chose_seed":false,"campfire_upgraded":9,"win_rate":0.0,"timestamp":1609016021,"path_taken":["M","M","$","M","?","R","?","E","T","M","R","M","R","E","R","BOSS","M","?","?","?","?","R","?","E","T","?","R","?","$","M","R","BOSS","M","$","?","?","?","R","?","R","T","R","$","?","?","M","R","BOSS"],"items_purchased_type":["Potion","Relic","Card","Card"],"build_version":"2020-12-22","purchased_purges":4,"victory":true,"max_hp_per_floor":[75,75,75,80,80,80,85,85,85,85,85,85,85,85,85,85,85,85,85,85,85,85,85,85,85,85,85,85,85,85,85,85,85,85,85,85,85,85,85,85,85,85,95,95,95,95,95,95,95,95],"card_choices":[{"not_picked":["HollowMod:NewJinnsSoul","HollowMod:InfectedAttack"],"picked":"HollowMod:DashSlash","floor":1.0},{"not_picked":["HollowMod:VengefulVoid","HollowMod:SiblingsSouls"],"picked":"HollowMod:NewLittleFool","floor":2.0},{"not_picked":["HollowMod:HeavyBlow","HollowMod:ShapeofUnn","HollowMod:DescendingDark"],"picked":"SKIP","floor":4.0},{"not_picked":["HollowMod:DreamGate","HollowMod:NewJinnsSoul"],"picked":"HollowMod:DashSlash","floor":8.0},{"not_picked":["HollowMod:InfectedAttack","HollowMod:CoiledNail"],"picked":"HollowMod:GrimmsGift","floor":10.0},{"not_picked":["HollowMod:HowlingWraiths","HollowMod:HeavyBlow"],"picked":"HollowMod:CycloneSlash","floor":12.0},{"not_picked":["HollowMod:AwokenDreamNail","HollowMod:GoodIntentions"],"picked":"HollowMod:Weaversong","floor":14.0},{"not_picked":["HollowMod:VoidDash","HollowMod:SlysStrikes"],"picked":"HollowMod:ZotesMagnificence","floor":16.0},{"not_picked":["HollowMod:SiblingsSouls","HollowMod:ShapeofUnn","HollowMod:NewJinnsSoul"],"picked":"SKIP","floor":18.0},{"not_picked":["HollowMod:MawleksShell","HollowMod:DungDefenderAura","HollowMod:InfectedCysts"],"picked":"SKIP","floor":22.0},{"not_picked":["HollowMod:SharpenedShadows+1","HollowMod:ChannelNail"],"picked":"HollowMod:HuntersJournal","floor":25.0},{"not_picked":["HollowMod:WraithStrike","HollowMod:GrimmsGift","HollowMod:DoubleDash"],"picked":"SKIP","floor":31.0},{"not_picked":["HollowMod:theNailsmith","HollowMod:AwokenDreamNail"],"picked":"HollowMod:Weaversong","floor":33.0},{"not_picked":["HollowMod:NewJinnsSoul","HollowMod:NewLittleFool","HollowMod:SoulSplash"],"picked":"SKIP","floor":35.0},{"not_picked":["Mind Blast","HandOfGreed"],"picked":"Thinking Ahead","floor":38.0},{"not_picked":["HollowMod:SiblingsShadow+1","HollowMod:HeavyBlow"],"picked":"HollowMod:PerfectDash","floor":47.0},{"not_picked":["HollowMod:CycloneSlash","HollowMod:BaldurShell"],"picked":"HollowMod:CloakDash","floor":48}],"player_experience":1675552,"relics_obtained":[{"floor":8.0,"key":"Bottled Lightning"},{"floor":9.0,"key":"Sundial"},{"floor":14.0,"key":"Torii"},{"floor":19.0,"key":"HornCleat"},{"floor":24.0,"key":"Red Mask"},{"floor":25.0,"key":"Bottled Tornado"},{"floor":26.0,"key":"Art of War"},{"floor":41.0,"key":"War Paint"},{"floor":43.0,"key":"Pear"}],"event_choices":[{"damage_healed":0.0,"max_hp_gain":5.0,"max_hp_loss":0.0,"gold_gain":0.0,"event_name":"Big Fish","player_choice":"Donut","floor":7.0,"gold_loss":0.0,"damage_taken":0.0},{"damage_healed":0.0,"max_hp_gain":0.0,"max_hp_loss":0.0,"gold_gain":0.0,"event_name":"Wheel of Change","player_choice":"Relic","floor":19.0,"gold_loss":0.0,"damage_taken":0.0},{"damage_healed":0.0,"max_hp_gain":0.0,"max_hp_loss":0.0,"gold_gain":0.0,"event_name":"FaceTrader","player_choice":"Trade","floor":21.0,"gold_loss":0.0,"damage_taken":0.0,"relics_obtained":["SsserpentHead"]},{"damage_healed":0.0,"max_hp_gain":0.0,"max_hp_loss":0.0,"gold_gain":0.0,"event_name":"Masked Bandits","player_choice":"Fought Bandits","floor":24.0,"gold_loss":0.0,"damage_taken":0.0},{"damage_healed":0.0,"max_hp_gain":0.0,"max_hp_loss":0.0,"gold_gain":0.0,"event_name":"Drug Dealer","player_choice":"Inject Mutagens","floor":27.0,"gold_loss":0.0,"damage_taken":0.0,"relics_obtained":["MutagenicStrength"]},{"damage_healed":0.0,"max_hp_gain":0.0,"max_hp_loss":0.0,"gold_gain":222.0,"event_name":"Tomb of Lord Red Mask","player_choice":"Wore Mask","floor":37.0,"gold_loss":0.0,"damage_taken":0.0},{"damage_healed":0.0,"max_hp_gain":0.0,"max_hp_loss":0.0,"gold_gain":0.0,"event_name":"SensoryStone","player_choice":"Memory 1","floor":38.0,"gold_loss":0.0,"damage_taken":0.0},{"damage_healed":0.0,"max_hp_gain":0.0,"max_hp_loss":0.0,"gold_gain":0.0,"event_name":"The Woman in Blue","player_choice":"Bought 0 Potions","floor":46.0,"gold_loss":0.0,"damage_taken":0.0}],"is_beta":false,"boss_relics":[{"not_picked":["Snecko Eye","SacredBark"],"picked":"Philosopher\u0027s Stone"},{"not_picked":["Cursed Key","Fusion Hammer"],"picked":"SlaversCollar"}],"items_purged_floors":[20,30,36,45],"is_endless":false,"potions_floor_spawned":[2,4,8,12,22,25,31,47],"ascension_level":12}}