{"host":"9a8fg837ffr5o6p4","time":1609020552,"event":{"mods":["AchievementEnabler","BaseMod","Colored Map","Colored Powertips","Curses Come First","Minty Spire (QoL Compilation)","Quick Restart","Rare Cards Sparkle","Relic Stats","StSLib"],"gold_per_floor":[152,184,86,261,297,322,222,222,302,346,346,412,412,475,475,601,601,615,302,313,331,394,394,304,383,459,162,287,112,129,164,164,263,263,306,321,321,321,321,348,360,423,735,784,826,838,95,115,115,115],"floor_reached":51,"playtime":2320,"items_purged":["Strike_G","Doubt","Strike_G","Strike_G","Strike_G","Defend_G"],"score":1290,"play_id":"5ac1af8c-9dc0-4722-8215-5c4fb82b66f8","local_time":"20201226230912","is_ascension_mode":true,"campfire_choices":[{"data":"HandOfGreed","floor":8.0,"key":"SMITH"},{"data":"Blade Dance","floor":11.0,"key":"SMITH"},{"floor":15.0,"key":"REST"},{"data":"Infinite Blades","floor":23.0,"key":"SMITH"},{"data":"Storm of Steel","floor":32.0,"key":"SMITH"},{"data":"Blade Dance","floor":41.0,"key":"SMITH"},{"data":"Blade Dance","floor":46,"key":"SMITH"},{"data":"1","floor":49,"key":"LIFT"}],"circlet_count":0,"master_deck":["Defend_G","Defend_G","Defend_G","Defend_G+1","Survivor","Neutralize","HandOfGreed+1","PiercingWail","Blade Dance+1","Cloak And Dagger","Dash","Blade Dance+1","PiercingWail+1","Infinite Blades+1","PiercingWail+1","Blade Dance+1","Storm of Steel+1","Adrenaline","Terror+1","Escape Plan+1","Cloak And Dagger+1","Crippling Poison+1"],"relics":["Ring of the Snake","Strawberry","Mummified Hand","WristBlade","Sling","Matryoshka","Lantern","Ninja Scroll","Medical Kit","Thread and Needle","Kunai","PreservedInsect","Runic Pyramid","Vajra","Orichalcum","MawBank","Ornamental Fan","Old Coin","Art of War","Girya","Mercury Hourglass"],"acts_visited":["Exordium","TheCity","TheBeyond"],"potions_floor_usage":[50,50,50],"damage_taken":[{"damage":0.0,"enemies":"Small Slimes","floor":1.0,"turns":4.0},{"damage":8.0,"enemies":"Jaw Worm","floor":2.0,"turns":5.0},{"damage":0.0,"enemies":"Cultist","floor":5.0,"turns":5.0},{"damage":42.0,"enemies":"Lagavulin","floor":6.0,"turns":9.0},{"damage":0.0,"enemies":"Exordium Thugs","floor":10.0,"turns":4.0},{"damage":0.0,"enemies":"2 Fungi Beasts","floor":12.0,"turns":4.0},{"damage":0.0,"enemies":"Exordium Wildlife","floor":14.0,"turns":6.0},{"damage":27.0,"enemies":"The Guardian","floor":16.0,"turns":14.0},{"damage":0.0,"enemies":"Spheric Guardian","floor":18.0,"turns":1.0},{"damage":3.0,"enemies":"Shell Parasite","floor":20.0,"turns":5.0},{"damage":2.0,"enemies":"Chosen and Byrds","floor":21.0,"turns":6.0},{"damage":6.0,"enemies":"3 Cultists","floor":22.0,"turns":6.0},{"damage":1.0,"enemies":"Slavers","floor":25.0,"turns":5.0},{"damage":0.0,"enemies":"Colosseum Slavers","floor":28.0,"turns":2.0},{"damage":0.0,"enemies":"Colosseum Nobs","floor":28.0,"turns":3.0},{"damage":1.0,"enemies":"Centurion and Healer","floor":30.0,"turns":4.0},{"damage":0.0,"enemies":"Gremlin Leader","floor":31.0,"turns":4.0},{"damage":4.0,"enemies":"Collector","floor":33.0,"turns":5.0},{"damage":0.0,"enemies":"3 Shapes","floor":35.0,"turns":4.0},{"damage":0.0,"enemies":"3 Darklings","floor":36.0,"turns":3.0},{"damage":0.0,"enemies":"Reptomancer","floor":40.0,"turns":2.0},{"damage":0.0,"enemies":"Giant Head","floor":42.0,"turns":2.0},{"damage":0.0,"enemies":"Writhing Mass","floor":44.0,"turns":4.0},{"damage":0,"enemies":"Nemesis","floor":45,"turns":3},{"damage":0,"enemies":"Transient","floor":48,"turns":5},{"damage":0,"enemies":"Donu and Deca","floor":50,"turns":6}],"seed_played":"-3148388791534367823","potions_obtained":[{"floor":2.0,"key":"Ancient Potion"},{"floor":5.0,"key":"FairyPotion"},{"floor":6.0,"key":"SkillPotion"},{"floor":12.0,"key":"Weak Potion"},{"floor":13.0,"key":"FearPotion"},{"floor":13.0,"key":"SpeedPotion"},{"floor":16.0,"key":"EntropicBrew"},{"floor":18.0,"key":"Dexterity Potion"},{"floor":20.0,"key":"Fire Potion"},{"floor":21.0,"key":"Regen Potion"},{"floor":31.0,"key":"Dexterity Potion"},{"floor":35.0,"key":"DuplicationPotion"},{"floor":44.0,"key":"DuplicationPotion"}],"is_trial":false,"path_per_floor":["M","M","$","?","M","E","$","R","T","M","R","M","?","M","R","B",null,"M","$","M","M","M","R","?","E","T","$","?","$","M","E","R","B",null,"M","M","?","?","T","E","R","E","T","M","E","R","$","M","R","B",null],"character_chosen":"THE_SILENT","items_purchased":["Cloak And Dagger","Infinite Blades","Sling","Medical Kit","Girya","Mercury Hourglass"],"campfire_rested":1,"item_purchase_floors":[3,19,19,27,47,47],"current_hp_per_floor":[45,37,37,37,37,28,28,28,28,28,28,28,28,28,51,24,64,64,64,61,59,67,67,67,66,66,66,66,66,65,65,65,73,76,76,76,73,73,73,73,73,73,73,73,73,73,73,73,73,73],"gold":115,"neow_bonus":"RANDOM_COLORLESS_2","is_daily":false,"chose_seed":false,"campfire_upgraded":6,"win_rate":0.0,"timestamp":1609020552,"path_taken":["M","M","$","?","M","E","$","R","T","M","R","M","?","M","R","BOSS","M","$","M","M","M","R","?","E","T","?","?","$","?","E","R","BOSS","M","M","?","?","?","E","R","E","T","M","E","R","$","M","R","BOSS"],"items_purchased_type":["Card","Card","Relic","Relic","Relic","Relic"],"build_version":"2020-12-22","purchased_purges":6,"victory":true,"max_hp_per_floor":[70,70,70,70,70,77,77,77,77,77,77,77,77,77,77,77,77,77,77,77,77,77,77,77,77,77,77,77,77,77,77,77,77,77,77,77,73,73,73,73,73,73,73,73,73,73,73,73,73,73],"relic_stats":{"counters":[26,121],"Mummified Hand":[21],"Ornamental Fan":[116],"PreservedInsect":231,"Art of War":[0],"Kunai":[64],"Orichalcum":[6],"Medical Kit":[3],"MawBank":84,"obtain_stats":[{"Girya":47,"Lantern":26,"Vajra":39,"Thread and Needle":28,"PreservedInsect":31,"Orichalcum":39,"Sling":19,"Medical Kit":27,"MawBank":40,"Old Coin":43,"Mercury Hourglass":47,"Matryoshka":25,"WristBlade":17,"Mummified Hand":9,"Ninja Scroll":26,"Ornamental Fan":42,"Strawberry":6,"Art of War":45,"Kunai":28,"Ring of the Snake":0,"Runic Pyramid":34},{"Girya":24,"Lantern":13,"Vajra":20,"Thread and Needle":15,"PreservedInsect":17,"Orichalcum":20,"Sling":9,"Medical Kit":13,"MawBank":21,"Old Coin":22,"Mercury Hourglass":24,"Matryoshka":13,"WristBlade":8,"Mummified Hand":4,"Ninja Scroll":13,"Ornamental Fan":22,"Strawberry":4,"Art of War":24,"Kunai":15,"Ring of the Snake":0,"Runic Pyramid":18},{"Girya":110,"Lantern":74,"Vajra":99,"Thread and Needle":79,"PreservedInsect":87,"Orichalcum":99,"Sling":52,"Medical Kit":74,"MawBank":101,"Old Coin":103,"Mercury Hourglass":110,"Matryoshka":74,"WristBlade":51,"Mummified Hand":23,"Ninja Scroll":74,"Ornamental Fan":103,"Strawberry":23,"Art of War":110,"Kunai":79,"Ring of the Snake":0,"Runic Pyramid":92}],"Ring of the Snake":[52],"Mercury Hourglass":[36]},"card_choices":[{"not_picked":["Metamorphosis","Sadistic Nature"],"picked":"HandOfGreed","floor":0.0},{"not_picked":["Riddle With Holes","Slice"],"picked":"PiercingWail","floor":1.0},{"not_picked":["Flying Knee","Quick Slash"],"picked":"Blade Dance","floor":2.0},{"not_picked":["Crippling Poison","Outmaneuver","Dodge and Roll"],"picked":"SKIP","floor":5.0},{"not_picked":["Acrobatics","Envenom"],"picked":"Dash","floor":6.0},{"not_picked":["Quick Slash","Setup"],"picked":"Blade Dance","floor":10.0},{"not_picked":["Distraction","Slice","Bane"],"picked":"SKIP","floor":12.0},{"not_picked":["Acrobatics","Sucker Punch","Prepared"],"picked":"SKIP","floor":14.0},{"not_picked":["Setup","Underhanded Strike"],"picked":"PiercingWail+1","floor":18.0},{"not_picked":["Leg Sweep","Deadly Poison","Underhanded Strike"],"picked":"SKIP","floor":20.0},{"not_picked":["Bouncing Flask","Dodge and Roll"],"picked":"PiercingWail+1","floor":21.0},{"not_picked":["Predator+1","Sucker Punch"],"picked":"Blade Dance","floor":22.0},{"not_picked":["Quick Slash","Acrobatics+1","Caltrops+1"],"picked":"SKIP","floor":25.0},{"not_picked":["Dagger Throw","Concentrate"],"picked":"Storm of Steel","floor":30.0},{"not_picked":["Riddle With Holes","Sucker Punch+1","Quick Slash"],"picked":"SKIP","floor":31.0},{"not_picked":["Tools of the Trade","Venomology"],"picked":"Adrenaline","floor":33.0},{"not_picked":["Sucker Punch+1","Quick Slash+1"],"picked":"Terror+1","floor":35.0},{"not_picked":["Expertise+1","Deadly Poison+1"],"picked":"Escape Plan+1","floor":36.0},{"not_picked":["Die Die Die","Skewer+1","Prepared"],"picked":"SKIP","floor":40.0},{"not_picked":["Footwork","Underhanded Strike+1"],"picked":"Cloak And Dagger+1","floor":42.0},{"not_picked":["Dagger Throw","PiercingWail","Heel Hook+1"],"picked":"SKIP","floor":44.0},{"not_picked":["Acrobatics","Riddle With Holes+1"],"picked":"Crippling Poison+1","floor":45},{"not_picked":["Endless Agony+1","Backstab","Deflect+1"],"picked":"SKIP","floor":48}],"player_experience":337050,"relics_obtained":[{"floor":6.0,"key":"Strawberry"},{"floor":9.0,"key":"Mummified Hand"},{"floor":25.0,"key":"Matryoshka"},{"floor":26.0,"key":"Lantern"},{"floor":26.0,"key":"Ninja Scroll"},{"floor":28.0,"key":"Thread and Needle"},{"floor":28.0,"key":"Kunai"},{"floor":31.0,"key":"PreservedInsect"},{"floor":39.0,"key":"Vajra"},{"floor":39.0,"key":"Orichalcum"},{"floor":40.0,"key":"MawBank"},{"floor":42.0,"key":"Ornamental Fan"},{"floor":43.0,"key":"Old Coin"},{"floor":45,"key":"Art of War"}],"event_choices":[{"damage_healed":0.0,"max_hp_gain":0.0,"max_hp_loss":0.0,"gold_gain":175.0,"event_name":"Liars Game","player_choice":"AGREE","floor":4.0,"gold_loss":0.0,"damage_taken":0.0,"cards_obtained":["Doubt"]},{"damage_healed":0.0,"max_hp_gain":0.0,"max_hp_loss":0.0,"gold_gain":0.0,"event_name":"Lab","player_choice":"Got Potions","floor":13.0,"gold_loss":0.0,"damage_taken":0.0},{"cards_removed":["Strike_G"],"damage_healed":0.0,"max_hp_gain":0.0,"max_hp_loss":0.0,"gold_gain":0.0,"event_name":"Designer","player_choice":"Upgrade and Remove","floor":24.0,"gold_loss":90.0,"damage_taken":0.0,"cards_upgraded":["Defend_G"]},{"damage_healed":0.0,"max_hp_gain":0.0,"max_hp_loss":0.0,"gold_gain":0.0,"event_name":"Colosseum","player_choice":"Fight","floor":28.0,"gold_loss":0.0,"damage_taken":0.0},{"damage_healed":0.0,"max_hp_gain":0.0,"max_hp_loss":0.0,"gold_gain":0.0,"event_name":"Colosseum","player_choice":"Fought Nobs","floor":28.0,"gold_loss":0.0,"damage_taken":0.0},{"damage_healed":0.0,"max_hp_gain":0.0,"max_hp_loss":4.0,"gold_gain":0.0,"event_name":"Winding Halls","player_choice":"Max HP","floor":37.0,"gold_loss":0.0,"damage_taken":0.0},{"damage_healed":0.0,"max_hp_gain":0.0,"max_hp_loss":0.0,"gold_gain":0.0,"event_name":"Tomb of Lord Red Mask","player_choice":"Ignored","floor":38.0,"gold_loss":0.0,"damage_taken":0.0}],"is_beta":false,"boss_relics":[{"not_picked":["Coffee Dripper","Snecko Eye"],"picked":"WristBlade"},{"not_picked":["Pandora\u0027s Box","Astrolabe"],"picked":"Runic Pyramid"}],"items_purged_floors":[3,7,19,27,29,47],"is_endless":false,"potions_floor_spawned":[2,5,6,12,16,18,20,21,28,31,35,44,45],"ascension_level":7}}