{"host":"pg2biz4zy3df4ctj","time":1609007456,"event":{"mods":["BaseMod","Minty Spire (QoL Compilation)","Quick Restart","Random Character Button"],"gold_per_floor":[111,36,51,51,70,70,101,119,170,188,221,221,232,264,264,339,339,358,81,91,91,91,126,137,137,164,174,174,188,188,219,219,294,294,308,308,10,29,45,45,78,78,78,78,108,108,136,136,136,136],"floor_reached":51,"playtime":3067,"items_purged":["Normality","Strike_G","Strike_G"],"score":1292,"play_id":"17b9b4d0-8361-47b2-a51a-9583041794c8","local_time":"20201226103056","is_ascension_mode":true,"campfire_choices":[{"data":"Venomology","floor":6.0,"key":"SMITH"},{"data":"Neutralize","floor":12,"key":"SMITH"},{"data":"Malaise","floor":15,"key":"SMITH"},{"floor":25,"key":"REST"},{"data":"Catalyst","floor":28,"key":"SMITH"},{"data":"Burst","floor":30,"key":"SMITH"},{"floor":32,"key":"REST"},{"floor":40,"key":"REST"},{"data":"Adrenaline","floor":44,"key":"SMITH"},{"data":"Deadly Poison","floor":49,"key":"SMITH"}],"circlet_count":0,"master_deck":["AscendersBane","Defend_G","Defend_G","Defend_G","Defend_G","Defend_G","Survivor","Neutralize+1","Venomology+1","Backflip","Dagger Spray+1","Deadly Poison+1","All Out Attack","Leg Sweep","Catalyst+1","Poisoned Stab","Malaise+1","Crippling Poison+1","PiercingWail+1","Blur","Poisoned Stab+1","Burst+1","Backflip+1","Adrenaline+1","Blade Dance","Blade Dance","Flechettes+1","Blade Dance","Die Die Die+1","Writhe","Blur"],"relics":["Ring of the Snake","Blue Candle","Dream Catcher","Orichalcum","The Courier","Runic Dome","Kunai","Happy Flower","Vajra","Shuriken","HoveringKite","Anchor","Bag of Marbles","Bottled Lightning","Whetstone"],"acts_visited":["Exordium","TheCity","TheBeyond"],"potions_floor_usage":[11,11,14,14,16,18,20,20,23,27,31,31,33,35,38,41,45,47,50,50],"damage_taken":[{"damage":13.0,"enemies":"Cultist","floor":1.0,"turns":6.0},{"damage":0.0,"enemies":"Small Slimes","floor":3.0,"turns":5.0},{"damage":0.0,"enemies":"2 Louse","floor":5.0,"turns":1.0},{"damage":26.0,"enemies":"Lagavulin","floor":7.0,"turns":6.0},{"damage":3.0,"enemies":"Looter","floor":8.0,"turns":4.0},{"damage":0.0,"enemies":"3 Louse","floor":10.0,"turns":1.0},{"damage":2,"enemies":"3 Sentries","floor":11,"turns":3},{"damage":3,"enemies":"Exordium Wildlife","floor":13,"turns":5},{"damage":5,"enemies":"Lagavulin","floor":14,"turns":5},{"damage":9,"enemies":"The Guardian","floor":16,"turns":13},{"damage":12,"enemies":"Spheric Guardian","floor":18,"turns":6},{"damage":0,"enemies":"Shell Parasite","floor":20,"turns":4},{"damage":18,"enemies":"Book of Stabbing","floor":23,"turns":6},{"damage":0,"enemies":"Shelled Parasite and Fungi","floor":24,"turns":6},{"damage":1,"enemies":"3 Cultists","floor":27,"turns":4},{"damage":1,"enemies":"Cultist and Chosen","floor":29,"turns":5},{"damage":31,"enemies":"Slavers","floor":31,"turns":4},{"damage":27,"enemies":"Collector","floor":33,"turns":8},{"damage":24,"enemies":"3 Darklings","floor":35,"turns":6},{"damage":0,"enemies":"3 Shapes","floor":38,"turns":5},{"damage":15,"enemies":"3 Darklings","floor":39,"turns":4},{"damage":24,"enemies":"Nemesis","floor":41,"turns":7},{"damage":7,"enemies":"Reptomancer","floor":45,"turns":5},{"damage":1,"enemies":"Nemesis","floor":47,"turns":7},{"damage":7,"enemies":"Donu and Deca","floor":50,"turns":11}],"seed_played":"7381284306257516593","potions_obtained":[{"floor":3.0,"key":"Poison Potion"},{"floor":7.0,"key":"Explosive Potion"},{"floor":16,"key":"Swift Potion"},{"floor":29,"key":"FairyPotion"},{"floor":33,"key":"DistilledChaos"},{"floor":39,"key":"Explosive Potion"},{"floor":41,"key":"DistilledChaos"},{"floor":47,"key":"Regen Potion"}],"is_trial":false,"path_per_floor":["M","$","M","?","M","R","E","M","T","M","E","R","M","E","R","B",null,"M","$","M","?","?","E","M","R","T","M","R","M","R","E","R","B",null,"M","?","$","M","M","R","E","?","T","R","E","$","E","?","R","B",null],"character_chosen":"THE_SILENT","items_purchased":["Kunai","Blade Dance","Blade Dance","Anchor"],"campfire_rested":3,"item_purchase_floors":[19,37,37,37],"current_hp_per_floor":[50,50,50,50,50,50,39,36,36,36,34,34,31,26,26,17,57,45,45,45,32,32,14,14,36,36,35,35,34,34,3,25,22,62,38,38,38,38,23,45,21,40,40,40,33,33,32,66,66,66],"gold":136,"neow_bonus":"THREE_RARE_CARDS","is_daily":false,"chose_seed":false,"campfire_upgraded":7,"win_rate":0.0,"timestamp":1609007456,"path_taken":["M","$","M","?","M","R","E","M","T","M","E","R","M","E","R","BOSS","M","?","M","?","?","E","M","R","T","?","R","M","R","E","R","BOSS","M","?","$","M","M","R","E","?","T","R","E","$","E","?","R","BOSS"],"items_purchased_type":["Relic","Card","Card","Relic"],"build_version":"2020-12-22","purchased_purges":3,"victory":true,"max_hp_per_floor":[70,70,70,70,70,70,70,70,70,70,70,70,70,70,70,70,70,70,70,70,75,75,75,75,75,75,75,75,75,75,75,75,75,75,75,75,75,75,75,75,75,75,75,75,75,75,75,66,66,66],"card_choices":[{"not_picked":["Envenom","Bullet Time"],"picked":"Venomology","floor":0.0},{"not_picked":["Deflect","Underhanded Strike"],"picked":"Backflip","floor":1.0},{"not_picked":["Underhanded Strike","Dodge and Roll"],"picked":"Dagger Spray","floor":3.0},{"not_picked":["Bane","Predator"],"picked":"All Out Attack","floor":5.0},{"not_picked":["Setup","Masterful Stab"],"picked":"Leg Sweep","floor":7.0},{"not_picked":["Unload","Tactician","Deflect"],"picked":"SKIP","floor":8.0},{"not_picked":["Dagger Throw","Flying Knee","Bouncing Flask"],"picked":"SKIP","floor":10.0},{"not_picked":["Tactician","Grand Finale"],"picked":"Catalyst","floor":11},{"not_picked":["Dagger Spray","Accuracy"],"picked":"Poisoned Stab","floor":13},{"not_picked":["Footwork","Endless Agony"],"picked":"Malaise","floor":14},{"not_picked":["Prepared+1","Heel Hook"],"picked":"Crippling Poison+1","floor":18},{"not_picked":["Tactician","Acrobatics"],"picked":"PiercingWail+1","floor":20},{"not_picked":["Quick Slash","Slice+1"],"picked":"Blur","floor":23},{"not_picked":["Dodge and Roll","Dagger Throw","Acrobatics"],"picked":"SKIP","floor":24},{"not_picked":["All Out Attack","Dash"],"picked":"Poisoned Stab+1","floor":25},{"not_picked":["Dodge and Roll","PiercingWail","Crippling Poison"],"picked":"SKIP","floor":27},{"not_picked":["Backstab","Slice"],"picked":"Burst","floor":29},{"not_picked":["All Out Attack","Flechettes","Dagger Throw"],"picked":"SKIP","floor":31},{"not_picked":["Expertise+1","Leg Sweep"],"picked":"Backflip+1","floor":32},{"not_picked":["Malaise","Tools of the Trade"],"picked":"Adrenaline","floor":33},{"not_picked":["Quick Slash","Outmaneuver","Poisoned Stab"],"picked":"SKIP","floor":35},{"not_picked":["Flying Knee","Masterful Stab+1"],"picked":"Flechettes+1","floor":38},{"not_picked":["Slice+1","Heel Hook"],"picked":"Blade Dance","floor":39},{"not_picked":["Eviscerate","Masterful Stab+1"],"picked":"Die Die Die","floor":41},{"not_picked":["Finisher","Flechettes","Well Laid Plans"],"picked":"SKIP","floor":45},{"not_picked":["Finisher","Flechettes","Well Laid Plans"],"picked":"SKIP","floor":45},{"not_picked":["Backflip","Deflect"],"picked":"Blur","floor":47}],"player_experience":582937,"relics_obtained":[{"floor":7.0,"key":"Blue Candle"},{"floor":9.0,"key":"Dream Catcher"},{"floor":11,"key":"Orichalcum"},{"floor":14,"key":"The Courier"},{"floor":23,"key":"Happy Flower"},{"floor":26,"key":"Vajra"},{"floor":31,"key":"Shuriken"},{"floor":41,"key":"Bag of Marbles"},{"floor":45,"key":"Bottled Lightning"},{"floor":47,"key":"Whetstone"}],"event_choices":[{"damage_healed":0.0,"max_hp_gain":0.0,"max_hp_loss":0.0,"gold_gain":0.0,"cards_transformed":["Strike_G"],"event_name":"Transmorgrifier","player_choice":"Transformed","floor":4.0,"gold_loss":0.0,"damage_taken":0.0,"cards_obtained":["Deadly Poison"]},{"damage_healed":0,"gold_gain":0,"player_choice":"Shed Blood","damage_taken":18,"max_hp_gain":5,"max_hp_loss":0,"event_name":"Forgotten Altar","floor":21,"gold_loss":0},{"cards_removed":["Strike_G"],"damage_healed":0,"gold_gain":0,"player_choice":"Offered Basic","damage_taken":0,"max_hp_gain":0,"max_hp_loss":0,"event_name":"Bonfire Elementals","floor":22,"gold_loss":0},{"cards_removed":["Strike_G"],"damage_healed":0,"gold_gain":0,"player_choice":"Removed Attack","damage_taken":0,"max_hp_gain":0,"max_hp_loss":0,"event_name":"Falling","floor":36,"gold_loss":0},{"damage_healed":19,"gold_gain":0,"player_choice":"Writhe","damage_taken":0,"max_hp_gain":0,"max_hp_loss":0,"event_name":"Winding Halls","floor":42,"gold_loss":0,"cards_obtained":["Writhe"]},{"damage_healed":66,"gold_gain":0,"player_choice":"Heal","damage_taken":0,"max_hp_gain":0,"max_hp_loss":9,"event_name":"The Moai Head","floor":48,"gold_loss":0}],"is_beta":false,"boss_relics":[{"not_picked":["Snecko Eye","Velvet Choker"],"picked":"Runic Dome"},{"not_picked":["Fusion Hammer","Cursed Key"],"picked":"HoveringKite"}],"items_purged_floors":[2,19,37],"is_endless":false,"potions_floor_spawned":[3,7,8,16,18,29,33,39,41,47],"ascension_level":13}}