{"host":"ezkqjaqywejtjag1","time":1609009892,"event":{"mods":["BaseMod","Colored Map","Infinite Spire","Minty Spire (QoL Compilation)","StSLib"],"gold_per_floor":[112,130,149,114,133,160,160,160,160,174,204,214,214,108,108,213,213,181,192,37,57,71,102,102,24,24,24,24],"floor_reached":27,"playtime":1847,"items_purged":[],"score":345,"play_id":"abc359fd-ae6b-4d3a-b111-e3ea1bfde756","local_time":"20201226141132","daily_mods":["Hoarder"],"is_ascension_mode":false,"campfire_choices":[{"floor":8,"key":"REST"},{"floor":13,"key":"REST"},{"floor":15,"key":"REST"}],"circlet_count":0,"master_deck":["Strike_R","Strike_R","Strike_R","Strike_R","Defend_R","Defend_R","Defend_R","Defend_R","Bash","Spot Weakness","Spot Weakness","Spot Weakness","Warcry","Warcry","Warcry","Headbutt","Headbutt","Headbutt","Headbutt","Headbutt","Headbutt","Anger","Anger","Anger","Rage","Rage","Rage","Barricade","Barricade","Barricade","Flame Barrier","Flame Barrier","Flame Barrier","Feel No Pain","Feel No Pain","Feel No Pain","Shockwave","Shockwave","Shockwave","Limit Break","Limit Break","Limit Break","Fire Breathing","Fire Breathing","Fire Breathing","Sword Boomerang","Sword Boomerang","Sword Boomerang","Cleave","Cleave","Cleave","Flex","Flex","Flex","Pummel","Pummel","Pummel","Intimidate","Intimidate","Intimidate"],"relics":["Black Blood","Matryoshka","Pen Nib","infinitespire:BottledMercury","Calipers","Lee\u0027s Waffle","Ginger","The Courier","Akabeko"],"acts_visited":["Exordium","TheCity"],"potions_floor_usage":[16,16,16,23,23],"damage_taken":[{"damage":5,"enemies":"Jaw Worm","floor":1,"turns":6},{"damage":12,"enemies":"Cultist","floor":2,"turns":5},{"damage":7,"enemies":"Small Slimes","floor":3,"turns":3},{"damage":27,"enemies":"2 Fungi Beasts","floor":5,"turns":4},{"damage":20,"enemies":"Gremlin Nob","floor":6,"turns":4},{"damage":10,"enemies":"Exordium Thugs","floor":10,"turns":3},{"damage":31,"enemies":"3 Sentries","floor":11,"turns":5},{"damage":21,"enemies":"Blue Slaver","floor":12,"turns":4},{"damage":28,"enemies":"Slime Boss","floor":16,"turns":15},{"damage":22,"enemies":"2 Thieves","floor":18,"turns":5},{"damage":37,"enemies":"Shell Parasite","floor":19,"turns":8},{"damage":55,"enemies":"Shelled Parasite and Fungi","floor":21,"turns":4},{"damage":16,"enemies":"Chosen and Byrds","floor":22,"turns":6},{"damage":40,"enemies":"Gremlin Leader","floor":23,"turns":6},{"damage":27,"enemies":"Snecko","floor":27,"turns":4}],"seed_played":"-1678311860513400693","potions_obtained":[{"floor":1,"key":"DistilledChaos"},{"floor":3,"key":"Weak Potion"},{"floor":5,"key":"EssenceOfSteel"},{"floor":19,"key":"BloodPotion"},{"floor":21,"key":"DistilledChaos"}],"is_trial":true,"path_per_floor":["M","M","M","?","M","E","?","R","T","M","E","M","R","$","R","B",null,"M","M","$","M","M","E","?","$","T","M"],"character_chosen":"IRONCLAD","items_purchased":["Feel No Pain","Shockwave","Lee\u0027s Waffle","Intimidate"],"campfire_rested":3,"item_purchase_floors":[14,14,20,25],"current_hp_per_floor":[80,74,73,80,59,45,45,69,69,65,40,25,49,49,73,51,80,70,45,87,44,40,29,21,21,21,0,0],"gold":24,"neow_bonus":"","is_daily":false,"chose_seed":false,"campfire_upgraded":0,"win_rate":0.0,"timestamp":1609009892,"path_taken":["M","M","M","?","M","E","?","R","T","M","E","M","R","$","R","BOSS","M","M","$","M","M","E","?","?","T","?"],"items_purchased_type":["Card","Card","Relic","Card"],"build_version":"2020-12-22","purchased_purges":0,"victory":false,"max_hp_per_floor":[80,80,80,80,80,80,80,80,80,80,80,80,80,80,80,80,80,80,80,87,87,87,87,87,87,87,87,87],"card_choices":[{"not_picked":["Sword Boomerang","True Grit"],"picked":"Spot Weakness","floor":1},{"not_picked":["Hemokinesis","Thunderclap"],"picked":"Warcry","floor":2},{"not_picked":["Seeing Red","Iron Wave"],"picked":"Headbutt","floor":3},{"not_picked":["Sever Soul","Whirlwind"],"picked":"Headbutt","floor":5},{"not_picked":["Dropkick","Clash"],"picked":"Anger","floor":6},{"not_picked":["Pummel","Iron Wave"],"picked":"Rage","floor":10},{"not_picked":["Headbutt","Havoc"],"picked":"Barricade","floor":11},{"not_picked":["Wild Strike","Thunderclap"],"picked":"Flame Barrier","floor":12},{"not_picked":["Feed","Bludgeon"],"picked":"Limit Break","floor":16},{"not_picked":["Anger+1","Body Slam"],"picked":"Fire Breathing","floor":18},{"not_picked":["True Grit+1","Bloodletting"],"picked":"Sword Boomerang","floor":19},{"not_picked":["Armaments","Ghostly Armor"],"picked":"Cleave","floor":21},{"not_picked":["Fire Breathing","Spot Weakness"],"picked":"Flex","floor":22},{"not_picked":["Sword Boomerang","Warcry"],"picked":"Pummel","floor":23}],"player_experience":160119,"relics_obtained":[{"floor":6,"key":"Matryoshka"},{"floor":9,"key":"Pen Nib"},{"floor":9,"key":"infinitespire:BottledMercury"},{"floor":11,"key":"Calipers"},{"floor":23,"key":"Ginger"},{"floor":26,"key":"The Courier"},{"floor":26,"key":"Akabeko"}],"event_choices":[{"damage_healed":20,"gold_gain":0,"player_choice":"Healed","damage_taken":0,"max_hp_gain":0,"max_hp_loss":0,"event_name":"The Cleric","floor":4,"gold_loss":35},{"cards_removed":["Strike_R"],"damage_healed":0,"gold_gain":0,"player_choice":"Purged","damage_taken":0,"max_hp_gain":0,"max_hp_loss":0,"event_name":"Purifier","floor":7,"gold_loss":0},{"damage_healed":0,"gold_gain":0,"player_choice":"Damaged","damage_taken":8,"max_hp_gain":0,"max_hp_loss":0,"event_name":"Wheel of Change","floor":24,"gold_loss":0}],"is_beta":false,"boss_relics":[{"not_picked":["Tiny House","Philosopher\u0027s Stone"],"picked":"Black Blood"}],"items_purged_floors":[],"is_endless":false,"potions_floor_spawned":[1,3,5,19,21],"killed_by":"Snecko","ascension_level":0}}