{"host":"3jpwrwmmgyabjceh","time":1609022139,"event":{"mods":["AchievementEnabler","BaseMod","Colored Map","Colored Powertips","Highlight Path","Minty Spire (QoL Compilation)","Quick Restart","StSLib"],"gold_per_floor":[118,218,231,251,251,251,25,25,25,43,75,75,88,99,99,99,99],"floor_reached":16,"playtime":440,"items_purged":["Strike_R"],"score":102,"play_id":"2f144c1a-0f6b-47f7-83b6-714eac94f794","local_time":"20201227013539","is_ascension_mode":false,"campfire_choices":[{"data":"Bash","floor":6,"key":"SMITH"},{"data":"Barricade","floor":8,"key":"SMITH"},{"floor":15,"key":"REST"}],"circlet_count":0,"master_deck":["Strike_R","Strike_R","Strike_R","Strike_R","Defend_R","Defend_R","Defend_R","Defend_R","Bash+1","Iron Wave","Thunderclap","Barricade+1","Rampage","Body Slam"],"relics":["Burning Blood","NeowsBlessing","Bird Faced Urn","Art of War","CultistMask"],"acts_visited":["Exordium"],"potions_floor_usage":[11,16,16],"damage_taken":[{"damage":0,"enemies":"Cultist","floor":1,"turns":1},{"damage":0,"enemies":"2 Louse","floor":3,"turns":1},{"damage":0,"enemies":"Jaw Worm","floor":4,"turns":1},{"damage":7,"enemies":"Blue Slaver","floor":10,"turns":3},{"damage":53,"enemies":"3 Sentries","floor":11,"turns":10},{"damage":12,"enemies":"2 Fungi Beasts","floor":13,"turns":4},{"damage":8,"enemies":"Lots of Slimes","floor":14,"turns":4},{"damage":54,"enemies":"Hexaghost","floor":16,"turns":12}],"seed_played":"-2754573889870279265","potions_obtained":[{"floor":1,"key":"Weak Potion"},{"floor":13,"key":"SpeedPotion"},{"floor":14,"key":"SpeedPotion"}],"is_trial":false,"path_per_floor":["M","?","M","M","$","R","$","R","T","M","E","?","M","M","R","B"],"character_chosen":"IRONCLAD","items_purchased":["Barricade","Rampage"],"campfire_rested":1,"item_purchase_floors":[7,7],"current_hp_per_floor":[80,80,80,80,80,80,80,80,80,79,33,33,27,25,49,0,0],"gold":99,"neow_bonus":"THREE_ENEMY_KILL","is_daily":false,"chose_seed":false,"campfire_upgraded":2,"win_rate":0.0,"timestamp":1609022139,"path_taken":["M","?","M","?","?","R","$","R","T","M","E","?","?","M","R","BOSS"],"items_purchased_type":["Card","Card"],"build_version":"2020-12-22","purchased_purges":1,"victory":false,"max_hp_per_floor":[80,80,80,80,80,80,80,80,80,80,80,80,80,80,80,80,80],"card_choices":[{"not_picked":["Rage","Flex","Headbutt"],"picked":"SKIP","floor":1},{"not_picked":["Feel No Pain","Shrug It Off"],"picked":"Iron Wave","floor":3},{"not_picked":["Infernal Blade","Pummel"],"picked":"Thunderclap","floor":4},{"not_picked":["Thunderclap","Power Through","Carnage"],"picked":"SKIP","floor":10},{"not_picked":["Bludgeon","Havoc"],"picked":"Body Slam","floor":11},{"not_picked":["Clash","Wild Strike","Bloodletting"],"picked":"SKIP","floor":13},{"not_picked":["Clothesline","Warcry","Heavy Blade"],"picked":"SKIP","floor":14}],"player_experience":218618,"relics_obtained":[{"floor":9,"key":"Bird Faced Urn"},{"floor":11,"key":"Art of War"}],"event_choices":[{"damage_healed":0,"gold_gain":100,"player_choice":"Gold","damage_taken":0,"max_hp_gain":0,"max_hp_loss":0,"event_name":"Wheel of Change","floor":2,"gold_loss":0},{"damage_healed":0,"gold_gain":0,"player_choice":"Trade","damage_taken":0,"relics_obtained":["CultistMask"],"max_hp_gain":0,"max_hp_loss":0,"event_name":"FaceTrader","floor":12,"gold_loss":0}],"is_beta":false,"boss_relics":[],"items_purged_floors":[7],"is_endless":false,"potions_floor_spawned":[1,13,14],"killed_by":"Hexaghost","ascension_level":0}}