{"host":"nokkww7jwsecww7q","time":1609007705,"event":{"mods":["AchievementEnabler","BaseMod","Better Skull","Better Third Choice","BetterRewards","Colored Map","Colored Powertips","DeckTracker","Displayed Cursed Tome","Minty Spire (QoL Compilation)","Quick Restart","Relic Stats","Spicy Shops","StSLib","Thieving Mod","everything is the same but u backflip on backflip"],"gold_per_floor":[113,126,126,34,34,34,34],"floor_reached":6,"playtime":232,"items_purged":["Strike_R"],"score":68,"play_id":"68310b99-70cc-4ac8-a700-2f2d09b4b672","local_time":"20201226213505","is_ascension_mode":true,"campfire_choices":[],"circlet_count":0,"master_deck":["AscendersBane","Strike_R","Strike_R","Strike_R","Defend_R","Defend_R","Defend_R","Defend_R","Bash","Apotheosis","Iron Wave","Body Slam","True Grit","Feel No Pain","Metallicize","Headbutt","Flame Barrier","True Grit"],"relics":["Burning Blood","Anchor","Golden Idol"],"acts_visited":["Exordium"],"potions_floor_usage":[6],"damage_taken":[{"damage":0.0,"enemies":"2 Louse","floor":1.0,"turns":3.0},{"damage":0.0,"enemies":"Jaw Worm","floor":2.0,"turns":6.0},{"damage":53,"enemies":"Gremlin Nob","floor":6,"turns":6}],"seed_played":"-1544761859776051343","potions_obtained":[{"floor":1.0,"key":"PowerPotion"}],"is_trial":false,"path_per_floor":["M","M","?","$","?","E"],"character_chosen":"IRONCLAD","items_purchased":["Apotheosis","Iron Wave","Body Slam","True Grit","Feel No Pain","Anchor","Metallicize","Flame Barrier","True Grit"],"campfire_rested":0,"item_purchase_floors":[0,0,0,0,0,0,0,4,4],"current_hp_per_floor":[39,45,45,45,38,0,0],"gold":34,"neow_bonus":"","is_daily":false,"chose_seed":false,"campfire_upgraded":0,"win_rate":0.0,"timestamp":1609007705,"path_taken":["M","M","?","$","?","E"],"items_purchased_type":["Card","Card","Card","Card","Card","Relic","Card","Card","Card"],"build_version":"2020-12-22","purchased_purges":1,"victory":false,"max_hp_per_floor":[75,75,68,68,68,68,68],"relic_stats":{"counters":[40,166],"Golden Idol":0,"obtain_stats":[{"Regal Pillow":30,"Lantern":40,"Gremlin Horn":0,"Torii":39,"Vajra":48,"Juzu Bracelet":0,"Ancient Tea Set":0,"Smiling Mask":11,"Cursed Key":17,"Empty Cage":34,"Burning Blood":0,"ClockworkSouvenir":0,"Dream Catcher":7,"Nunchaku":10,"Mummified Hand":0,"Sundial":31,"Strawberry":27,"Tiny Chest":30,"WingedGreaves":20,"Red Mask":22,"Toxic Egg 2":0,"Red Skull":0,"Potion Belt":23,"Girya":14,"Lee\u0027s Waffle":4,"Self Forming Clay":9,"Golden Idol":3,"Oddly Smooth Stone":0,"Pen Nib":3,"War Paint":9,"Orichalcum":26,"Frozen Egg 2":47,"Question Card":0,"Anchor":13,"Orrery":0,"Membership Card":0,"Bottled Lightning":7,"Unceasing Top":39,"TungstenRod":0},{"Regal Pillow":28,"Lantern":33,"Gremlin Horn":6,"Torii":32,"Vajra":36,"Juzu Bracelet":4,"Ancient Tea Set":6,"Smiling Mask":12,"Cursed Key":22,"Empty Cage":30,"Burning Blood":0,"ClockworkSouvenir":6,"Dream Catcher":18,"Nunchaku":19,"Mummified Hand":6,"Sundial":29,"Strawberry":27,"Tiny Chest":28,"WingedGreaves":24,"Red Mask":25,"Toxic Egg 2":0,"Red Skull":14,"Potion Belt":26,"Girya":21,"Lee\u0027s Waffle":16,"Self Forming Clay":10,"Golden Idol":39,"Oddly Smooth Stone":0,"Pen Nib":16,"War Paint":18,"Orichalcum":26,"Frozen Egg 2":35,"Question Card":4,"Anchor":13,"Orrery":4,"Membership Card":6,"Bottled Lightning":10,"Unceasing Top":32,"TungstenRod":37},{"Regal Pillow":120,"Lantern":135,"Gremlin Horn":20,"Torii":132,"Vajra":147,"Juzu Bracelet":13,"Ancient Tea Set":20,"Smiling Mask":61,"Cursed Key":102,"Empty Cage":126,"Burning Blood":0,"ClockworkSouvenir":20,"Dream Catcher":89,"Nunchaku":92,"Mummified Hand":20,"Sundial":122,"Strawberry":118,"Tiny Chest":120,"WingedGreaves":108,"Red Mask":111,"Toxic Egg 2":0,"Red Skull":79,"Potion Belt":114,"Girya":98,"Lee\u0027s Waffle":83,"Self Forming Clay":52,"Golden Idol":160,"Oddly Smooth Stone":0,"Pen Nib":83,"War Paint":89,"Orichalcum":114,"Frozen Egg 2":142,"Question Card":13,"Anchor":68,"Orrery":13,"Membership Card":20,"Bottled Lightning":52,"Unceasing Top":132,"TungstenRod":151}],"Burning Blood":210},"card_choices":[{"not_picked":["Clothesline","Evolve"],"picked":"Headbutt","floor":1.0},{"not_picked":["Flex","Uppercut","Rupture"],"picked":"SKIP","floor":2.0}],"player_experience":540848,"relics_obtained":[],"event_choices":[{"damage_healed":0.0,"max_hp_gain":0.0,"max_hp_loss":7.0,"gold_gain":0.0,"event_name":"Golden Idol","player_choice":"Lose Max HP","floor":3.0,"gold_loss":0.0,"damage_taken":0.0,"relics_obtained":["Golden Idol"]},{"cards_removed":["Strike_R"],"damage_healed":0.0,"max_hp_gain":0.0,"max_hp_loss":0.0,"gold_gain":0.0,"event_name":"Golden Wing","player_choice":"Card Removal","floor":5.0,"gold_loss":0.0,"damage_taken":7.0}],"is_beta":false,"boss_relics":[],"items_purged_floors":[0],"is_endless":false,"potions_floor_spawned":[1],"killed_by":"Gremlin Nob","ascension_level":20}}