{"host":"ezkqjaqywejtjag1","time":1609021984,"event":{"mods":["BaseMod","BetterRewards","Colored Map","Infinite Spire","Minty Spire (QoL Compilation)","Replay The Spire","StSLib"],"gold_per_floor":[116,132,142,67,94,133,163,175,260,290,302,327,339,370,382,495,807,829,204,213,226,240,279,299,299,299,427,427,441,117,117,117,231,231,244,263,113,0,10,10,27,27,74,74,92,103,112,132,132,132],"floor_reached":51,"playtime":2562,"items_purged":["Decay"],"score":698,"play_id":"4369aa5f-c9e5-4289-b033-bd6dc70f0247","local_time":"20201226173304","daily_mods":["Vintage","Heirloom"],"is_ascension_mode":false,"campfire_choices":[{"floor":11,"key":"REST"},{"floor":15,"key":"REST"},{"floor":25,"key":"REST"},{"data":"Life Link","floor":28,"key":"SMITH"},{"floor":32,"key":"REST"},{"floor":40,"key":"REST"},{"floor":42,"key":"REST"},{"floor":44,"key":"REST"},{"floor":49,"key":"REST"}],"circlet_count":0,"master_deck":["Strike_R","Strike_R","Strike_R+1","Strike_R+1","Strike_R","Defend_R","Defend_R","Defend_R+1","Defend_R","Bash","infinitespire:OneForAll","Clothesline+1","Demon Form","CurseOfTheBell","Life Link+1","Cleave+1","Spot Weakness+1","Burning Pact+1","Run Through+1","Inflame","Exhume+1","infinitespire:Starlight"],"relics":["Burning Blood","Bird Faced Urn","ReplayTheSpireMod:Lightbulb","Simple Rune","Regal Pillow","MawBank","Thread and Needle","Bronze Scales","Shuriken","King of Hearts","infinitespire:PuzzleCube","Unceasing Top","Calling Bell","Juzu Bracelet","infinitespire:CheckeredPen","Old Coin","CeramicFish","Garlic","Charon\u0027s Ashes","Vajra","Replay:PocketPolymizer","ReplayTheSpireMod:TigerMarble","Gremlin Food","Golden Egg","ReplayTheSpireMod:Shallot","Gremlin Horn","Self Forming Clay","Honey Jar","Frozen Egg 2","Strawberry","Anchor","Red Mask","Lantern","Nunchaku","Art of War","infinitespire:Satchel","Durian","infinitespire:Golems Mask","Sozu","Blue Doll"],"acts_visited":["Exordium","TheCity","TheBeyond"],"potions_floor_usage":[6,16,16,16,24,46,50,50,50],"damage_taken":[{"damage":5,"enemies":"Cultist","floor":1,"turns":4},{"damage":5,"enemies":"Jaw Worm","floor":2,"turns":6},{"damage":12,"enemies":"Small Slimes","floor":3,"turns":4},{"damage":60,"enemies":"3 Sentries","floor":6,"turns":12},{"damage":4,"enemies":"2 Fungi Beasts","floor":7,"turns":5},{"damage":15,"enemies":"Gremlin Gang","floor":10,"turns":5},{"damage":5,"enemies":"Looter","floor":12,"turns":3},{"damage":14,"enemies":"Exordium Wildlife","floor":14,"turns":4},{"damage":47,"enemies":"Fading Forest","floor":16,"turns":11},{"damage":40,"enemies":"2 Thieves","floor":18,"turns":4},{"damage":11,"enemies":"Shell Parasite","floor":21,"turns":5},{"damage":10,"enemies":"Cultist and Chosen","floor":22,"turns":5},{"damage":32,"enemies":"Book of Stabbing","floor":23,"turns":5},{"damage":6,"enemies":"Shelled Parasite and Fungi","floor":24,"turns":3},{"damage":16,"enemies":"Snake Plant","floor":29,"turns":2},{"damage":29,"enemies":"Collector","floor":33,"turns":8},{"damage":0,"enemies":"Orb Walker","floor":35,"turns":2},{"damage":17,"enemies":"3 Darklings","floor":36,"turns":3},{"damage":19,"enemies":"Transient","floor":39,"turns":5},{"damage":11,"enemies":"Spire Growth","floor":41,"turns":4},{"damage":31,"enemies":"Maw","floor":45,"turns":8},{"damage":32,"enemies":"Transient","floor":46,"turns":5},{"damage":3,"enemies":"Sphere and 2 Shapes","floor":48,"turns":3},{"damage":34,"enemies":"Replay:Hell Engine","floor":50,"turns":6}],"seed_played":"-5556759402468940730","potions_obtained":[{"floor":2,"key":"BloodPotion"},{"floor":3,"key":"ColorlessPotion"},{"floor":6,"key":"AttackPotion"},{"floor":7,"key":"AttackPotion"},{"floor":21,"key":"SpeedPotion"},{"floor":22,"key":"Explosive Potion"},{"floor":24,"key":"SkillPotion"},{"floor":31,"key":"CultistPotion"},{"floor":41,"key":"Energy Potion"},{"floor":45,"key":"SpeedPotion"},{"floor":46,"key":"Venom Potion"}],"is_trial":true,"path_per_floor":["M","M","M","$","T","E","M","$","T","M","R","M","?","M","R","B",null,"M","$","?","M","M","E","M","R","T","?","R","M","$","?","R","B",null,"M","M","$","?","M","R","M","R","T","R","M","M","AVR","M","R","B",null],"character_chosen":"IRONCLAD","items_purchased":["infinitespire:OneForAll","Life Link","Garlic","Cleave","Charon\u0027s Ashes","Self Forming Clay","Anchor"],"campfire_rested":8,"item_purchase_floors":[4,19,19,19,19,30,37],"current_hp_per_floor":[80,80,74,74,74,36,38,38,38,29,68,69,69,61,80,39,80,46,46,46,45,45,23,25,64,64,64,64,56,56,56,80,61,80,80,76,76,76,69,87,86,87,87,87,64,53,53,68,92,76],"gold":132,"neow_bonus":"","is_daily":false,"chose_seed":false,"campfire_upgraded":1,"win_rate":0.0,"timestamp":1609021984,"path_taken":["M","M","M","$","?","E","M","$","T","M","R","M","?","M","R","BOSS","M","?","?","M","M","E","M","R","T","?","R","M","$","?","R","BOSS","M","M","$","?","M","R","M","R","T","R","M","M","AVR","M","R","BOSS"],"items_purchased_type":["Card","Card","Relic","Card","Relic","Relic","Relic"],"build_version":"2020-12-22","purchased_purges":1,"victory":true,"max_hp_per_floor":[80,80,80,80,80,80,80,80,80,80,80,80,80,80,80,80,80,80,80,80,80,80,80,80,80,80,80,80,80,80,80,80,80,80,80,87,87,87,87,87,87,87,87,87,87,92,92,92,92,92],"card_choices":[{"not_picked":["True Grit","Burning Pact"],"picked":"Clothesline","floor":6},{"not_picked":["Juggernaut","Brutality"],"picked":"Demon Form","floor":16},{"not_picked":["Replay:Undeath\u0027s Touch","Pommel Strike"],"picked":"Spot Weakness","floor":23},{"not_picked":["Combust","Life Link"],"picked":"Burning Pact","floor":27},{"not_picked":["ReplayTheSpireMod:Stacked","Clothesline"],"picked":"Run Through","floor":27},{"not_picked":["Pommel Strike","Twin Strike"],"picked":"Inflame","floor":27},{"not_picked":["Impervious","Hemogenesis"],"picked":"Exhume","floor":33}],"player_experience":170399,"relics_obtained":[{"floor":1,"key":"ReplayTheSpireMod:Lightbulb"},{"floor":2,"key":"Simple Rune"},{"floor":3,"key":"Regal Pillow"},{"floor":5,"key":"MawBank"},{"floor":6,"key":"Thread and Needle"},{"floor":7,"key":"Bronze Scales"},{"floor":9,"key":"Shuriken"},{"floor":10,"key":"King of Hearts"},{"floor":12,"key":"infinitespire:PuzzleCube"},{"floor":14,"key":"Unceasing Top"},{"floor":17,"key":"Juzu Bracelet"},{"floor":17,"key":"infinitespire:CheckeredPen"},{"floor":17,"key":"Old Coin"},{"floor":18,"key":"CeramicFish"},{"floor":21,"key":"Replay:PocketPolymizer"},{"floor":22,"key":"ReplayTheSpireMod:TigerMarble"},{"floor":23,"key":"Gremlin Food"},{"floor":24,"key":"Golden Egg"},{"floor":26,"key":"ReplayTheSpireMod:Shallot"},{"floor":29,"key":"Gremlin Horn"},{"floor":35,"key":"Frozen Egg 2"},{"floor":36,"key":"Strawberry"},{"floor":39,"key":"Lantern"},{"floor":41,"key":"Nunchaku"},{"floor":43,"key":"Art of War"},{"floor":45,"key":"infinitespire:Satchel"},{"floor":46,"key":"Durian"},{"floor":48,"key":"Blue Doll"}],"event_choices":[{"damage_healed":0,"gold_gain":0,"player_choice":"Bought 0 Potions","damage_taken":0,"max_hp_gain":0,"max_hp_loss":0,"event_name":"The Woman in Blue","floor":13,"gold_loss":0},{"damage_healed":0,"gold_gain":0,"player_choice":"Got Potions","damage_taken":0,"max_hp_gain":0,"max_hp_loss":0,"event_name":"Lab","floor":31,"gold_loss":0},{"damage_healed":0,"gold_gain":0,"player_choice":"Paid","damage_taken":0,"relics_obtained":["Red Mask"],"max_hp_gain":0,"max_hp_loss":0,"event_name":"Tomb of Lord Red Mask","floor":38,"gold_loss":113}],"is_beta":false,"boss_relics":[{"not_picked":["ReplayTheSpireMod:DimensionalGlitch","Black Star"],"picked":"Calling Bell"},{"not_picked":["Runic Pyramid","Cursed Key"],"picked":"Honey Jar"}],"items_purged_floors":[30],"is_endless":false,"potions_floor_spawned":[2,3,6,7,10,21,22,24,33,41,45,46],"ascension_level":0}}