{"host":"7nu0fnckee4tlfez","time":1609015337,"event":{"mods":["2.2 Compatiblity","AchievementEnabler","BaseMod","Colored Map","Lobotomy","LobotomyExtend","Marisa£¨Ùöéë¡¡Øª×âÞÞ£©","Minty Spire (QoL Compilation)","SuperFastMode"],"gold_per_floor":[113,123,123,123,137,137,172,189,214,229,224,224,224,224,224,243,243,257,257,137,123,123,123,123],"floor_reached":23,"playtime":890,"items_purged":["Parasite"],"score":191,"play_id":"bca3c2e8-db5d-4f55-bfa4-c4ada31e2e74","local_time":"20201227054217","is_ascension_mode":false,"campfire_choices":[{"data":"Neutralize","floor":6.0,"key":"SMITH"},{"floor":15.0,"key":"REST"}],"circlet_count":0,"master_deck":["Strike_G","Strike_G","Strike_G","Strike_G","Defend_G","Defend_G","Defend_G","Defend_G","Defend_G","Survivor","Neutralize+1","Alriune","Blade Dance","ShyLook","PiercingWail","WhitesApple","Dagger Spray","Freischutz","Infinite Blades","FieryBird","VoidDream","All Out Attack","HeroicMonk","Backflip","QueenOfHatred","Night Terror","CurseOfTheBell","UniverseFragment","Riddle With Holes+1","Blade Dance","BigBadWolf","Backflip+1","Writhe"],"relics":["Ring of the Snake","CogitoBucket","LetterFromLob","GremlinMask","Vajra","Bag of Marbles","SkinProphecy","Ancient Tea Set","Bottled Tornado","Calling Bell","Centennial Puzzle","HornCleat","Tingsha","Letter Opener"],"acts_visited":["Exordium","TheCity"],"potions_floor_usage":[],"damage_taken":[{"damage":0.0,"enemies":"Cultist","floor":1.0,"turns":4.0},{"damage":5.0,"enemies":"2 Louse","floor":2.0,"turns":2.0},{"damage":1.0,"enemies":"Jaw Worm","floor":5.0,"turns":4.0},{"damage":15.0,"enemies":"Lagavulin","floor":7.0,"turns":6.0},{"damage":1.0,"enemies":"Blue Slaver","floor":8.0,"turns":4.0},{"damage":17.0,"enemies":"Looter","floor":10.0,"turns":5.0},{"damage":0.0,"enemies":"Exordium Wildlife","floor":11.0,"turns":1.0},{"damage":6.0,"enemies":"Slime Boss","floor":16.0,"turns":4.0},{"damage":1.0,"enemies":"2 Thieves","floor":18.0,"turns":3.0},{"damage":25.0,"enemies":"Shell Parasite","floor":21.0,"turns":5.0},{"damage":43,"enemies":"3 Cultists","floor":23,"turns":2}],"seed_played":"4867165988105458367","potions_obtained":[{"floor":2.0,"key":"CultistPotion"},{"floor":8.0,"key":"EntropicBrew"},{"floor":10.0,"key":"LiquidMemories"},{"floor":16.0,"key":"Explosive Potion"}],"is_trial":false,"path_per_floor":["M","M","?","?","M","R","E","M","T","M","M","?","T","?","R","B",null,"M","?","$","M","?","M"],"character_chosen":"THE_SILENT","items_purchased":["Blade Dance"],"campfire_rested":1,"item_purchase_floors":[20],"current_hp_per_floor":[70,65,70,70,69,69,54,53,53,36,32,29,29,29,50,40,74,75,75,73,50,50,0,0],"gold":123,"neow_bonus":"","is_daily":false,"chose_seed":false,"campfire_upgraded":1,"win_rate":0.0,"timestamp":1609015337,"path_taken":["M","?","?","?","M","R","E","M","T","M","?","?","?","?","R","BOSS","M","?","$","M","?","M"],"items_purchased_type":["Card"],"build_version":"2020-12-22","purchased_purges":1,"victory":false,"max_hp_per_floor":[70,70,70,70,70,70,70,70,70,70,72,72,72,72,72,74,74,76,76,73,75,75,79,79],"card_choices":[{"not_picked":["Wellcheers","Bloodbath"],"picked":"Alriune","floor":1.0},{"not_picked":["Cloak And Dagger","Underhanded Strike"],"picked":"Blade Dance","floor":1.0},{"not_picked":["WallGazer","Murderer"],"picked":"ShyLook","floor":2.0},{"not_picked":["Acrobatics","Choke"],"picked":"PiercingWail","floor":2.0},{"not_picked":["CrumblingArmor","WallGazer"],"picked":"WhitesApple","floor":5.0},{"not_picked":["Eviscerate","PiercingWail"],"picked":"Dagger Spray","floor":5.0},{"not_picked":["Murderer","FairyFestival"],"picked":"Freischutz","floor":7.0},{"not_picked":["Slice","Expertise"],"picked":"Infinite Blades","floor":7.0},{"not_picked":["UniverseFragment","BigBadWolf"],"picked":"FieryBird","floor":8.0},{"not_picked":["Bane","Crippling Poison","Masterful Stab"],"picked":"SKIP","floor":8.0},{"not_picked":["Bane","Crippling Poison","Masterful Stab"],"picked":"SKIP","floor":8.0},{"not_picked":["FairyFestival","SpiderBud"],"picked":"VoidDream","floor":10.0},{"not_picked":["Tools of the Trade","Slice"],"picked":"All Out Attack","floor":10.0},{"not_picked":["Porccubus","WallGazer"],"picked":"HeroicMonk","floor":11.0},{"not_picked":["PiercingWail","Crippling Poison"],"picked":"Backflip","floor":11.0},{"not_picked":["BigBird","MeatLantern"],"picked":"QueenOfHatred","floor":16.0},{"not_picked":["Malaise","Tools of the Trade"],"picked":"Night Terror","floor":16.0},{"not_picked":["BeautyBeast","Bloodbath"],"picked":"UniverseFragment","floor":18.0},{"not_picked":["Crippling Poison","All Out Attack"],"picked":"Riddle With Holes+1","floor":18.0},{"not_picked":["PunishingBird","Murderer"],"picked":"BigBadWolf","floor":21.0},{"not_picked":["Backflip+1","Deflect+1","Outmaneuver"],"picked":"SKIP","floor":21.0},{"not_picked":["Deflect+1","Outmaneuver"],"picked":"Backflip+1","floor":21.0}],"player_experience":41396,"relics_obtained":[{"floor":1.0,"key":"LetterFromLob"},{"floor":7.0,"key":"Vajra"},{"floor":9.0,"key":"Bag of Marbles"},{"floor":13.0,"key":"Bottled Tornado"},{"floor":17.0,"key":"Centennial Puzzle"},{"floor":17.0,"key":"HornCleat"},{"floor":17.0,"key":"Tingsha"}],"event_choices":[{"damage_healed":0.0,"max_hp_gain":0.0,"max_hp_loss":0.0,"gold_gain":0.0,"event_name":"FaceTrader","player_choice":"Trade","floor":4.0,"gold_loss":0.0,"damage_taken":0.0,"relics_obtained":["GremlinMask"]},{"damage_healed":0.0,"max_hp_gain":0.0,"max_hp_loss":0.0,"gold_gain":0.0,"event_name":"Scrap Ooze","player_choice":"Success","floor":12.0,"gold_loss":0.0,"damage_taken":3.0,"relics_obtained":["Ancient Tea Set"]},{"cards_removed":["Strike_G"],"damage_healed":0.0,"max_hp_gain":0.0,"max_hp_loss":0.0,"gold_gain":0.0,"event_name":"Living Wall","player_choice":"Forget","floor":14.0,"gold_loss":0.0,"damage_taken":0.0},{"damage_healed":0.0,"max_hp_gain":0.0,"max_hp_loss":0.0,"gold_gain":0.0,"event_name":"Ghosts","player_choice":"Ignored","floor":19.0,"gold_loss":0.0,"damage_taken":0.0},{"damage_healed":0.0,"max_hp_gain":0.0,"max_hp_loss":0.0,"gold_gain":0.0,"event_name":"The Mausoleum","player_choice":"Opened","floor":22.0,"gold_loss":0.0,"damage_taken":0.0,"relics_obtained":["Letter Opener"],"cards_obtained":["Writhe"]}],"is_beta":false,"boss_relics":[{"not_picked":["SlaversCollar","Astrolabe"],"picked":"Calling Bell"}],"items_purged_floors":[20],"is_endless":false,"potions_floor_spawned":[2,8,10,16],"killed_by":"3 Cultists","ascension_level":0}}