{"host":"w3q5ijqu8eoknil3","time":1609007338,"event":{"mods":["AchievementEnabler","BaseMod","Block Reminder","Colored Powertips","Minty Spire (QoL Compilation)","Quick Restart","Relic Stats","ojb\u0027s Better Paths Mod","ojb\u0027s Info Mod","slay the spire mod where everything is the same but ironclad has a cowboy hat"],"gold_per_floor":[112,112,128,141,153,188,188,198,224,224,235,258,290,290,290,290,290],"floor_reached":16,"playtime":522,"items_purged":[],"score":224,"play_id":"46375105-c8ab-4f34-8bbf-b45d96acdd92","local_time":"20201226182858","is_ascension_mode":true,"campfire_choices":[{"data":"Double Tap","floor":10,"key":"SMITH"},{"data":"Disarm","floor":15,"key":"SMITH"}],"circlet_count":0,"master_deck":["AscendersBane","Strike_R","Strike_R","Strike_R","Defend_R","Defend_R","Defend_R","Bash","Disarm+1","Rage","Shrug It Off","Carnage","Uppercut","Dropkick","Cleave","Double Tap+1","Headbutt","Battle Trance","Fire Breathing","Second Wind"],"relics":["Burning Blood","Centennial Puzzle","Omamori","Odd Mushroom","Akabeko"],"acts_visited":["Exordium"],"potions_floor_usage":[5,6,6,11,11,11],"damage_taken":[{"damage":15,"enemies":"Small Slimes","floor":1,"turns":5},{"damage":3,"enemies":"Jaw Worm","floor":3,"turns":5},{"damage":1,"enemies":"Cultist","floor":4,"turns":4},{"damage":1,"enemies":"3 Louse","floor":5,"turns":3},{"damage":13,"enemies":"Lagavulin","floor":6,"turns":5},{"damage":8,"enemies":"Looter","floor":8,"turns":2},{"damage":3,"enemies":"Blue Slaver","floor":11,"turns":2},{"damage":25,"enemies":"The Mushroom Lair","floor":12,"turns":3},{"damage":31,"enemies":"3 Sentries","floor":13,"turns":7},{"damage":30,"enemies":"The Guardian","floor":16,"turns":6}],"seed_played":"5299407069875299745","potions_obtained":[{"floor":3,"key":"FearPotion"},{"floor":4,"key":"Fire Potion"},{"floor":5,"key":"HeartOfIron"},{"floor":8,"key":"EntropicBrew"},{"floor":11,"key":"Ancient Potion"}],"is_trial":false,"path_per_floor":["M","?","M","M","M","E","?","M","T","R","M","?","E","?","R","B"],"character_chosen":"IRONCLAD","items_purchased":[],"campfire_rested":0,"item_purchase_floors":[],"current_hp_per_floor":[59,64,67,72,73,66,73,71,71,71,73,54,29,29,29,0,0],"gold":290,"neow_bonus":"TRANSFORM_TWO_CARDS","is_daily":false,"chose_seed":false,"campfire_upgraded":2,"win_rate":0.0,"timestamp":1609007338,"path_taken":["M","?","M","M","M","E","?","?","T","R","M","?","E","?","R","BOSS"],"items_purchased_type":[],"build_version":"2020-12-22","purchased_purges":0,"victory":false,"max_hp_per_floor":[68,73,73,73,73,73,73,73,73,73,73,73,73,73,73,73,73],"relic_stats":{"Centennial Puzzle":[15],"counters":[10,42],"obtain_stats":[{"Centennial Puzzle":6,"Omamori":9,"Odd Mushroom":12,"Burning Blood":0,"Akabeko":13},{"Centennial Puzzle":5,"Omamori":6,"Odd Mushroom":8,"Burning Blood":0,"Akabeko":9},{"Centennial Puzzle":22,"Omamori":24,"Odd Mushroom":29,"Burning Blood":0,"Akabeko":36}],"Burning Blood":49},"card_choices":[{"not_picked":["Armaments","Thunderclap"],"picked":"Shrug It Off","floor":1},{"not_picked":["True Grit","Entrench"],"picked":"Carnage","floor":3},{"not_picked":["Clothesline","True Grit"],"picked":"Uppercut","floor":4},{"not_picked":["Havoc","Blood for Blood"],"picked":"Dropkick","floor":5},{"not_picked":["Entrench","Anger"],"picked":"Cleave","floor":6},{"not_picked":["Perfected Strike","Thunderclap"],"picked":"Double Tap","floor":8},{"not_picked":["Body Slam","Blood for Blood"],"picked":"Headbutt","floor":11},{"not_picked":["Clothesline","Twin Strike"],"picked":"Battle Trance","floor":12},{"not_picked":["Clash","Clothesline"],"picked":"Fire Breathing","floor":13}],"player_experience":951859,"relics_obtained":[{"floor":6,"key":"Centennial Puzzle"},{"floor":9,"key":"Omamori"},{"floor":12,"key":"Odd Mushroom"},{"floor":13,"key":"Akabeko"}],"event_choices":[{"damage_healed":0,"gold_gain":0,"player_choice":"Donut","damage_taken":0,"max_hp_gain":5,"max_hp_loss":0,"event_name":"Big Fish","floor":2,"gold_loss":0},{"damage_healed":7,"gold_gain":0,"player_choice":"Full Heal","damage_taken":0,"max_hp_gain":0,"max_hp_loss":0,"event_name":"Wheel of Change","floor":7,"gold_loss":0},{"damage_healed":0,"gold_gain":0,"player_choice":"Fought Mushrooms","damage_taken":0,"max_hp_gain":0,"max_hp_loss":0,"event_name":"Mushrooms","floor":12,"gold_loss":0},{"damage_healed":0,"gold_gain":0,"cards_transformed":["Strike_R"],"player_choice":"Change","damage_taken":0,"max_hp_gain":0,"max_hp_loss":0,"event_name":"Living Wall","floor":14,"gold_loss":0,"cards_obtained":["Second Wind"]}],"is_beta":false,"boss_relics":[],"items_purged_floors":[],"is_endless":false,"potions_floor_spawned":[3,4,5,8,11],"killed_by":"The Guardian","ascension_level":20}}