{"host":"6xsbn6ynqlzwllfm","time":1609011136,"event":{"mods":["2.2 Compatiblity","BaseMod","Bestiary","Colored Map","Colored Powertips","Curses Come First","Highlight Path","Keyboard Shortcuts","Minty Spire (QoL Compilation)","Quick Restart","Relic Stats","Slay the Relics Exporter","StSLib","SuperFastMode"],"gold_per_floor":[169,244,260,279,291,291,347,359,405,426,426,426,426,453,453,553,553,573,590,133,133,153,153,185,196,221,221,221],"floor_reached":27,"playtime":2197,"items_purged":["Strike_P"],"score":259,"play_id":"212aca22-16ec-4297-910f-737f0784b1c9","local_time":"20201226143216","is_ascension_mode":true,"campfire_choices":[{"data":"Omniscience","floor":6,"key":"SMITH"},{"floor":12,"key":"REST"},{"data":"TalkToTheHand","floor":15,"key":"SMITH"},{"data":"Alpha","floor":23,"key":"SMITH"}],"circlet_count":0,"master_deck":["Strike_P","Strike_P+1","Strike_P","Defend_P","Defend_P","Defend_P","Defend_P","Eruption","Vigilance","Crescendo","JustLucky","TalkToTheHand+1","WaveOfTheHand","Omniscience+1","Consecrate","FearNoEvil","FollowUp","MentalFortress","Ragnarok","Swivel+1","EmptyFist+1","Alpha+1","Tantrum","LikeWater"],"relics":["Tiny House","Bottled Flame","Tiny Chest","Odd Mushroom","Orichalcum","Sozu","Lee\u0027s Waffle","Unceasing Top","Potion Belt"],"acts_visited":["Exordium","TheCity"],"potions_floor_usage":[10,11,24,24,27],"damage_taken":[{"damage":0,"enemies":"Jaw Worm","floor":1,"turns":2},{"damage":0,"enemies":"2 Louse","floor":3,"turns":2},{"damage":7,"enemies":"Small Slimes","floor":4,"turns":2},{"damage":0,"enemies":"2 Fungi Beasts","floor":5,"turns":4},{"damage":41,"enemies":"Lagavulin Event","floor":7,"turns":10},{"damage":7,"enemies":"Large Slime","floor":8,"turns":4},{"damage":5,"enemies":"The Mushroom Lair","floor":10,"turns":3},{"damage":1,"enemies":"3 Louse","floor":11,"turns":2},{"damage":2,"enemies":"Gremlin Nob","floor":14,"turns":4},{"damage":19,"enemies":"The Guardian","floor":16,"turns":15},{"damage":0,"enemies":"Shell Parasite","floor":18,"turns":6},{"damage":18,"enemies":"Spheric Guardian","floor":19,"turns":3},{"damage":6,"enemies":"Centurion and Healer","floor":22,"turns":6},{"damage":11,"enemies":"Book of Stabbing","floor":24,"turns":7},{"damage":26,"enemies":"Sentry and Sphere","floor":25,"turns":5},{"damage":41,"enemies":"Gremlin Leader","floor":27,"turns":4}],"seed_played":"4251468643720197159","potions_obtained":[{"floor":0,"key":"SmokeBomb"},{"floor":4,"key":"BottledMiracle"},{"floor":10,"key":"Weak Potion"},{"floor":14,"key":"Dexterity Potion"},{"floor":16,"key":"Dexterity Potion"}],"is_trial":false,"path_per_floor":["M","?","M","M","M","R","?","M","T","?","M","R","?","E","R","B",null,"M","M","$","?","M","R","E","M","T","E"],"character_chosen":"WATCHER","items_purchased":["Alpha","Lee\u0027s Waffle","Tantrum"],"campfire_rested":1,"item_purchase_floors":[20,20,20],"current_hp_per_floor":[77,66,66,59,59,59,18,11,11,6,5,28,28,26,26,7,77,77,59,84,84,78,78,67,41,41,0,0],"gold":221,"neow_bonus":"BOSS_RELIC","is_daily":false,"chose_seed":false,"campfire_upgraded":3,"win_rate":0.0,"timestamp":1609011136,"path_taken":["M","?","M","M","M","R","?","M","T","?","M","R","?","E","R","BOSS","M","M","$","?","M","R","E","M","T","E"],"items_purchased_type":["Card","Relic","Card"],"build_version":"2020-12-22","purchased_purges":1,"victory":false,"max_hp_per_floor":[77,77,77,77,77,77,77,77,77,77,77,77,77,77,77,77,77,77,77,84,84,84,84,84,84,84,84,84],"relic_stats":{"Sozu":3,"Lee\u0027s Waffle":25,"counters":[16,79],"Tiny Chest":0,"Orichalcum":[18],"obtain_stats":[{"Sozu":17,"Potion Belt":26,"Bottled Flame":7,"Lee\u0027s Waffle":20,"Tiny House":0,"Tiny Chest":9,"PureWater":0,"Odd Mushroom":10,"Orichalcum":14,"Unceasing Top":24},{"Sozu":10,"Potion Belt":15,"Bottled Flame":5,"Lee\u0027s Waffle":12,"Tiny House":0,"Tiny Chest":6,"PureWater":0,"Odd Mushroom":7,"Orichalcum":9,"Unceasing Top":14},{"Sozu":48,"Potion Belt":75,"Bottled Flame":20,"Lee\u0027s Waffle":57,"Tiny House":0,"Tiny Chest":24,"PureWater":0,"Odd Mushroom":27,"Orichalcum":33,"Unceasing Top":70}],"Unceasing Top":[2]},"card_choices":[{"not_picked":["WindmillStrike","CarveReality"],"picked":"Crescendo","floor":0},{"not_picked":["Wireheading","CrushJoints"],"picked":"JustLucky","floor":1},{"not_picked":["SandsOfTime","SashWhip"],"picked":"TalkToTheHand","floor":3},{"not_picked":["Protect","JustLucky"],"picked":"WaveOfTheHand","floor":4},{"not_picked":["ClearTheMind","PathToVictory"],"picked":"Omniscience","floor":5},{"not_picked":["WindmillStrike","EmptyFist"],"picked":"Consecrate","floor":7},{"not_picked":["EmptyFist","Study"],"picked":"FearNoEvil","floor":8},{"not_picked":["PathToVictory","WaveOfTheHand"],"picked":"FollowUp","floor":10},{"not_picked":["Wireheading","SashWhip"],"picked":"MentalFortress","floor":14},{"not_picked":["MasterReality","Omniscience"],"picked":"Ragnarok","floor":16},{"not_picked":["WindmillStrike","EmptyBody"],"picked":"Swivel+1","floor":18},{"not_picked":["EmptyBody","SashWhip"],"picked":"EmptyFist+1","floor":19},{"not_picked":["FlyingSleeves+1","BowlingBash","Study+1"],"picked":"SKIP","floor":22},{"not_picked":["Prostrate","Tantrum"],"picked":"LikeWater","floor":24},{"not_picked":["Brilliance","EmptyMind","SandsOfTime"],"picked":"SKIP","floor":25}],"player_experience":1054046,"relics_obtained":[{"floor":7,"key":"Bottled Flame"},{"floor":9,"key":"Tiny Chest"},{"floor":10,"key":"Odd Mushroom"},{"floor":14,"key":"Orichalcum"},{"floor":24,"key":"Unceasing Top"},{"floor":26,"key":"Potion Belt"}],"event_choices":[{"damage_healed":0,"gold_gain":75,"player_choice":"Gather Gold","damage_taken":11,"max_hp_gain":0,"max_hp_loss":0,"event_name":"World of Goop","floor":2,"gold_loss":0},{"damage_healed":0,"gold_gain":30,"player_choice":"Searched \u00273\u0027 times","damage_taken":0,"max_hp_gain":0,"max_hp_loss":0,"event_name":"Dead Adventurer","floor":7,"gold_loss":0},{"damage_healed":0,"gold_gain":0,"player_choice":"Fought Mushrooms","damage_taken":0,"max_hp_gain":0,"max_hp_loss":0,"event_name":"Mushrooms","floor":10,"gold_loss":0},{"damage_healed":0,"gold_gain":0,"player_choice":"Ignored","damage_taken":0,"max_hp_gain":0,"max_hp_loss":0,"event_name":"Liars Game","floor":13,"gold_loss":0},{"damage_healed":0,"gold_gain":0,"player_choice":"Ignored","damage_taken":0,"max_hp_gain":0,"max_hp_loss":0,"event_name":"Ghosts","floor":21,"gold_loss":0}],"is_beta":false,"boss_relics":[{"not_picked":["Snecko Eye","Calling Bell"],"picked":"Sozu"}],"items_purged_floors":[20],"is_endless":false,"potions_floor_spawned":[4,10,14,16,18,24,25],"killed_by":"Gremlin Leader","ascension_level":2}}