{"host":"ge6lzvjjgxuzlten","time":1609004898,"event":{"mods":["Act Like it!","Ascension Reborn","Aspiration","BaseMod","Better Third Choice","BetterRewards","Conspire","Downfall","GungeonMod","Hermit","Lobotomy","LobotomyExtend","Minty Spire (QoL Compilation)","Pale of the Ancients","Quick Restart","READ ME - Guardian Mod","Replay The Spire","Spicy Shops","StSLib","SuperFastMode","Td1madao Mod","The Bug Knight","The Cursed","The Factory","The Hierophant","The IronCluck","The Jungle","The Servant 0.9.4","Yuri Mod","vexMod","óô»ðÖ¸ÄÏ"],"gold_per_floor":[99,116000,116000,116011,116111,114641,114665,114683,114697,114712,113857,113877,113055,113072,113082,113178,113178,112667,112680,112696,112716,112138,112155,112155,112182,112190,112190,111405,111460,111475,111491,111503,111602,111602,111602,111616,111629,111629,111629,111659,111659,111149,111149,111160,111179,110621,110662,109901,109926,109946],"floor_reached":51,"playtime":3747,"items_purged":["Sickly","hexamod:Strike","hexamod:Defend","hexamod:Defend","hexamod:Strike","hexamod:Strike","hexamod:Defend","hexamod:Defend","hexamod:Sear","hexamod:ExtraCrispy","Looming Evil","Replay:SS_fish_1","hexamod:SkipABeat","ReplayTheSpireMod:Restless Dread"],"score":827,"play_id":"2185e32a-4580-4940-b7ad-40b7683b7536","local_time":"20201227014818","is_ascension_mode":true,"campfire_choices":[{"data":"hexamod:Float","floor":1,"key":"SMITH"},{"floor":35,"key":"RECALL"}],"circlet_count":0,"master_deck":["hexamod:Float+1","hexamod:HeatMetal","hexamod:SpectersWail","hexamod:TimeWarp+1","hexamod:NightmareGuise","hexamod:Sear","hexamod:PhantomFireball","hexamod:StepThrough","hexamod:ExtraCrispy","hexamod:HauntingEcho","hexamod:CrushingStance+1","hexamod:SpectersWail","hexamod:TurnItUp+1","Mayhem+1","hexamod:SearingWound+1","Finesse+1","Crescendo+1","WindmillStrike+1","hexamod:TimeWarp+1","hexamod:EmpoweredFlame","Trip+1","Study","ClearTheMind+1","Omniscience+1","hexamod:AdvancingGuard+1","Alpha+1","CutThroughFate+1","Sanctity+1"],"relics":["hexamod:SpiritBrand","downfall:GremlinSack","Darkstone Periapt","aspiration:HatOfInfinitePower","vexMod:Cooldron","DemoMod:MonsterBlood","DemoMod:BigBoy","downfall:HeartBlessingBlue","Meat on the Bone","Membership Card","vexMod:Spyglass","Toxic Egg 2","Bag of Preparation","Divine Protection","Iron Hammer","Singing Bowl","Torii","ClockworkSouvenir","Ancient Tea Set","ReplayTheSpireMod:ShopPack","DemoMod:GnawedKey","aspiration:WatcherSkillbook","Letter Opener","Anchor","DemoMod:PoisonVial","Tiny Chest","Potion Belt","ReplayTheSpireMod:Lightbulb","Gremlin Food","TheAbacus","conspire:DeflatedDodgeball","vexMod:FocusSash","ReplayTheSpireMod:Shallot","Happy Flower","ReplayFunnel","Question Card","aspiration:Nostalgia","Cracked Core","Regal Pillow","vexMod:PaidLearning","conspire:TopHat","Cursed Key","Mango","DemoMod:Metronome","Replay:PocketPolymizer","Omamori","Lee\u0027s Waffle","Replay:Mystery Machine","conspire:BottledYoYo","downfall:HeartBlessingRed","ReplayTheSpireMod:TigerMarble","Guide Book","Sling","Replay:Bandana","hexamod:MatchstickCase","MealTicket","vexMod:TimeEaterHat","vexMod:MemoryStick","Art of War"],"acts_visited":["Exordium","TheCity","TheBeyond"],"potions_floor_usage":[16,33,33,36,36],"damage_taken":[{"damage":2,"enemies":"conspire:RoseBush","floor":2,"turns":3},{"damage":0,"enemies":"Jaw Worm","floor":4,"turns":3},{"damage":52,"enemies":"Jaw Worm","floor":5,"turns":6},{"damage":0,"enemies":"downfall:FleeingMerchant","floor":6,"turns":4},{"damage":0,"enemies":"Cultist","floor":8,"turns":3},{"damage":0,"enemies":"Exordium Wildlife","floor":9,"turns":1},{"damage":5,"enemies":"Exordium Thugs","floor":10,"turns":4},{"damage":0,"enemies":"3 Louse","floor":12,"turns":3},{"damage":0,"enemies":"Exordium Wildlife","floor":14,"turns":2},{"damage":0,"enemies":"Lots of Slimes","floor":15,"turns":2},{"damage":1,"enemies":"downfall:Defect","floor":16,"turns":4},{"damage":0,"enemies":"Spheric Guardian","floor":19,"turns":2},{"damage":1,"enemies":"Cultist and Chosen","floor":20,"turns":5},{"damage":0,"enemies":"Snecko","floor":21,"turns":3},{"damage":0,"enemies":"downfall:FleeingMerchant","floor":22,"turns":4},{"damage":0,"enemies":"Snake Plant","floor":23,"turns":2},{"damage":2,"enemies":"downfall:FleeingMerchant","floor":26,"turns":4},{"damage":0,"enemies":"Centurion and Healer","floor":30,"turns":3},{"damage":0,"enemies":"conspire:HollyBat","floor":31,"turns":5},{"damage":0,"enemies":"Chosen and Byrds","floor":32,"turns":3},{"damage":0,"enemies":"downfall:Watcher","floor":33,"turns":5},{"damage":0,"enemies":"Orb Walker","floor":36,"turns":2},{"damage":0,"enemies":"3 Shapes","floor":37,"turns":2},{"damage":1,"enemies":"Giant Head","floor":40,"turns":5},{"damage":0,"enemies":"Transient","floor":44,"turns":5},{"damage":0,"enemies":"Sphere and 2 Shapes","floor":45,"turns":4},{"damage":0,"enemies":"Writhing Mass","floor":47,"turns":3},{"damage":0,"enemies":"Jaw Worm Horde","floor":49,"turns":3},{"damage":12,"enemies":"downfall:Ironclad","floor":50,"turns":5}],"seed_played":"4573771334105399101","potions_obtained":[{"floor":2,"key":"Toxic Potion"},{"floor":5,"key":"LiquidBronze"},{"floor":10,"key":"EntropicBrew"},{"floor":15,"key":"EntropicBrew"},{"floor":16,"key":"EntropicBrew"},{"floor":23,"key":"EntropicBrew"},{"floor":30,"key":"EntropicBrew"},{"floor":36,"key":"EntropicBrew"},{"floor":44,"key":"EntropicBrew"}],"is_trial":false,"path_per_floor":["R","M","?","M","?","$","T","M","M","M","R","M","R","M","M","B",null,"R","M","M","M","$","M","T","T","$","?","R","T","M","M","M","B",null,"R","M","M","?","T","E","T","$","?","M","M","R","M","$","M","B",null],"character_chosen":"THE_SPIRIT","items_purchased":["Darkstone Periapt","aspiration:HatOfInfinitePower","vexMod:Cooldron","DemoMod:MonsterBlood","hexamod:StepThrough","DemoMod:BigBoy","hexamod:ExtraCrispy","Meat on the Bone","Membership Card","vexMod:Spyglass","Toxic Egg 2","Bag of Preparation","Divine Protection","Iron Hammer","Singing Bowl","Torii","ClockworkSouvenir","Ancient Tea Set","ReplayTheSpireMod:ShopPack","hexamod:TurnItUp+1","DemoMod:GnawedKey","Letter Opener","Anchor","DemoMod:PoisonVial","Tiny Chest","Finesse+1","Potion Belt","ReplayTheSpireMod:Lightbulb","Gremlin Food","TheAbacus","hexamod:TimeWarp","ReplayTheSpireMod:Shallot","Happy Flower","ReplayFunnel","Question Card","aspiration:Nostalgia","Trip+1","Regal Pillow","vexMod:PaidLearning","Omamori","Lee\u0027s Waffle","Replay:Mystery Machine","conspire:BottledYoYo","ReplayTheSpireMod:TigerMarble","Guide Book","Sling","Replay:Bandana","hexamod:MatchstickCase","MealTicket","vexMod:TimeEaterHat","vexMod:MemoryStick","Art of War"],"campfire_rested":0,"item_purchase_floors":[6,6,6,6,6,6,6,11,11,11,11,11,11,13,13,13,13,13,13,13,13,18,18,18,18,18,22,22,22,22,22,26,26,28,28,28,28,28,28,42,42,42,42,46,46,46,46,48,48,48,48,48],"current_hp_per_floor":[77,75,75,75,23,30,30,30,30,25,35,47,51,53,55,54,102,102,102,101,103,105,105,105,105,105,105,105,105,107,107,107,107,110,110,112,112,112,132,133,139,147,147,147,149,149,149,149,149,137],"gold":109946,"neow_bonus":"TEN_PERCENT_HP_BONUS","is_daily":false,"chose_seed":false,"campfire_upgraded":1,"win_rate":0.0,"timestamp":1609004898,"path_taken":["R","M","?","M","?","$","T","M","M","?","R","M","R","M","M","BOSS","R","M","M","?","$","M","T","?","$","?","R","?","?","M","M","BOSS","R","M","M","?","?","E","T","$","?","M","M","R","M","$","M","BOSS"],"items_purchased_type":["Relic","Relic","Relic","Relic","Card","Relic","Card","Relic","Relic","Relic","Relic","Relic","Relic","Relic","Relic","Relic","Relic","Relic","Relic","Card","Relic","Relic","Relic","Relic","Relic","Card","Relic","Relic","Relic","Relic","Card","Relic","Relic","Relic","Relic","Relic","Card","Relic","Relic","Relic","Relic","Relic","Relic","Relic","Relic","Relic","Relic","Relic","Relic","Relic","Relic","Relic"],"build_version":"2020-12-22","purchased_purges":14,"victory":true,"max_hp_per_floor":[77,77,77,77,77,84,84,84,84,84,94,94,98,100,102,102,102,102,102,102,104,106,106,106,106,108,108,108,108,110,110,110,110,110,110,112,112,112,132,134,140,147,147,147,149,149,149,149,149,149],"card_choices":[{"not_picked":["hexamod:RainOfEmbers","hexamod:Firestarter"],"picked":"hexamod:HeatMetal","floor":2},{"not_picked":["hexamod:HeatCrush","hexamod:ThirdSeal"],"picked":"hexamod:SpectersWail","floor":4},{"not_picked":["hexamod:SpectersWail","hexamod:InspiringFlames"],"picked":"hexamod:PhantomFireball","floor":5},{"not_picked":["hexamod:BacktrackSmack","hexamod:ShieldOfDarkness"],"picked":"hexamod:ExtraCrispy","floor":6},{"not_picked":["hexamod:NecessarySacrifice","hexamod:SpectersWail"],"picked":"hexamod:HauntingEcho","floor":8},{"not_picked":["hexamod:Hexaguard","hexamod:EtherealExpedition"],"picked":"hexamod:CrushingStance","floor":9},{"not_picked":["hexamod:FastForward","hexamod:Rewind","hexamod:GhostLash"],"picked":"SKIP","floor":10},{"not_picked":["hexamod:GhostShield+1","hexamod:GhostLash"],"picked":"hexamod:SpectersWail","floor":12},{"not_picked":["Thinking Ahead","Panache"],"picked":"Mayhem","floor":13},{"not_picked":["DemoMod:Invincible","expansioncontent:Torchfire","Dramatic Entrance"],"picked":"Singing Bowl","floor":13},{"not_picked":["Panacea","expansioncontent:Chronoboost","Bandage Up"],"picked":"Singing Bowl","floor":13},{"not_picked":["hexamod:BacktrackSmack","hexamod:GhostOfSpirePast","hexamod:Firestarter"],"picked":"Singing Bowl","floor":14},{"not_picked":["hexamod:RadiantFlame","hexamod:BurningTouch+1","hexamod:RainOfEmbers"],"picked":"Singing Bowl","floor":15},{"not_picked":["hexamod:Toasty","hexamod:WildfireWeapon"],"picked":"hexamod:SearingWound+1","floor":16},{"not_picked":["ClearTheMind+1","Replay:Vibes+1","hexamod:SpectersWail"],"picked":"Crescendo+1","floor":19},{"not_picked":["hexamod:HauntingEcho+1","hexamod:NightmareStrike","hexamod:GhostShield+1"],"picked":"WindmillStrike+1","floor":20},{"not_picked":["Prostrate+1","hexamod:FastForward+1","hexamod:ShieldOfDarkness+1","ThirdEye+1"],"picked":"Singing Bowl","floor":21},{"not_picked":["hexamod:RetreatToShadows+1","EmptyFist+1","hexamod:GhostLash","BowlingBash"],"picked":"Singing Bowl","floor":22},{"not_picked":["CutThroughFate","EmptyFist","Replay:BluntJabs"],"picked":"hexamod:EmpoweredFlame","floor":23},{"not_picked":["hexamod:RetreatToShadows+1","Replay:BluntJabs","hexamod:DynamicBlow+1","hexamod:SixthSeal"],"picked":"Singing Bowl","floor":26},{"not_picked":["hexamod:BurningTouch+1","hexamod:InspiringFlames+1","ThirdEye+1","Replay:DivineShield+1","EmptyMind+1"],"picked":"Singing Bowl","floor":30},{"not_picked":["hexamod:Again+1","Replay:BluntJabs","hexamod:NightmareStrike","hexamod:Firestarter"],"picked":"Study","floor":31},{"not_picked":["ForeignInfluence+1","Wallop","hexamod:BacktrackSmack","hexamod:Again+1"],"picked":"ClearTheMind+1","floor":32},{"not_picked":["Vault+1","Ragnarok","SpiritShield+1","Replay:LoomingThreat"],"picked":"Omniscience+1","floor":33},{"not_picked":["ReachHeaven+1","Crescendo+1","hexamod:Firestarter+1","hexamod:FourthSeal","hexamod:GhostShield+1"],"picked":"Singing Bowl","floor":36},{"not_picked":["SashWhip+1","Replay:Vibes+1","hexamod:Firestarter","hexamod:HauntingEcho+1"],"picked":"hexamod:AdvancingGuard+1","floor":37},{"not_picked":["hexamod:RadiantFlame","Vengeance+1","Replay:AtTheReady+1","Replay:Cycle+1","hexamod:GhostOfSpirePresent"],"picked":"Singing Bowl","floor":40},{"not_picked":["hexamod:NecessarySacrifice+1","FlurryOfBlows","FlyingSleeves","hexamod:RetreatToShadows+1"],"picked":"Alpha+1","floor":44},{"not_picked":["hexamod:GhostShield+1","hexamod:SkipABeat+1","hexamod:HauntingEcho","hexamod:Incineration+1","Study"],"picked":"Singing Bowl","floor":45},{"not_picked":["hexamod:Toasty","Consecrate","WindmillStrike","hexamod:NightmareStrike+1"],"picked":"CutThroughFate+1","floor":47},{"not_picked":["hexamod:BurningTouch+1","Replay:Hum+1","ForeignInfluence+1","hexamod:Incineration+1"],"picked":"Sanctity+1","floor":49}],"player_experience":259713,"relics_obtained":[{"floor":5,"key":"downfall:GremlinSack"},{"floor":24,"key":"conspire:DeflatedDodgeball"},{"floor":25,"key":"vexMod:FocusSash"},{"floor":29,"key":"conspire:TopHat"},{"floor":39,"key":"Mango"},{"floor":40,"key":"DemoMod:Metronome"},{"floor":41,"key":"Replay:PocketPolymizer"}],"event_choices":[{"damage_healed":0,"gold_gain":0,"player_choice":"Ignored","damage_taken":0,"max_hp_gain":0,"max_hp_loss":0,"event_name":"NoteForYourself","floor":27,"gold_loss":0},{"damage_healed":0,"gold_gain":0,"player_choice":"Leave","damage_taken":0,"max_hp_gain":0,"max_hp_loss":0,"event_name":"conspire:Investor","floor":38,"gold_loss":0}],"is_beta":false,"boss_relics":[{"not_picked":["vexMod:BigBerry","Pandora\u0027s Box"],"picked":"aspiration:WatcherSkillbook"},{"not_picked":["vexMod:TanglingVine","Calling Bell"],"picked":"Cursed Key"}],"items_purged_floors":[6,11,11,13,13,18,22,26,28,28,42,46,48,48],"is_endless":false,"potions_floor_spawned":[2,5,10,15,16,23,30,31,32,36,44,45],"ascension_level":0}}