{"host":"7nu0fnckee4tlfez","time":1609014364,"event":{"mods":["2.2 Compatiblity","AchievementEnabler","BaseMod","Colored Map","Lobotomy","LobotomyExtend","Marisa£¨Ùöéë¡¡Øª×âÞÞ£©","Minty Spire (QoL Compilation)","SuperFastMode"],"gold_per_floor":[116,133,133,148,98,133,152,152,178,193,208,208,223,243,243,372,372,372,372],"floor_reached":18,"playtime":1141,"items_purged":[],"score":166,"play_id":"95afb312-76b5-4be7-a815-58fd0717d9eb","local_time":"20201227052604","is_ascension_mode":false,"campfire_choices":[{"floor":8,"key":"REST"},{"data":"After Image","floor":15,"key":"SMITH"}],"circlet_count":0,"master_deck":["Strike_G","Strike_G","Strike_G+1","Strike_G","Defend_G","Defend_G+1","Defend_G+1","Defend_G","Defend_G","Survivor","Neutralize","CherryBlossoms","Poisoned Stab","SpiderBud","PiercingWail","UniverseFragment","Dagger Spray","Finisher","Scarecrow","Crippling Poison","Wellcheers","After Image+1","ShyLook","Blade Dance+1","GreedKing","Catalyst","BeautyBeast","Dagger Throw","VoidDream","Envenom"],"relics":["Ring of the Snake","CogitoBucket","LetterFromLob","Golden Idol","Toy Ornithopter","War Paint","ResearcherNote","Black Star"],"acts_visited":["Exordium","TheCity"],"potions_floor_usage":[6,10,16,18],"damage_taken":[{"damage":0,"enemies":"Small Slimes","floor":1,"turns":5},{"damage":0,"enemies":"2 Louse","floor":2,"turns":3},{"damage":1,"enemies":"Jaw Worm","floor":4,"turns":5},{"damage":13,"enemies":"3 Sentries","floor":6,"turns":5},{"damage":6,"enemies":"Blue Slaver","floor":7,"turns":4},{"damage":4,"enemies":"Lots of Slimes","floor":10,"turns":4},{"damage":5,"enemies":"Large Slime","floor":11,"turns":6},{"damage":2,"enemies":"Looter","floor":13,"turns":4},{"damage":1,"enemies":"Blue Slaver","floor":14,"turns":6},{"damage":5,"enemies":"Hexaghost","floor":16,"turns":9},{"damage":58,"enemies":"3 Byrds","floor":18,"turns":6}],"seed_played":"1192812882950855498","potions_obtained":[{"floor":1,"key":"DistilledChaos"},{"floor":2,"key":"SteroidPotion"},{"floor":7,"key":"EssenceOfSteel"},{"floor":11,"key":"LiquidMemories"},{"floor":14,"key":"Ancient Potion"}],"is_trial":false,"path_per_floor":["M","M","?","M","?","E","M","R","T","M","M","?","M","M","R","B",null,"M"],"character_chosen":"THE_SILENT","items_purchased":[],"campfire_rested":1,"item_purchase_floors":[],"current_hp_per_floor":[70,70,53,52,52,39,33,54,54,55,50,36,34,40,40,47,70,16,16],"gold":372,"neow_bonus":"","is_daily":false,"chose_seed":false,"campfire_upgraded":1,"win_rate":0.0,"timestamp":1609014364,"path_taken":["M","M","?","M","?","E","M","R","T","M","M","?","M","?","R","BOSS","M"],"items_purchased_type":[],"build_version":"2020-12-22","purchased_purges":0,"victory":false,"max_hp_per_floor":[70,70,70,70,70,70,70,70,70,70,70,70,70,70,70,70,70,70,70],"card_choices":[{"not_picked":["UniverseFragment","BeautyBeast"],"picked":"CherryBlossoms","floor":1},{"not_picked":["Backstab","Eviscerate"],"picked":"Poisoned Stab","floor":1},{"not_picked":["BeautyBeast","LongBird"],"picked":"SpiderBud","floor":2},{"not_picked":["Sucker Punch","Deadly Poison"],"picked":"PiercingWail","floor":2},{"not_picked":["Alriune","CrumblingArmor"],"picked":"UniverseFragment","floor":4},{"not_picked":["Slice","Backstab"],"picked":"Dagger Spray","floor":4},{"not_picked":["Expertise","Glass Knife"],"picked":"Finisher","floor":6},{"not_picked":["VoidDream","MHz"],"picked":"Scarecrow","floor":7},{"not_picked":["Acrobatics","Slice"],"picked":"Crippling Poison","floor":7},{"not_picked":["ShyLook","VoidDream"],"picked":"Wellcheers","floor":10},{"not_picked":["Flechettes","Slice"],"picked":"After Image","floor":10},{"not_picked":["SnowQueen","Bloodbath"],"picked":"ShyLook","floor":11},{"not_picked":["Acrobatics","Backflip"],"picked":"Blade Dance","floor":11},{"not_picked":["Rudolta","SingingMachine"],"picked":"GreedKing","floor":13},{"not_picked":["PiercingWail","Leg Sweep"],"picked":"Catalyst","floor":13},{"not_picked":["Alriune","CrumblingArmor"],"picked":"BeautyBeast","floor":14},{"not_picked":["Acrobatics","Prepared"],"picked":"Dagger Throw","floor":14},{"not_picked":["CrumblingArmor","Murderer"],"picked":"VoidDream","floor":16},{"not_picked":["Night Terror","Bullet Time"],"picked":"Envenom","floor":16}],"player_experience":40255,"relics_obtained":[{"floor":1,"key":"LetterFromLob"},{"floor":6,"key":"Toy Ornithopter"},{"floor":9,"key":"War Paint"}],"event_choices":[{"damage_healed":0,"gold_gain":0,"player_choice":"Take Damage","damage_taken":17,"relics_obtained":["Golden Idol"],"max_hp_gain":0,"max_hp_loss":0,"event_name":"Golden Idol","floor":3,"gold_loss":0},{"cards_removed":["Strike_G"],"damage_healed":0,"gold_gain":0,"player_choice":"Card Removal","damage_taken":0,"max_hp_gain":0,"max_hp_loss":0,"event_name":"The Cleric","floor":5,"gold_loss":50},{"damage_healed":0,"gold_gain":0,"player_choice":"Entered Light","damage_taken":14,"max_hp_gain":0,"max_hp_loss":0,"event_name":"Shining Light","floor":12,"gold_loss":0,"cards_upgraded":["Blade Dance","Strike_G"]}],"is_beta":false,"boss_relics":[{"not_picked":["Snecko Eye","SacredBark"],"picked":"Black Star"}],"items_purged_floors":[],"is_endless":false,"potions_floor_spawned":[1,2,7,11,14],"killed_by":"3 Byrds","ascension_level":0}}