{"host":"joxnbq9hujdt0xua","time":1609002137,"event":{"mods":["Act Like it!","BaseMod","Colored Powertips","Downfall","Hallownest","Hermit","Minty Spire (QoL Compilation)","Quick Restart","Relic Stats","Replay The Spire","StSLib"],"gold_per_floor":[111,129,129,129,141,141,151,182,182,182,198,8,28,45,45,146,146,163,182,202,216,216,216],"floor_reached":22,"playtime":975,"items_purged":[],"score":192,"play_id":"510a37a5-4c7d-496d-ae74-c69ed8b5c790","local_time":"20201227010217","is_ascension_mode":false,"campfire_choices":[{"data":"Fluid Movement","floor":6.0,"key":"SMITH"},{"data":"Blade Dance","floor":10.0,"key":"SMITH"},{"data":"Well Laid Plans","floor":15.0,"key":"SMITH"}],"circlet_count":0,"master_deck":["Strike_G","Strike_G","Strike_G","Strike_G","Strike_G","Defend_G","Defend_G+1","Defend_G","Defend_G","Defend_G","Survivor+1","Neutralize","Blade Dance+1","Fluid Movement+1","Flying Knee","Acrobatics","Blade Dance+1","Phantasmal Killer","Cloak And Dagger+1","Well Laid Plans+1","Adrenaline","Backstab","Choke","Tactician+1"],"relics":["Ring of the Snake","War Paint","Replay:Wax Seal","Regal Pillow"],"acts_visited":["Exordium","TheCity"],"potions_floor_usage":[22],"damage_taken":[{"damage":0.0,"enemies":"Jaw Worm","floor":1.0,"turns":4.0},{"damage":5.0,"enemies":"2 Louse","floor":2.0,"turns":3.0},{"damage":5.0,"enemies":"Small Slimes","floor":5.0,"turns":4.0},{"damage":12.0,"enemies":"Exordium Wildlife","floor":7.0,"turns":5.0},{"damage":25.0,"enemies":"3 Sentries","floor":8.0,"turns":9.0},{"damage":0.0,"enemies":"Large Slime","floor":11.0,"turns":5.0},{"damage":0.0,"enemies":"3 Louse","floor":13.0,"turns":3.0},{"damage":0.0,"enemies":"Looter","floor":14.0,"turns":3.0},{"damage":3.0,"enemies":"Slime Boss","floor":16.0,"turns":7.0},{"damage":5.0,"enemies":"3 Byrds","floor":18.0,"turns":5.0},{"damage":10,"enemies":"Spheric Guardian","floor":19,"turns":4},{"damage":14,"enemies":"Cultist and Chosen","floor":20,"turns":8},{"damage":33,"enemies":"Centurion and Healer","floor":21,"turns":5},{"damage":8,"enemies":"3 Cultists","floor":22,"turns":4}],"seed_played":"-1804148495711158649","potions_obtained":[{"floor":2.0,"key":"Dexterity Potion"},{"floor":7.0,"key":"LifebloodPotion"},{"floor":8.0,"key":"Energy Potion"},{"floor":11.0,"key":"Poison Potion"},{"floor":19,"key":"GamblersBrew"},{"floor":20,"key":"Weak Potion"}],"is_trial":false,"path_per_floor":["M","M","?","?","M","R","M","E","T","R","M","$","M","M","R","B",null,"M","M","M","M","M"],"character_chosen":"THE_SILENT","items_purchased":["Regal Pillow","Cloak And Dagger+1"],"campfire_rested":0,"item_purchase_floors":[12,12],"current_hp_per_floor":[77,72,72,72,67,67,55,30,30,30,30,30,30,30,30,27,77,72,62,48,15,7,7],"gold":216,"neow_bonus":"TEN_PERCENT_HP_BONUS","is_daily":false,"chose_seed":false,"campfire_upgraded":3,"win_rate":0.0,"timestamp":1609002137,"path_taken":["M","M","?","?","?","R","M","E","T","R","M","$","M","M","R","BOSS","M","M","M","M","M"],"items_purchased_type":["Relic","Card"],"build_version":"2020-12-22","purchased_purges":0,"victory":false,"max_hp_per_floor":[77,77,77,77,77,77,77,77,77,77,77,77,77,77,77,77,77,77,77,77,77,77,77],"relic_stats":{"Regal Pillow":0,"counters":[14,69],"War Paint":["Defend_G","Survivor"],"obtain_stats":[{"Regal Pillow":12,"War Paint":8,"Replay:Wax Seal":9,"Ring of the Snake":0},{"Regal Pillow":6,"War Paint":5,"Replay:Wax Seal":5,"Ring of the Snake":0},{"Regal Pillow":30,"War Paint":25,"Replay:Wax Seal":25,"Ring of the Snake":0}],"Ring of the Snake":[28]},"card_choices":[{"not_picked":["Underhanded Strike","ReplayTheSpireMod:Scrap Shanks"],"picked":"Blade Dance","floor":1.0},{"not_picked":["Bane","Infinite Blades"],"picked":"Fluid Movement","floor":2.0},{"not_picked":["Toxin Wave","ReplayTheSpireMod:Exploit Weakness"],"picked":"Flying Knee","floor":5.0},{"not_picked":["Prepared","PiercingWail"],"picked":"Acrobatics","floor":7.0},{"not_picked":["Toxin Wave","Backflip"],"picked":"Blade Dance","floor":8.0},{"not_picked":["Slice","Backflip"],"picked":"Phantasmal Killer","floor":11.0},{"not_picked":["Skewer","Eviscerate","Dodge and Roll"],"picked":"SKIP","floor":13.0},{"not_picked":["Acrobatics","Sucker Punch"],"picked":"Well Laid Plans","floor":14.0},{"not_picked":["ReplayTheSpireMod:Necrosis","Bullet Time"],"picked":"Adrenaline","floor":16.0},{"not_picked":["Leg Sweep","Sucker Punch"],"picked":"Backstab","floor":18.0},{"not_picked":["Dagger Throw","Deadly Poison+1"],"picked":"Choke","floor":19},{"not_picked":["Dagger Throw","Caltrops"],"picked":"Tactician+1","floor":20},{"not_picked":["Underhanded Strike","Quick Slash","All Out Attack"],"picked":"SKIP","floor":21}],"player_experience":76414,"relics_obtained":[{"floor":8.0,"key":"War Paint"},{"floor":9.0,"key":"Replay:Wax Seal"}],"event_choices":[],"is_beta":false,"boss_relics":[{"not_picked":["Ring of Chaos","Runic Pyramid","Ectoplasm"]}],"items_purged_floors":[],"is_endless":false,"potions_floor_spawned":[2,7,8,11,19,20],"killed_by":"3 Cultists","ascension_level":0}}