{"host":"is2s59edl8twrhoj","time":1609007102,"event":{"mods":["BaseMod","Colored Map","Colored Powertips","DeckTracker","Downfall","Minty Spire (QoL Compilation)","StSLib"],"gold_per_floor":[99,112,63,76,76,108,108,108,108,18,44,44,121,135,145,249,249,249,249,249,249,249,249,249,249,249,249,249,249,249],"floor_reached":28,"playtime":1394,"items_purged":["hexamod:Sear"],"score":244,"play_id":"9cb9f15b-adb6-4809-8912-5f12ee38ceeb","local_time":"20201226182502","is_ascension_mode":false,"campfire_choices":[{"data":"hexamod:Float","floor":1,"key":"SMITH"},{"data":"hexamod:BurningTouch","floor":8,"key":"SMITH"},{"data":"hexamod:HeatCrush","floor":12,"key":"SMITH"},{"data":"hexamod:HexaLevel","floor":18,"key":"SMITH"},{"floor":25,"key":"RECALL"}],"circlet_count":0,"master_deck":["hexamod:Strike","hexamod:Strike","hexamod:Strike","hexamod:Strike","hexamod:Defend","hexamod:Defend","hexamod:Defend","hexamod:Defend","hexamod:Float+1","hexamod:BurningTouch+1","hexamod:Firestarter","hexamod:DynamicBlow","hexamod:HeatCrush+1","hexamod:SuperheatedStrike+1","hexamod:RadiantFlame","hexamod:FastForward","hexamod:HexaLevel+1","hexamod:AdvancingGuard","hexamod:FlamesFromBeyond"],"relics":["Black Star","Orichalcum","Du-Vu Doll","Dream Catcher","Tiny Chest","StrikeDummy","Question Card","downfall:Hecktoplasm","downfall:HeartBlessingGreen","Ancient Tea Set","downfall:HeartBlessingBlue","Vajra","CeramicFish"],"acts_visited":["Exordium","TheCity"],"potions_floor_usage":[11,27,27],"damage_taken":[{"damage":1,"enemies":"Cultist","floor":2,"turns":3},{"damage":0,"enemies":"downfall:FleeingMerchant","floor":3,"turns":4},{"damage":0,"enemies":"Small Slimes","floor":4,"turns":4},{"damage":5,"enemies":"Gremlin Nob","floor":6,"turns":3},{"damage":5,"enemies":"downfall:FleeingMerchant","floor":10,"turns":4},{"damage":10,"enemies":"3 Sentries","floor":11,"turns":6},{"damage":0,"enemies":"2 Louse","floor":14,"turns":2},{"damage":2,"enemies":"Lots of Slimes","floor":15,"turns":3},{"damage":31,"enemies":"downfall:Watcher","floor":16,"turns":6},{"damage":16,"enemies":"Shell Parasite","floor":19,"turns":4},{"damage":6,"enemies":"Spheric Guardian","floor":20,"turns":4},{"damage":15,"enemies":"Snake Plant","floor":26,"turns":3},{"damage":29,"enemies":"Slavers","floor":27,"turns":4},{"damage":15,"enemies":"Shelled Parasite and Fungi","floor":28,"turns":2}],"seed_played":"2214408650756643717","potions_obtained":[{"floor":4,"key":"Block Potion"},{"floor":6,"key":"Fire Potion"},{"floor":15,"key":"Dexterity Potion"},{"floor":16,"key":"Block Potion"}],"is_trial":false,"path_per_floor":["R","M","$","M","?","E","T","R","?","$","E","R","T","M","M","B",null,"R","M","M","?","T","?","T","R","M","E","M"],"character_chosen":"THE_SPIRIT","items_purchased":["hexamod:DynamicBlow"],"campfire_rested":0,"item_purchase_floors":[3],"current_hp_per_floor":[70,69,69,69,69,64,64,64,64,59,49,49,49,49,47,16,70,70,54,48,48,48,48,48,58,43,14,0,0,0],"gold":249,"neow_bonus":"BOSS_RELIC","is_daily":false,"chose_seed":false,"campfire_upgraded":4,"win_rate":0.0,"timestamp":1609007102,"path_taken":["R","M","?","M","?","E","T","R","?","$","E","R","?","?","M","BOSS","R","M","M","?","?","?","T","R","M","E","M"],"items_purchased_type":["Card"],"build_version":"2020-12-22","purchased_purges":1,"victory":false,"max_hp_per_floor":[70,70,70,70,70,70,70,70,70,70,70,70,70,70,70,70,70,70,70,70,70,70,70,70,80,80,80,80,80,80],"card_choices":[{"not_picked":["hexamod:BacktrackSmack","hexamod:FastForward"],"picked":"hexamod:BurningTouch","floor":2},{"not_picked":["hexamod:FourthSeal","hexamod:StepThrough"],"picked":"hexamod:Firestarter","floor":3},{"not_picked":["hexamod:GhostLash","hexamod:PhantomFireball"],"picked":"hexamod:HeatCrush","floor":4},{"not_picked":["hexamod:SkipABeat","hexamod:SpectersWail"],"picked":"hexamod:SuperheatedStrike","floor":6},{"not_picked":["hexamod:ParanormalForm","hexamod:StepThrough"],"picked":"hexamod:RadiantFlame","floor":10},{"not_picked":["hexamod:SecondSeal","hexamod:GhostOfSpireFuture","hexamod:NightmareStrike"],"picked":"SKIP","floor":11},{"not_picked":["hexamod:GhostOfSpirePast","hexamod:NecessarySacrifice","hexamod:BacktrackSmack","hexamod:GhostLash"],"picked":"SKIP","floor":14},{"not_picked":["hexamod:BurningTouch","hexamod:FirstSeal","hexamod:NecessarySacrifice"],"picked":"hexamod:FastForward","floor":15},{"not_picked":["hexamod:EmpoweringStance","hexamod:GiftsFromTheDead","hexamod:UnleashSpirits"],"picked":"hexamod:HexaLevel","floor":16},{"not_picked":["hexamod:BurningTouch","hexamod:FastForward+1","hexamod:InspiringFlames"],"picked":"hexamod:AdvancingGuard","floor":19},{"not_picked":["hexamod:GhostLash","hexamod:ShieldOfDarkness","hexamod:HexaLevel","hexamod:HauntingEcho"],"picked":"SKIP","floor":20},{"not_picked":["hexamod:HeatCrush","hexamod:SwordOfDarkness","hexamod:AdvancingGuard"],"picked":"hexamod:FlamesFromBeyond","floor":26},{"not_picked":["hexamod:GhostLash+1","hexamod:TurnItUp","hexamod:DynamicBlow+1","hexamod:PhantomFireball"],"picked":"SKIP","floor":27}],"player_experience":674965,"relics_obtained":[{"floor":6,"key":"Orichalcum"},{"floor":6,"key":"Du-Vu Doll"},{"floor":7,"key":"Dream Catcher"},{"floor":11,"key":"Tiny Chest"},{"floor":11,"key":"StrikeDummy"},{"floor":13,"key":"Question Card"},{"floor":24,"key":"Ancient Tea Set"},{"floor":27,"key":"Vajra"},{"floor":27,"key":"CeramicFish"}],"event_choices":[{"damage_healed":0,"gold_gain":0,"player_choice":"Grow","damage_taken":0,"max_hp_gain":0,"max_hp_loss":0,"event_name":"Living Wall","floor":9,"gold_loss":0,"cards_upgraded":["hexamod:SuperheatedStrike"]}],"is_beta":false,"boss_relics":[{"not_picked":["Philosopher\u0027s Stone","Astrolabe"],"picked":"downfall:Hecktoplasm"}],"items_purged_floors":[10],"is_endless":false,"potions_floor_spawned":[4,6,15,16,19],"killed_by":"Shelled Parasite and Fungi","ascension_level":0}}