{"host":"6xsbn6ynqlzwllfm","time":1609007977,"event":{"mods":["2.2 Compatiblity","BaseMod","Bestiary","Colored Map","Colored Powertips","Curses Come First","Highlight Path","Keyboard Shortcuts","Minty Spire (QoL Compilation)","Quick Restart","Relic Stats","Slay the Relics Exporter","StSLib","SuperFastMode"],"gold_per_floor":[112,130,148,171,171,171,204,204,204,204,215,247,266,292,292,365,365,382,38,38,38,51,51,51,51],"floor_reached":24,"playtime":1704,"items_purged":["Defend_G"],"score":466,"play_id":"935a6160-ee5e-48dc-a03a-d2166d542015","local_time":"20201226133937","is_ascension_mode":true,"campfire_choices":[{"data":"Dagger Spray","floor":6.0,"key":"SMITH"},{"data":"Neutralize","floor":8.0,"key":"SMITH"},{"data":"Footwork","floor":10.0,"key":"SMITH"},{"data":"Defend_G","floor":15,"key":"SMITH"},{"data":"Envenom","floor":23,"key":"SMITH"}],"circlet_count":0,"master_deck":["AscendersBane","Defend_G+1","Defend_G","Defend_G","Defend_G","Survivor","Neutralize+1","Setup+1","Predator+1","Reflex+1","Footwork+1","Dagger Throw","Dagger Spray+1","Flying Knee","Slice","Endless Agony","Dodge and Roll+1","Dodge and Roll+1","Corpse Explosion+1","Envenom+1","Violence+1","Jack Of All Trades+1","Eviscerate","Expertise+1"],"relics":["Astrolabe","Strawberry","Orichalcum","Pen Nib","Toxic Egg 2","Lantern","Coffee Dripper"],"acts_visited":["Exordium","TheCity"],"potions_floor_usage":[14,16,24],"damage_taken":[{"damage":0.0,"enemies":"Cultist","floor":1.0,"turns":3.0},{"damage":0.0,"enemies":"2 Louse","floor":2.0,"turns":3.0},{"damage":0.0,"enemies":"Small Slimes","floor":3.0,"turns":3.0},{"damage":1.0,"enemies":"Lagavulin","floor":7.0,"turns":6.0},{"damage":12.0,"enemies":"Gremlin Gang","floor":11.0,"turns":4.0},{"damage":17.0,"enemies":"Gremlin Nob","floor":12.0,"turns":4.0},{"damage":0,"enemies":"Lots of Slimes","floor":13,"turns":1},{"damage":0,"enemies":"3 Sentries","floor":14,"turns":5},{"damage":17,"enemies":"Hexaghost","floor":16,"turns":8},{"damage":9,"enemies":"2 Thieves","floor":18,"turns":2},{"damage":7,"enemies":"Chosen","floor":22,"turns":5},{"damage":58,"enemies":"Gremlin Leader","floor":24,"turns":5}],"seed_played":"4135261192507244858","potions_obtained":[{"floor":3.0,"key":"Strength Potion"},{"floor":7.0,"key":"BlessingOfTheForge"},{"floor":12,"key":"Block Potion"},{"floor":14,"key":"CultistPotion"}],"is_trial":false,"path_per_floor":["M","M","M","T","?","R","E","R","T","R","M","E","M","E","R","B",null,"M","$","?","?","M","R","E"],"character_chosen":"THE_SILENT","items_purchased":["Violence+1","Jack Of All Trades+1"],"campfire_rested":0,"item_purchase_floors":[19,19],"current_hp_per_floor":[59,59,59,66,66,66,65,65,65,65,53,36,36,36,36,19,60,51,51,51,51,44,44,0,0],"gold":51,"neow_bonus":"BOSS_RELIC","is_daily":false,"chose_seed":false,"campfire_upgraded":5,"win_rate":0.0,"timestamp":1609007977,"path_taken":["M","M","M","?","?","R","E","R","T","R","?","E","M","E","R","BOSS","M","$","?","?","?","R","E"],"items_purchased_type":["Card","Card"],"build_version":"2020-12-22","purchased_purges":1,"victory":false,"max_hp_per_floor":[66,66,66,73,73,73,73,73,73,73,73,73,73,73,73,73,73,73,73,73,73,73,73,73,73],"relic_stats":{"counters":[12,49],"Astrolabe":["Setup","Predator","Reflex"],"Pen Nib":[7],"Orichalcum":[54],"obtain_stats":[{"Lantern":14,"Astrolabe":0,"Strawberry":4,"Pen Nib":9,"Coffee Dripper":17,"Orichalcum":7,"Toxic Egg 2":12,"Ring of the Snake":0},{"Lantern":8,"Astrolabe":0,"Strawberry":3,"Pen Nib":4,"Coffee Dripper":9,"Orichalcum":4,"Toxic Egg 2":6,"Ring of the Snake":0},{"Lantern":29,"Astrolabe":0,"Strawberry":9,"Pen Nib":15,"Coffee Dripper":37,"Orichalcum":15,"Toxic Egg 2":23,"Ring of the Snake":0}]},"card_choices":[{"not_picked":["Underhanded Strike","Dash"],"picked":"Footwork","floor":1.0},{"not_picked":["Quick Slash","Deflect"],"picked":"Dagger Throw","floor":2.0},{"not_picked":["PiercingWail","Calculated Gamble"],"picked":"Dagger Spray","floor":3.0},{"not_picked":["Flying Knee","Deflect"],"picked":"Slice","floor":7.0},{"not_picked":["Acrobatics","Blade Dance"],"picked":"Endless Agony","floor":11.0},{"not_picked":["PiercingWail+1","Dash"],"picked":"Dodge and Roll+1","floor":12},{"not_picked":["Flechettes","Catalyst+1"],"picked":"Dodge and Roll+1","floor":13},{"not_picked":["A Thousand Cuts","Deadly Poison+1"],"picked":"Corpse Explosion+1","floor":14},{"not_picked":["After Image","A Thousand Cuts"],"picked":"Envenom","floor":16},{"not_picked":["Outmaneuver+1","Blade Dance+1","Prepared+1"],"picked":"SKIP","floor":18},{"not_picked":["Deflect+1","Terror+1"],"picked":"Expertise+1","floor":22}],"player_experience":1051422,"relics_obtained":[{"floor":4.0,"key":"Strawberry"},{"floor":7.0,"key":"Orichalcum"},{"floor":9.0,"key":"Pen Nib"},{"floor":12,"key":"Toxic Egg 2"},{"floor":14,"key":"Lantern"}],"event_choices":[{"damage_healed":0.0,"max_hp_gain":0.0,"max_hp_loss":0.0,"gold_gain":0.0,"cards_transformed":["Strike_G"],"event_name":"Transmorgrifier","player_choice":"Transformed","floor":5.0,"gold_loss":0.0,"damage_taken":0.0,"cards_obtained":["Flying Knee"]},{"damage_healed":0,"gold_gain":0,"cards_transformed":["Strike_G"],"player_choice":"Transformed","damage_taken":0,"max_hp_gain":0,"max_hp_loss":0,"event_name":"Transmorgrifier","floor":21,"gold_loss":0,"cards_obtained":["Eviscerate"]}],"is_beta":false,"boss_relics":[{"not_picked":["Tiny House","SlaversCollar"],"picked":"Coffee Dripper"}],"items_purged_floors":[19],"is_endless":false,"potions_floor_spawned":[3,7,12,14],"killed_by":"Gremlin Leader","ascension_level":19}}