{"host":"31s8hzukbhz1k6i6","time":1609016631,"event":{"mods":["BaseMod","Colored Map","Minty Spire (QoL Compilation)","Relic Stats","UnlockEverythingMod"],"gold_per_floor":[113,123,123,133,151,186,186,213,213,242,12,41,3,29,29,124,124,140,140,65,95,113,146,146,159,159,159,159,178,194,222,222,318,318,330,180,180,191,203,233,233,143,169,189,189,223,242,273,273,273,273,273,8,39,39],"floor_reached":56,"playtime":3585,"items_purged":["Strike_R","Bash+1","Clumsy"],"score":1604,"play_id":"71315705-9148-4c99-bf2d-dfbc9d6b823a","local_time":"20201226130351","is_ascension_mode":true,"campfire_choices":[{"data":"Uppercut","floor":7.0,"key":"SMITH"},{"floor":15,"key":"REST"},{"data":"Dark Embrace","floor":24,"key":"SMITH"},{"data":"Burning Pact","floor":28,"key":"SMITH"},{"data":"Corruption","floor":32,"key":"SMITH"},{"floor":49,"key":"RECALL"},{"data":"Juggernaut","floor":52,"key":"SMITH"}],"circlet_count":0,"master_deck":["Pommel Strike","Pummel+1","Clothesline+1","Uppercut+1","Havoc","Feel No Pain","Shockwave","Battle Trance","Inflame","Reaper","Bloodletting","Second Wind","Limit Break","Intimidate","Pummel+1","Dark Embrace+1","Carnage","Spot Weakness","Burning Pact+1","Seeing Red+1","Corruption+1","Armaments+1","Juggernaut+1","Shrug It Off","Shrug It Off+1","Dark Shackles","Rage+1","Burning Pact+1"],"relics":["Burning Blood","Potion Belt","Dead Branch","Magic Flower","Singing Bowl","Membership Card","Dream Catcher","Ice Cream","Pandora\u0027s Box","Charon\u0027s Ashes","Red Mask","Whetstone","Ornamental Fan","Red Skull","Cursed Key","Art of War","Gremlin Horn","Juzu Bracelet","Kunai","Pear","OrangePellets","Pen Nib","TungstenRod"],"acts_visited":["Exordium","TheCity","TheBeyond","TheEnding"],"potions_floor_usage":[12,14,16,16,21,25,33,38,54,55,55,55],"damage_taken":[{"damage":6.0,"enemies":"2 Louse","floor":1.0,"turns":3.0},{"damage":6.0,"enemies":"Cultist","floor":2.0,"turns":3.0},{"damage":12.0,"enemies":"Jaw Worm","floor":4.0,"turns":2.0},{"damage":11.0,"enemies":"Blue Slaver","floor":5.0,"turns":3.0},{"damage":31.0,"enemies":"3 Sentries","floor":6.0,"turns":9.0},{"damage":21.0,"enemies":"Lagavulin","floor":8.0,"turns":5.0},{"damage":24,"enemies":"3 Sentries","floor":10,"turns":7},{"damage":10,"enemies":"Gremlin Nob","floor":12,"turns":3},{"damage":0,"enemies":"3 Sentries","floor":14,"turns":8},{"damage":20,"enemies":"The Guardian","floor":16,"turns":9},{"damage":19,"enemies":"Shell Parasite","floor":18,"turns":5},{"damage":19,"enemies":"Masked Bandits","floor":21,"turns":3},{"damage":3,"enemies":"3 Byrds","floor":22,"turns":3},{"damage":54,"enemies":"Book of Stabbing","floor":23,"turns":5},{"damage":0,"enemies":"Shelled Parasite and Fungi","floor":25,"turns":5},{"damage":16,"enemies":"Centurion and Healer","floor":29,"turns":4},{"damage":3,"enemies":"Snecko","floor":30,"turns":2},{"damage":24,"enemies":"Slavers","floor":31,"turns":3},{"damage":14,"enemies":"Collector","floor":33,"turns":4},{"damage":19,"enemies":"Orb Walker","floor":35,"turns":3},{"damage":3,"enemies":"3 Darklings","floor":38,"turns":2},{"damage":0,"enemies":"Sphere and 2 Shapes","floor":39,"turns":2},{"damage":0,"enemies":"Nemesis","floor":40,"turns":3},{"damage":6,"enemies":"Spire Growth","floor":44,"turns":2},{"damage":4,"enemies":"Reptomancer","floor":46,"turns":2},{"damage":0,"enemies":"3 Darklings","floor":47,"turns":3},{"damage":10,"enemies":"Nemesis","floor":48,"turns":3},{"damage":27,"enemies":"Time Eater","floor":50,"turns":5},{"damage":6,"enemies":"Shield and Spear","floor":54,"turns":2},{"damage":14,"enemies":"The Heart","floor":55,"turns":5}],"seed_played":"-2966625290655333463","potions_obtained":[{"floor":5.0,"key":"SkillPotion"},{"floor":10,"key":"HeartOfIron"},{"floor":12,"key":"DuplicationPotion"},{"floor":14,"key":"Energy Potion"},{"floor":16,"key":"ElixirPotion"},{"floor":21,"key":"FearPotion"},{"floor":22,"key":"SkillPotion"},{"floor":23,"key":"BlessingOfTheForge"},{"floor":25,"key":"FearPotion"},{"floor":38,"key":"Swift Potion"},{"floor":39,"key":"Regen Potion"},{"floor":47,"key":"ElixirPotion"},{"floor":54,"key":"BlessingOfTheForge"}],"is_trial":false,"path_per_floor":["M","M","?","M","M","E","R","E","T","E","$","E","$","E","R","B",null,"M","?","?","?","M","E","R","M","T","?","R","M","M","E","R","B",null,"M","$","?","M","M","E","?","?","T","M","?","E","M","E","R","B",null,"R","$","E","B",null],"character_chosen":"IRONCLAD","items_purchased":["Membership Card","Feel No Pain","AttackPotion","Swift Potion","Shrug It Off","Art of War","OrangePellets","Pen Nib","Fruit Juice"],"campfire_rested":1,"item_purchase_floors":[11,11,11,11,36,36,53,53,53],"current_hp_per_floor":[80,80,80,74,69,44,44,29,29,16,16,15,15,24,48,37,82,72,72,72,82,84,39,39,55,55,55,55,66,72,59,59,80,88,80,80,80,90,92,94,88,88,88,98,98,100,102,113,113,104,114,114,114,119,114],"gold":39,"neow_bonus":"TRANSFORM_CARD","is_daily":false,"chose_seed":false,"campfire_upgraded":5,"win_rate":0.0,"timestamp":1609016631,"path_taken":["M","M","?","M","?","E","R","E","T","E","$","E","?","E","R","BOSS","M","?","?","?","M","E","R","M","T","?","R","M","M","E","R","BOSS","M","$","?","M","?","E","?","?","T","M","?","E","M","E","R","BOSS","R","$","E","BOSS"],"items_purchased_type":["Relic","Card","Potion","Potion","Card","Relic","Relic","Relic","Potion"],"build_version":"2020-12-22","purchased_purges":3,"victory":true,"max_hp_per_floor":[80,80,80,80,80,80,80,80,80,82,82,82,82,82,82,82,82,82,82,82,82,84,84,84,86,86,86,86,86,86,88,88,88,88,90,90,90,90,92,94,98,98,98,98,98,100,102,114,114,114,114,114,114,119,119],"relic_stats":{"Singing Bowl":24,"Gremlin Horn":[6,8],"counters":[30,118],"Dead Branch":[395],"Magic Flower":[75],"Charon\u0027s Ashes":[1338],"Pen Nib":[2],"Juzu Bracelet":2,"Whetstone":["Clothesline","Pummel"],"Cursed Key":1,"Burning Blood":192,"OrangePellets":[5],"Dream Catcher":1,"Ornamental Fan":[56],"Pandora\u0027s Box":["Bloodletting","Second Wind","Limit Break","Intimidate","Pummel","Dark Embrace","Carnage"],"Art of War":[2],"Kunai":[8],"obtain_stats":[{"Potion Belt":6,"Ice Cream":14,"Pear":48,"Singing Bowl":10,"Gremlin Horn":37,"Dead Branch":8,"Magic Flower":9,"Charon\u0027s Ashes":19,"Pen Nib":53,"Juzu Bracelet":40,"Whetstone":23,"Cursed Key":34,"Burning Blood":0,"OrangePellets":53,"Dream Catcher":12,"Ornamental Fan":26,"Pandora\u0027s Box":17,"Red Mask":21,"Art of War":36,"Membership Card":11,"Kunai":46,"Red Skull":31,"TungstenRod":54},{"Potion Belt":5,"Ice Cream":9,"Pear":27,"Singing Bowl":7,"Gremlin Horn":20,"Dead Branch":6,"Magic Flower":6,"Charon\u0027s Ashes":11,"Pen Nib":28,"Juzu Bracelet":23,"Whetstone":14,"Cursed Key":19,"Burning Blood":0,"OrangePellets":28,"Dream Catcher":8,"Ornamental Fan":15,"Pandora\u0027s Box":10,"Red Mask":12,"Art of War":20,"Membership Card":7,"Kunai":25,"Red Skull":18,"TungstenRod":29},{"Potion Belt":20,"Ice Cream":43,"Pear":106,"Singing Bowl":32,"Gremlin Horn":89,"Dead Branch":25,"Magic Flower":25,"Charon\u0027s Ashes":57,"Pen Nib":111,"Juzu Bracelet":96,"Whetstone":68,"Cursed Key":86,"Burning Blood":0,"OrangePellets":111,"Dream Catcher":35,"Ornamental Fan":73,"Pandora\u0027s Box":52,"Red Mask":60,"Art of War":89,"Membership Card":32,"Kunai":100,"Red Skull":82,"TungstenRod":113}],"TungstenRod":15},"card_choices":[{"not_picked":["Headbutt","True Grit"],"picked":"Pummel","floor":1.0},{"not_picked":["Heavy Blade","Power Through","Thunderclap"],"picked":"SKIP","floor":2.0},{"not_picked":["Hemokinesis","Sentinel"],"picked":"Clothesline","floor":4.0},{"not_picked":["Heavy Blade","Clash"],"picked":"Headbutt","floor":5.0},{"not_picked":["True Grit","Twin Strike"],"picked":"Uppercut","floor":6.0},{"not_picked":["Warcry","Reckless Charge"],"picked":"Havoc","floor":8.0},{"not_picked":["Heavy Blade","Entrench","Barricade"],"picked":"Singing Bowl","floor":10},{"not_picked":["Flame Barrier","Pummel"],"picked":"Shockwave","floor":12},{"not_picked":["Havoc","Twin Strike"],"picked":"Battle Trance","floor":14},{"not_picked":["Perfected Strike","Heavy Blade"],"picked":"Inflame","floor":15},{"not_picked":["Demon Form","Exhume"],"picked":"Reaper","floor":16},{"not_picked":["Cleave+1","Power Through"],"picked":"Spot Weakness","floor":18},{"not_picked":["Feel No Pain","Clothesline"],"picked":"Burning Pact","floor":21},{"not_picked":["Fire Breathing","Flex","Iron Wave"],"picked":"Singing Bowl","floor":22},{"not_picked":["True Grit","Armaments"],"picked":"Seeing Red+1","floor":23},{"not_picked":["Headbutt+1","Rage","Warcry"],"picked":"Singing Bowl","floor":25},{"not_picked":["Clothesline","Heavy Blade"],"picked":"Corruption","floor":29},{"not_picked":["Flame Barrier","Twin Strike"],"picked":"Armaments+1","floor":30},{"not_picked":["Hemokinesis","Pommel Strike","Battle Trance"],"picked":"Singing Bowl","floor":31},{"not_picked":["Exhume","Brutality"],"picked":"Juggernaut","floor":33},{"not_picked":["Heavy Blade","Flex+1","Metallicize+1"],"picked":"Singing Bowl","floor":35},{"not_picked":["Armaments","Thunderclap"],"picked":"Shrug It Off+1","floor":38},{"not_picked":["Wild Strike","Havoc","Warcry"],"picked":"Singing Bowl","floor":39},{"not_picked":["Clash","True Grit","Perfected Strike"],"picked":"Singing Bowl","floor":40},{"not_picked":["Magnetism","HandOfGreed","Forethought"],"picked":"Singing Bowl","floor":41},{"not_picked":["PanicButton","Thinking Ahead","Deep Breath"],"picked":"Singing Bowl","floor":41},{"not_picked":["Chrysalis","PanicButton"],"picked":"Dark Shackles","floor":41},{"not_picked":["Twin Strike+1","Clothesline+1"],"picked":"Rage+1","floor":44},{"not_picked":["Intimidate","Headbutt+1","Cleave+1"],"picked":"Singing Bowl","floor":46},{"not_picked":["Twin Strike+1","Clash","Pommel Strike"],"picked":"Singing Bowl","floor":47},{"not_picked":["Sword Boomerang+1","Demon Form","Inflame"],"picked":"Singing Bowl","floor":48},{"not_picked":["Evolve","Carnage+1"],"picked":"Burning Pact+1","floor":54}],"player_experience":13206,"relics_obtained":[{"floor":6.0,"key":"Potion Belt"},{"floor":8.0,"key":"Dead Branch"},{"floor":9.0,"key":"Magic Flower"},{"floor":10,"key":"Singing Bowl"},{"floor":12,"key":"Dream Catcher"},{"floor":14,"key":"Ice Cream"},{"floor":21,"key":"Red Mask"},{"floor":23,"key":"Whetstone"},{"floor":26,"key":"Ornamental Fan"},{"floor":31,"key":"Red Skull"},{"floor":40,"key":"Juzu Bracelet"},{"floor":46,"key":"Kunai"},{"floor":48,"key":"Pear"},{"floor":54,"key":"TungstenRod"}],"event_choices":[{"damage_healed":0.0,"max_hp_gain":0.0,"max_hp_loss":0.0,"gold_gain":0.0,"event_name":"Upgrade Shrine","player_choice":"Upgraded","floor":3.0,"gold_loss":0.0,"damage_taken":0.0,"cards_upgraded":["Bash"]},{"damage_healed":0,"gold_gain":0,"player_choice":"Opened","damage_taken":0,"relics_obtained":["Charon\u0027s Ashes"],"max_hp_gain":0,"max_hp_loss":0,"event_name":"The Mausoleum","floor":19,"gold_loss":0,"cards_obtained":["Writhe"]},{"cards_removed":["Writhe"],"damage_healed":0,"gold_gain":0,"player_choice":"Gave Gold","damage_taken":0,"max_hp_gain":0,"max_hp_loss":0,"event_name":"Beggar","floor":20,"gold_loss":75},{"damage_healed":0,"gold_gain":0,"player_choice":"Fought Bandits","damage_taken":0,"max_hp_gain":0,"max_hp_loss":0,"event_name":"Masked Bandits","floor":21,"gold_loss":0},{"damage_healed":0,"gold_gain":0,"player_choice":"Ignored","damage_taken":0,"max_hp_gain":0,"max_hp_loss":0,"event_name":"Vampires","floor":27,"gold_loss":0},{"damage_healed":0,"gold_gain":0,"player_choice":"Gave Potion","damage_taken":0,"relics_obtained":["Gremlin Horn"],"max_hp_gain":0,"max_hp_loss":0,"event_name":"WeMeetAgain","floor":37,"gold_loss":0},{"damage_healed":0,"gold_gain":0,"player_choice":"Memory 3","damage_taken":10,"max_hp_gain":0,"max_hp_loss":0,"event_name":"SensoryStone","floor":41,"gold_loss":0},{"cards_removed":["Headbutt"],"damage_healed":0,"gold_gain":0,"player_choice":"Upgrade and Remove","damage_taken":0,"max_hp_gain":0,"max_hp_loss":0,"event_name":"Designer","floor":42,"gold_loss":90,"cards_upgraded":["Pummel"]},{"damage_healed":0,"gold_gain":0,"player_choice":"Full Heal","damage_taken":0,"max_hp_gain":0,"max_hp_loss":0,"event_name":"Wheel of Change","floor":45,"gold_loss":0}],"is_beta":false,"boss_relics":[{"not_picked":["Coffee Dripper","Snecko Eye"],"picked":"Pandora\u0027s Box"},{"not_picked":["Runic Dome","Busted Crown"],"picked":"Cursed Key"}],"items_purged_floors":[13,36,53],"is_endless":false,"potions_floor_spawned":[5,10,12,14,16,21,22,23,25,38,39,47,54],"ascension_level":2}}