{"host":"cjhtzh7tp54jdfyv","time":1609010099,"event":{"mods":["AchievementEnabler","BaseMod","Colored Map","Colored Powertips","Curses Come First","DeckTracker","Filter the Spire","Minty Spire (QoL Compilation)","RNG Fix","Relic Sorter","Relic Stats","StSLib","The Cursed","The Marked","UnlockEverythingMod","Waifu the Spire","ojb\u0027s Better Paths Mod","ojb\u0027s Info Mod"],"gold_per_floor":[116,116,135,148,168,168,203,203,203,203,216,242,286,361,361,361,361],"floor_reached":16,"playtime":914,"items_purged":[],"score":270,"play_id":"d944e879-3657-42a0-bb76-b8c1208f10a7","local_time":"20201226141459","is_ascension_mode":true,"campfire_choices":[{"data":"TheCursedMod:VitalStrike","floor":6.0,"key":"SMITH"},{"floor":8.0,"key":"REST"},{"data":"TheCursedMod:CleanUpWorkshop","floor":10.0,"key":"SMITH"},{"data":"TheCursedMod:CursedStaff","floor":15.0,"key":"SMITH"}],"circlet_count":0,"master_deck":["AscendersBane","TheCursedMod:Strike_TheCursed","TheCursedMod:Strike_TheCursed","TheCursedMod:Strike_TheCursed","TheCursedMod:Strike_TheCursed","TheCursedMod:Defend_TheCursed","TheCursedMod:Defend_TheCursed","TheCursedMod:Defend_TheCursed","TheCursedMod:Defend_TheCursed","TheCursedMod:CursedWand","TheCursedMod:CleanUpWorkshop+1","TheCursedMod:Dregs","TheCursedMod:Hemoplague","TheCursedMod:TacticalStrike","TheCursedMod:VitalStrike+1","TheCursedMod:BloodBarrier","TheCursedMod:CursedBlade","TheCursedMod:CursedStaff+1","TheCursedMod:Evocation","TheCursedMod:DemonicPact"],"relics":["TheCursedMod:FourLeafCloverCharm","Golden Idol","Blood Vial","HornCleat","Odd Mushroom","Shuriken"],"acts_visited":["Exordium"],"potions_floor_usage":[],"damage_taken":[{"damage":0.0,"enemies":"2 Louse","floor":1.0,"turns":3.0},{"damage":4.0,"enemies":"Small Slimes","floor":3.0,"turns":5.0},{"damage":11.0,"enemies":"Jaw Worm","floor":4.0,"turns":4.0},{"damage":0.0,"enemies":"Red Slaver","floor":5.0,"turns":4.0},{"damage":30.0,"enemies":"3 Sentries","floor":7.0,"turns":8.0},{"damage":15.0,"enemies":"Gremlin Gang","floor":11.0,"turns":11.0},{"damage":3.0,"enemies":"The Mushroom Lair","floor":12.0,"turns":4.0},{"damage":0.0,"enemies":"Gremlin Nob","floor":13.0,"turns":4.0},{"damage":18,"enemies":"Hexaghost","floor":16,"turns":7}],"seed_played":"2658171851184699601","potions_obtained":[{"floor":3.0,"key":"GamblersBrew"},{"floor":4.0,"key":"AttackPotion"},{"floor":5.0,"key":"LiquidBronze"}],"is_trial":false,"path_per_floor":["M","?","M","M","M","R","E","R","T","R","M","?","E","?","R","B"],"character_chosen":"THE_CURSED","items_purchased":[],"campfire_rested":1,"item_purchase_floors":[],"current_hp_per_floor":[64,64,60,49,49,49,19,38,38,38,25,24,26,15,15,0,0],"gold":361,"neow_bonus":"BOSS_RELIC","is_daily":false,"chose_seed":false,"campfire_upgraded":3,"win_rate":0.0,"timestamp":1609010099,"path_taken":["M","?","M","M","M","R","E","R","T","R","?","?","E","?","R","BOSS"],"items_purchased_type":[],"build_version":"2020-12-22","purchased_purges":0,"victory":false,"max_hp_per_floor":[71,64,64,64,64,64,64,64,64,64,64,64,64,64,64,64,64],"relic_stats":{"Blood Vial":8,"counters":[9,50],"Golden Idol":35,"Shuriken":[0],"obtain_stats":[{"Blood Vial":7,"TheCursedMod:BlackMagic101":0,"TheCursedMod:FourLeafCloverCharm":0,"HornCleat":9,"Golden Idol":2,"Shuriken":13,"Odd Mushroom":12},{"Blood Vial":5,"TheCursedMod:BlackMagic101":0,"TheCursedMod:FourLeafCloverCharm":0,"HornCleat":5,"Golden Idol":1,"Shuriken":8,"Odd Mushroom":7},{"Blood Vial":24,"TheCursedMod:BlackMagic101":0,"TheCursedMod:FourLeafCloverCharm":0,"HornCleat":24,"Golden Idol":3,"Shuriken":43,"Odd Mushroom":39}]},"card_choices":[{"not_picked":["TheCursedMod:Torture","TheCursedMod:Stretching"],"picked":"TheCursedMod:Hemoplague","floor":1.0},{"not_picked":["TheCursedMod:ReleasedStrength","TheCursedMod:Grudge"],"picked":"TheCursedMod:TacticalStrike","floor":3.0},{"not_picked":["TheCursedMod:WearCloak","TheCursedMod:Stretching"],"picked":"TheCursedMod:VitalStrike","floor":4.0},{"not_picked":["TheCursedMod:VitalStrike","TheCursedMod:CircleOfCorruption"],"picked":"TheCursedMod:BloodBarrier","floor":5.0},{"not_picked":["TheCursedMod:CursedMace","TheCursedMod:SmokeScreen"],"picked":"TheCursedMod:CursedBlade","floor":7.0},{"not_picked":["TheCursedMod:Stigma","TheCursedMod:Torture"],"picked":"TheCursedMod:CursedStaff","floor":11.0},{"not_picked":["TheCursedMod:BlessingInDisguise","TheCursedMod:TacticalStrike"],"picked":"TheCursedMod:Evocation","floor":12.0},{"not_picked":["TheCursedMod:CircleOfWindfury","TheCursedMod:ForbiddenAlchemy"],"picked":"TheCursedMod:DemonicPact","floor":13.0}],"player_experience":4444306,"relics_obtained":[{"floor":7.0,"key":"Blood Vial"},{"floor":9.0,"key":"HornCleat"},{"floor":12.0,"key":"Odd Mushroom"},{"floor":13.0,"key":"Shuriken"}],"event_choices":[{"damage_healed":0.0,"max_hp_gain":0.0,"max_hp_loss":7.0,"gold_gain":0.0,"event_name":"Golden Idol","player_choice":"Lose Max HP","floor":2.0,"gold_loss":0.0,"damage_taken":0.0,"relics_obtained":["Golden Idol"]},{"damage_healed":0.0,"max_hp_gain":0.0,"max_hp_loss":0.0,"gold_gain":0.0,"event_name":"Mushrooms","player_choice":"Fought Mushrooms","floor":12.0,"gold_loss":0.0,"damage_taken":0.0},{"damage_healed":0.0,"max_hp_gain":0.0,"max_hp_loss":0.0,"gold_gain":75.0,"event_name":"World of Goop","player_choice":"Gather Gold","floor":14.0,"gold_loss":0.0,"damage_taken":11.0}],"is_beta":false,"boss_relics":[],"items_purged_floors":[],"is_endless":false,"potions_floor_spawned":[3,4,5],"killed_by":"Hexaghost","ascension_level":20}}