{"host":"dhyczjm99amxd3qx","time":1609016895,"event":{"mods":["BaseMod","Colored Map","Googly Eyes","Highlight Path","Minty Spire (QoL Compilation)","Quick Restart","StSLib"],"gold_per_floor":[111,125,142,154,168,197,208,208,208,226,242,268,268,286,286,389,389,407,407,407,421,440,466,466,477,501,534,534,534],"floor_reached":28,"playtime":1907,"items_purged":[],"score":276,"play_id":"508bc385-1670-415d-89ee-234cd7d0e7e8","local_time":"20201226160815","is_ascension_mode":false,"campfire_choices":[{"floor":13,"key":"REST"},{"floor":15,"key":"REST"},{"floor":24,"key":"REST"}],"circlet_count":0,"master_deck":["Strike_B","Strike_B","Strike_B","Strike_B","Defend_B","Defend_B","Zap+1","Loop","Loop","Ball Lightning","Electrodynamics","Capacitor","Go for the Eyes","Conserve Battery","Chill+1","Redo","Creative AI","Coolheaded","Undo","FTL","Leap"],"relics":["Cracked Core","Kunai","Mummified Hand","Bag of Marbles","Busted Crown","Centennial Puzzle","CaptainsWheel","Omamori","War Paint"],"acts_visited":["Exordium","TheCity"],"potions_floor_usage":[6,6,11,11,16,22,23,27],"damage_taken":[{"damage":5,"enemies":"Cultist","floor":1,"turns":4},{"damage":1,"enemies":"2 Louse","floor":2,"turns":3},{"damage":6,"enemies":"Jaw Worm","floor":3,"turns":3},{"damage":5,"enemies":"2 Fungi Beasts","floor":4,"turns":3},{"damage":10,"enemies":"Looter","floor":5,"turns":3},{"damage":13,"enemies":"Gremlin Nob","floor":6,"turns":3},{"damage":16,"enemies":"Exordium Wildlife","floor":7,"turns":3},{"damage":1,"enemies":"2 Fungi Beasts","floor":10,"turns":2},{"damage":0,"enemies":"Red Slaver","floor":11,"turns":1},{"damage":26,"enemies":"Lagavulin","floor":12,"turns":5},{"damage":0,"enemies":"Exordium Wildlife","floor":14,"turns":3},{"damage":30,"enemies":"The Guardian","floor":16,"turns":8},{"damage":17,"enemies":"Shell Parasite","floor":18,"turns":4},{"damage":0,"enemies":"3 Byrds","floor":21,"turns":1},{"damage":9,"enemies":"Shelled Parasite and Fungi","floor":22,"turns":5},{"damage":34,"enemies":"Slavers","floor":23,"turns":5},{"damage":4,"enemies":"Snecko","floor":25,"turns":6},{"damage":16,"enemies":"Gremlin Leader","floor":27,"turns":5},{"damage":31,"enemies":"Cultist and Chosen","floor":28,"turns":4}],"seed_played":"1323439293058014080","potions_obtained":[{"floor":1,"key":"EssenceOfSteel"},{"floor":2,"key":"FairyPotion"},{"floor":5,"key":"DistilledChaos"},{"floor":6,"key":"SteroidPotion"},{"floor":10,"key":"Fire Potion"},{"floor":14,"key":"CultistPotion"},{"floor":21,"key":"Regen Potion"},{"floor":22,"key":"ColorlessPotion"},{"floor":25,"key":"FearPotion"}],"is_trial":false,"path_per_floor":["M","M","M","M","M","E","M","?","T","M","M","E","R","M","R","B",null,"M","?","?","M","M","E","R","M","T","E","M"],"character_chosen":"DEFECT","items_purchased":[],"campfire_rested":3,"item_purchase_floors":[],"current_hp_per_floor":[63,62,56,51,41,28,12,5,5,4,4,2,22,22,42,12,68,51,51,51,51,56,22,42,38,38,22,0,0],"gold":534,"neow_bonus":"REMOVE_TWO","is_daily":false,"chose_seed":false,"campfire_upgraded":0,"win_rate":0.0,"timestamp":1609016895,"path_taken":["M","?","?","M","M","E","M","?","T","M","M","E","R","M","R","BOSS","M","?","?","M","M","E","R","M","T","E","M"],"items_purchased_type":[],"build_version":"2020-12-22","purchased_purges":0,"victory":false,"max_hp_per_floor":[68,68,68,68,68,68,68,68,68,68,68,68,68,68,68,68,68,68,68,68,68,68,68,68,68,68,68,68,68],"card_choices":[{"not_picked":["Streamline","Leap","Stack"],"picked":"SKIP","floor":1},{"not_picked":["Doom and Gloom","Hologram"],"picked":"Loop","floor":2},{"not_picked":["Gash","Heatsinks"],"picked":"Loop","floor":3},{"not_picked":["Compile Driver","Gash","Static Discharge"],"picked":"SKIP","floor":4},{"not_picked":["Steam","Hello World"],"picked":"Ball Lightning","floor":5},{"not_picked":["Hologram","Creative AI"],"picked":"Electrodynamics","floor":6},{"not_picked":["Sweeping Beam","Force Field"],"picked":"Capacitor","floor":7},{"not_picked":["Lockon","Sweeping Beam"],"picked":"Go for the Eyes","floor":10},{"not_picked":["Rebound","Coolheaded"],"picked":"Conserve Battery","floor":11},{"not_picked":["Reinforced Body","Steam"],"picked":"Chill","floor":12},{"not_picked":["Sweeping Beam","Scrape"],"picked":"Redo","floor":14},{"not_picked":["Buffer","Amplify"],"picked":"Creative AI","floor":16},{"not_picked":[],"picked":"Coolheaded","floor":18},{"not_picked":["Steam"],"picked":"SKIP","floor":21},{"not_picked":["Stack"],"picked":"SKIP","floor":22},{"not_picked":[],"picked":"Undo","floor":23},{"not_picked":[],"picked":"FTL","floor":25},{"not_picked":[],"picked":"Leap","floor":27}],"player_experience":59722,"relics_obtained":[{"floor":6,"key":"Kunai"},{"floor":9,"key":"Mummified Hand"},{"floor":12,"key":"Bag of Marbles"},{"floor":23,"key":"CaptainsWheel"},{"floor":26,"key":"Omamori"},{"floor":27,"key":"War Paint"}],"event_choices":[{"cards_removed":["Dualcast"],"damage_healed":0,"gold_gain":0,"player_choice":"Card Removal","damage_taken":7,"max_hp_gain":0,"max_hp_loss":0,"event_name":"Golden Wing","floor":8,"gold_loss":0},{"damage_healed":0,"gold_gain":0,"player_choice":"Opened","damage_taken":0,"relics_obtained":["Centennial Puzzle"],"max_hp_gain":0,"max_hp_loss":0,"event_name":"The Mausoleum","floor":19,"gold_loss":0,"cards_obtained":["Writhe"]},{"cards_removed":["Writhe"],"damage_healed":0,"gold_gain":0,"player_choice":"Elegance","damage_taken":0,"max_hp_gain":0,"max_hp_loss":0,"event_name":"Back to Basics","floor":20,"gold_loss":0}],"is_beta":false,"boss_relics":[{"not_picked":["Snecko Eye","Velvet Choker"],"picked":"Busted Crown"}],"items_purged_floors":[],"is_endless":false,"potions_floor_spawned":[1,2,5,6,10,14,21,22,25],"killed_by":"Cultist and Chosen","ascension_level":0}}