{"host":"dhyczjm99amxd3qx","time":1609018085,"event":{"mods":["BaseMod","Colored Map","Googly Eyes","Highlight Path","Minty Spire (QoL Compilation)","Quick Restart","StSLib"],"gold_per_floor":[119,135,60,71,71,71,115,115,115,136,136,136],"floor_reached":11,"playtime":409,"items_purged":["Defend_R"],"score":73,"play_id":"cdf51b45-c18f-47a2-a46d-4ee2f795e629","local_time":"20201226162805","is_ascension_mode":false,"campfire_choices":[{"data":"Blood for Blood","floor":6,"key":"SMITH"},{"data":"Limit Break","floor":8,"key":"SMITH"}],"circlet_count":0,"master_deck":["Strike_R","Strike_R","Strike_R","Strike_R","Strike_R","Defend_R","Defend_R","Defend_R","Bash","Blood for Blood+1","Limit Break+1"],"relics":["Burning Blood","Golden Idol","Ornamental Fan","Pantograph"],"acts_visited":["Exordium"],"potions_floor_usage":[7],"damage_taken":[{"damage":5,"enemies":"Cultist","floor":1,"turns":4},{"damage":5,"enemies":"2 Louse","floor":2,"turns":4},{"damage":1,"enemies":"Jaw Worm","floor":4,"turns":3},{"damage":35,"enemies":"Lagavulin","floor":7,"turns":7},{"damage":12,"enemies":"Looter","floor":10,"turns":4},{"damage":39,"enemies":"3 Sentries","floor":11,"turns":6}],"seed_played":"-5548647383664358879","potions_obtained":[{"floor":1,"key":"EssenceOfSteel"}],"is_trial":false,"path_per_floor":["M","M","$","M","?","R","E","R","T","M","E"],"character_chosen":"IRONCLAD","items_purchased":[],"campfire_rested":0,"item_purchase_floors":[],"current_hp_per_floor":[88,88,88,88,66,66,37,37,37,31,0,0],"gold":136,"neow_bonus":"TEN_PERCENT_HP_BONUS","is_daily":false,"chose_seed":false,"campfire_upgraded":2,"win_rate":0.0,"timestamp":1609018085,"path_taken":["M","M","?","M","?","R","E","R","T","M","E"],"items_purchased_type":[],"build_version":"2020-12-22","purchased_purges":1,"victory":false,"max_hp_per_floor":[88,88,88,88,88,88,88,88,88,88,88,88],"card_choices":[{"not_picked":["Bloodletting","Havoc"],"picked":"Blood for Blood","floor":1},{"not_picked":["Anger","Perfected Strike","Havoc"],"picked":"SKIP","floor":2},{"not_picked":["Intimidate","Clothesline","Thunderclap"],"picked":"SKIP","floor":4},{"not_picked":["Carnage","Blood for Blood"],"picked":"Limit Break","floor":7},{"not_picked":["Reckless Charge","Clothesline","Havoc"],"picked":"SKIP","floor":10}],"player_experience":62340,"relics_obtained":[{"floor":7,"key":"Ornamental Fan"},{"floor":9,"key":"Pantograph"}],"event_choices":[{"damage_healed":0,"gold_gain":0,"player_choice":"Take Damage","damage_taken":22,"relics_obtained":["Golden Idol"],"max_hp_gain":0,"max_hp_loss":0,"event_name":"Golden Idol","floor":5,"gold_loss":0}],"is_beta":false,"boss_relics":[],"items_purged_floors":[3],"is_endless":false,"potions_floor_spawned":[1],"killed_by":"3 Sentries","ascension_level":0}}