{"host":"umlqh7ic0jf4k5hg","time":1609007729,"event":{"mods":["AchievementEnabler","BaseMod","Colored Powertips","Custom Start","DeckTracker","Highlight Path","Minty Spire (QoL Compilation)","StSLib","Synergy Search"],"gold_per_floor":[113,34,34,34,34,34,54,82,130,145,47,74,88,106,106,203,203,216,72,72,119,135,135,135,167,215,226,246,272,33,52,52,148,148,161,0,0,20,70,70,87,113,140,38,53,53,67,78,78,78,78],"floor_reached":50,"playtime":7770,"items_purged":["Strike_R","Strike_R"],"score":602,"play_id":"3f98a7fe-133d-4a20-b498-c09224ea73e4","local_time":"20201226153529","is_ascension_mode":true,"campfire_choices":[{"floor":6,"key":"REST"},{"floor":15,"key":"REST"},{"data":"Whirlwind","floor":23,"key":"SMITH"},{"floor":32,"key":"REST"},{"floor":40,"key":"REST"},{"floor":46,"key":"REST"},{"floor":49,"key":"REST"}],"circlet_count":0,"master_deck":["Strike_R","Strike_R","Defend_R","Defend_R","Defend_R","Defend_R","Bash","Clothesline","Hemokinesis+1","Flex","Rupture","Armaments","Dramatic Entrance","Armaments+1","Whirlwind+1","Demon Form","Intimidate+1","J.A.X.+1","Blood for Blood","Warcry+1","Shrug It Off+1","Rupture","True Grit+1","Cleave","Flex+1","Entrench+1","Madness+1","Madness+1","Spot Weakness+1"],"relics":["Burning Blood","NeowsBlessing","Bronze Scales","Happy Flower","Toxic Egg 2","Busted Crown","Vajra","Anchor","Regal Pillow","Smiling Mask","Pen Nib","Mark of Pain","Red Mask","FossilizedHelix","Ancient Tea Set","Lantern"],"acts_visited":["Exordium","TheCity","TheBeyond"],"potions_floor_usage":[12,16,16,16,28,28,38,39,45,47],"damage_taken":[{"damage":0,"enemies":"Small Slimes","floor":1,"turns":1},{"damage":0,"enemies":"2 Louse","floor":7,"turns":1},{"damage":0,"enemies":"3 Sentries","floor":8,"turns":2},{"damage":6,"enemies":"Cultist","floor":10,"turns":3},{"damage":18,"enemies":"Gremlin Nob","floor":12,"turns":4},{"damage":6,"enemies":"Exordium Thugs","floor":13,"turns":3},{"damage":2,"enemies":"Looter","floor":14,"turns":2},{"damage":10,"enemies":"The Guardian","floor":16,"turns":11},{"damage":6,"enemies":"Spheric Guardian","floor":18,"turns":3},{"damage":0,"enemies":"3 Byrds","floor":22,"turns":3},{"damage":7,"enemies":"Gremlin Leader","floor":25,"turns":5},{"damage":8,"enemies":"Sentry and Sphere","floor":27,"turns":3},{"damage":5,"enemies":"Snake Plant","floor":28,"turns":2},{"damage":27,"enemies":"Book of Stabbing","floor":29,"turns":4},{"damage":15,"enemies":"Snecko","floor":31,"turns":4},{"damage":36,"enemies":"Automaton","floor":33,"turns":8},{"damage":0,"enemies":"3 Darklings","floor":35,"turns":2},{"damage":0,"enemies":"3 Shapes","floor":38,"turns":2},{"damage":24,"enemies":"Mind Bloom Boss Battle","floor":39,"turns":6},{"damage":0,"enemies":"Jaw Worm Horde","floor":41,"turns":2},{"damage":33,"enemies":"Reptomancer","floor":42,"turns":7},{"damage":27,"enemies":"3 Darklings","floor":45,"turns":4},{"damage":51,"enemies":"Transient","floor":47,"turns":5},{"damage":21,"enemies":"Writhing Mass","floor":48,"turns":4},{"damage":76,"enemies":"Awakened One","floor":50,"turns":9}],"seed_played":"3316889189595054117","potions_obtained":[{"floor":7,"key":"AttackPotion"},{"floor":12,"key":"AttackPotion"},{"floor":13,"key":"SkillPotion"},{"floor":14,"key":"HeartOfIron"},{"floor":18,"key":"Block Potion"},{"floor":25,"key":"Weak Potion"},{"floor":31,"key":"ElixirPotion"},{"floor":35,"key":"Explosive Potion"},{"floor":38,"key":"Energy Potion"},{"floor":39,"key":"BloodPotion"}],"is_trial":false,"path_per_floor":["M","$","?","?","?","R","M","E","T","M","$","E","M","M","R","B",null,"M","$","?","T","M","R","?","E","T","M","M","E","$","M","R","B",null,"M","?","?","M","?","R","M","E","T","$","M","R","M","M","R","B"],"character_chosen":"IRONCLAD","items_purchased":["Hemokinesis","Dramatic Entrance","Vajra","Rupture","True Grit+1","Cleave","Flex+1","BloodPotion"],"campfire_rested":6,"item_purchase_floors":[2,11,19,30,30,30,30,44],"current_hp_per_floor":[80,80,80,80,73,80,80,80,80,80,80,68,68,72,80,76,80,80,80,80,80,80,80,80,79,79,77,78,57,57,48,80,50,80,80,80,70,76,58,80,80,53,53,53,48,80,51,36,75,0,0],"gold":78,"neow_bonus":"THREE_ENEMY_KILL","is_daily":false,"chose_seed":false,"campfire_upgraded":1,"win_rate":0.0,"timestamp":1609007729,"path_taken":["M","$","?","?","?","R","M","E","T","M","?","E","M","M","R","BOSS","M","$","?","?","M","R","?","E","T","?","M","E","?","M","R","BOSS","M","?","?","M","?","R","M","E","T","?","?","R","M","M","R","BOSS"],"items_purchased_type":["Card","Card","Relic","Card","Card","Card","Card","Potion"],"build_version":"2020-12-22","purchased_purges":2,"victory":false,"max_hp_per_floor":[80,80,80,80,80,80,80,80,80,80,80,80,80,80,80,80,80,80,80,80,80,80,80,80,80,80,80,80,80,80,80,80,80,80,80,80,80,80,80,80,80,80,80,80,80,80,80,80,80,80,80],"card_choices":[{"not_picked":["Perfected Strike","Second Wind"],"picked":"Clothesline","floor":1},{"not_picked":["Disarm","Sever Soul"],"picked":"Flex","floor":7},{"not_picked":["Feel No Pain","Twin Strike"],"picked":"Rupture","floor":8},{"not_picked":["Cleave","Perfected Strike"],"picked":"Armaments","floor":10},{"not_picked":["Clash","Wild Strike","Second Wind+1"],"picked":"SKIP","floor":12},{"not_picked":["Pummel","Headbutt"],"picked":"Armaments+1","floor":13},{"not_picked":["Havoc+1","Seeing Red+1"],"picked":"Whirlwind","floor":14},{"not_picked":["Exhume+1","Impervious+1"],"picked":"Demon Form","floor":16},{"not_picked":[],"picked":"Intimidate+1","floor":18},{"not_picked":["Sword Boomerang"],"picked":"SKIP","floor":22},{"not_picked":["Sword Boomerang"],"picked":"SKIP","floor":22},{"not_picked":[],"picked":"Blood for Blood","floor":25},{"not_picked":[],"picked":"Warcry+1","floor":27},{"not_picked":["Armaments+1"],"picked":"SKIP","floor":28},{"not_picked":[],"picked":"Shrug It Off+1","floor":29},{"not_picked":["Clash"],"picked":"SKIP","floor":31},{"not_picked":[],"picked":"Entrench+1","floor":35},{"not_picked":["Clothesline"],"picked":"SKIP","floor":38},{"not_picked":["Warcry+1"],"picked":"SKIP","floor":41},{"not_picked":["Wild Strike+1"],"picked":"SKIP","floor":42},{"not_picked":["Headbutt"],"picked":"SKIP","floor":45},{"not_picked":[],"picked":"Spot Weakness+1","floor":47},{"not_picked":["Warcry+1"],"picked":"SKIP","floor":48}],"player_experience":279998,"relics_obtained":[{"floor":8,"key":"Bronze Scales"},{"floor":9,"key":"Happy Flower"},{"floor":12,"key":"Toxic Egg 2"},{"floor":21,"key":"Anchor"},{"floor":25,"key":"Regal Pillow"},{"floor":26,"key":"Smiling Mask"},{"floor":29,"key":"Pen Nib"},{"floor":39,"key":"FossilizedHelix"},{"floor":42,"key":"Ancient Tea Set"},{"floor":43,"key":"Lantern"}],"event_choices":[{"damage_healed":0,"gold_gain":0,"player_choice":"Ignored","damage_taken":0,"max_hp_gain":0,"max_hp_loss":0,"event_name":"Liars Game","floor":3,"gold_loss":0},{"damage_healed":0,"gold_gain":0,"player_choice":"Grow","damage_taken":0,"max_hp_gain":0,"max_hp_loss":0,"event_name":"Living Wall","floor":4,"gold_loss":0,"cards_upgraded":["Hemokinesis"]},{"cards_removed":["Strike_R"],"damage_healed":0,"gold_gain":0,"player_choice":"Card Removal","damage_taken":7,"max_hp_gain":0,"max_hp_loss":0,"event_name":"Golden Wing","floor":5,"gold_loss":0},{"damage_healed":0,"gold_gain":0,"player_choice":"Ignored","damage_taken":0,"max_hp_gain":0,"max_hp_loss":0,"event_name":"Ghosts","floor":20,"gold_loss":0},{"damage_healed":0,"gold_gain":0,"player_choice":"Obtain J.A.X.","damage_taken":0,"max_hp_gain":0,"max_hp_loss":0,"event_name":"Drug Dealer","floor":24,"gold_loss":0,"cards_obtained":["J.A.X."]},{"damage_healed":0,"gold_gain":0,"player_choice":"Paid","damage_taken":0,"relics_obtained":["Red Mask"],"max_hp_gain":0,"max_hp_loss":0,"event_name":"Tomb of Lord Red Mask","floor":36,"gold_loss":161},{"damage_healed":0,"gold_gain":0,"player_choice":"Embrace Madness","damage_taken":10,"max_hp_gain":0,"max_hp_loss":0,"event_name":"Winding Halls","floor":37,"gold_loss":0,"cards_obtained":["Madness","Madness"]},{"damage_healed":0,"gold_gain":0,"player_choice":"Fight","damage_taken":0,"max_hp_gain":0,"max_hp_loss":0,"event_name":"MindBloom","floor":39,"gold_loss":0}],"is_beta":false,"boss_relics":[{"not_picked":["Astrolabe","Runic Cube"],"picked":"Busted Crown"},{"not_picked":["Coffee Dripper","Tiny House"],"picked":"Mark of Pain"}],"items_purged_floors":[30,44],"is_endless":false,"potions_floor_spawned":[7,12,13,14,18,25,31,35,38,39],"killed_by":"Awakened One","ascension_level":2}}