{"host":"8lvnnmfamkc2d31d","time":1609022988,"event":{"mods":["2.2 Compatiblity","Act Like it!","BaseMod","Colored Map","Minty Spire (QoL Compilation)","Relic Stats","StSLib","The Dragon Tamer"],"gold_per_floor":[113,113,113,113,190,217,230,230,230,230],"floor_reached":8,"playtime":465,"items_purged":[],"score":57,"play_id":"a46748c7-40cf-41fe-9319-37fed96552d7","local_time":"20201226164948","daily_mods":["SealedDeck","Vintage","Heirloom","Time Dilation","Flight","DeadlyEvents"],"is_ascension_mode":true,"metric_token":531,"campfire_choices":[],"dtmod_dragon_data":[50,50,-1,-1,0,0],"circlet_count":0,"master_deck":["DTMod:Threaten","DTMod:CleansingStrike","DTMod:CleansingStrike","DTMod:SneakAttack","DTMod:Training","DTMod:QuickFly","DTMod:Dissolve+1","DTMod:Dissolve","DTMod:QuickFly","Regret","DTMod:HeatWave"],"relics":["DTMod:PactStone","Lizard Tail","Kunai","Pear","Shuriken","Calipers","Regal Pillow"],"acts_visited":["Exordium"],"potions_floor_usage":[],"damage_taken":[{"damage":5,"enemies":"Small Slimes","floor":1,"turns":2},{"damage":47,"enemies":"3 Sentries","floor":6,"turns":9},{"damage":9,"enemies":"2 Louse","floor":7,"turns":3},{"damage":0,"enemies":"Lagavulin","floor":8,"turns":1}],"seed_played":"-4869272237270623751","potions_obtained":[{"floor":7,"key":"DistilledChaos"}],"is_trial":true,"path_per_floor":["M","?","?","?","T","E","M","E"],"character_chosen":"THE_DT","items_purchased":[],"campfire_rested":0,"item_purchase_floors":[],"current_hp_per_floor":[40,40,33,43,43,25,16,16,16,16],"gold":230,"neow_bonus":"","is_daily":false,"chose_seed":false,"campfire_upgraded":0,"win_rate":0.0,"timestamp":1609022988,"path_taken":["M","?","?","?","?","E","M","E"],"items_purchased_type":[],"build_version":"2020-12-22","purchased_purges":0,"victory":false,"max_hp_per_floor":[45,45,45,55,55,55,55,55,55,55],"relic_stats":{"Lizard Tail":27,"Regal Pillow":0,"counters":[4,15],"Shuriken":[2],"Kunai":[2],"obtain_stats":[{"Lizard Tail":0,"Regal Pillow":7,"Pear":4,"Calipers":6,"DTMod:PactStone":0,"Shuriken":5,"Kunai":1},{"Lizard Tail":0,"Regal Pillow":3,"Pear":1,"Calipers":2,"DTMod:PactStone":0,"Shuriken":1,"Kunai":1},{"Lizard Tail":0,"Regal Pillow":14,"Pear":2,"Calipers":11,"DTMod:PactStone":0,"Shuriken":2,"Kunai":2}]},"card_choices":[{"not_picked":["DTMod:BurningEnergy","DTMod:Punisher"],"picked":"DTMod:HeatWave","floor":6}],"player_experience":435826,"relics_obtained":[{"floor":1,"key":"Kunai"},{"floor":5,"key":"Shuriken"},{"floor":6,"key":"Calipers"},{"floor":7,"key":"Regal Pillow"}],"event_choices":[{"damage_healed":0,"gold_gain":0,"player_choice":"Grow","damage_taken":0,"max_hp_gain":0,"max_hp_loss":0,"event_name":"Living Wall","floor":2,"gold_loss":0,"cards_upgraded":["DTMod:Dissolve"]},{"cards_removed":["DTMod:CleansingStrike"],"damage_healed":0,"gold_gain":0,"player_choice":"Card Removal","damage_taken":7,"max_hp_gain":0,"max_hp_loss":0,"event_name":"Golden Wing","floor":3,"gold_loss":0},{"damage_healed":0,"gold_gain":0,"player_choice":"Box","damage_taken":0,"relics_obtained":["Pear"],"max_hp_gain":0,"max_hp_loss":0,"event_name":"Big Fish","floor":4,"gold_loss":0,"cards_obtained":["Regret"]}],"is_beta":false,"boss_relics":[],"items_purged_floors":[],"is_endless":false,"potions_floor_spawned":[7],"killed_by":"Lagavulin","ascension_level":1}}