{"host":"gp6kafy53r5vaktt","time":1609019391,"event":{"mods":["BaseMod","Colored Map","Highlight Path","Minty Spire (QoL Compilation)"],"gold_per_floor":[118,135,151,171,190,222,222,254,325,351,351,526,526,543,543,642,642,662,331,431,35,35,66,89,128,140,177,126,146,146,163,163,268,268,278,293,293,70,70,70,85,113,113,113,131,131,201,39,39,39],"floor_reached":51,"playtime":3971,"items_purged":["Doubt","Strike_R","Strike_R","Defend_R"],"score":814,"play_id":"83f801cb-e846-4533-aaf2-e1d11738e17e","local_time":"20201226234951","is_ascension_mode":true,"campfire_choices":[{"data":"Body Slam","floor":7,"key":"SMITH"},{"data":"Uppercut","floor":11,"key":"SMITH"},{"data":"Bash","floor":13,"key":"SMITH"},{"data":"Ghostly Armor","floor":15,"key":"SMITH"},{"data":"Double Tap","floor":30,"key":"SMITH"},{"data":"True Grit","floor":32,"key":"SMITH"},{"data":"Entrench","floor":40,"key":"SMITH"},{"data":"Evolve","floor":44,"key":"SMITH"},{"data":"Offering","floor":46,"key":"SMITH"},{"data":"Ghostly Armor","floor":49,"key":"SMITH"}],"circlet_count":0,"master_deck":["Strike_R","Strike_R","Defend_R+1","Defend_R+1","Bash+1","Thinking Ahead","Shrug It Off","Iron Wave","Body Slam+1","Ghostly Armor+1","Uppercut+1","Flame Barrier","Battle Trance","Double Tap+1","Whirlwind","Fire Breathing","Evolve+1","Entrench+1","True Grit+1","Battle Trance+1","Pommel Strike+1","Iron Wave","Shrug It Off","Ghostly Armor+1","Inflame+1","Offering+1","Offering"],"relics":["Burning Blood","Pantograph","War Paint","Ornamental Fan","Mango","Mark of Pain","Membership Card","Toy Ornithopter","Letter Opener","Unceasing Top","MawBank","Kunai","Bag of Preparation","Tiny Chest","Empty Cage","WingedGreaves","Red Skull","InkBottle","Bottled Tornado","Shuriken"],"acts_visited":["Exordium","TheCity","TheBeyond"],"potions_floor_usage":[6,8,10,18,23,24,31,45,50],"damage_taken":[{"damage":5,"enemies":"Jaw Worm","floor":1,"turns":4},{"damage":7,"enemies":"Small Slimes","floor":2,"turns":5},{"damage":0,"enemies":"Cultist","floor":3,"turns":3},{"damage":7,"enemies":"2 Fungi Beasts","floor":4,"turns":4},{"damage":11,"enemies":"Lots of Slimes","floor":5,"turns":5},{"damage":28,"enemies":"Lagavulin","floor":6,"turns":7},{"damage":29,"enemies":"Gremlin Nob","floor":8,"turns":5},{"damage":0,"enemies":"Lagavulin","floor":10,"turns":7},{"damage":8,"enemies":"Large Slime","floor":14,"turns":8},{"damage":42,"enemies":"Hexaghost","floor":16,"turns":13},{"damage":0,"enemies":"Spheric Guardian","floor":18,"turns":3},{"damage":17,"enemies":"Slavers","floor":23,"turns":7},{"damage":0,"enemies":"Chosen","floor":24,"turns":5},{"damage":8,"enemies":"Book of Stabbing","floor":25,"turns":5},{"damage":48,"enemies":"Gremlin Leader","floor":27,"turns":9},{"damage":0,"enemies":"Snake Plant","floor":29,"turns":3},{"damage":0,"enemies":"Cultist and Chosen","floor":31,"turns":7},{"damage":51,"enemies":"Collector","floor":33,"turns":11},{"damage":23,"enemies":"Orb Walker","floor":35,"turns":4},{"damage":5,"enemies":"3 Shapes","floor":36,"turns":3},{"damage":27,"enemies":"Spire Growth","floor":41,"turns":6},{"damage":36,"enemies":"Nemesis","floor":42,"turns":9},{"damage":9,"enemies":"3 Darklings","floor":45,"turns":4},{"damage":85,"enemies":"Time Eater","floor":50,"turns":11}],"seed_played":"-5547826863191867438","potions_obtained":[{"floor":3,"key":"SneckoOil"},{"floor":4,"key":"FairyPotion"},{"floor":6,"key":"FearPotion"},{"floor":8,"key":"Block Potion"},{"floor":16,"key":"BlessingOfTheForge"},{"floor":18,"key":"Fruit Juice"},{"floor":22,"key":"FearPotion"},{"floor":22,"key":"EssenceOfSteel"},{"floor":23,"key":"ElixirPotion"},{"floor":27,"key":"Dexterity Potion"},{"floor":41,"key":"Ancient Potion"},{"floor":42,"key":"Fire Potion"}],"is_trial":false,"path_per_floor":["M","M","M","M","M","E","R","E","T","E","R","?","R","M","R","B",null,"M","$","?","$","?","E","M","E","T","E","$","M","R","M","R","B",null,"M","M","?","$","?","R","M","E","T","R","M","R","T","$","R","B",null],"character_chosen":"IRONCLAD","items_purchased":["Membership Card","Toy Ornithopter","Fire Breathing","Evolve","Letter Opener","Unceasing Top","Entrench","WingedGreaves","Shuriken","Offering"],"campfire_rested":0,"item_purchase_floors":[19,19,19,21,21,21,21,38,48,48],"current_hp_per_floor":[57,56,62,61,56,34,34,11,11,31,31,31,31,29,29,18,94,99,99,99,99,99,88,99,97,97,55,55,61,61,72,72,52,99,82,83,83,83,83,83,62,32,32,32,34,34,34,34,34,17],"gold":39,"neow_bonus":"RANDOM_COLORLESS_2","is_daily":false,"chose_seed":false,"campfire_upgraded":10,"win_rate":0.0,"timestamp":1609019391,"path_taken":["M","M","M","M","M","E","R","E","T","E","R","?","R","M","R","BOSS","M","$","?","?","?","E","M","E","T","E","$","M","R","M","R","BOSS","M","?","?","$","?","R","M","E","T","R","M","R","?","$","R","BOSS"],"items_purchased_type":["Relic","Relic","Card","Card","Relic","Relic","Card","Relic","Relic","Card"],"build_version":"2020-12-13","purchased_purges":4,"victory":true,"max_hp_per_floor":[80,80,80,80,80,80,80,80,80,94,94,94,94,94,94,94,94,99,99,99,99,99,99,99,99,99,99,99,99,99,99,99,99,99,99,99,99,99,99,99,99,99,99,99,99,99,99,99,99,99],"card_choices":[{"not_picked":["Transmutation","Sadistic Nature"],"picked":"Thinking Ahead","floor":0},{"not_picked":["Havoc","Headbutt"],"picked":"Shrug It Off","floor":1},{"not_picked":["Dual Wield","Blood for Blood"],"picked":"Iron Wave","floor":2},{"not_picked":["Warcry","Dark Embrace","Power Through"],"picked":"SKIP","floor":3},{"not_picked":["Anger","Spot Weakness"],"picked":"Body Slam","floor":4},{"not_picked":["Anger","Clash"],"picked":"Ghostly Armor","floor":5},{"not_picked":["Thunderclap","Double Tap","Twin Strike"],"picked":"SKIP","floor":6},{"not_picked":["Clothesline","Pommel Strike"],"picked":"Uppercut","floor":8},{"not_picked":["Sword Boomerang","Intimidate"],"picked":"Flame Barrier","floor":10},{"not_picked":["Perfected Strike","Clash"],"picked":"Battle Trance","floor":14},{"not_picked":["Limit Break","Exhume"],"picked":"Double Tap","floor":16},{"not_picked":["Sentinel","Flame Barrier"],"picked":"Whirlwind","floor":18},{"not_picked":["Clothesline","Heavy Blade"],"picked":"True Grit","floor":23},{"not_picked":["Second Wind","True Grit"],"picked":"Battle Trance+1","floor":24},{"not_picked":["Sword Boomerang","Reaper"],"picked":"Pommel Strike+1","floor":25},{"not_picked":["Clash","Pommel Strike"],"picked":"Iron Wave","floor":27},{"not_picked":["Pummel","Heavy Blade+1","Cleave"],"picked":"SKIP","floor":29},{"not_picked":["Thunderclap","Clash+1"],"picked":"Shrug It Off","floor":31},{"not_picked":["Reaper","Double Tap"],"picked":"Immolate","floor":33},{"not_picked":["Havoc","Pommel Strike"],"picked":"Ghostly Armor","floor":35},{"not_picked":["Warcry+1","Rage"],"picked":"Inflame+1","floor":36},{"not_picked":["Sword Boomerang+1","Warcry","Searing Blow"],"picked":"SKIP","floor":41},{"not_picked":["Rage","Fire Breathing+1"],"picked":"Offering","floor":42},{"not_picked":["Flex","Clothesline","Perfected Strike"],"picked":"SKIP","floor":45}],"player_experience":91246,"relics_obtained":[{"floor":6,"key":"Pantograph"},{"floor":8,"key":"War Paint"},{"floor":9,"key":"Ornamental Fan"},{"floor":10,"key":"Mango"},{"floor":23,"key":"MawBank"},{"floor":25,"key":"Kunai"},{"floor":26,"key":"Bag of Preparation"},{"floor":27,"key":"Tiny Chest"},{"floor":42,"key":"Red Skull"},{"floor":43,"key":"InkBottle"},{"floor":47,"key":"Bottled Tornado"}],"event_choices":[{"damage_healed":0,"gold_gain":175,"player_choice":"AGREE","damage_taken":0,"max_hp_gain":0,"max_hp_loss":0,"event_name":"Liars Game","floor":12,"gold_loss":0,"cards_obtained":["Doubt"]},{"damage_healed":0,"gold_gain":100,"player_choice":"Pray","damage_taken":0,"max_hp_gain":0,"max_hp_loss":0,"event_name":"Golden Shrine","floor":20,"gold_loss":0},{"damage_healed":0,"gold_gain":0,"player_choice":"Got Potions","damage_taken":0,"max_hp_gain":0,"max_hp_loss":0,"event_name":"Lab","floor":22,"gold_loss":0},{"damage_healed":0,"gold_gain":0,"player_choice":"Ignored","damage_taken":0,"max_hp_gain":0,"max_hp_loss":0,"event_name":"Tomb of Lord Red Mask","floor":37,"gold_loss":0},{"cards_removed":["Immolate"],"damage_healed":0,"gold_gain":0,"player_choice":"Removed Attack","damage_taken":0,"max_hp_gain":0,"max_hp_loss":0,"event_name":"Falling","floor":39,"gold_loss":0}],"is_beta":false,"boss_relics":[{"not_picked":["Philosopher\u0027s Stone","SacredBark"],"picked":"Mark of Pain"},{"not_picked":["Tiny House","Cursed Key"],"picked":"Empty Cage"}],"items_purged_floors":[19,21,28,38],"is_endless":false,"potions_floor_spawned":[3,4,6,8,16,18,23,27,29,41,42],"ascension_level":1}}