{"host":"jkpogsfllfv54rv3","time":1609020459,"event":{"mods":["Aspiration","BaseMod","Colored Map","Colored Powertips","Conspire","Downfall","Hubris","Infinite Spire","Lobotomy","Minty Spire (QoL Compilation)","Replay The Spire","StSLib","vexMod"],"gold_per_floor":[110,19,19,32,84,84,84,111,124,124,171,171,25,25,43,54,54,153,153,169,149,15,15],"floor_reached":22,"playtime":1515,"items_purged":[],"score":182,"play_id":"c367f448-8b19-40fa-b65c-c343c6b43c11","local_time":"20201227010739","is_ascension_mode":false,"campfire_choices":[{"floor":10,"key":"REST"},{"floor":12,"key":"REST"},{"floor":17,"key":"DIG"}],"circlet_count":0,"master_deck":["Strike_B","Strike_B","Strike_B","Strike_B","Defend_B","Defend_B","Defend_B","Defend_B","Zap","Dualcast","MHz","Sunder+1","vexMod:EmailVexCard","SpiderBud","Cold Snap","ReplayTheSpireMod:Splinters","Glacier","BeautyBeast","VoidDream","Barrage","expansioncontent:Sear","BasicCrystalCard","ShyLook","Conserve Battery","Wellcheers","Sweeping Beam","Creative AI","Scorched","FairyFestival","BasicCrystalCard+1","Self Repair","Discovery","Redo"],"relics":["Cracked Core","CogitoBucket","Letter Opener","Geode","Regal Pillow","FleshIdol","Dream Catcher","Prayer Wheel","hubris:GrandSneckoEye"],"acts_visited":["TheCity"],"potions_floor_usage":[5,16,18,22,22,22],"damage_taken":[{"damage":1,"enemies":"Cultist","floor":1,"turns":3},{"damage":11,"enemies":"Jaw Worm","floor":4,"turns":2},{"damage":43,"enemies":"Lagavulin","floor":8,"turns":8},{"damage":2,"enemies":"conspire:RoseBush","floor":9,"turns":1},{"damage":6,"enemies":"Looter","floor":15,"turns":2},{"damage":5,"enemies":"Exordium Wildlife","floor":16,"turns":4},{"damage":56,"enemies":"Slime Boss","floor":18,"turns":13},{"damage":30,"enemies":"Spheric Guardian","floor":20,"turns":3},{"damage":60,"enemies":"hubris:Merchant","floor":22,"turns":6}],"seed_played":"2577041231508514595","potions_obtained":[{"floor":4,"key":"Ancient Potion"},{"floor":5,"key":"Fruit Juice"},{"floor":8,"key":"Explosive Potion"},{"floor":18,"key":"Reflective Coating"},{"floor":20,"key":"DuplicationPotion"},{"floor":21,"key":"GamblersBrew"}],"is_trial":false,"path_per_floor":["M","$","?","M","?","PTL","PTL","E","M","R","T","R","$","?","M","M","R_BF","B",null,"M","?","$"],"character_chosen":"DEFECT","items_purchased":["vexMod:EmailVexCard","expansioncontent:Sear","BasicCrystalCard","Discovery","Redo"],"campfire_rested":2,"item_purchase_floors":[2,13,13,22,22],"current_hp_per_floor":[74,74,74,63,68,68,68,25,23,47,47,80,80,72,66,61,61,32,80,50,50,0,0],"gold":15,"neow_bonus":"","is_daily":false,"chose_seed":false,"campfire_upgraded":0,"win_rate":0.0,"timestamp":1609020459,"path_taken":["M","?","?","M","?","PTL","PTL","E","M","R","T","R","$","?","M","M","R_BF","BOSS","M","?","$"],"items_purchased_type":["Card","Card","Card","Card","Card"],"build_version":"2020-12-22","purchased_purges":0,"victory":false,"max_hp_per_floor":[75,75,75,75,80,80,80,80,80,80,80,80,80,80,80,80,80,80,80,80,80,80,80],"card_choices":[{"not_picked":["MeatLantern","BeautyBeast"],"picked":"MHz","floor":1},{"not_picked":["Ball Lightning","White Noise"],"picked":"Sunder","floor":1},{"not_picked":["RedShoes","DespairKnight"],"picked":"SpiderBud","floor":4},{"not_picked":["Skim","Self Repair"],"picked":"Cold Snap","floor":4},{"not_picked":["Compile Driver","ReplayTheSpireMod:Reroute Power"],"picked":"Glacier","floor":5},{"not_picked":["FieryBird","CherryBlossoms"],"picked":"BeautyBeast","floor":8},{"not_picked":["ReplayTheSpireMod:System Scan","Go for the Eyes"],"picked":"ReplayTheSpireMod:Fabricate Wheel","floor":8},{"not_picked":["Yin","MeatLantern"],"picked":"VoidDream","floor":9},{"not_picked":["Compile Driver","Rebound"],"picked":"Barrage","floor":9},{"not_picked":["PunishingBird","SnowQueen"],"picked":"ShyLook","floor":15},{"not_picked":["Gash","Steam"],"picked":"Conserve Battery","floor":15},{"not_picked":["Scarecrow","SilentOrchestra"],"picked":"Wellcheers","floor":16},{"not_picked":["BootSequence","Go for the Eyes"],"picked":"Sweeping Beam","floor":16},{"not_picked":["Seek","Meteor Strike"],"picked":"Creative AI","floor":18},{"not_picked":["Alriune","PunishingBird"],"picked":"Scorched","floor":18},{"not_picked":["SilentOrchestra","FairyFestival","CherryBlossoms"],"picked":"Singing Bowl","floor":20},{"not_picked":["UniverseFragment","OldLady"],"picked":"FairyFestival","floor":20},{"not_picked":["Skim+1","Panic Button+1"],"picked":"BasicCrystalCard+1","floor":20},{"not_picked":["Hologram+1","ReplayTheSpireMod:Calculation Training"],"picked":"Self Repair","floor":20}],"player_experience":49437,"relics_obtained":[{"floor":5,"key":"Letter Opener"},{"floor":8,"key":"Geode"},{"floor":11,"key":"Regal Pillow"},{"floor":17,"key":"Dream Catcher"}],"event_choices":[{"damage_healed":0,"gold_gain":0,"player_choice":"Damaged","damage_taken":8,"max_hp_gain":0,"max_hp_loss":0,"event_name":"Wheel of Change","floor":14,"gold_loss":0},{"damage_healed":0,"gold_gain":0,"player_choice":"Bought 1 Potion","damage_taken":0,"max_hp_gain":0,"max_hp_loss":0,"event_name":"The Woman in Blue","floor":21,"gold_loss":0}],"is_beta":false,"boss_relics":[{"not_picked":["Replay:Ancient Bell","ReplayTheSpireMod:SealedPack"],"picked":"hubris:GrandSneckoEye"}],"items_purged_floors":[],"is_endless":false,"potions_floor_spawned":[4,8,18,20],"killed_by":"hubris:Merchant","ascension_level":0}}