{"host":"iak1zw6udsaqx1iy","time":1609013295,"event":{"mods":["BaseMod","Minty Spire (QoL Compilation)","Remilia（蕾米莉亚）","Replay The Spire","StSLib","The Alterego","The Cursed","The Servant 0.9.4","WarShipGirlsR/战舰少女R mod","Youmu（魂魄妖梦）"],"gold_per_floor":[362,381,392,64,84,84,95,95,95,126,126,141,172,172,172,271,271,282,300,280,294,310,310,310,340,120,130,130,140,140,218,230,243,243,342,342,356,17,48,18,35,63,79,0,24,49,49,66,22,35,35,35,35,35,9,36,36,36],"floor_reached":57,"playtime":4209,"items_purged":[],"score":962,"play_id":"a63940d8-123a-42b9-8069-378a1d4af9ca","local_time":"20201227040815","is_ascension_mode":true,"campfire_choices":[{"data":"ReplayTheSpireMod:Brewmster","floor":6.0,"key":"SMITH"},{"data":"Neutralize","floor":11.0,"key":"SMITH"},{"floor":15.0,"key":"REST"},{"floor":30.0,"key":"REST"},{"floor":34.0,"key":"REST"},{"data":"Burst","floor":47.0,"key":"SMITH"},{"floor":51.0,"key":"RECALL"},{"data":"Adrenaline","floor":54.0,"key":"SMITH"}],"circlet_count":0,"master_deck":["Strike_G+1","Strike_G+1","Strike_G+1","Defend_G","Defend_G","Survivor","Neutralize+1","SlashOfPresentWorld","Terror+1","Backflip","Dagger Spray","ReplayTheSpireMod:Brewmster+1","Quick Slash","Underhanded Strike","Reflex","Masterful Stab","Acrobatics","Riddle With Holes","Atom Bomb","Quick Slash+1","Predator+1","Flying Knee+1","Flying Knee+1","Outmaneuver","Poisoned Stab+1","Cloak And Dagger","After Image","Quick Slash+1","Adrenaline+1","ReplayTheSpireMod:The Works","Burst+1","Accuracy","Quick Slash+1","Calculated Gamble+1","Footwork+1","Outmaneuver+1","Distraction+1","Expertise+1","PiercingWail+1","After Image","Deflect+1","Backstab","Fluid Movement+1","Wraith Form v2","Dodge and Roll+1","Slice+1","Dramatic Entrance","Dramatic Entrance","Hidden Blade+1","ReplayTheSpireMod:Exploit Weakness+1","Acrobatics+1","Outmaneuver+1"],"relics":["Ring of the Snake","HandDrill","Ornamental Fan","Strawberry","Replay:PocketPolymizer","WristBlade","Whetstone","Membership Card","Bronze Scales","Replay:Baseball","SacredBark","Toxic Egg 2","DollysMirror","MealTicket","Replay:Mystery Machine","Red Mask","Anchor","Blue Doll","Gremlin Horn"],"acts_visited":["Exordium","TheCity","TheBeyond","TheEnding"],"potions_floor_usage":[57,57,57,57,57],"damage_taken":[{"damage":1.0,"enemies":"Jaw Worm","floor":1.0,"turns":3.0},{"damage":12.0,"enemies":"Small Slimes","floor":2.0,"turns":3.0},{"damage":0.0,"enemies":"Cultist","floor":3.0,"turns":4.0},{"damage":11.0,"enemies":"Exordium Thugs","floor":5.0,"turns":5.0},{"damage":6.0,"enemies":"Looter","floor":7.0,"turns":3.0},{"damage":12.0,"enemies":"Lagavulin","floor":10.0,"turns":6.0},{"damage":8.0,"enemies":"Exordium Wildlife","floor":12.0,"turns":2.0},{"damage":12.0,"enemies":"3 Sentries","floor":13.0,"turns":7.0},{"damage":5.0,"enemies":"Hexaghost","floor":16.0,"turns":6.0},{"damage":0.0,"enemies":"Spheric Guardian","floor":18.0,"turns":1.0},{"damage":0.0,"enemies":"Chosen","floor":19.0,"turns":3.0},{"damage":21.0,"enemies":"Sentry and Sphere","floor":21.0,"turns":5.0},{"damage":12.0,"enemies":"Shelled Parasite and Fungi","floor":22.0,"turns":5.0},{"damage":5.0,"enemies":"Book of Stabbing","floor":25.0,"turns":2.0},{"damage":9.0,"enemies":"Snake Plant","floor":27.0,"turns":2.0},{"damage":22.0,"enemies":"Cultist and Chosen","floor":29.0,"turns":5.0},{"damage":0.0,"enemies":"Snecko","floor":32.0,"turns":3.0},{"damage":0.0,"enemies":"3 Cultists","floor":33.0,"turns":5.0},{"damage":52.0,"enemies":"Champ","floor":35.0,"turns":8.0},{"damage":0.0,"enemies":"Orb Walker","floor":37.0,"turns":1.0},{"damage":13.0,"enemies":"3 Shapes","floor":41.0,"turns":5.0},{"damage":0.0,"enemies":"Reptomancer","floor":42.0,"turns":2.0},{"damage":16.0,"enemies":"Spire Growth","floor":43.0,"turns":6.0},{"damage":0.0,"enemies":"3 Darklings","floor":48.0,"turns":3.0},{"damage":0.0,"enemies":"4 Shapes","floor":50.0,"turns":2.0},{"damage":18.0,"enemies":"Awakened One","floor":52.0,"turns":10.0},{"damage":34.0,"enemies":"Shield and Spear","floor":56.0,"turns":8.0},{"damage":44,"enemies":"The Heart","floor":57,"turns":5}],"seed_played":"-5417029393911293084","potions_obtained":[{"floor":1.0,"key":"Regen Potion"},{"floor":3.0,"key":"Dexterity Potion"},{"floor":7.0,"key":"Adrenaline Potion"},{"floor":19.0,"key":"GamblersBrew"},{"floor":20.0,"key":"Adrenaline Potion"},{"floor":22.0,"key":"FearPotion"},{"floor":32.0,"key":"LiquidMemories"},{"floor":39.0,"key":"EssenceOfSteel"},{"floor":39.0,"key":"Cursed Concoction"},{"floor":43.0,"key":"Milkshake"},{"floor":50.0,"key":"Adrenaline Potion"}],"is_trial":false,"path_per_floor":["M","M","M","$","M","R","M","?","T","E","R","M","E","?","R","B",null,"M","M","?","M","M","PTL","PTL","E","$","M","T","M","R","T","M","M","R","B",null,"M","$","?","?","M","E","M","?","T","T","R","M","$","M","R","B",null,"R","$","E","B"],"character_chosen":"THE_SILENT","items_purchased":["HandDrill","ReplayTheSpireMod:Brewmster","Membership Card","Bronze Scales","Toxic Egg 2","DollysMirror","Calculated Gamble+1","Footwork+1","MealTicket","Slice+1","Dramatic Entrance","Adrenaline Potion"],"campfire_rested":3,"item_purchase_floors":[4,4,26,26,38,38,38,38,38,49,49,55],"current_hp_per_floor":[69,57,57,57,46,46,49,49,49,44,44,36,24,9,32,27,77,77,77,77,56,44,44,44,39,39,30,30,8,31,31,31,31,54,2,77,77,77,77,77,64,64,48,48,48,48,48,48,63,63,63,45,77,77,77,43,0,0],"gold":36,"neow_bonus":"TWO_FIFTY_GOLD","is_daily":false,"chose_seed":false,"campfire_upgraded":4,"win_rate":0.0,"timestamp":1609013295,"path_taken":["M","M","M","$","M","R","M","?","T","E","R","M","E","?","R","BOSS","M","M","?","M","M","PTL","PTL","E","$","?","T","M","R","?","M","M","R","BOSS","M","$","?","?","M","E","?","?","T","?","R","?","?","M","R","BOSS","R","$","E","BOSS"],"items_purchased_type":["Relic","Card","Relic","Relic","Relic","Relic","Card","Card","Relic","Card","Card","Potion"],"build_version":"2020-12-22","purchased_purges":0,"victory":false,"max_hp_per_floor":[70,70,70,70,70,70,70,70,70,77,77,77,77,77,77,77,77,77,77,77,77,77,77,77,77,77,77,77,77,77,77,77,77,77,77,77,77,77,77,77,77,77,77,77,77,77,77,77,77,77,77,77,77,77,77,77,77,77],"card_choices":[{"not_picked":["Cloak And Dagger","ReplayTheSpireMod:The Works"],"picked":"Terror","floor":1.0},{"not_picked":["Prepared","Hidden Blade"],"picked":"Backflip","floor":2.0},{"not_picked":["ReplayTheSpireMod:Exploit Weakness","Skewer"],"picked":"Dagger Spray","floor":3.0},{"not_picked":["Dodge and Roll","Outmaneuver"],"picked":"Quick Slash","floor":5.0},{"not_picked":["Blade Dance","Replay:Poison Smokescreen"],"picked":"Underhanded Strike","floor":7.0},{"not_picked":["Outmaneuver","Accuracy"],"picked":"Reflex","floor":10.0},{"not_picked":["Setup","Poison Darts"],"picked":"Masterful Stab","floor":12.0},{"not_picked":["ReplayTheSpireMod:Tripwire","Hidden Blade"],"picked":"Acrobatics","floor":13.0},{"not_picked":["Envenom","Doppelganger"],"picked":"Atom Bomb","floor":16.0},{"not_picked":["Replay:Poison Smokescreen","ReplayTheSpireMod:Shiv Toss"],"picked":"Quick Slash+1","floor":18.0},{"not_picked":["Dash","Acrobatics"],"picked":"Predator+1","floor":19.0},{"not_picked":["Deflect","ReplayTheSpireMod:Speed Training"],"picked":"Flying Knee","floor":21.0},{"not_picked":["Dodge and Roll","Acrobatics"],"picked":"Flying Knee+1","floor":22.0},{"not_picked":["Deadly Poison","Reflex"],"picked":"Outmaneuver","floor":25.0},{"not_picked":["ReplayTheSpireMod:Exploit Weakness+1","Acrobatics+1"],"picked":"Poisoned Stab+1","floor":27.0},{"not_picked":["Backstab","Underhanded Strike"],"picked":"Cloak And Dagger","floor":29.0},{"not_picked":["Acrobatics+1","Flechettes"],"picked":"Quick Slash+1","floor":32.0},{"not_picked":["Underhanded Strike","Cloak And Dagger"],"picked":"Adrenaline","floor":33.0},{"not_picked":["Doppelganger","Night Terror"],"picked":"Burst","floor":35.0},{"not_picked":["Sucker Punch","Bane+1"],"picked":"Accuracy","floor":37.0},{"not_picked":["Calculated Gamble+1","Deadly Poison+1"],"picked":"Outmaneuver+1","floor":39.0},{"not_picked":[],"picked":"Distraction","floor":40.0},{"not_picked":[],"picked":"Expertise","floor":40.0},{"not_picked":[],"picked":"PiercingWail","floor":40.0},{"not_picked":[],"picked":"After Image","floor":40.0},{"not_picked":["Sucker Punch","Quick Slash"],"picked":"Deflect+1","floor":41.0},{"not_picked":["Bane","Deflect+1"],"picked":"Backstab","floor":42.0},{"not_picked":["Blur+1","Deadly Poison+1"],"picked":"Fluid Movement+1","floor":43.0},{"not_picked":["Expertise+1","Die Die Die"],"picked":"Dodge and Roll+1","floor":48.0},{"not_picked":["Calculated Gamble+1","Backstab"],"picked":"Hidden Blade+1","floor":50.0},{"not_picked":["Backflip+1","Deadly Poison+1"],"picked":"Outmaneuver+1","floor":56.0}],"player_experience":262501,"relics_obtained":[{"floor":9.0,"key":"Ornamental Fan"},{"floor":10.0,"key":"Strawberry"},{"floor":13.0,"key":"Replay:PocketPolymizer"},{"floor":25.0,"key":"Whetstone"},{"floor":28.0,"key":"Replay:Baseball"},{"floor":42.0,"key":"Replay:Mystery Machine"},{"floor":45.0,"key":"Anchor"},{"floor":46.0,"key":"Blue Doll"},{"floor":56.0,"key":"Gremlin Horn"}],"event_choices":[{"damage_healed":0.0,"max_hp_gain":0.0,"max_hp_loss":0.0,"gold_gain":0.0,"event_name":"Living Wall","player_choice":"Grow","floor":8.0,"gold_loss":0.0,"damage_taken":0.0,"cards_upgraded":["Terror"]},{"damage_healed":0.0,"max_hp_gain":0.0,"max_hp_loss":0.0,"gold_gain":0.0,"event_name":"Shining Light","player_choice":"Entered Light","floor":14.0,"gold_loss":0.0,"damage_taken":15.0,"cards_upgraded":["Strike_G","Strike_G"]},{"damage_healed":0.0,"max_hp_gain":0.0,"max_hp_loss":0.0,"gold_gain":0.0,"event_name":"The Woman in Blue","player_choice":"Bought 1 Potion","floor":20.0,"gold_loss":0.0,"damage_taken":0.0},{"damage_healed":0.0,"max_hp_gain":0.0,"max_hp_loss":0.0,"gold_gain":0.0,"event_name":"Tomb of Lord Red Mask","player_choice":"Paid","floor":44.0,"gold_loss":79.0,"damage_taken":0.0,"relics_obtained":["Red Mask"]}],"is_beta":false,"boss_relics":[{"not_picked":["ChewingGum","Coffee Dripper"],"picked":"WristBlade"},{"not_picked":["Philosopher\u0027s Stone","Abe\u0027s Treasure"],"picked":"SacredBark"}],"items_purged_floors":[],"is_endless":false,"potions_floor_spawned":[1,3,7,13,19,22,32,41,43,50],"killed_by":"The Heart","ascension_level":4}}