{"host":"3jpwrwmmgyabjceh","time":1609013505,"event":{"mods":["AchievementEnabler","BaseMod","Colored Map","Colored Powertips","Highlight Path","Minty Spire (QoL Compilation)","Quick Restart","StSLib"],"gold_per_floor":[114,132,207,207,222,222,240,240,265,278,60,73,73,90,90,187,187,207,221,232,232,232,232],"floor_reached":22,"playtime":572,"items_purged":["Strike_R"],"score":225,"play_id":"3cb0105a-da39-4152-8937-8afcc184b907","local_time":"20201226231145","is_ascension_mode":true,"campfire_choices":[{"data":"Bash","floor":6.0,"key":"SMITH"},{"data":"Thunderclap","floor":8,"key":"SMITH"},{"floor":13,"key":"REST"},{"data":"Disarm","floor":15,"key":"SMITH"}],"circlet_count":0,"master_deck":["Strike_R","Strike_R","Strike_R","Defend_R","Defend_R","Defend_R","Defend_R","Bash+1","Disarm+1","Thunderclap+1","Hemokinesis","Iron Wave","Cleave","Brutality","Limit Break","Armaments","Shrug It Off"],"relics":["Velvet Choker","Dream Catcher","Sozu"],"acts_visited":["Exordium","TheCity"],"potions_floor_usage":[7,12,18,18],"damage_taken":[{"damage":2.0,"enemies":"Jaw Worm","floor":1.0,"turns":3.0},{"damage":0.0,"enemies":"2 Louse","floor":2.0,"turns":2.0},{"damage":0.0,"enemies":"Small Slimes","floor":5.0,"turns":3.0},{"damage":2,"enemies":"2 Fungi Beasts","floor":7,"turns":2},{"damage":2,"enemies":"Large Slime","floor":10,"turns":4},{"damage":8,"enemies":"Blue Slaver","floor":12,"turns":3},{"damage":0,"enemies":"2 Fungi Beasts","floor":14,"turns":2},{"damage":27,"enemies":"The Guardian","floor":16,"turns":11},{"damage":3,"enemies":"3 Byrds","floor":18,"turns":4},{"damage":29,"enemies":"2 Thieves","floor":19,"turns":4},{"damage":22,"enemies":"Snake Plant","floor":20,"turns":5},{"damage":20,"enemies":"Shelled Parasite and Fungi","floor":22,"turns":1}],"seed_played":"-7647314035064500980","potions_obtained":[{"floor":2.0,"key":"PowerPotion"},{"floor":5.0,"key":"PowerPotion"},{"floor":7,"key":"EssenceOfSteel"},{"floor":12,"key":"AttackPotion"}],"is_trial":false,"path_per_floor":["M","M","?","?","M","R","M","R","T","M","$","M","R","M","R","B",null,"M","M","M","?","M"],"character_chosen":"IRONCLAD","items_purchased":["Dream Catcher"],"campfire_rested":1,"item_purchase_floors":[11],"current_hp_per_floor":[78,78,67,67,67,67,65,65,65,63,63,55,79,79,79,52,73,70,41,19,19,0,0],"gold":232,"neow_bonus":"BOSS_RELIC","is_daily":false,"chose_seed":false,"campfire_upgraded":3,"win_rate":0.0,"timestamp":1609013505,"path_taken":["M","M","?","?","M","R","M","R","T","M","$","M","R","M","R","BOSS","M","M","M","?","M"],"items_purchased_type":["Relic"],"build_version":"2020-12-22","purchased_purges":1,"victory":false,"max_hp_per_floor":[80,80,80,80,80,80,80,80,80,80,80,80,80,80,80,80,80,80,80,80,80,80,80],"card_choices":[{"not_picked":["Anger","Flame Barrier"],"picked":"Disarm","floor":1.0},{"not_picked":["Havoc","Wild Strike"],"picked":"Thunderclap","floor":2.0},{"not_picked":["Twin Strike","Pummel"],"picked":"Hemokinesis","floor":5.0},{"not_picked":["Dropkick","Anger"],"picked":"Iron Wave","floor":7},{"not_picked":["Perfected Strike","Anger"],"picked":"Cleave","floor":10},{"not_picked":["Perfected Strike","Thunderclap","Clash"],"picked":"SKIP","floor":12},{"not_picked":["Headbutt","Body Slam"],"picked":"Brutality","floor":14},{"not_picked":["Berserk","Feed"],"picked":"Limit Break","floor":16},{"not_picked":["Sword Boomerang","Anger+1"],"picked":"Armaments","floor":18},{"not_picked":["Thunderclap+1","Heavy Blade"],"picked":"Shrug It Off","floor":19},{"not_picked":["Havoc","Sword Boomerang","Thunderclap"],"picked":"SKIP","floor":20}],"player_experience":290339,"relics_obtained":[],"event_choices":[{"damage_healed":0.0,"max_hp_gain":0.0,"max_hp_loss":0.0,"gold_gain":75.0,"event_name":"World of Goop","player_choice":"Gather Gold","floor":3.0,"gold_loss":0.0,"damage_taken":11.0},{"cards_removed":["Strike_R"],"damage_healed":0.0,"max_hp_gain":0.0,"max_hp_loss":0.0,"gold_gain":0.0,"event_name":"Living Wall","player_choice":"Forget","floor":4.0,"gold_loss":0.0,"damage_taken":0.0},{"damage_healed":0,"gold_gain":0,"player_choice":"Ignored","damage_taken":0,"max_hp_gain":0,"max_hp_loss":0,"event_name":"Vampires","floor":21,"gold_loss":0}],"is_beta":false,"boss_relics":[{"not_picked":["Calling Bell","Busted Crown"],"picked":"Sozu"}],"items_purged_floors":[11],"is_endless":false,"potions_floor_spawned":[2,5,7,12,20],"killed_by":"Shelled Parasite and Fungi","ascension_level":5}}