{"host":"niv6bi8ufjzyofbf","time":1609005924,"event":{"mods":["ATMod(∞¢Ë™Mod)","Act Like it!","BaseMod","Colored Powertips","Conspire","Downfall","Gensokyo","Hermit","Mad Scientist","Marisa£®ÏF”Í°°ƒß¿Ì…≥£©","Minty Spire (QoL Compilation)","Quick Restart","Rare Cards Sparkle","Reimu£®≤©¿ˆ¡È√Œ£©","Replay The Spire","Shop Mod","Spicy Shops","StSLib","SuperFastMode","The Cursed","The Servant 0.9.4","Youmu£®ªÍ∆«—˝√Œ£©","°æ“≈ŒÔø®≈∆°øREMEMod","≤–¡Ù÷ÆŒÔ"],"gold_per_floor":[109,23333,23333,23333,21745,21777,21777,21807,21832,21841,21851,21867,21882,21914,21914,22020,22020,22037,22051,20492,20492,20512,20556,20556,20582,20582,20600,20600,20609,20634,20100,20100,20211,20211,20229,20309,19210,19237,18405,18448,18448,18500,18500,18500,18535,18535,18650,18741,18741,18791],"floor_reached":51,"playtime":1898,"items_purged":["Defend_YM","Regret","Defend_YM","Strike_YM","Strike_YM+1"],"score":1229,"play_id":"888387b0-a8b8-4a0e-883b-7ad36db17fc8","local_time":"20201227020524","is_ascension_mode":true,"campfire_choices":[{"data":"GreatEnlightenmentAppearingAndDisappearing","floor":7,"key":"SMITH"},{"data":"SlashOfDelusionalInnerEye","floor":15,"key":"SMITH"},{"data":"LifeCuttingSword","floor":24,"key":"SMITH"},{"data":"Dark Shackles","floor":28,"key":"SMITH"},{"floor":32,"key":"DIG"},{"data":"ASingleThoughtAndInfiniteKalpas","floor":41,"key":"SMITH"},{"data":"1","floor":44,"key":"LIFT"},{"data":"2","floor":49,"key":"LIFT"}],"circlet_count":0,"master_deck":["Strike_YM","Strike_YM","Defend_YM","Defend_YM","SlashOfPresentWorld","WheelOfPainOfLivingAndDead","SlashOfDelusionalInnerEye+1","AT_FamilyPortrait+1","FiveSignsOfTheDyingDeva","SlashOfDepartureFromHesitation","GreatEnlightenmentAppearingAndDisappearing+1","AsuraSword","REME_HeartOfCthun+1","Dark Shackles+1","HiganSword","LifeCuttingSword+1","LifeCuttingSword+1","RapidSlash+1","Necronomicurse","ASingleThoughtAndInfiniteKalpas+1","LifeCuttingSword+1","REME_PuzzleBox","TransmigrationSlash+1","StrangeHalfBody"],"relics":["HalfPhantom","REME_ComplimentaryCards","AT_ATBox","ReplayTheSpireMod:Lightbulb","Sling","Toolbox","REME_PuzzleBoxRelic","Replay:Bottled Flurry","MerchantsRug","Bag of Marbles","CeramicFish","War Paint","REME_LimitBreaker","ReplayFunnel","PlaceholderMod:LiveLive","Thread and Needle","RuthlessExorcism:ReiMu","Strange Spoon","AT_RedTearstoneRing","Lizard Tail","Tiny Chest","ReplayTheSpireMod:Ninjato","Necronomicon","Girya","Pear","REME_OnlineShoppingPlatform","Happy Flower","Snecko Heart","ReplayTheSpireMod:TigerMarble","PlaceholderMod:DeVermisMysteriis","Akabeko","ReplayTheSpireMod:Shallot","Frozen Eye","Boot","Simple Rune","AT_MibuBalloonWealth","Lantern","PlaceholderMod:FlatBlood","Blood Vial","Incense Burner","REME_HourglassOfDeath","Vajra"],"acts_visited":["Exordium","TheCity","TheBeyond"],"potions_floor_usage":[19],"damage_taken":[{"damage":0,"enemies":"Small Slimes","floor":1,"turns":3},{"damage":11,"enemies":"2 Louse","floor":2,"turns":3},{"damage":9,"enemies":"Replay:BlueRogue","floor":6,"turns":3},{"damage":11,"enemies":"Jaw Worm","floor":11,"turns":2},{"damage":0,"enemies":"Looter","floor":12,"turns":1},{"damage":0,"enemies":"Lots of Slimes","floor":13,"turns":2},{"damage":3,"enemies":"3 Sentries","floor":14,"turns":3},{"damage":0,"enemies":"Slime Boss","floor":16,"turns":1},{"damage":0,"enemies":"Spheric Guardian","floor":18,"turns":2},{"damage":0,"enemies":"3 Byrds","floor":19,"turns":7},{"damage":3,"enemies":"Sentry and Sphere","floor":22,"turns":2},{"damage":0,"enemies":"Book of Stabbing","floor":23,"turns":1},{"damage":0,"enemies":"Snake Plant","floor":25,"turns":2},{"damage":0,"enemies":"Centurion and Healer","floor":27,"turns":1},{"damage":0,"enemies":"Gremlin Leader","floor":30,"turns":1},{"damage":0,"enemies":"Collector","floor":33,"turns":1},{"damage":0,"enemies":"3 Darklings","floor":35,"turns":1},{"damage":0,"enemies":"Orb Walker","floor":40,"turns":1},{"damage":0,"enemies":"R_Hoarder","floor":42,"turns":3},{"damage":0,"enemies":"Transient","floor":45,"turns":2},{"damage":0,"enemies":"Reptomancer","floor":47,"turns":1},{"damage":0,"enemies":"Jaw Worm Horde","floor":48,"turns":2},{"damage":184,"enemies":"Donu and Deca","floor":50,"turns":2}],"seed_played":"-5038134398688158056","potions_obtained":[{"floor":22,"key":"AttackPotion"}],"is_trial":false,"path_per_floor":["M","M","?","?","$","E","R","?","T","?","M","M","M","E","R","B",null,"M","M","$","?","M","E","R","M","T","M","R","?","E","$","R","B",null,"M","?","$","T","$","M","R","E","T","R","M","?","E","M","R","B",null],"character_chosen":"YOUMU","items_purchased":["AT_FamilyPortrait","ReplayTheSpireMod:Lightbulb","Sling","Toolbox","REME_PuzzleBoxRelic","FiveSignsOfTheDyingDeva","SlashOfDepartureFromHesitation","Replay:Bottled Flurry","BlessingOfTheForge","Fire Potion","LiquidMemories","MerchantsRug","REME_HeartOfCthun","Dark Shackles","HiganSword","Thread and Needle","RuthlessExorcism:ReiMu","Strange Spoon","AT_RedTearstoneRing","Lizard Tail","BlessingOfTheForge","Pear","REME_OnlineShoppingPlatform","PlaceholderMod:DeVermisMysteriis","Akabeko","ReplayTheSpireMod:Shallot","Frozen Eye","Boot","REME_PuzzleBox","AT_MibuBalloonWealth","Lantern","PlaceholderMod:FlatBlood","Blood Vial","TransmigrationSlash+1"],"campfire_rested":0,"item_purchase_floors":[5,5,5,5,5,5,5,5,5,5,5,5,20,20,20,20,20,20,20,20,20,31,31,37,37,37,37,37,37,39,39,39,39,39],"current_hp_per_floor":[82,71,71,55,55,46,46,46,46,46,35,35,35,32,32,32,82,82,82,82,82,79,79,79,79,79,79,79,63,63,73,73,73,92,92,92,92,92,92,92,92,92,92,92,92,92,92,92,92,75],"gold":18791,"neow_bonus":"TEN_PERCENT_HP_BONUS","is_daily":false,"chose_seed":false,"campfire_upgraded":5,"win_rate":0.0,"timestamp":1609005924,"path_taken":["M","M","?","?","$","E","R","?","T","?","M","M","?","E","R","BOSS","M","M","$","?","M","E","R","M","T","?","R","?","E","$","R","BOSS","M","?","$","?","$","?","R","E","T","R","M","?","E","M","R","BOSS"],"items_purchased_type":["Card","Relic","Relic","Relic","Relic","Card","Card","Relic","Potion","Potion","Potion","Relic","Card","Card","Card","Relic","Relic","Relic","Relic","Relic","Potion","Relic","Relic","Relic","Relic","Relic","Relic","Relic","Card","Relic","Relic","Relic","Relic","Card"],"build_version":"2020-12-22","purchased_purges":5,"victory":true,"max_hp_per_floor":[82,82,82,82,82,82,82,82,82,82,82,82,82,82,82,82,82,82,82,82,82,82,82,82,82,82,82,82,82,82,92,92,92,92,92,92,92,92,92,92,92,92,92,92,92,92,92,92,92,92],"card_choices":[{"not_picked":["ConstancyOfTheConventionalTruth","TwoHundredYojanaInOneSlash","ThoughtCuttingSword"],"picked":"SKIP","floor":1},{"not_picked":["HiganSword","SlashClearingTheSixSenses"],"picked":"SlashOfDelusionalInnerEye","floor":2},{"not_picked":["SwordOfBindingDesires","PhosphoricSlash"],"picked":"GreatEnlightenmentAppearingAndDisappearing","floor":6},{"not_picked":["ObsessionSword","SlashOfMeditation","SwordOfBindingDesires"],"picked":"SKIP","floor":11},{"not_picked":["SpiderLilyBurial","CrescentMoonSlash","PhosphoricSlash"],"picked":"SKIP","floor":12},{"not_picked":["ThreeKonsSevenHakus","HeavenlyHaloSlash","HeavenSword"],"picked":"SKIP","floor":13},{"not_picked":["HeavenSword","VoidnessSword","BizarrenessOfSixRealms"],"picked":"SKIP","floor":14},{"not_picked":["WickedSoul","HeavenSword"],"picked":"AsuraSword","floor":16},{"not_picked":["TenKingsRetributionOnThePreta","SlashOfMeditation+1","FlashingScatteredFlowers"],"picked":"SKIP","floor":18},{"not_picked":["DispleasureOfTheSevenHakus","TwoHundredYojanaInOneSlash","KarmicPunishmentOfTheIdleAndUnfocused"],"picked":"SKIP","floor":19},{"not_picked":["FlashingScatteredFlowers+1","FourBirthsSword+1"],"picked":"LifeCuttingSword+1","floor":22},{"not_picked":["HumanKnowledgeSword+1","ConstancyOfTheConventionalTruth"],"picked":"LifeCuttingSword","floor":23},{"not_picked":["SlashOfDepartureFromHesitation","HeavenlyHaloSlash"],"picked":"RapidSlash+1","floor":25},{"not_picked":["TenKingsRetributionOnThePreta","SwordOfBindingDesires","RapidSlash"],"picked":"SKIP","floor":27},{"not_picked":["CrescentMoonSlash","FourBirthsSword","CherryBlossomFlashing"],"picked":"SKIP","floor":30},{"not_picked":["GreatEnlightenmentAppearingAndDisappearing","FastingOfTheYoungPreta"],"picked":"ASingleThoughtAndInfiniteKalpas","floor":33},{"not_picked":["DispleasureOfTheSevenHakus+1","FourBirthsSword","FlashingScatteredFlowers"],"picked":"SKIP","floor":35},{"not_picked":["LowerRealmReflectionSlash","SwordExtraction+1"],"picked":"LifeCuttingSword+1","floor":36},{"not_picked":["PhosphoricSlash+1","FiveSignsOfTheDyingDeva+1","BloodOfAsura+1"],"picked":"SKIP","floor":40},{"not_picked":["ThoughtCuttingSword","CrescentMoonSlash+1","SpiritMediumsBind"],"picked":"SKIP","floor":42},{"not_picked":["HumanKnowledgeSword","SlashOfMeditation","PhosphoricSlash+1"],"picked":"SKIP","floor":45},{"not_picked":["DispleasureOfTheSevenHakus","SlashOfAscensionToBuddhahood"],"picked":"StrangeHalfBody","floor":47},{"not_picked":["ObsessionWithThePresentWorld+1","FlashingScatteredFlowers","HumanRealmSword+1"],"picked":"SKIP","floor":48}],"player_experience":616896,"relics_obtained":[{"floor":6,"key":"Bag of Marbles"},{"floor":9,"key":"War Paint"},{"floor":14,"key":"ReplayFunnel"},{"floor":23,"key":"Tiny Chest"},{"floor":26,"key":"ReplayTheSpireMod:Ninjato"},{"floor":29,"key":"Necronomicon"},{"floor":30,"key":"Girya"},{"floor":32,"key":"Happy Flower"},{"floor":36,"key":"ReplayTheSpireMod:TigerMarble"},{"floor":38,"key":"Simple Rune"},{"floor":42,"key":"Incense Burner"},{"floor":43,"key":"REME_HourglassOfDeath"},{"floor":47,"key":"Vajra"}],"event_choices":[{"damage_healed":0,"gold_gain":0,"player_choice":"Ignored","damage_taken":0,"max_hp_gain":0,"max_hp_loss":0,"event_name":"Liars Game","floor":3,"gold_loss":0},{"damage_healed":0,"gold_gain":0,"player_choice":"Entered Light","damage_taken":16,"max_hp_gain":0,"max_hp_loss":0,"event_name":"Shining Light","floor":4,"gold_loss":0,"cards_upgraded":["Defend_YM","Strike_YM"]},{"damage_healed":0,"gold_gain":30,"player_choice":"Searched \u00272\u0027 times","damage_taken":0,"relics_obtained":["CeramicFish"],"max_hp_gain":0,"max_hp_loss":0,"event_name":"Dead Adventurer","floor":8,"gold_loss":0},{"damage_healed":0,"gold_gain":0,"player_choice":"Box","damage_taken":0,"relics_obtained":["REME_LimitBreaker"],"max_hp_gain":0,"max_hp_loss":0,"event_name":"Big Fish","floor":10,"gold_loss":0,"cards_obtained":["Regret"]},{"damage_healed":0,"gold_gain":0,"player_choice":"Forge","damage_taken":0,"max_hp_gain":0,"max_hp_loss":0,"event_name":"Accursed Blacksmith","floor":21,"gold_loss":0,"cards_upgraded":["REME_HeartOfCthun"]},{"damage_healed":0,"gold_gain":0,"player_choice":"Obtained Book","damage_taken":16,"max_hp_gain":0,"max_hp_loss":0,"event_name":"Cursed Tome","floor":29,"gold_loss":0},{"damage_healed":0,"gold_gain":0,"player_choice":"Ignored","damage_taken":0,"max_hp_gain":0,"max_hp_loss":0,"event_name":"Tomb of Lord Red Mask","floor":46,"gold_loss":0}],"is_beta":false,"boss_relics":[{"not_picked":["Coffee Dripper","Honey Jar"],"picked":"PlaceholderMod:LiveLive"},{"not_picked":["Painkiller Herb","Cursed Key"],"picked":"Snecko Heart"}],"items_purged_floors":[5,20,31,37,39],"is_endless":false,"potions_floor_spawned":[11,12,14,19,22,33,40,45,48],"ascension_level":1}}