{"host":"gno7vgl3p6u1gqsg","time":1609012586,"event":{"mods":["Act Like it!","BaseMod","Gensokyo","Marisa（霧雨　魔理沙）","Minty Spire (QoL Compilation)","Rare Cards Sparkle","RatMod","Reimu（博??梦）","StSLib","The Servant 0.9.4","everything is the same but u backflip on backflip"],"gold_per_floor":[112,112,62,73,0,0,28,28,54,114,151,196,196,230,230,353,403,417,16,16,16,16,72,72],"floor_reached":23,"playtime":1402,"items_purged":["Strike_MRS"],"score":197,"play_id":"cd1fb75b-5261-4c7e-845f-8644e216c5d7","local_time":"20201226115626","is_ascension_mode":false,"campfire_choices":[{"data":"Robbery","floor":6.0,"key":"SMITH"},{"floor":13.0,"key":"REST"},{"data":"PropBag","floor":15.0,"key":"SMITH"}],"circlet_count":0,"master_deck":["Strike_MRS+1","Strike_MRS+1","Strike_MRS","Defend_MRS","Defend_MRS","Defend_MRS","MasterSpark+1","UpSweep","MilkyWay+1","PulseMagic","Robbery+1","PropBag+1","Singularity","NonDirectionalLaser+1","DarkMatter","GrandCross+1","SatelliteIllusion","MysteriousBeam+1","ShootingEcho+1","SporeBomb","OortCloud"],"relics":["MiniHakkero","Molten Egg 2","Ancient Tea Set","Smiling Mask","Unceasing Top","Tiny House","Tiny Chest","Whetstone","Enchiridion","Letter Opener"],"acts_visited":["Exordium","TheCity"],"potions_floor_usage":[23,23,23],"damage_taken":[{"damage":0.0,"enemies":"Small Slimes","floor":1.0,"turns":3.0},{"damage":4.0,"enemies":"Jaw Worm","floor":4.0,"turns":3.0},{"damage":0.0,"enemies":"2 Louse","floor":7.0,"turns":2.0},{"damage":11.0,"enemies":"Large Slime","floor":10.0,"turns":4.0},{"damage":15.0,"enemies":"Looter","floor":11.0,"turns":3.0},{"damage":22.0,"enemies":"3 Sentries","floor":12.0,"turns":3.0},{"damage":6.0,"enemies":"Gremlin Nob","floor":14.0,"turns":3.0},{"damage":6.0,"enemies":"Slime Boss","floor":16.0,"turns":7.0},{"damage":6,"enemies":"Spheric Guardian","floor":18,"turns":3},{"damage":68,"enemies":"Book of Stabbing","floor":23,"turns":6}],"seed_played":"-6768386449054979639","potions_obtained":[{"floor":10.0,"key":"LiquidMemories"},{"floor":11.0,"key":"Fruit Juice"},{"floor":12.0,"key":"BlessingOfTheForge"},{"floor":14.0,"key":"Block Potion"},{"floor":16.0,"key":"ShroomBrew"},{"floor":17.0,"key":"Strength Potion"}],"is_trial":true,"path_per_floor":["M","?","?","M","$","R","M","?","T","M","M","E","R","E","R","B",null,"M","$","?","?","?","E"],"character_chosen":"MARISA","items_purchased":["Robbery","Tiny Chest","Whetstone","SporeBomb"],"campfire_rested":1,"item_purchase_floors":[5,19,19,19],"current_hp_per_floor":[75,75,75,71,71,71,71,59,59,48,38,16,40,34,34,28,85,79,79,63,63,63,0,0],"gold":72,"neow_bonus":"","is_daily":false,"chose_seed":false,"campfire_upgraded":2,"win_rate":0.0,"timestamp":1609012586,"path_taken":["M","?","?","M","?","R","M","?","T","M","M","E","R","E","R","BOSS","M","$","?","?","?","E"],"items_purchased_type":["Card","Relic","Relic","Card"],"build_version":"2020-12-22","purchased_purges":1,"victory":false,"max_hp_per_floor":[75,75,75,75,75,75,75,75,75,75,80,80,80,80,80,80,85,85,85,85,85,85,85,85],"card_choices":[{"not_picked":["SporeBomb","Occultation"],"picked":"MilkyWay","floor":1.0},{"not_picked":["LuminesStrike","GravityBeat"],"picked":"PulseMagic","floor":4.0},{"not_picked":["LuminesStrike","Robbery"],"picked":"PropBag","floor":7.0},{"not_picked":["MilkyWay","WitchOfGreed"],"picked":"Singularity","floor":10.0},{"not_picked":["OortCloud","IllusionStar"],"picked":"NonDirectionalLaser+1","floor":11.0},{"not_picked":["UnstableBomb+1","WitchLeyline+1"],"picked":"DarkMatter","floor":12.0},{"not_picked":["PowerUp","WitchOfGreed"],"picked":"GrandCross+1","floor":14.0},{"not_picked":["EscapeVelocity","TreasureHunter+1"],"picked":"SatelliteIllusion","floor":16.0},{"not_picked":["AsteroidBelt","GrandCross+1"],"picked":"MysteriousBeam+1","floor":17.0},{"not_picked":["GravityBeat+1","ChargingUp"],"picked":"ShootingEcho+1","floor":18}],"player_experience":451047,"relics_obtained":[{"floor":9.0,"key":"Ancient Tea Set"},{"floor":12.0,"key":"Smiling Mask"},{"floor":14.0,"key":"Unceasing Top"},{"floor":20,"key":"Enchiridion"}],"event_choices":[{"damage_healed":0.0,"max_hp_gain":0.0,"max_hp_loss":0.0,"gold_gain":0.0,"event_name":"Living Wall","player_choice":"Grow","floor":2.0,"gold_loss":0.0,"damage_taken":0.0,"cards_upgraded":["MilkyWay"]},{"cards_removed":["Defend_MRS"],"damage_healed":0.0,"max_hp_gain":0.0,"max_hp_loss":0.0,"gold_gain":0.0,"event_name":"The Cleric","player_choice":"Card Removal","floor":3.0,"gold_loss":50.0,"damage_taken":0.0},{"damage_healed":0.0,"max_hp_gain":0.0,"max_hp_loss":0.0,"gold_gain":0.0,"event_name":"Scrap Ooze","player_choice":"Success","floor":8.0,"gold_loss":0.0,"damage_taken":12.0,"relics_obtained":["Molten Egg 2"]},{"damage_healed":0,"gold_gain":0,"player_choice":"Obtained Book","damage_taken":16,"max_hp_gain":0,"max_hp_loss":0,"event_name":"Cursed Tome","floor":20,"gold_loss":0},{"damage_healed":0,"gold_gain":0,"player_choice":"Read","damage_taken":0,"max_hp_gain":0,"max_hp_loss":0,"event_name":"The Library","floor":21,"gold_loss":0,"cards_obtained":["OortCloud"]}],"is_beta":false,"boss_relics":[{"not_picked":["Astrolabe","Velvet Choker"],"picked":"Tiny House"}],"items_purged_floors":[19],"is_endless":false,"potions_floor_spawned":[10,11,12,14,16],"killed_by":"Book of Stabbing","ascension_level":0}}