{"host":"vdf1n25tgqc7msgq","time":1609016424,"event":{"mods":["ATMod(阿瑾Mod)","AchievementEnabler","BaseMod","Colored Powertips","KinomotoSakuraMod(木之本樱)","Marisa（F雨　魔理沙）","Minty Spire (QoL Compilation)","Quick Restart","Remilia（蕾米莉亚）","StSLib","The Servant 0.9.4","UnlockEverythingMod","Yakumo Yukari mod","Youmu（魂魄妖梦）","[功能]商店购物价格优惠80%"],"gold_per_floor":[113,131,23,38,38,38,58,58,108,9,9,9,23,34,34,129,129,139,152,166,177,34,64,64,75,99,10,10,10,10,20,20,119,119,139,157,29,29,29],"floor_reached":38,"playtime":2520,"items_purged":["Strike_R","Strike_R","Bash","Regret","Defend_R","Strike_R","Strike_R","Strike_R","Defend_R","Defend_R","Defend_R","AT_DrawKnifeCut","Writhe","Searing Blow+1","Corruption+1"],"score":463,"play_id":"6d9c403a-5c72-4eab-9468-8c883646a71b","local_time":"20201226160024","is_ascension_mode":false,"campfire_choices":[{"floor":6,"key":"RECALL"},{"data":"AT_EmpoweredMortalDraw","floor":8,"key":"SMITH"},{"data":"Dual Wield","floor":11,"key":"SMITH"},{"floor":15,"key":"REST"},{"data":"Corruption","floor":24,"key":"SMITH"},{"data":"AT_IchimonjiDouble","floor":28,"key":"SMITH"},{"data":"Reaper","floor":30,"key":"SMITH"},{"floor":32,"key":"REST"}],"circlet_count":0,"master_deck":["AT_EmpoweredMortalDraw+1","CurseOfTheBell","Reaper+1","Dual Wield+1","Corruption+1","AT_DrawKnifeCut+1","FastingOfTheYoungPreta"],"relics":["AT_ATBox","Calling Bell","Akabeko","Meat on the Bone","Du-Vu Doll","Toolbox","Paper Frog","AntiCross","Blood Vial","AT_ChloranthyRing","AT_TrinityForce","AT_BladeRuinedKing","OrangePellets","Matryoshka","Oddly Smooth Stone","Orichalcum","Dream Catcher","PrismaticShard","War Paint","Toy Ornithopter","Molten Egg 2","Astrolabe","Medical Kit","PreservedInsect","Singing Bowl"],"acts_visited":["Exordium","TheCity","TheBeyond"],"potions_floor_usage":[13,16,20,20,23,33,38,38],"damage_taken":[{"damage":5,"enemies":"Small Slimes","floor":1,"turns":2},{"damage":6,"enemies":"Jaw Worm","floor":2,"turns":4},{"damage":6,"enemies":"Cultist","floor":4,"turns":3},{"damage":14,"enemies":"Exordium Wildlife","floor":7,"turns":2},{"damage":17,"enemies":"Large Slime","floor":13,"turns":3},{"damage":10,"enemies":"Looter","floor":14,"turns":2},{"damage":86,"enemies":"Hexaghost","floor":16,"turns":8},{"damage":0,"enemies":"Spheric Guardian","floor":18,"turns":1},{"damage":0,"enemies":"Shell Parasite","floor":19,"turns":1},{"damage":29,"enemies":"Chosen and Byrds","floor":20,"turns":4},{"damage":0,"enemies":"Snake Plant","floor":21,"turns":1},{"damage":0,"enemies":"Gremlin Leader","floor":23,"turns":2},{"damage":0,"enemies":"Centurion and Healer","floor":25,"turns":1},{"damage":0,"enemies":"Chosen and Byrds","floor":31,"turns":2},{"damage":21,"enemies":"Automaton","floor":33,"turns":4},{"damage":0,"enemies":"3 Shapes","floor":35,"turns":1},{"damage":0,"enemies":"3 Darklings","floor":36,"turns":1},{"damage":128,"enemies":"3 Darklings","floor":38,"turns":9}],"seed_played":"-6535252966772792977","potions_obtained":[{"floor":1,"key":"LiquidBronze"},{"floor":2,"key":"ColorlessPotion"},{"floor":7,"key":"FairyPotion"},{"floor":13,"key":"BlessingOfTheForge"},{"floor":14,"key":"BlessingOfTheForge"},{"floor":16,"key":"Regen Potion"},{"floor":23,"key":"Regen Potion"},{"floor":33,"key":"SpeedPotion"},{"floor":36,"key":"DuplicationPotion"}],"is_trial":false,"path_per_floor":["M","M","$","M","?","R","M","R","T","$","R","$","M","M","R","B",null,"M","M","M","M","$","E","R","M","T","$","R","?","R","M","R","B",null,"M","M","$","?"],"character_chosen":"IRONCLAD","items_purchased":["Toolbox","Paper Frog","Dual Wield","Blood Vial","AT_ChloranthyRing","AT_BladeRuinedKing","OrangePellets","Matryoshka","HeartOfIron","BloodPotion","PrismaticShard","War Paint","Toy Ornithopter","Medical Kit","PreservedInsect","Singing Bowl"],"campfire_rested":2,"item_purchase_floors":[3,3,3,10,10,22,22,22,22,22,27,27,27,37,37,37],"current_hp_per_floor":[75,74,74,73,73,73,59,59,59,59,59,59,59,51,75,46,80,80,80,73,75,75,77,77,80,80,80,80,80,80,80,80,73,80,80,80,80,0,0],"gold":29,"neow_bonus":"BOSS_RELIC","is_daily":false,"chose_seed":false,"campfire_upgraded":5,"win_rate":0.0,"timestamp":1609016424,"path_taken":["M","M","$","M","?","R","M","R","T","$","R","?","M","M","R","BOSS","M","?","M","M","$","E","R","M","T","$","R","?","R","M","R","BOSS","M","M","$","?"],"items_purchased_type":["Relic","Relic","Card","Relic","Relic","Relic","Relic","Relic","Potion","Potion","Relic","Relic","Relic","Relic","Relic","Relic"],"build_version":"2020-12-22","purchased_purges":15,"victory":false,"max_hp_per_floor":[80,80,80,80,80,80,80,80,80,80,80,80,80,80,80,80,80,80,80,80,80,80,80,80,80,80,80,80,80,80,80,80,80,80,80,80,80,80,80],"card_choices":[{"not_picked":["Shrug It Off","Warcry"],"picked":"Reaper","floor":1},{"not_picked":["Searing Blow","True Grit","AT_BodySlamDance"],"picked":"SKIP","floor":2},{"not_picked":["Reckless Charge","True Grit","Anger"],"picked":"SKIP","floor":4},{"not_picked":["Reckless Charge","True Grit","Anger"],"picked":"SKIP","floor":4},{"not_picked":["Sever Soul","Battle Trance","Reckless Charge"],"picked":"SKIP","floor":7},{"not_picked":["Armaments","Offering"],"picked":"AT_DrawKnifeCut","floor":13},{"not_picked":["Second Wind","Havoc"],"picked":"AT_IchimonjiDouble","floor":14},{"not_picked":["Exhume","Juggernaut"],"picked":"Corruption","floor":16},{"not_picked":["Fire Breathing","Pommel Strike","Anger+1"],"picked":"SKIP","floor":18},{"not_picked":["Seeing Red","Combust"],"picked":"AT_DrawKnifeCut+1","floor":19},{"not_picked":["Shrug It Off","Power Through","Armaments"],"picked":"SKIP","floor":20},{"not_picked":["Dropkick+1","Sever Soul","Hemokinesis"],"picked":"SKIP","floor":21},{"not_picked":["Offering","Uppercut","Perfected Strike"],"picked":"SKIP","floor":23},{"not_picked":["Cleave","Metallicize","Entrench+1"],"picked":"SKIP","floor":25},{"not_picked":["Sweeping Beam+1","CharismaGuard","LotusPostureSlash+1"],"picked":"SKIP","floor":31},{"not_picked":["Heavy Blade+1","PulseMagic"],"picked":"Go for the Eyes+1","floor":32},{"not_picked":["ForecastOfChange+1","AT_MyraUnstableElement"],"picked":"FastingOfTheYoungPreta","floor":33},{"not_picked":["BombardNight+1","ClowCardTheErase+1","ScarletImprint+1"],"picked":"SKIP","floor":35},{"not_picked":["Dark Shackles","Cold Snap+1","WingOfChimera_purple"],"picked":"SKIP","floor":36}],"player_experience":3498,"relics_obtained":[{"floor":0,"key":"Akabeko"},{"floor":0,"key":"Meat on the Bone"},{"floor":0,"key":"Du-Vu Doll"},{"floor":23,"key":"Oddly Smooth Stone"},{"floor":26,"key":"Orichalcum"},{"floor":26,"key":"Dream Catcher"}],"event_choices":[{"damage_healed":0,"gold_gain":0,"player_choice":"Box","damage_taken":0,"relics_obtained":["AntiCross"],"max_hp_gain":0,"max_hp_loss":0,"event_name":"Big Fish","floor":5,"gold_loss":0,"cards_obtained":["Regret"]},{"damage_healed":0,"gold_gain":0,"player_choice":"Stole Relic","damage_taken":0,"relics_obtained":["Molten Egg 2"],"max_hp_gain":0,"max_hp_loss":0,"event_name":"Addict","floor":29,"gold_loss":0,"cards_obtained":["Shame"]}],"is_beta":false,"boss_relics":[{"not_picked":["Philosopher\u0027s Stone","Mark of Pain"],"picked":"AT_TrinityForce"},{"not_picked":["Cursed Key","SacredBark"],"picked":"Astrolabe"}],"items_purged_floors":[3,3,3,10,10,10,10,10,10,10,10,22,37,37,37],"is_endless":false,"potions_floor_spawned":[1,2,7,13,14,16,16,16,18,19,19,20,21,23,31,33,36,36],"killed_by":"3 Darklings","ascension_level":0}}