{"host":"a7dhdzm3fda48fos","time":1609016343,"event":{"mods":["AchievementEnabler","BaseMod","Card Forge","Colored Map","Gold Saver","Minty Spire (QoL Compilation)","Remove Card Discount Mod","Shop Mod","StSLib"],"gold_per_floor":[805,425,390,400,93,93,93],"floor_reached":6,"playtime":581,"items_purged":[],"score":36,"play_id":"ebf6cd67-5d81-4164-8530-4d6f76c51a32","local_time":"20201226215903","is_ascension_mode":true,"campfire_choices":[],"circlet_count":0,"master_deck":["Strike_G","Strike_G","Strike_G","Strike_G","Strike_G","Defend_G","Defend_G","Defend_G","Defend_G","Defend_G","Neutralize+1","Infinite Blades+1","Barricade+1","Demon Form+1","Metallicize+1","Acrobatics+1","Tools of the Trade+1","Well Laid Plans+1","Prepared+1","Outmaneuver+1","Reflex+1","Bouncing Flask+1","Tactician+1","A Thousand Cuts+1","Noxious Fumes+1","Well Laid Plans+1","Enlightenment+1","Panache+1","Sadistic Nature+1","Secret Weapon+1","Secret Technique+1","Caltrops+1","Well Laid Plans+1","Sadistic Nature+1"],"relics":["Ring of the Snake","Hammer of Thor","Seething Fire","Anvil of the Gods","Omamori","MerchantsRug","Lantern"],"acts_visited":["Exordium"],"potions_floor_usage":[6],"damage_taken":[{"damage":35,"enemies":"Small Slimes","floor":1,"turns":4},{"damage":17,"enemies":"Jaw Worm","floor":4,"turns":5},{"damage":41,"enemies":"Gremlin Nob","floor":6,"turns":3}],"seed_played":"2502708374480262141","potions_obtained":[{"floor":1,"key":"ColorlessPotion"}],"is_trial":false,"path_per_floor":["M","$","?","M","$","E"],"character_chosen":"THE_SILENT","items_purchased":["Omamori","Caltrops","MerchantsRug","Lantern","Sadistic Nature"],"campfire_rested":0,"item_purchase_floors":[2,2,2,5,5],"current_hp_per_floor":[35,35,52,35,35,0,0],"gold":93,"neow_bonus":"TRANSFORM_CARD","is_daily":false,"chose_seed":false,"campfire_upgraded":0,"win_rate":0.0,"timestamp":1609016343,"path_taken":["M","$","?","M","$","E"],"items_purchased_type":["Relic","Card","Relic","Relic","Card"],"build_version":"2020-12-22","purchased_purges":0,"victory":false,"max_hp_per_floor":[70,70,70,70,70,70,70],"card_choices":[{"not_picked":["Bouncing Flask","Quick Slash"],"picked":"Well Laid Plans","floor":1},{"not_picked":["Caltrops","Dodge and Roll"],"picked":"Well Laid Plans","floor":4}],"player_experience":37758,"relics_obtained":[],"event_choices":[{"damage_healed":17,"gold_gain":0,"player_choice":"Healed","damage_taken":0,"max_hp_gain":0,"max_hp_loss":0,"event_name":"The Cleric","floor":3,"gold_loss":35}],"is_beta":false,"boss_relics":[],"items_purged_floors":[],"is_endless":false,"potions_floor_spawned":[1],"killed_by":"Gremlin Nob","ascension_level":1}}