{"host":"3srbdas3e7jgqz5l","time":1609015046,"event":{"mods":["BaseMod","Downfall","Jorbs\u0027s Wanderer Trilogy","Minty Spire (QoL Compilation)","StSLib"],"gold_per_floor":[109,109,124,124,37,63,63,73,73,73,93,104,36,46,46,146,146,162,181,191,38,49,49,69,103,103,3,14,114,131,143,143,242,242,261,261,88,105,124,149,149,179,179,199,199,215,235,255,255,255,255,255,50,85,85,85],"floor_reached":55,"playtime":2778,"items_purged":["Strike_B","Strike_B","Strike_B"],"score":732,"play_id":"6d270c68-10b5-43fe-b14c-d4005bce7a7f","local_time":"20201226203726","is_ascension_mode":false,"campfire_choices":[{"data":"Zap","floor":7,"key":"SMITH"},{"data":"Sunder","floor":10,"key":"SMITH"},{"data":"Creative AI","floor":15,"key":"SMITH"},{"floor":23,"key":"REST"},{"floor":32,"key":"REST"},{"floor":41,"key":"REST"},{"floor":45,"key":"RECALL"},{"floor":49,"key":"REST"},{"floor":52,"key":"REST"}],"circlet_count":0,"master_deck":["Strike_B","Defend_B","Defend_B","Defend_B","Defend_B","Zap+1","Dualcast","Cold Snap","Sunder+1","Glacier","Conserve Battery","Creative AI+1","Loop","Creative AI","Leap","Heatsinks","Defragment","Coolheaded","Fusion","Undo+1","Storm","Loop","Chill","Echo Form","Doom and Gloom+1","Turbo","Defragment+1","Double Energy+1","Defragment+1","Skim+1","FTL","Aggregate+1"],"relics":["Cracked Core","Vajra","Question Card","Cables","Fusion Hammer","Emotion Chip","Blood Vial","Nuclear Battery","Orichalcum","Anchor","Oddly Smooth Stone","Pen Nib"],"acts_visited":["Exordium","TheCity","TheBeyond","TheEnding"],"potions_floor_usage":[6,25,28,31,33,33,33,33,44,48,54,55,55],"damage_taken":[{"damage":0,"enemies":"2 Louse","floor":1,"turns":1},{"damage":0,"enemies":"Cultist","floor":3,"turns":3},{"damage":12,"enemies":"Lagavulin","floor":6,"turns":5},{"damage":0,"enemies":"Small Slimes","floor":8,"turns":2},{"damage":0,"enemies":"Gremlin Gang","floor":11,"turns":4},{"damage":1,"enemies":"Lots of Slimes","floor":12,"turns":3},{"damage":2,"enemies":"3 Louse","floor":14,"turns":2},{"damage":38,"enemies":"The Guardian","floor":16,"turns":11},{"damage":8,"enemies":"Chosen","floor":18,"turns":4},{"damage":3,"enemies":"Spheric Guardian","floor":19,"turns":4},{"damage":0,"enemies":"Snecko","floor":20,"turns":5},{"damage":8,"enemies":"Sentry and Sphere","floor":22,"turns":6},{"damage":0,"enemies":"Chosen and Byrds","floor":24,"turns":11},{"damage":42,"enemies":"Gremlin Leader","floor":25,"turns":9},{"damage":13,"enemies":"Snake Plant","floor":28,"turns":4},{"damage":10,"enemies":"Cultist and Chosen","floor":30,"turns":4},{"damage":0,"enemies":"Centurion and Healer","floor":31,"turns":6},{"damage":27,"enemies":"Champ","floor":33,"turns":11},{"damage":5,"enemies":"3 Darklings","floor":35,"turns":5},{"damage":1,"enemies":"Orb Walker","floor":38,"turns":6},{"damage":5,"enemies":"Spire Growth","floor":39,"turns":4},{"damage":25,"enemies":"Reptomancer","floor":40,"turns":5},{"damage":0,"enemies":"Nemesis","floor":42,"turns":4},{"damage":0,"enemies":"Writhing Mass","floor":44,"turns":6},{"damage":19,"enemies":"Maw","floor":46,"turns":5},{"damage":18,"enemies":"4 Shapes","floor":47,"turns":4},{"damage":16,"enemies":"Sphere and 2 Shapes","floor":48,"turns":3},{"damage":32,"enemies":"Time Eater","floor":50,"turns":9},{"damage":50,"enemies":"Shield and Spear","floor":54,"turns":8},{"damage":51,"enemies":"The Heart","floor":55,"turns":2}],"seed_played":"1342684031275618461","potions_obtained":[{"floor":3,"key":"SneckoOil"},{"floor":11,"key":"PotionOfCapacity"},{"floor":12,"key":"PowerPotion"},{"floor":18,"key":"Strength Potion"},{"floor":24,"key":"EntropicBrew"},{"floor":25,"key":"Weak Potion"},{"floor":30,"key":"Block Potion"},{"floor":39,"key":"PotionOfCapacity"},{"floor":42,"key":"hexamod:EctoCoolerPotion"},{"floor":44,"key":"Regen Potion"}],"is_trial":false,"path_per_floor":["M","?","M","?","$","E","R","M","T","R","M","M","$","M","R","B",null,"M","M","M","$","M","R","M","E","T","$","M","?","M","M","R","B",null,"M","?","$","M","M","E","R","E","T","M","R","M","M","M","R","B",null,"R","$","E","B"],"character_chosen":"DEFECT","items_purchased":["Sunder","sneckomod:MuddlingPotion","Loop","Defragment","Turbo","Oddly Smooth Stone","PowerPotion"],"campfire_rested":5,"item_purchase_floors":[5,5,13,21,37,53,53],"current_hp_per_floor":[75,75,75,75,75,63,63,63,63,63,63,62,62,60,60,22,75,67,64,64,64,56,75,75,33,33,33,22,22,14,16,38,13,75,70,63,63,64,61,38,60,62,62,64,64,47,31,26,48,18,75,75,75,25,0,0],"gold":85,"neow_bonus":"RANDOM_COMMON_RELIC","is_daily":false,"chose_seed":false,"campfire_upgraded":3,"win_rate":0.0,"timestamp":1609015046,"path_taken":["M","?","M","?","$","E","R","M","T","R","M","M","$","M","R","BOSS","M","M","M","$","?","R","M","E","T","$","M","?","?","M","R","BOSS","M","?","$","M","M","E","R","E","T","?","R","M","?","?","R","BOSS","R","$","E","BOSS"],"items_purchased_type":["Card","Potion","Card","Card","Card","Relic","Potion"],"build_version":"2020-12-22","purchased_purges":3,"victory":false,"max_hp_per_floor":[75,75,75,75,75,75,75,75,75,75,75,75,75,75,75,75,75,75,75,75,75,75,75,75,75,75,75,75,75,75,75,75,75,75,75,75,75,75,75,75,75,75,75,75,75,75,75,75,75,75,75,75,75,75,75,75],"card_choices":[{"not_picked":["Streamline","Coolheaded"],"picked":"Cold Snap","floor":1},{"not_picked":["Fusion","Stack","Beam Cell"],"picked":"SKIP","floor":3},{"not_picked":["Beam Cell","Lockon","Barrage"],"picked":"SKIP","floor":6},{"not_picked":["Recycle","Streamline","Turbo"],"picked":"Glacier","floor":8},{"not_picked":["Rebound","Coolheaded","Static Discharge"],"picked":"Conserve Battery","floor":11},{"not_picked":["Scrape","Coolheaded","Compile Driver"],"picked":"Creative AI","floor":12},{"not_picked":["Redo","Gash","Reinforced Body","Streamline"],"picked":"SKIP","floor":14},{"not_picked":["Multi-Cast","Rainbow","Thunder Strike"],"picked":"Creative AI","floor":16},{"not_picked":["Gash","Barrage","Sweeping Beam"],"picked":"Leap","floor":18},{"not_picked":["Redo+1","Turbo+1","Stack"],"picked":"Heatsinks","floor":19},{"not_picked":["Barrage","Hologram","Heatsinks","Blizzard"],"picked":"SKIP","floor":20},{"not_picked":["Rebound","Go for the Eyes","Steam Power"],"picked":"Coolheaded","floor":22},{"not_picked":["Recycle","Rebound","Beam Cell"],"picked":"Fusion","floor":24},{"not_picked":["Fission","Steam","Cold Snap"],"picked":"Undo+1","floor":25},{"not_picked":["Loop","Recycle+1","Rebound+1"],"picked":"Storm","floor":28},{"not_picked":["Chaos+1","Blizzard","Melter"],"picked":"Loop","floor":30},{"not_picked":["Leap","Genetic Algorithm","Ball Lightning"],"picked":"Chill","floor":31},{"not_picked":["Meteor Strike","Machine Learning","Electrodynamics"],"picked":"Echo Form","floor":33},{"not_picked":["Conserve Battery","Beam Cell","Stack"],"picked":"Doom and Gloom+1","floor":35},{"not_picked":["Steam","Reinforced Body+1","Tempest","Stack+1"],"picked":"SKIP","floor":38},{"not_picked":["Leap","Rebound","Meteor Strike","Conserve Battery"],"picked":"SKIP","floor":39},{"not_picked":["Sunder+1","White Noise","Sweeping Beam"],"picked":"Defragment+1","floor":40},{"not_picked":["Ball Lightning","Hologram+1","Hyperbeam"],"picked":"Double Energy+1","floor":42},{"not_picked":["Go for the Eyes+1","Coolheaded","Gash+1"],"picked":"Defragment+1","floor":44},{"not_picked":["Streamline","Undo+1","Gash"],"picked":"Skim+1","floor":46},{"not_picked":["Ball Lightning+1","Stack+1","Rip and Tear+1"],"picked":"FTL","floor":47},{"not_picked":["Rip and Tear+1","Sunder","Sweeping Beam+1","Streamline"],"picked":"SKIP","floor":48},{"not_picked":["Ball Lightning","Sunder","Auto Shields"],"picked":"Aggregate+1","floor":54}],"player_experience":526383,"relics_obtained":[{"floor":6,"key":"Question Card"},{"floor":9,"key":"Cables"},{"floor":25,"key":"Emotion Chip"},{"floor":26,"key":"Blood Vial"},{"floor":40,"key":"Orichalcum"},{"floor":42,"key":"Anchor"},{"floor":54,"key":"Pen Nib"}],"event_choices":[{"damage_healed":0,"gold_gain":0,"player_choice":"Leave","damage_taken":0,"max_hp_gain":0,"max_hp_loss":0,"event_name":"The Cleric","floor":2,"gold_loss":0},{"cards_removed":["Impervious"],"damage_healed":0,"gold_gain":0,"player_choice":"Took Card","damage_taken":0,"max_hp_gain":0,"max_hp_loss":0,"event_name":"NoteForYourself","floor":4,"gold_loss":0,"cards_obtained":["Impervious"]},{"damage_healed":0,"gold_gain":100,"player_choice":"Pray","damage_taken":0,"max_hp_gain":0,"max_hp_loss":0,"event_name":"Golden Shrine","floor":29,"gold_loss":0},{"damage_healed":0,"gold_gain":0,"player_choice":"Damaged","damage_taken":7,"max_hp_gain":0,"max_hp_loss":0,"event_name":"Wheel of Change","floor":36,"gold_loss":0}],"is_beta":false,"boss_relics":[{"not_picked":["Ectoplasm","Runic Dome"],"picked":"Fusion Hammer"},{"not_picked":["Philosopher\u0027s Stone","Astrolabe"],"picked":"Nuclear Battery"}],"items_purged_floors":[21,27,37],"is_endless":false,"potions_floor_spawned":[3,11,12,14,18,24,25,30,39,42,44,46],"killed_by":"The Heart","ascension_level":0}}