{"host":"7pal6f3elqhvlig9","time":1609004979,"event":{"mods":["2.2 Compatiblity","AchievementEnabler","Arknights The Spire","BaseMod","Colored Map","Minty Spire (QoL Compilation)","StSLib","everything is the same but u backflip on backflip"],"gold_per_floor":[112,112,112,75,75,103,113,113,164,197,227,242,253,272,272,272,272],"floor_reached":16,"playtime":562,"items_purged":[],"score":160,"play_id":"c01242c9-1a68-48a6-bf85-aecbd9b5bcba","local_time":"20201227024939","is_ascension_mode":false,"campfire_choices":[{"data":"ats:Closed Bolt Burst Fire","floor":8,"key":"SMITH"},{"data":"ats:Disruption Kick","floor":15,"key":"SMITH"}],"circlet_count":0,"master_deck":["ats:Strike C+1","ats:Strike G","ats:Strike S","ats:Strike V","ats:Armor Crushing Shot","ats:Defend","ats:Defend","ats:Defend","ats:Defend","ats:Emotion Absorption+1","ats:Overload","ats:Closed Bolt Burst Fire+1","ats:Sword Rain","ats:Powerful Strike","ats:Disruption Kick+1","ats:Chain Hook","ats:Thermite Blade"],"relics":["ats:Sanity","NeowsBlessing","ats:Ability Aura","ats:Originium","Anchor","ats:Originium","Dead Branch"],"acts_visited":["Exordium"],"potions_floor_usage":[10,13],"damage_taken":[{"damage":0,"enemies":"Small Slimes","floor":1,"turns":1},{"damage":0,"enemies":"Lagavulin","floor":6,"turns":1},{"damage":0,"enemies":"Jaw Worm","floor":7,"turns":1},{"damage":0,"enemies":"3 Sentries","floor":10,"turns":5},{"damage":0,"enemies":"2 Louse","floor":12,"turns":2},{"damage":0,"enemies":"Looter","floor":13,"turns":1},{"damage":0,"enemies":"2 Fungi Beasts","floor":14,"turns":3},{"damage":56,"enemies":"Hexaghost","floor":16,"turns":9}],"seed_played":"7457386488939172119","potions_obtained":[{"floor":1,"key":"LiquidBronze"},{"floor":6,"key":"Ancient Potion"},{"floor":10,"key":"Fire Potion"}],"is_trial":false,"path_per_floor":["M","?","?","$","?","E","M","R","T","E","?","M","M","M","R","B"],"character_chosen":"DOCTOR_CLASS","items_purchased":["ats:Closed Bolt Burst Fire"],"campfire_rested":0,"item_purchase_floors":[4],"current_hp_per_floor":[72,58,51,51,56,56,56,56,56,56,56,56,56,56,56,0,0],"gold":272,"neow_bonus":"THREE_ENEMY_KILL","is_daily":false,"chose_seed":false,"campfire_upgraded":2,"win_rate":0.0,"timestamp":1609004979,"path_taken":["M","?","?","$","?","E","?","R","T","E","?","M","M","M","R","BOSS"],"items_purchased_type":["Card"],"build_version":"2020-12-22","purchased_purges":0,"victory":false,"max_hp_per_floor":[72,72,72,72,77,77,77,77,77,77,77,77,77,77,77,77,77],"card_choices":[{"not_picked":["ats:Flame Of Heaven","ats:Apocalypse"],"picked":"ats:Overload","floor":1},{"not_picked":["ats:Poison Spread","ats:Consecutive Shot Auto","ats:Hammer On"],"picked":"SKIP","floor":6},{"not_picked":["ats:Revitalization","ats:Composite Medical Shells"],"picked":"ats:Sword Rain","floor":7},{"not_picked":["ats:Revitalization","ats:Hammer On"],"picked":"ats:Powerful Strike","floor":10},{"not_picked":["ats:Revitalization","ats:Mental Burst"],"picked":"ats:Disruption Kick","floor":12},{"not_picked":["ats:Revitalization","ats:Hammer On"],"picked":"ats:Chain Hook","floor":13},{"not_picked":["ats:Leaping Hammer","ats:Revitalization"],"picked":"ats:Thermite Blade","floor":14}],"player_experience":201159,"relics_obtained":[{"floor":6,"key":"ats:Originium"},{"floor":6,"key":"Anchor"},{"floor":10,"key":"ats:Originium"},{"floor":10,"key":"Dead Branch"}],"event_choices":[{"damage_healed":0,"gold_gain":0,"player_choice":"Entered Light","damage_taken":14,"max_hp_gain":0,"max_hp_loss":0,"event_name":"Shining Light","floor":2,"gold_loss":0,"cards_upgraded":["ats:Strike C","ats:Emotion Absorption"]},{"damage_healed":0,"gold_gain":0,"player_choice":"Success","damage_taken":7,"relics_obtained":["ats:Ability Aura"],"max_hp_gain":0,"max_hp_loss":0,"event_name":"Scrap Ooze","floor":3,"gold_loss":0},{"damage_healed":0,"gold_gain":0,"player_choice":"Donut","damage_taken":0,"max_hp_gain":5,"max_hp_loss":0,"event_name":"Big Fish","floor":5,"gold_loss":0},{"damage_healed":0,"gold_gain":30,"player_choice":"Searched \u00271\u0027 times","damage_taken":0,"max_hp_gain":0,"max_hp_loss":0,"event_name":"Dead Adventurer","floor":11,"gold_loss":0}],"is_beta":false,"boss_relics":[],"items_purged_floors":[],"is_endless":false,"potions_floor_spawned":[1,6,10],"killed_by":"Hexaghost","ascension_level":0}}