{"host":"drl4gs3853zme1q6","time":1609000412,"event":{"mods":["BaseMod","Colored Map","Colored Powertips","Hermit","Hubris","Infinite Spire","Minty Spire (QoL Compilation)","Replay The Spire","StSLib"],"gold_per_floor":[110,120,120,131,93,93,106,132,187,187,218,218,72,87,87,184,184,195,212,231,249,249,249,249],"floor_reached":23,"playtime":1017,"items_purged":[],"score":228,"play_id":"2b6adf86-85ff-428e-8625-ada8f5af1519","local_time":"20201226103332","daily_mods":["Heirloom","Time Dilation"],"is_ascension_mode":false,"campfire_choices":[{"data":"hermit:GoldenBullet","floor":6,"key":"SMITH"},{"data":"hermit:Grudge","floor":12,"key":"SMITH"},{"floor":15,"key":"REST"}],"circlet_count":0,"master_deck":["hermit:Strike_Hermit","hermit:Strike_Hermit","hermit:Strike_Hermit","hermit:Strike_Hermit","hermit:Defend_Hermit","hermit:Defend_Hermit","hermit:Defend_Hermit","hermit:Defend_Hermit","hermit:Snapshot","hermit:Covet","hermit:BodyArmor","hermit:GoldenBullet+1","hermit:Misfire","hermit:Grudge+1","hermit:Ricochet","hermit:Quickdraw","hermit:Shortfuse","hermit:SprayPray","hermit:FromBeyond","hermit:WideOpen+1","hermit:GoldenBullet","hermit:Glare","hermit:Headshot","infinitespire:Starlight"],"relics":["hermit:Momento","hubris:MedicalManual","hermit:RedScarf","Anchor","hubris:Towel","Ancient Tea Set","Membership Card","hermit:ClaspedLocket","Replay:Kaleidoscope"],"acts_visited":["Exordium","TheCity"],"potions_floor_usage":[11,11,23],"damage_taken":[{"damage":3,"enemies":"Jaw Worm","floor":1,"turns":3},{"damage":0,"enemies":"Cultist","floor":2,"turns":3},{"damage":5,"enemies":"Small Slimes","floor":4,"turns":5},{"damage":0,"enemies":"Exordium Thugs","floor":7,"turns":2},{"damage":11,"enemies":"Gremlin Nob","floor":8,"turns":3},{"damage":0,"enemies":"3 Sentries","floor":11,"turns":2},{"damage":0,"enemies":"Looter","floor":14,"turns":1},{"damage":33,"enemies":"Slime Boss","floor":16,"turns":9},{"damage":15,"enemies":"3 Byrds","floor":18,"turns":5},{"damage":5,"enemies":"Shell Parasite","floor":19,"turns":3},{"damage":18,"enemies":"3 Cultists","floor":20,"turns":6},{"damage":21,"enemies":"Sentry and Sphere","floor":21,"turns":5},{"damage":27,"enemies":"Gremlin Leader","floor":23,"turns":2}],"seed_played":"8385231865811221876","potions_obtained":[{"floor":1,"key":"Elixir"},{"floor":2,"key":"GamblersBrew"},{"floor":4,"key":"SteroidPotion"},{"floor":8,"key":"SteroidPotion"},{"floor":19,"key":"Adrenaline Potion"}],"is_trial":true,"path_per_floor":["M","M","?","M","$","R","M","E","T","?","E","R","$","M","R","B",null,"M","M","M","M","AVR","E"],"character_chosen":"HERMIT","items_purchased":["hermit:Grudge","Membership Card"],"campfire_rested":1,"item_purchase_floors":[5,13],"current_hp_per_floor":[72,72,72,67,67,67,67,56,56,56,56,56,56,56,75,42,75,60,55,37,16,16,0,0],"gold":249,"neow_bonus":"","is_daily":false,"chose_seed":false,"campfire_upgraded":2,"win_rate":0.0,"timestamp":1609000412,"path_taken":["M","M","?","M","$","R","?","E","T","?","E","R","?","M","R","BOSS","M","M","M","M","AVR","E"],"items_purchased_type":["Card","Relic"],"build_version":"2020-12-22","purchased_purges":0,"victory":false,"max_hp_per_floor":[75,75,75,75,75,75,75,75,75,75,75,75,75,75,75,75,75,75,75,75,75,75,75,75],"card_choices":[{"not_picked":["hermit:Spite","hermit:Coalescence"],"picked":"hermit:BodyArmor","floor":1},{"not_picked":["hermit:CalledShot","hermit:TakeCover"],"picked":"hermit:GoldenBullet","floor":2},{"not_picked":["hermit:Manifest","hermit:FullyLoaded"],"picked":"hermit:Misfire","floor":4},{"not_picked":["hermit:BodyArmor","hermit:Deadeye"],"picked":"hermit:Ricochet","floor":7},{"not_picked":["hermit:DeadMansHand","hermit:Feint"],"picked":"hermit:Quickdraw","floor":8},{"not_picked":["hermit:Showdown","hermit:FinalCanter"],"picked":"hermit:Shortfuse","floor":11},{"not_picked":["hermit:WideOpen","hermit:Vantage"],"picked":"hermit:SprayPray","floor":14},{"not_picked":["hermit:Adapt","hermit:Magnum"],"picked":"hermit:FromBeyond","floor":16},{"not_picked":["hermit:Feint","hermit:Quickdraw"],"picked":"hermit:WideOpen+1","floor":18},{"not_picked":["hermit:ItchyTrigger","hermit:Manifest"],"picked":"hermit:GoldenBullet","floor":19},{"not_picked":["hermit:ShadowCloak+1","hermit:Purgatory"],"picked":"hermit:Glare","floor":20},{"not_picked":["hermit:Desperado","hermit:DeadMansHand+1"],"picked":"hermit:Headshot","floor":21}],"player_experience":336123,"relics_obtained":[{"floor":8,"key":"hermit:RedScarf"},{"floor":9,"key":"Anchor"},{"floor":11,"key":"Ancient Tea Set"}],"event_choices":[{"damage_healed":0,"gold_gain":0,"player_choice":"Ignored","damage_taken":0,"max_hp_gain":0,"max_hp_loss":0,"event_name":"NoteForYourself","floor":3,"gold_loss":0}],"is_beta":false,"boss_relics":[{"not_picked":["Empty Cage","hubris:GrandSneckoEye","Runic Dome"]}],"items_purged_floors":[],"is_endless":false,"potions_floor_spawned":[1,2,4,8,19],"killed_by":"Gremlin Leader","ascension_level":0}}