{"host":"yd9r7zy2pq4z3cad","time":1609001540,"event":{"mods":["AchievementEnabler","Act Like it!","Astrologer","BaseMod","Beaked The Cultist","Better Third Choice","BetterRewards","Colored Map","Colored Powertips","Conspire","Curses Come First","Displayed Cursed Tome","Downfall","Elementarium","GifTheSpireLib","Halation","Hallownest","Hermit","Highlight Path","Hubris","Infinite Spire","Jorbs\u0027s Wanderer Trilogy","Menagerie","Minty Spire (QoL Compilation)","Pale of the Ancients","Permanent Neow","Rare Cards Sparkle","Relic Sorter","Relic Stats","Replay The Spire","Shade Mod","StSLib","Stuff the Spire","The Alterego","The Blackbeard","The Bladedancer","The Bug Knight","The Cursed","The Dragon Tamer","The Exalted","The Factory","The Forsaken","The Gatherer","The Hierophant","The Jungle","The Mystic","The Necromancer","The Problem Sleuth","The Runesmith","The Servant 0.9.4","The Spell Scribe","vexMod"],"gold_per_floor":[99,146,246,15,27,61,93,126,126,226,226,258,258,2,2,104,104,124,124,124,144,144,170,170,204,204,204,237,237,263,280,280,378,378,396,407,35,35,60,60,60,88,88,88,99,99,125,0,0,0,20,20,20,46,46,57,57,81,81,81],"floor_reached":61,"playtime":3714,"items_purged":["Strike_S","FloweringNight+1","Strike_S","Strike_S","Defend_S"],"score":1250,"play_id":"926e8a07-9ee9-46cd-85c7-c15af10baec9","local_time":"20201226215220","daily_mods":["Heirloom","Flight","downfall:Lament","Elite Swarm"],"is_ascension_mode":false,"campfire_choices":[{"floor":13.0,"key":"REST"},{"data":"FlawlessForm","floor":15.0,"key":"SMITH"},{"floor":24.0,"key":"REST"},{"floor":27.0,"key":"REST"},{"floor":32,"key":"REST"},{"floor":40,"key":"REST"},{"data":"Solidify","floor":41,"key":"SMITH"},{"data":"MoonPhase","floor":44,"key":"SMITH"},{"data":"SilverBlades","floor":46,"key":"SMITH"},{"floor":49,"key":"DIG"},{"data":"MurderousAura","floor":55,"key":"SMITH"},{"data":"Initiator","floor":57,"key":"SMITH"}],"circlet_count":0,"master_deck":["Strike_S","Defend_S","Defend_S+1","KidneyShot","Exchange","BestPractice+1","Solidify+1","MurderousAura+1","FlawlessForm+1","DoubleEdge+1","Rearm","MurderousAura+1","ShatteredReality+1","MoonPhase+1","Potential+1","Initiator+1","SilverBlades+1"],"relics":["Uniform","hubris:Reverence","paleoftheancients:SoulOfTheHexaghost","Replay:Wax Seal","NeowsBlessing","Ring of Chaos","mysticmod:CrystalBall","theForsaken:Kindling","Bag of Preparation","Bromod:ArcaneNullifier","Kunai","infinitespire:Eraser","vexMod:PlasmaPancake","Potion Belt","conspire:TopHat","champ:Barbells","conspire:SpecialSausage","Strawberry","halation:Convergence","Bromod:ArcaneDeflection","conspire:BottledYoYo","conspire:DecoderRing","halation:Toothbrush","MysterySword","halation:PrussianBluePaint","Bromod:ArcaneTempo","Iron Hammer","conspire:Dentures","StuffTheSpire:Gunfinga","theForsaken:Lifeblossom","infinitespire:PuzzleCube","paleoftheancients:Timepiece","Anchor","Mercury Hourglass","Guardian:PocketSentry","Centennial Puzzle"],"acts_visited":["Exordium","TheCity","TheBeyond","paleoftheancients:PaleOfTheAncients"],"potions_floor_usage":[31,33,50,50,52,52],"damage_taken":[{"damage":0.0,"enemies":"Cultist","floor":5.0,"turns":1.0},{"damage":0.0,"enemies":"3 Sentries","floor":6.0,"turns":1.0},{"damage":0.0,"enemies":"Gremlin Nob","floor":7.0,"turns":1.0},{"damage":0.0,"enemies":"Lagavulin","floor":8.0,"turns":11.0},{"damage":34.0,"enemies":"Gremlin Nob","floor":12.0,"turns":5.0},{"damage":22.0,"enemies":"Slime Boss","floor":16.0,"turns":16.0},{"damage":4.0,"enemies":"Shell Parasite","floor":18.0,"turns":6.0},{"damage":0.0,"enemies":"2 Thieves","floor":21.0,"turns":1.0},{"damage":33.0,"enemies":"Gremlin Leader","floor":23.0,"turns":5.0},{"damage":19.0,"enemies":"Book of Stabbing","floor":25.0,"turns":5.0},{"damage":27.0,"enemies":"Gremlin Leader","floor":28.0,"turns":5.0},{"damage":17.0,"enemies":"Slavers","floor":30.0,"turns":5.0},{"damage":12,"enemies":"Snake Plant","floor":31,"turns":4},{"damage":3,"enemies":"hubris:MusketHawk","floor":33,"turns":6},{"damage":15,"enemies":"Orb Walker","floor":35,"turns":4},{"damage":38,"enemies":"3 Darklings","floor":36,"turns":4},{"damage":2,"enemies":"beaked:SuperParasite","floor":42,"turns":6},{"damage":0,"enemies":"Sphere and 2 Shapes","floor":45,"turns":3},{"damage":14,"enemies":"Giant Head","floor":47,"turns":5},{"damage":24,"enemies":"Replay:Hell Engine","floor":50,"turns":6},{"damage":30,"enemies":"Replay:Hell Engine","floor":51,"turns":9},{"damage":18,"enemies":"Replay:Hell Engine","floor":52,"turns":6},{"damage":14,"enemies":"Replay:Hell Engine","floor":56,"turns":13},{"damage":42,"enemies":"paleoftheancients:N","floor":60,"turns":9}],"seed_played":"-6548119127087721175","potions_obtained":[{"floor":6.0,"key":"SkillPotion"},{"floor":16.0,"key":"Dexterity Potion"},{"floor":18.0,"key":"AttackPotion"},{"floor":30,"key":"Flashbang"},{"floor":31,"key":"AttackPotion"},{"floor":39,"key":"Ancient Potion"},{"floor":39,"key":"SmokeBomb"},{"floor":39,"key":"FearPotion"},{"floor":42,"key":"Explosive Potion"},{"floor":45,"key":"BlessingOfTheForge"},{"floor":51,"key":"PowerPotion"}],"is_trial":true,"path_per_floor":["?","T","WH","$","M","E","E","E","T","WH","WH","E","R","$","R","B",null,"M","WH","AVR","M","WH","E","R","E","T","R","E","?","E","M","R_BF","B",null,"M","M","$","AVR","?","R","R","E","T","R","M","R","E","$","R_BF","B","M","M","?","T","R","M","R","T","?","B",null],"character_chosen":"THE_SERVANT","items_purchased":["Bromod:ArcaneNullifier","champ:Barbells","halation:PrussianBluePaint","Bromod:ArcaneTempo","MoonPhase"],"campfire_rested":5,"item_purchase_floors":[4,14,37,37,37],"current_hp_per_floor":[65,65,65,65,65,65,65,71,71,71,71,37,63,63,63,41,76,72,79,79,79,87,54,86,67,67,100,73,70,53,41,76,73,106,91,53,53,56,56,93,93,91,91,91,91,91,77,80,80,117,103,104,104,104,104,107,107,107,107,94],"gold":81,"neow_bonus":"TEN_PERCENT_HP_BONUS","is_daily":false,"chose_seed":false,"campfire_upgraded":6,"win_rate":0.0,"timestamp":1609001540,"path_taken":["?","?","WH","$","?","E","E","E","T","WH","WH","E","R","$","R","BOSS","M","WH","AVR","?","WH","E","R","E","T","R","E","?","E","M","R_BF","BOSS","M","?","?","AVR","?","R","R","E","T","R","M","R","E","$","R_BF","BOSS","M","M","?","T","R","M","R","T","?","BOSS"],"items_purchased_type":["Relic","Relic","Relic","Relic","Card"],"build_version":"2020-12-22","purchased_purges":5,"victory":true,"max_hp_per_floor":[65,65,65,65,65,65,65,71,71,71,71,71,76,76,76,76,76,76,83,83,83,91,91,96,96,96,101,101,101,101,101,106,106,106,106,106,106,109,109,114,114,114,114,114,114,114,114,117,117,117,117,117,117,117,117,117,117,117,117,117],"relic_stats":{"Centennial Puzzle":[3],"counters":[24,137],"Bag of Preparation":[48],"Kunai":[49],"obtain_stats":[{"vexMod:PlasmaPancake":8,"Bromod:ArcaneNullifier":4,"conspire:SpecialSausage":17,"theForsaken:Lifeblossom":47,"Uniform":0,"Bag of Preparation":2,"conspire:TopHat":12,"StuffTheSpire:Gunfinga":43,"Centennial Puzzle":58,"theForsaken:Kindling":0,"halation:PrussianBluePaint":37,"Strawberry":19,"conspire:DecoderRing":26,"Bromod:ArcaneTempo":37,"halation:Toothbrush":28,"Iron Hammer":38,"Kunai":6,"infinitespire:Eraser":7,"Replay:Wax Seal":11,"Potion Belt":9,"conspire:Dentures":42,"champ:Barbells":14,"mysticmod:CrystalBall":0,"NeowsBlessing":0,"paleoftheancients:SoulOfTheHexaghost":56,"Ring of Chaos":0,"Guardian:PocketSentry":54,"Mercury Hourglass":50,"paleoftheancients:Timepiece":50,"Anchor":50,"Bromod:ArcaneDeflection":23,"MysterySword":34,"conspire:BottledYoYo":25,"halation:Convergence":20,"infinitespire:PuzzleCube":49,"hubris:Reverence":30},{"vexMod:PlasmaPancake":4,"Bromod:ArcaneNullifier":0,"conspire:SpecialSausage":6,"theForsaken:Lifeblossom":19,"Uniform":0,"Bag of Preparation":0,"conspire:TopHat":5,"StuffTheSpire:Gunfinga":17,"Centennial Puzzle":23,"theForsaken:Kindling":0,"halation:PrussianBluePaint":16,"Strawberry":7,"conspire:DecoderRing":10,"Bromod:ArcaneTempo":16,"halation:Toothbrush":11,"Iron Hammer":16,"Kunai":2,"infinitespire:Eraser":3,"Replay:Wax Seal":4,"Potion Belt":4,"conspire:Dentures":17,"champ:Barbells":5,"mysticmod:CrystalBall":0,"NeowsBlessing":0,"paleoftheancients:SoulOfTheHexaghost":23,"Ring of Chaos":0,"Guardian:PocketSentry":22,"Mercury Hourglass":20,"paleoftheancients:Timepiece":20,"Anchor":20,"Bromod:ArcaneDeflection":9,"MysterySword":14,"conspire:BottledYoYo":10,"halation:Convergence":7,"infinitespire:PuzzleCube":19,"hubris:Reverence":12},{"vexMod:PlasmaPancake":14,"Bromod:ArcaneNullifier":0,"conspire:SpecialSausage":35,"theForsaken:Lifeblossom":94,"Uniform":0,"Bag of Preparation":0,"conspire:TopHat":19,"StuffTheSpire:Gunfinga":86,"Centennial Puzzle":128,"theForsaken:Kindling":0,"halation:PrussianBluePaint":80,"Strawberry":41,"conspire:DecoderRing":52,"Bromod:ArcaneTempo":80,"halation:Toothbrush":57,"Iron Hammer":80,"Kunai":2,"infinitespire:Eraser":3,"Replay:Wax Seal":14,"Potion Belt":14,"conspire:Dentures":86,"champ:Barbells":19,"mysticmod:CrystalBall":0,"NeowsBlessing":0,"paleoftheancients:SoulOfTheHexaghost":128,"Ring of Chaos":0,"Guardian:PocketSentry":115,"Mercury Hourglass":100,"paleoftheancients:Timepiece":100,"Anchor":100,"Bromod:ArcaneDeflection":47,"MysterySword":72,"conspire:BottledYoYo":52,"halation:Convergence":41,"infinitespire:PuzzleCube":94,"hubris:Reverence":62}],"Mercury Hourglass":[235]},"card_choices":[{"not_picked":["Alleviate","Advance"],"picked":"BestPractice","floor":5.0},{"not_picked":["Dilation","LightFlow"],"picked":"Solidify","floor":6.0},{"not_picked":["PendulumOfEternity","TrueSight","LightFlow"],"picked":"SKIP","floor":7.0},{"not_picked":["ForgedInTime","KillingDoll"],"picked":"MurderousAura","floor":8.0},{"not_picked":["ForgedInTime","Dilation"],"picked":"FlawlessForm","floor":12.0},{"not_picked":["Rewind+1","Defy"],"picked":"DoubleEdge+1","floor":18.0},{"not_picked":["Alleviate","Revamp+1","FastForward"],"picked":"SKIP","floor":21.0},{"not_picked":["ForgedInTime","PendulumOfEternity","FlawlessForm"],"picked":"SKIP","floor":23.0},{"not_picked":["Initiator","FlawlessForm","Duplication"],"picked":"SKIP","floor":25.0},{"not_picked":["SoulSculpture","Sunlight","TrueSight"],"picked":"SKIP","floor":28.0},{"not_picked":["PendulumOfEternity","TrueSight","LightFlow"],"picked":"SKIP","floor":30},{"not_picked":["Foresight","Replace+1"],"picked":"Rearm","floor":31},{"not_picked":["ForgedInTime","PendulumOfEternity"],"picked":"MurderousAura","floor":33},{"not_picked":["FastForward+1","Unruled"],"picked":"ShatteredReality+1","floor":35},{"not_picked":["Rearm+1","Alleviate+1","Foresight"],"picked":"SKIP","floor":36},{"not_picked":["FastForward+1","TimeWarp+1"],"picked":"Potential+1","floor":39},{"not_picked":["Sunlight","MurderousAura"],"picked":"Initiator","floor":42},{"not_picked":["Spin+1","Moonlight+1"],"picked":"SilverBlades","floor":45},{"not_picked":["Initiator","Sunlight","TheWorld"],"picked":"SKIP","floor":47},{"not_picked":["SpecialFormula","Spin","ShiftingGears"],"picked":"SKIP","floor":51},{"not_picked":["ShatteredReality+1","ShiftingGears","SilverBlades+1"],"picked":"SKIP","floor":56}],"player_experience":174970,"relics_obtained":[{"floor":2.0,"key":"Bag of Preparation"},{"floor":6.0,"key":"Kunai"},{"floor":7.0,"key":"infinitespire:Eraser"},{"floor":8.0,"key":"vexMod:PlasmaPancake"},{"floor":9.0,"key":"Potion Belt"},{"floor":12.0,"key":"conspire:TopHat"},{"floor":23.0,"key":"Bromod:ArcaneDeflection"},{"floor":25.0,"key":"conspire:BottledYoYo"},{"floor":26.0,"key":"conspire:DecoderRing"},{"floor":28.0,"key":"halation:Toothbrush"},{"floor":30,"key":"hubris:Reverence"},{"floor":42,"key":"conspire:Dentures"},{"floor":43,"key":"StuffTheSpire:Gunfinga"},{"floor":47,"key":"theForsaken:Lifeblossom"},{"floor":49,"key":"infinitespire:PuzzleCube"},{"floor":54,"key":"Guardian:PocketSentry"},{"floor":56,"key":"paleoftheancients:SoulOfTheHexaghost"},{"floor":58,"key":"Centennial Puzzle"}],"event_choices":[{"damage_healed":0.0,"max_hp_gain":0.0,"max_hp_loss":0.0,"gold_gain":0.0,"event_name":"Designer","player_choice":"Punched","floor":29.0,"gold_loss":0.0,"damage_taken":3.0}],"is_beta":false,"boss_relics":[{"not_picked":["infinitespire:Cupcake","Coffee Dripper"],"picked":"conspire:SpecialSausage"},{"not_picked":["halation:PlatinumPhoenix","Calling Bell"],"picked":"MysterySword"}],"items_purged_floors":[4,14,20,38,48],"is_endless":false,"potions_floor_spawned":[6,16,18,30,31,42,45,47,51,52],"ascension_level":0}}