{"host":"vdf1n25tgqc7msgq","time":1609024934,"event":{"mods":["ATMod(阿瑾Mod)","AchievementEnabler","BaseMod","BetterRewards","Colored Powertips","KinomotoSakuraMod(木之本樱)","Marisa（F雨　魔理沙）","Minty Spire (QoL Compilation)","Quick Restart","Remilia（蕾米莉亚）","Replay The Spire","StSLib","The Servant 0.9.4","UnlockEverythingMod","Yakumo Yukari mod","Youmu（魂魄妖梦）","Yuyuko","[功能]商店购物价格优惠80%","simple"],"gold_per_floor":[2085,131,191,241,241,241,241,241,366,741,741,741,197,292,292,807,807,857,1857,1947,2007,2077,696,696,786,1056,1126,1126,1181,1311,1391,1391,1911,2161,2226,2326,2326,2386,2441,2441,2581,2626,2626,2626,2771,2771,2821,2901,2901,2901,2901,2901,2552,2702,2702],"floor_reached":56,"playtime":1572,"items_purged":["Bash","Defend_R","Defend_R","Strike_R","Strike_R","Strike_R"],"score":1421,"play_id":"07f39af9-0d1c-446f-8084-0f5dd393b5bb","local_time":"20201226182214","is_ascension_mode":false,"campfire_choices":[{"data":"Searing Blow+1","floor":6,"key":"SMITH"},{"data":"Searing Blow+2","floor":6,"key":"SMITH"},{"data":"Searing Blow+3","floor":6,"key":"SMITH"},{"data":"Searing Blow+4","floor":6,"key":"SMITH"},{"data":"Searing Blow+5","floor":6,"key":"SMITH"},{"data":"Searing Blow+6","floor":6,"key":"SMITH"},{"data":"Searing Blow+7","floor":6,"key":"SMITH"},{"data":"Searing Blow+8","floor":6,"key":"SMITH"},{"data":"Searing Blow+9","floor":6,"key":"SMITH"},{"data":"Searing Blow+10","floor":6,"key":"SMITH"},{"data":"Searing Blow+11","floor":6,"key":"SMITH"},{"data":"Searing Blow+12","floor":6,"key":"SMITH"},{"data":"Searing Blow+13","floor":6,"key":"SMITH"},{"data":"Searing Blow+14","floor":6,"key":"SMITH"},{"data":"Defend_R","floor":6,"key":"SMITH"},{"data":"Defend_R","floor":6,"key":"SMITH"},{"data":"Strike_R","floor":6,"key":"SMITH"},{"data":"Strike_R","floor":6,"key":"SMITH"},{"floor":6,"key":"RECALL"},{"floor":8,"key":"REST"},{"floor":12,"key":"REST"},{"data":"Defend_R+1","floor":15,"key":"PURGE"},{"data":"AT_DrawKnifeCut+1","floor":15,"key":"PURGE"},{"data":"Defend_R+1","floor":15,"key":"PURGE"},{"data":"Strike_R+1","floor":15,"key":"PURGE"},{"data":"Strike_R+1","floor":15,"key":"PURGE"},{"data":"Searing Blow+15","floor":15,"key":"SMITH"},{"data":"Searing Blow+16","floor":15,"key":"SMITH"},{"data":"Searing Blow+17","floor":15,"key":"SMITH"},{"data":"Searing Blow+18","floor":15,"key":"SMITH"},{"data":"Searing Blow+19","floor":15,"key":"SMITH"},{"floor":15,"key":"REST"},{"floor":32,"key":"DIG"},{"data":"Searing Blow+21","floor":40,"key":"SMITH"},{"floor":40,"key":"REST"},{"floor":42,"key":"REST"},{"data":"Flex","floor":44,"key":"SMITH"},{"floor":44,"key":"REST"},{"floor":49,"key":"DIG"},{"data":"Searing Blow+25","floor":52,"key":"SMITH"},{"floor":52,"key":"REST"}],"circlet_count":0,"master_deck":["Searing Blow+27","AT_ShrugMaster+1","AT_ShrugMaster+1","Dual Wield+1","Dramatic Entrance+1","Flex+1","Survey Options+1"],"relics":["Burning Blood","Peace Pipe","Ginger","Turnip","Unceasing Top","Omamori","Ice Cream","The Courier","AT_ATBox","Meat on the Bone","Divine Protection","Matryoshka","Pear","Lantern","Calipers","Shuriken","ReplayFunnel","Regal Pillow","Ancient Tea Set","Darkstone Periapt","Molten Egg 2","AT_SunfireAegis","AT_ForceNature","Replay:Wax Seal","Replay:Rubber Ducky","Golden Egg","Frozen Eye","Charon\u0027s Ashes","AT_ArchangelStaff","Runic Pyramid","StrikeDummy","Medical Kit","Akabeko","CeramicFish","Eternal Feather","Gremlin Horn","Bag of Marbles","Bottled Tornado","Gremlin Food","Magic Flower","War Paint","Potion Belt","AT_ChloranthyRing","Snack Pack","Dream Catcher","Tiny House","Pantograph","Letter Opener","Pen Nib","ReplayTheSpireMod:Ninjato","HandDrill","Vajra","Blue Candle","Replay:Bottled Steam","Mirror"],"acts_visited":["Exordium","TheCity","TheBeyond","TheEnding"],"potions_floor_usage":[],"damage_taken":[{"damage":1,"enemies":"Jaw Worm","floor":1,"turns":2},{"damage":0,"enemies":"2 Louse","floor":3,"turns":2},{"damage":0,"enemies":"Small Slimes","floor":4,"turns":3},{"damage":0,"enemies":"2 Fungi Beasts","floor":14,"turns":2},{"damage":0,"enemies":"Slime Boss","floor":16,"turns":1},{"damage":0,"enemies":"Chosen","floor":18,"turns":1},{"damage":0,"enemies":"Shell Parasite","floor":20,"turns":1},{"damage":0,"enemies":"3 Cultists","floor":21,"turns":1},{"damage":0,"enemies":"Shelled Parasite and Fungi","floor":22,"turns":1},{"damage":0,"enemies":"Centurion and Healer","floor":25,"turns":1},{"damage":0,"enemies":"Chosen and Byrds","floor":27,"turns":1},{"damage":0,"enemies":"Snecko","floor":29,"turns":1},{"damage":0,"enemies":"Gremlin Leader","floor":30,"turns":1},{"damage":0,"enemies":"Cultist and Chosen","floor":31,"turns":1},{"damage":0,"enemies":"Collector","floor":33,"turns":4},{"damage":0,"enemies":"3 Shapes","floor":35,"turns":1},{"damage":0,"enemies":"3 Darklings","floor":36,"turns":1},{"damage":0,"enemies":"Maw","floor":38,"turns":1},{"damage":0,"enemies":"Writhing Mass","floor":39,"turns":1},{"damage":0,"enemies":"R_Hoarder","floor":41,"turns":1},{"damage":0,"enemies":"Reptomancer","floor":45,"turns":1},{"damage":0,"enemies":"Jaw Worm Horde","floor":47,"turns":1},{"damage":0,"enemies":"Spire Growth","floor":48,"turns":1},{"damage":0,"enemies":"Replay:Hell Engine","floor":50,"turns":1},{"damage":0,"enemies":"Shield and Spear","floor":54,"turns":1},{"damage":38,"enemies":"The Heart","floor":55,"turns":3}],"seed_played":"6725602179074928904","potions_obtained":[{"floor":1,"key":"SkillPotion"},{"floor":3,"key":"SpeedPotion"},{"floor":4,"key":"SkillPotion"},{"floor":14,"key":"Energy Potion"},{"floor":18,"key":"AttackPotion"},{"floor":18,"key":"Strength Potion"},{"floor":35,"key":"Languid Potion"},{"floor":41,"key":"Energy Potion"}],"is_trial":false,"path_per_floor":["M","$","M","M","?","R","?","R","T","?","?","R","$","M","R","B",null,"M","?","M","M","M","$","?","M","T","M","?","M","E","M","R","B",null,"M","M","$","M","M","R","E","R","T","R","E","?","M","M","R","B",null,"R","$","E","B",null],"character_chosen":"IRONCLAD","items_purchased":["Meat on the Bone","Divine Protection","Matryoshka","Pear","Lantern","Calipers","Shuriken","ReplayFunnel","Regal Pillow","Ancient Tea Set","Darkstone Periapt","Molten Egg 2","AT_SunfireAegis","Replay:Rubber Ducky","Golden Egg","Frozen Eye","Charon\u0027s Ashes","AT_ArchangelStaff","AT_ShrugMaster","AT_ShrugMaster","AT_DrawKnifeCut+1","StrikeDummy","Medical Kit","Akabeko","CeramicFish","Eternal Feather","Gremlin Horn","Bag of Marbles","Bottled Tornado","Gremlin Food","Magic Flower","War Paint","Dramatic Entrance+1","HandDrill","Vajra","Blue Candle","Replay:Bottled Steam","Survey Options"],"campfire_rested":7,"item_purchase_floors":[2,2,2,2,2,2,2,2,2,2,2,2,2,13,13,13,13,13,13,13,13,23,23,23,23,23,23,23,23,23,23,23,23,53,53,53,53,53],"current_hp_per_floor":[85,95,95,95,88,88,88,95,95,84,84,95,95,95,95,95,95,95,95,95,95,95,95,95,95,95,95,95,95,95,95,95,95,100,100,100,100,100,100,100,100,100,100,100,100,95,95,95,95,95,95,95,95,95,66],"gold":2702,"neow_bonus":"RANDOM_EVENT","is_daily":false,"chose_seed":false,"campfire_upgraded":26,"win_rate":0.0,"timestamp":1609024934,"path_taken":["M","$","M","M","?","R","?","R","T","?","?","R","$","?","R","BOSS","M","?","M","M","?","$","?","M","T","M","?","M","E","?","R","BOSS","M","M","$","M","M","R","E","R","T","R","E","?","M","M","R","BOSS","R","$","E","BOSS"],"items_purchased_type":["Relic","Relic","Relic","Relic","Relic","Relic","Relic","Relic","Relic","Relic","Relic","Relic","Relic","Relic","Relic","Relic","Relic","Relic","Card","Card","Card","Relic","Relic","Relic","Relic","Relic","Relic","Relic","Relic","Relic","Relic","Relic","Card","Relic","Relic","Relic","Relic","Card"],"build_version":"2020-12-22","purchased_purges":6,"victory":true,"max_hp_per_floor":[85,95,95,95,95,95,95,95,95,95,95,95,95,95,95,95,95,95,95,95,95,95,95,95,95,95,95,95,95,95,95,95,95,100,100,100,100,100,100,100,100,100,100,100,100,95,95,95,95,95,95,95,95,95,95],"card_choices":[{"not_picked":["Clash","Bloodletting","ReplayTheSpireMod:Strike From Hell"],"picked":"SKIP","floor":1},{"not_picked":["Abandon","ReplayTheSpireMod:Strike From Hell+1","Pommel Strike+1"],"picked":"SKIP","floor":3},{"not_picked":["Flame Barrier","Rampage+1"],"picked":"Searing Blow+1","floor":4},{"not_picked":["Headbutt+1","Uppercut+1","Twin Strike+1"],"picked":"SKIP","floor":14},{"not_picked":["Havoc","ReplayReversal+1","ReplayTheSpireMod:Strike From Hell+1"],"picked":"SKIP","floor":18},{"not_picked":["Feel No Pain+1","Anger+1","AT_BodySlamDance"],"picked":"SKIP","floor":20},{"not_picked":["Headbutt+1","Seeing Red"],"picked":"Dual Wield+1","floor":21},{"not_picked":["AT_ManFootWork","Headbutt+1","Spot Weakness"],"picked":"SKIP","floor":22},{"not_picked":["Clothesline+1","Evolve","AT_IchimonjiDouble+1"],"picked":"SKIP","floor":25},{"not_picked":["Perfected Strike+1","Body Slam+1","Rampage+1"],"picked":"SKIP","floor":27},{"not_picked":["Run Through+1","Wild Strike+1","Iron Wave+1"],"picked":"SKIP","floor":29},{"not_picked":["AT_BodySlamDance","Uppercut+1","Armaments"],"picked":"SKIP","floor":30},{"not_picked":["Clash+1","AT_GerminateFire","ReplayTheSpireMod:Muscle Training"],"picked":"SKIP","floor":31},{"not_picked":["Warcry","Anger+1","Clash+1"],"picked":"SKIP","floor":35},{"not_picked":["Body Slam+1","Heavy Blade+1","Thunderclap+1"],"picked":"SKIP","floor":36},{"not_picked":["Reckless Charge+1","Heavy Blade+1","Battle Trance"],"picked":"SKIP","floor":38},{"not_picked":["AT_ShrugMaster","Immolate+1","AT_BodySlamDance"],"picked":"SKIP","floor":39},{"not_picked":["Twin Strike+1","AT_BodySlamDance","Reckless Charge+1"],"picked":"SKIP","floor":41},{"not_picked":["ReplayTheSpireMod:Muscle Training+1","ReplayTheSpireMod:Strike From Hell+1"],"picked":"Flex","floor":42},{"not_picked":["Pummel+1","Exhume","Wild Strike+1"],"picked":"SKIP","floor":45},{"not_picked":["Cleave+1","Iron Wave+1","Infernal Blade+1"],"picked":"SKIP","floor":47},{"not_picked":["Havoc","Perfected Strike+1","Rampage+1"],"picked":"SKIP","floor":48},{"not_picked":["Shrug It Off+1","Dual Wield+1","Seeing Red+1"],"picked":"SKIP","floor":54}],"player_experience":8604,"relics_obtained":[{"floor":9,"key":"Replay:Wax Seal"},{"floor":26,"key":"Potion Belt"},{"floor":26,"key":"AT_ChloranthyRing"},{"floor":30,"key":"Snack Pack"},{"floor":32,"key":"Dream Catcher"},{"floor":41,"key":"Pantograph"},{"floor":43,"key":"Letter Opener"},{"floor":45,"key":"Pen Nib"},{"floor":49,"key":"ReplayTheSpireMod:Ninjato"},{"floor":54,"key":"Mirror"}],"event_choices":[{"damage_healed":0,"gold_gain":0,"player_choice":"Donut","damage_taken":0,"max_hp_gain":5,"max_hp_loss":0,"event_name":"Big Fish","floor":0,"gold_loss":0},{"damage_healed":0,"gold_gain":0,"player_choice":"Success","damage_taken":7,"relics_obtained":["AT_ForceNature"],"max_hp_gain":0,"max_hp_loss":0,"event_name":"Scrap Ooze","floor":5,"gold_loss":0},{"damage_healed":0,"gold_gain":0,"player_choice":"Ignored","damage_taken":0,"max_hp_gain":0,"max_hp_loss":0,"event_name":"Shining Light","floor":7,"gold_loss":0},{"damage_healed":0,"gold_gain":75,"player_choice":"Gather Gold","damage_taken":11,"max_hp_gain":0,"max_hp_loss":0,"event_name":"World of Goop","floor":10,"gold_loss":0},{"damage_healed":0,"gold_gain":200,"player_choice":"Gold","damage_taken":0,"max_hp_gain":0,"max_hp_loss":0,"event_name":"Wheel of Change","floor":19,"gold_loss":0},{"damage_healed":0,"gold_gain":0,"player_choice":"Ignored","damage_taken":0,"max_hp_gain":0,"max_hp_loss":0,"event_name":"The Mausoleum","floor":24,"gold_loss":0},{"damage_healed":0,"gold_gain":0,"player_choice":"Ignored","damage_taken":0,"max_hp_gain":0,"max_hp_loss":0,"event_name":"NoteForYourself","floor":28,"gold_loss":0},{"damage_healed":0,"gold_gain":0,"player_choice":"Max HP","damage_taken":0,"max_hp_gain":0,"max_hp_loss":5,"event_name":"Winding Halls","floor":46,"gold_loss":0}],"is_beta":false,"boss_relics":[{"not_picked":["Philosopher\u0027s Stone","Honey Jar"],"picked":"Runic Pyramid"},{"not_picked":["Fusion Hammer","Calling Bell"],"picked":"Tiny House"}],"items_purged_floors":[2,2,2,2,2,2],"is_endless":false,"potions_floor_spawned":[1,3,4,14,14,18,18,20,22,25,27,30,30,31,33,35,35,36,38,39,41,45,54],"ascension_level":0}}