{"host":"31s8hzukbhz1k6i6","time":1609023842,"event":{"mods":["BaseMod","Colored Map","Minty Spire (QoL Compilation)","Relic Stats","UnlockEverythingMod"],"gold_per_floor":[109,126,126,76,103,103,128,157,157,157,187,44,71,71,71,176,176,187,201,201,213,60,92,127,127,127,127,145,175,175,202,202,202,202],"floor_reached":33,"playtime":1567,"items_purged":[],"score":506,"play_id":"4cc5f42f-9bec-4cb9-8205-103d39704e38","local_time":"20201226150402","is_ascension_mode":true,"campfire_choices":[{"data":"Eruption","floor":6.0,"key":"SMITH"},{"data":"CutThroughFate","floor":10.0,"key":"SMITH"},{"floor":15.0,"key":"REST"},{"data":"TalkToTheHand","floor":25.0,"key":"SMITH"},{"data":"Tantrum","floor":27.0,"key":"SMITH"},{"data":"Evaluate","floor":30.0,"key":"SMITH"},{"data":"WaveOfTheHand","floor":32,"key":"SMITH"}],"circlet_count":0,"master_deck":["Defend_P","Defend_P","Defend_P","Eruption+1","Vigilance","Wireheading","CutThroughFate+1","FlurryOfBlows","ThirdEye","Tantrum+1","ThirdEye","Blasphemy","MasterReality+1","SashWhip+1","Evaluate+1","TalkToTheHand+1","Evaluate+1","WaveOfTheHand+1","TalkToTheHand+1","TalkToTheHand+1","DevaForm"],"relics":["PureWater","NeowsBlessing","WingedGreaves","Potion Belt","Singing Bowl","Dead Branch","Lantern","Question Card","Astrolabe","Bag of Preparation","CloakClasp","Gremlin Horn","HornCleat","Blood Vial","Bronze Scales"],"acts_visited":["Exordium","TheCity"],"potions_floor_usage":[],"damage_taken":[{"damage":0.0,"enemies":"Cultist","floor":1.0,"turns":1.0},{"damage":0.0,"enemies":"Jaw Worm","floor":2.0,"turns":1.0},{"damage":0.0,"enemies":"Gremlin Nob","floor":7.0,"turns":1.0},{"damage":27.0,"enemies":"Lagavulin","floor":8.0,"turns":4.0},{"damage":15.0,"enemies":"3 Sentries","floor":11.0,"turns":6.0},{"damage":27.0,"enemies":"Gremlin Nob","floor":13.0,"turns":5.0},{"damage":24.0,"enemies":"The Guardian","floor":16.0,"turns":9.0},{"damage":9.0,"enemies":"2 Thieves","floor":18.0,"turns":3.0},{"damage":0.0,"enemies":"Spheric Guardian","floor":19.0,"turns":2.0},{"damage":13.0,"enemies":"Centurion and Healer","floor":21.0,"turns":5.0},{"damage":19.0,"enemies":"Book of Stabbing","floor":23.0,"turns":6.0},{"damage":0.0,"enemies":"Gremlin Leader","floor":24.0,"turns":3.0},{"damage":0.0,"enemies":"Snecko","floor":28.0,"turns":5.0},{"damage":0.0,"enemies":"Book of Stabbing","floor":29.0,"turns":4.0},{"damage":4,"enemies":"Slavers","floor":31,"turns":5},{"damage":100013,"enemies":"Champ","floor":33,"turns":9}],"seed_played":"-7815486925682289980","potions_obtained":[{"floor":7.0,"key":"SneckoOil"},{"floor":8.0,"key":"CultistPotion"},{"floor":16.0,"key":"Dexterity Potion"},{"floor":18.0,"key":"SpeedPotion"},{"floor":21.0,"key":"StancePotion"},{"floor":24.0,"key":"BlessingOfTheForge"},{"floor":31,"key":"PowerPotion"}],"is_trial":false,"path_per_floor":["M","M","$","?","T","R","E","E","T","R","E","$","E","?","R","B",null,"M","M","?","M","$","E","E","R","T","R","M","E","R","E","R","B"],"character_chosen":"WATCHER","items_purchased":["Lantern","Bag of Preparation"],"campfire_rested":1,"item_purchase_floors":[12,22],"current_hp_per_floor":[72,72,72,72,72,72,72,45,45,45,32,32,5,5,27,3,74,65,67,67,56,56,37,37,37,37,37,37,37,37,37,37,0,0],"gold":202,"neow_bonus":"THREE_ENEMY_KILL","is_daily":false,"chose_seed":false,"campfire_upgraded":6,"win_rate":0.0,"timestamp":1609023842,"path_taken":["M","M","$","?","?","R","E","E","T","R","E","$","E","?","R","BOSS","M","M","?","M","$","E","E","R","T","R","M","E","R","E","R","BOSS"],"items_purchased_type":["Relic","Relic"],"build_version":"2020-12-22","purchased_purges":0,"victory":false,"max_hp_per_floor":[72,72,72,72,72,72,72,72,72,72,74,74,74,74,74,74,74,74,76,76,78,78,78,78,78,78,78,78,78,78,80,80,80,80],"relic_stats":{"Blood Vial":4,"Singing Bowl":8,"Gremlin Horn":[2,2],"counters":[16,68],"Dead Branch":[59],"Astrolabe":["MasterReality","SashWhip","Evaluate"],"Bronze Scales":[15],"Bag of Preparation":[12],"CloakClasp":[82],"Question Card":9,"obtain_stats":[{"Potion Belt":8,"Lantern":12,"NeowsBlessing":0,"Singing Bowl":9,"Gremlin Horn":24,"Dead Branch":11,"Astrolabe":17,"Bag of Preparation":22,"CloakClasp":23,"Question Card":13,"Blood Vial":29,"HornCleat":26,"Bronze Scales":31,"WingedGreaves":7,"PureWater":0},{"Potion Belt":4,"Lantern":5,"NeowsBlessing":0,"Singing Bowl":4,"Gremlin Horn":12,"Dead Branch":5,"Astrolabe":7,"Bag of Preparation":10,"CloakClasp":11,"Question Card":6,"Blood Vial":14,"HornCleat":12,"Bronze Scales":15,"WingedGreaves":3,"PureWater":0},{"Potion Belt":7,"Lantern":13,"NeowsBlessing":0,"Singing Bowl":7,"Gremlin Horn":46,"Dead Branch":13,"Astrolabe":27,"Bag of Preparation":37,"CloakClasp":43,"Question Card":18,"Blood Vial":55,"HornCleat":46,"Bronze Scales":60,"WingedGreaves":3,"PureWater":0}]},"card_choices":[{"not_picked":["FlurryOfBlows","FlyingSleeves"],"picked":"Wireheading","floor":1.0},{"not_picked":["BowlingBash","Meditate"],"picked":"CutThroughFate","floor":2.0},{"not_picked":["Prostrate","Nirvana"],"picked":"FlurryOfBlows","floor":7.0},{"not_picked":["SandsOfTime","PathToVictory"],"picked":"ThirdEye","floor":8.0},{"not_picked":["Consecrate","ClearTheMind","Establishment"],"picked":"Singing Bowl","floor":11.0},{"not_picked":["PathToVictory","FlurryOfBlows"],"picked":"Tantrum","floor":13.0},{"not_picked":["SpiritShield","Brilliance","Alpha"],"picked":"Blasphemy","floor":16.0},{"not_picked":["CutThroughFate","CrushJoints","WreathOfFlame+1"],"picked":"TalkToTheHand","floor":18.0},{"not_picked":["Consecrate+1","CrushJoints","Wallop","SashWhip"],"picked":"Singing Bowl","floor":19.0},{"not_picked":["CrushJoints+1","EmptyMind+1","Prostrate","Perseverance"],"picked":"Singing Bowl","floor":21.0},{"not_picked":["Evaluate","Halt","FollowUp+1"],"picked":"WaveOfTheHand","floor":23.0},{"not_picked":["Establishment","SignatureMove","ForeignInfluence"],"picked":"TalkToTheHand+1","floor":24.0},{"not_picked":["Consecrate","EmptyBody","Indignation"],"picked":"TalkToTheHand+1","floor":28.0},{"not_picked":["BowlingBash","LikeWater","Meditate"],"picked":"DevaForm","floor":29.0},{"not_picked":["ClearTheMind","Adaptation","JustLucky","Prostrate"],"picked":"Singing Bowl","floor":31}],"player_experience":21256,"relics_obtained":[{"floor":7.0,"key":"WingedGreaves"},{"floor":8.0,"key":"Potion Belt"},{"floor":9.0,"key":"Singing Bowl"},{"floor":11.0,"key":"Dead Branch"},{"floor":13.0,"key":"Question Card"},{"floor":23.0,"key":"CloakClasp"},{"floor":24.0,"key":"Gremlin Horn"},{"floor":26.0,"key":"HornCleat"},{"floor":29.0,"key":"Blood Vial"},{"floor":31,"key":"Bronze Scales"}],"event_choices":[{"cards_removed":["Strike_P"],"damage_healed":0.0,"max_hp_gain":0.0,"max_hp_loss":0.0,"gold_gain":0.0,"event_name":"The Cleric","player_choice":"Card Removal","floor":4.0,"gold_loss":50.0,"damage_taken":0.0},{"damage_healed":0.0,"max_hp_gain":0.0,"max_hp_loss":0.0,"gold_gain":0.0,"cards_transformed":["Strike_P"],"event_name":"Living Wall","player_choice":"Change","floor":14.0,"gold_loss":0.0,"damage_taken":0.0,"cards_obtained":["ThirdEye"]},{"damage_healed":0.0,"max_hp_gain":0.0,"max_hp_loss":0.0,"gold_gain":0.0,"event_name":"The Library","player_choice":"Read","floor":20.0,"gold_loss":0.0,"damage_taken":0.0,"cards_obtained":["Evaluate"]}],"is_beta":false,"boss_relics":[{"not_picked":["Fusion Hammer","Pandora\u0027s Box"],"picked":"Astrolabe"}],"items_purged_floors":[],"is_endless":false,"potions_floor_spawned":[7,8,16,18,21,24,31],"killed_by":"Champ","ascension_level":4}}