{"host":"12piqfhmdln9x2la","time":1609003291,"event":{"mods":["2.2 Compatiblity","AchievementEnabler","BaseMod","BetterRewards","Colored Powertips","Minty Spire (QoL Compilation)","Quick Restart","SuperFastMode"],"gold_per_floor":[117,117,117,67,79,109,128,158,183,183,199,215,215,215,215],"floor_reached":14,"playtime":162,"items_purged":[],"score":131,"play_id":"6ea0cb3a-597f-4a35-8c8d-300a651ce217","local_time":"20201227022131","is_ascension_mode":true,"campfire_choices":[{"floor":10,"key":"RECALL"}],"circlet_count":0,"master_deck":["Strike_G","Strike_G","Strike_G","Strike_G","Defend_G","Defend_G","Defend_G","Defend_G","Defend_G","Survivor","Neutralize","Catalyst","Deadly Poison","Bouncing Flask","Poisoned Stab","PiercingWail","Deadly Poison","Blur","Pain"],"relics":["Ring of the Snake","NeowsBlessing","Juzu Bracelet","Bronze Scales","MealTicket","WarpedTongs"],"acts_visited":["Exordium"],"potions_floor_usage":[8],"damage_taken":[{"damage":0,"enemies":"Jaw Worm","floor":1,"turns":1},{"damage":0,"enemies":"2 Louse","floor":5,"turns":1},{"damage":0,"enemies":"3 Sentries","floor":6,"turns":1},{"damage":12,"enemies":"Small Slimes","floor":7,"turns":3},{"damage":21,"enemies":"Lagavulin","floor":8,"turns":4},{"damage":4,"enemies":"Blue Slaver","floor":11,"turns":2},{"damage":10,"enemies":"Looter","floor":12,"turns":2},{"damage":22,"enemies":"Gremlin Nob","floor":14,"turns":3}],"seed_played":"2211076665554435068","potions_obtained":[{"floor":1,"key":"LiquidMemories"},{"floor":5,"key":"SneckoOil"},{"floor":11,"key":"SteroidPotion"}],"is_trial":false,"path_per_floor":["M","?","?","?","M","E","M","E","T","R","M","M","?","E"],"character_chosen":"THE_SILENT","items_purchased":[],"campfire_rested":0,"item_purchase_floors":[],"current_hp_per_floor":[70,70,63,63,63,63,51,30,30,30,26,16,16,0,0],"gold":215,"neow_bonus":"THREE_ENEMY_KILL","is_daily":false,"chose_seed":false,"campfire_upgraded":0,"win_rate":0.0,"timestamp":1609003291,"path_taken":["M","?","?","?","M","E","M","E","T","R","M","M","?","E"],"items_purchased_type":[],"build_version":"2020-12-22","purchased_purges":0,"victory":false,"max_hp_per_floor":[70,70,70,70,70,70,70,70,70,70,70,70,70,70,70],"card_choices":[{"not_picked":["All Out Attack","Calculated Gamble"],"picked":"Catalyst","floor":1},{"not_picked":["Escape Plan","Acrobatics"],"picked":"Deadly Poison","floor":5},{"not_picked":["Deadly Poison","Slice"],"picked":"Bouncing Flask","floor":6},{"not_picked":["Leg Sweep","Dodge and Roll"],"picked":"Poisoned Stab","floor":7},{"not_picked":["Prepared","Masterful Stab"],"picked":"PiercingWail","floor":8},{"not_picked":["Caltrops","Doppelganger"],"picked":"Deadly Poison","floor":11},{"not_picked":["Flechettes","Poisoned Stab"],"picked":"Blur","floor":12}],"player_experience":126924,"relics_obtained":[{"floor":6,"key":"Bronze Scales"},{"floor":8,"key":"MealTicket"}],"event_choices":[{"damage_healed":0,"gold_gain":0,"player_choice":"Box","damage_taken":0,"relics_obtained":["Juzu Bracelet"],"max_hp_gain":0,"max_hp_loss":0,"event_name":"Big Fish","floor":2,"gold_loss":0,"cards_obtained":["Regret"]},{"cards_removed":["Regret"],"damage_healed":0,"gold_gain":0,"player_choice":"Card Removal","damage_taken":7,"max_hp_gain":0,"max_hp_loss":0,"event_name":"Golden Wing","floor":3,"gold_loss":0},{"cards_removed":["Strike_G"],"damage_healed":0,"gold_gain":0,"player_choice":"Card Removal","damage_taken":0,"max_hp_gain":0,"max_hp_loss":0,"event_name":"The Cleric","floor":4,"gold_loss":50},{"damage_healed":0,"gold_gain":0,"player_choice":"Rummage","damage_taken":0,"relics_obtained":["WarpedTongs"],"max_hp_gain":0,"max_hp_loss":0,"event_name":"Accursed Blacksmith","floor":13,"gold_loss":0,"cards_obtained":["Pain"]}],"is_beta":false,"boss_relics":[],"items_purged_floors":[],"is_endless":false,"potions_floor_spawned":[1,5,11],"killed_by":"Gremlin Nob","ascension_level":1}}