{"host":"7elm0r5975gb9iir","time":1609001276,"event":{"mods":["AchievementEnabler","BaseMod","Colored Map","DeckTracker","Keyboard Shortcuts","Minty Spire (QoL Compilation)","Permanent Neow","Random Character Button","SuperFastMode"],"gold_per_floor":[14,14,31,106,106,106,141,66,66,66,66],"floor_reached":10,"playtime":670,"items_purged":["Strike_G"],"score":67,"play_id":"8369bb04-ad00-4712-b477-578297bb85c6","local_time":"20201227014756","is_ascension_mode":true,"campfire_choices":[{"data":"Backflip","floor":6.0,"key":"SMITH"}],"circlet_count":0,"master_deck":["Strike_G","Strike_G","Strike_G","Strike_G","Defend_G+1","Defend_G","Defend_G+1","Defend_G","Defend_G","Survivor","Neutralize","Venomology+1","Backstab","Backflip+1","Calculated Gamble"],"relics":["Ring of the Snake","Blood Vial","Matryoshka"],"acts_visited":[],"potions_floor_usage":[10,10],"damage_taken":[{"damage":1.0,"enemies":"Cultist","floor":1.0,"turns":5.0},{"damage":0.0,"enemies":"Small Slimes","floor":3.0,"turns":3.0},{"damage":5.0,"enemies":"3 Sentries","floor":7.0,"turns":9.0},{"damage":71,"enemies":"Gremlin Nob","floor":10,"turns":6}],"seed_played":"-5877028837552172045","potions_obtained":[{"floor":7.0,"key":"DistilledChaos"}],"is_trial":false,"path_per_floor":["M","?","M","?","?","R","E","$","T","E"],"character_chosen":"THE_SILENT","items_purchased":[],"campfire_rested":0,"item_purchase_floors":[],"current_hp_per_floor":[69,69,69,58,44,44,39,39,39,0,0],"gold":66,"neow_bonus":"THREE_RARE_CARDS","is_daily":false,"chose_seed":false,"campfire_upgraded":1,"win_rate":0.0,"timestamp":1609001276,"path_taken":["M","?","M","?","?","R","E","$","T","E"],"items_purchased_type":[],"build_version":"2020-12-22","purchased_purges":1,"victory":false,"max_hp_per_floor":[70,70,70,70,70,70,70,70,70,70,70],"card_choices":[{"not_picked":["Burst","Bullet Time"],"picked":"Venomology","floor":0.0},{"not_picked":["Terror","Underhanded Strike"],"picked":"Backstab","floor":1.0},{"not_picked":["Distraction","Footwork"],"picked":"Backflip","floor":3.0},{"not_picked":["Acrobatics","Blade Dance"],"picked":"Calculated Gamble","floor":7.0}],"player_experience":48126,"relics_obtained":[{"floor":7.0,"key":"Blood Vial"},{"floor":9,"key":"Matryoshka"}],"event_choices":[{"damage_healed":0.0,"max_hp_gain":0.0,"max_hp_loss":0.0,"gold_gain":0.0,"event_name":"Living Wall","player_choice":"Grow","floor":2.0,"gold_loss":0.0,"damage_taken":0.0,"cards_upgraded":["Venomology"]},{"damage_healed":0.0,"max_hp_gain":0.0,"max_hp_loss":0.0,"gold_gain":75.0,"event_name":"World of Goop","player_choice":"Gather Gold","floor":4.0,"gold_loss":0.0,"damage_taken":11.0},{"damage_healed":0.0,"max_hp_gain":0.0,"max_hp_loss":0.0,"gold_gain":0.0,"event_name":"Shining Light","player_choice":"Entered Light","floor":5.0,"gold_loss":0.0,"damage_taken":14.0,"cards_upgraded":["Defend_G","Defend_G"]}],"is_beta":false,"boss_relics":[],"items_purged_floors":[8],"is_endless":false,"potions_floor_spawned":[7],"killed_by":"Gremlin Nob","ascension_level":1}}