{"host":"anox4050deqdcqoh","time":1609001746,"event":{"mods":["BaseMod","Colored Map","Minty Spire (QoL Compilation)","Quick Restart"],"gold_per_floor":[111,127,52,52,52,52,52,52,76,110,145,161,61,26,26,131,181,197,197,197,225,79,79,79,79,79,109,109,109,109,140,140,285,285,299,299,349,17,37,37,37,71,139,158,158,8,8,36,36,138,138,155,155,330,330,343,375,200,220,220,232,32,32,32,82,82,179,179,190,190,47,47,47,47,47,76,102,17,17,17,17,17],"floor_reached":81,"playtime":4549,"items_purged":["Blasphemy","Wraith Form v2+1","Doubt","Purity","MasterReality","Doubt"],"score":1381,"play_id":"aae2288d-d466-4f65-9536-d1c9b89c1140","local_time":"20201226115546","daily_mods":["Draft","Shiny","Heirloom","Time Dilation","Flight","DeadlyEvents"],"is_ascension_mode":false,"campfire_choices":[{"floor":6.0,"key":"REST"},{"data":"Judgement","floor":7.0,"key":"SMITH"},{"data":"Crescendo","floor":8.0,"key":"SMITH"},{"data":"ClearTheMind","floor":15,"key":"SMITH"},{"floor":23,"key":"REST"},{"floor":24,"key":"REST"},{"floor":29,"key":"REST"},{"data":"Ragnarok","floor":30,"key":"SMITH"},{"floor":32,"key":"REST"},{"floor":40,"key":"REST"},{"data":"Demon Form","floor":41,"key":"SMITH"},{"floor":45,"key":"REST"},{"floor":47,"key":"REST"},{"floor":49,"key":"REST"},{"floor":64,"key":"REST"},{"floor":66,"key":"REST"},{"data":"Echo Form","floor":74,"key":"SMITH"},{"data":"DevaForm","floor":75,"key":"SMITH"},{"floor":80,"key":"REST"}],"circlet_count":0,"master_deck":["Demon Form+1","Echo Form+1","DevaForm+1","Judgement+1","ConjureBlade","Brilliance+1","Devotion","Ragnarok+1","LessonLearned+1","Scrawl","Alpha","Wish","Establishment+1","SpiritShield+1","DevaForm","DeusExMachina","ClearTheMind+1","Pray","Crescendo+1","Protect+1","Evaluate","Swivel","PathToVictory","Perseverance+1","FlurryOfBlows","BattleHymn+1","JustLucky+1","WheelKick","SignatureMove","Halt","Judgement+1","Prostrate","J.A.X.","Crescendo","Devotion","Protect+1","Tantrum","Sanctity+1","SashWhip+1","Omniscience+1","FlurryOfBlows","CurseOfTheBell","Tantrum","ReachHeaven","Bite","Bite","Bite","Bite","Bite"],"relics":["HolyWater","Calipers","Orichalcum","Vajra","Turnip","Tiny House","Darkstone Periapt","Damaru","Kunai","HornCleat","Boot","Astrolabe","Torii","PreservedInsect","CloakClasp","Letter Opener","StrikeDummy","Calling Bell","Happy Flower","White Beast Statue","Lizard Tail","Odd Mushroom","InkBottle","Omamori","Oddly Smooth Stone"],"acts_visited":["Exordium","TheCity","TheBeyond","Exordium","TheCity"],"potions_floor_usage":[21,21,21,31,33,42,42,42,42,42,42,57,59,59,63,67,67,67,67,76,81,81],"damage_taken":[{"damage":0.0,"enemies":"Small Slimes","floor":1.0,"turns":2.0},{"damage":11.0,"enemies":"Jaw Worm","floor":2.0,"turns":4.0},{"damage":0.0,"enemies":"Lagavulin","floor":10.0,"turns":7.0},{"damage":9,"enemies":"3 Sentries","floor":11,"turns":6},{"damage":0,"enemies":"2 Louse","floor":12,"turns":2},{"damage":16,"enemies":"The Guardian","floor":16,"turns":7},{"damage":6,"enemies":"Chosen","floor":18,"turns":3},{"damage":45,"enemies":"Slavers","floor":21,"turns":5},{"damage":40,"enemies":"Gremlin Leader","floor":27,"turns":4},{"damage":22,"enemies":"Book of Stabbing","floor":31,"turns":5},{"damage":14,"enemies":"Collector","floor":33,"turns":7},{"damage":26,"enemies":"3 Shapes","floor":35,"turns":3},{"damage":16,"enemies":"Mind Bloom Boss Battle","floor":37,"turns":6},{"damage":1,"enemies":"Orb Walker","floor":39,"turns":3},{"damage":35,"enemies":"Reptomancer","floor":42,"turns":5},{"damage":3,"enemies":"3 Darklings","floor":44,"turns":5},{"damage":39,"enemies":"Nemesis","floor":48,"turns":9},{"damage":36,"enemies":"Time Eater","floor":50,"turns":6},{"damage":0,"enemies":"Cultist","floor":52,"turns":2},{"damage":0,"enemies":"Small Slimes","floor":56,"turns":3},{"damage":31,"enemies":"Gremlin Nob","floor":57,"turns":3},{"damage":13,"enemies":"The Mushroom Lair","floor":59,"turns":3},{"damage":0,"enemies":"2 Louse","floor":61,"turns":1},{"damage":0,"enemies":"Looter","floor":63,"turns":1},{"damage":0,"enemies":"Lagavulin","floor":65,"turns":4},{"damage":75,"enemies":"Hexaghost","floor":67,"turns":5},{"damage":19,"enemies":"Shell Parasite","floor":69,"turns":6},{"damage":63,"enemies":"Slavers","floor":76,"turns":4},{"damage":65,"enemies":"Gremlin Leader","floor":77,"turns":5},{"damage":0,"enemies":"Spheric Guardian","floor":79,"turns":3},{"damage":56,"enemies":"Book of Stabbing","floor":81,"turns":3}],"seed_played":"466179984442646669","potions_obtained":[{"floor":2.0,"key":"Fire Potion"},{"floor":16,"key":"SkillPotion"},{"floor":17,"key":"EssenceOfSteel"},{"floor":21,"key":"SteroidPotion"},{"floor":27,"key":"AttackPotion"},{"floor":31,"key":"BottledMiracle"},{"floor":35,"key":"EntropicBrew"},{"floor":37,"key":"Strength Potion"},{"floor":42,"key":"Fire Potion"},{"floor":52,"key":"EntropicBrew"},{"floor":56,"key":"BlessingOfTheForge"},{"floor":57,"key":"Swift Potion"},{"floor":59,"key":"GamblersBrew"},{"floor":61,"key":"SmokeBomb"},{"floor":65,"key":"FairyPotion"},{"floor":67,"key":"Swift Potion"},{"floor":69,"key":"SteroidPotion"},{"floor":76,"key":"LiquidBronze"},{"floor":77,"key":"SneckoOil"}],"is_trial":true,"path_per_floor":["M","M","$","?","$","R","R","R","T","E","E","M","$","?","R","B",null,"M","?","?","E","$","R","R","?","T","E","$","R","R","E","R","B",null,"M","?","?","$","M","R","R","E","T","M","R","$","R","E","R","B",null,"M","$","?","?","M","E","$","?","T","M","$","M","R","E","R","B",null,"M","?","$","?","$","R","R","E","E","?","M","R","E"],"character_chosen":"WATCHER","items_purchased":["Damaru","PreservedInsect","FlurryOfBlows","Omamori"],"campfire_rested":12,"item_purchase_floors":[22,38,38,71],"current_hp_per_floor":[72,61,61,47,47,68,68,68,68,68,59,59,59,72,72,56,77,71,71,71,26,26,49,72,72,72,32,32,55,55,35,58,46,77,51,51,37,37,38,61,61,28,28,27,50,50,73,36,59,25,83,83,83,89,71,73,44,44,33,33,35,35,37,63,65,89,14,89,70,70,70,70,70,70,70,9,20,20,22,48,0,0],"gold":17,"neow_bonus":"","is_daily":false,"chose_seed":false,"campfire_upgraded":7,"win_rate":0.0,"timestamp":1609001746,"path_taken":["M","M","$","?","$","R","R","R","T","E","E","M","$","?","R","BOSS","M","?","?","?","$","R","R","?","T","E","$","R","R","?","R","BOSS","M","?","?","$","M","R","R","E","T","?","R","$","R","?","R","BOSS","M","$","?","?","M","E","$","?","T","?","$","?","R","?","R","BOSS","M","?","$","?","$","R","R","?","E","?","M","R","?"],"items_purchased_type":["Relic","Relic","Card","Relic"],"build_version":"2020-12-22","purchased_purges":6,"victory":false,"max_hp_per_floor":[72,72,72,72,72,72,72,72,72,72,72,72,72,72,72,72,77,77,77,77,77,77,77,77,77,77,77,77,77,77,77,77,77,77,77,77,77,77,77,77,77,77,77,77,77,77,77,77,77,77,83,83,83,89,89,89,89,89,89,89,89,89,89,89,89,89,89,89,89,89,89,89,89,89,89,89,89,89,89,89,89,89],"card_choices":[{"not_picked":["EmptyFist","PathToVictory"],"picked":"ClearTheMind","floor":0.0},{"not_picked":["Conclude","Meditate"],"picked":"Pray","floor":0.0},{"not_picked":["EmptyBody","ClearTheMind"],"picked":"MentalFortress","floor":0.0},{"not_picked":["Pray","FlurryOfBlows"],"picked":"Crescendo","floor":0.0},{"not_picked":["CrushJoints","BattleHymn"],"picked":"Protect","floor":0.0},{"not_picked":["EmptyBody","Perseverance"],"picked":"Evaluate","floor":0.0},{"not_picked":["SandsOfTime","PathToVictory"],"picked":"Swivel","floor":0.0},{"not_picked":["Crescendo","ClearTheMind"],"picked":"PathToVictory","floor":0.0},{"not_picked":["BowlingBash","CrushJoints"],"picked":"Perseverance","floor":0.0},{"not_picked":["BowlingBash","Pray"],"picked":"FlurryOfBlows","floor":0.0},{"not_picked":["EmptyBody","ThirdEye"],"picked":"BattleHymn","floor":0.0},{"not_picked":["EmptyFist","Study"],"picked":"JustLucky","floor":0.0},{"not_picked":["SignatureMove","Wireheading"],"picked":"WheelKick","floor":0.0},{"not_picked":["EmptyBody","Meditate"],"picked":"SignatureMove","floor":0.0},{"not_picked":["FearNoEvil","Protect"],"picked":"Halt","floor":0.0},{"not_picked":["EmptyBody","CrushJoints","Collect"],"picked":"SKIP","floor":1.0},{"not_picked":["SandsOfTime","EmptyFist","Crescendo"],"picked":"SKIP","floor":2.0},{"not_picked":["WaveOfTheHand","Crescendo","Halt"],"picked":"SKIP","floor":10},{"not_picked":["ConjureBlade","CutThroughFate"],"picked":"FlurryOfBlows","floor":11},{"not_picked":["LikeWater","Crescendo","Adaptation"],"picked":"SKIP","floor":12},{"not_picked":["Omniscience","Vault"],"picked":"Judgement","floor":16},{"not_picked":["Crescendo","EmptyBody"],"picked":"Prostrate","floor":17},{"not_picked":["ClearTheMind","FollowUp","WheelKick+1"],"picked":"SKIP","floor":18},{"not_picked":["FlurryOfBlows","ClearTheMind"],"picked":"Devotion","floor":21},{"not_picked":["Perseverance","Study"],"picked":"Protect+1","floor":27},{"not_picked":["FollowUp+1","DeceiveReality+1"],"picked":"Tantrum","floor":31},{"not_picked":["Crescendo","Sanctity+1","Consecrate+1"],"picked":"SKIP","floor":35},{"not_picked":["SashWhip","PathToVictory+1","Halt"],"picked":"SKIP","floor":39},{"not_picked":["Worship+1","Vault","ThirdEye+1"],"picked":"SKIP","floor":42},{"not_picked":["EmptyBody+1","Weave","Swivel+1"],"picked":"SKIP","floor":44},{"not_picked":["Tantrum","Worship+1","BattleHymn+1"],"picked":"SKIP","floor":48},{"not_picked":["FollowUp","FlyingSleeves","WheelKick"],"picked":"SKIP","floor":52},{"not_picked":["Worship","EmptyFist"],"picked":"Tantrum","floor":56},{"not_picked":["ClearTheMind","Crescendo"],"picked":"ReachHeaven","floor":57},{"not_picked":["ThirdEye","ClearTheMind","SashWhip"],"picked":"SKIP","floor":61},{"not_picked":["Crescendo","CrushJoints","Worship"],"picked":"SKIP","floor":65},{"not_picked":["Prostrate","ThirdEye+1","Consecrate"],"picked":"SKIP","floor":69},{"not_picked":["Meditate","Halt+1","Adaptation"],"picked":"SKIP","floor":76},{"not_picked":["Protect","CrushJoints","Meditate"],"picked":"SKIP","floor":77},{"not_picked":["Consecrate+1","ThirdEye+1","WreathOfFlame+1"],"picked":"SKIP","floor":79}],"player_experience":207613,"relics_obtained":[{"floor":9.0,"key":"Orichalcum"},{"floor":10,"key":"Vajra"},{"floor":11,"key":"Turnip"},{"floor":21,"key":"Darkstone Periapt"},{"floor":25,"key":"Kunai"},{"floor":26,"key":"HornCleat"},{"floor":27,"key":"Blood Vial"},{"floor":31,"key":"Boot"},{"floor":37,"key":"Torii"},{"floor":42,"key":"CloakClasp"},{"floor":43,"key":"Letter Opener"},{"floor":48,"key":"StrikeDummy"},{"floor":51,"key":"Happy Flower"},{"floor":51,"key":"White Beast Statue"},{"floor":51,"key":"Lizard Tail"},{"floor":59,"key":"Odd Mushroom"},{"floor":60,"key":"InkBottle"}],"event_choices":[{"damage_healed":0.0,"max_hp_gain":0.0,"max_hp_loss":0.0,"gold_gain":0.0,"event_name":"Shining Light","player_choice":"Entered Light","floor":4.0,"gold_loss":0.0,"damage_taken":14.0,"cards_upgraded":["LessonLearned","Brilliance"]},{"damage_healed":18,"gold_gain":0,"player_choice":"Healed","damage_taken":0,"max_hp_gain":0,"max_hp_loss":0,"event_name":"The Cleric","floor":14,"gold_loss":35},{"damage_healed":0,"gold_gain":0,"player_choice":"Obtain J.A.X.","damage_taken":0,"max_hp_gain":0,"max_hp_loss":0,"event_name":"Drug Dealer","floor":19,"gold_loss":0,"cards_obtained":["J.A.X."]},{"damage_healed":0,"gold_gain":0,"player_choice":"3 cards matched","damage_taken":0,"max_hp_gain":0,"max_hp_loss":0,"event_name":"Match and Keep!","floor":20,"gold_loss":0,"cards_obtained":["Doubt","Crescendo","Purity"]},{"damage_healed":0,"gold_gain":0,"player_choice":"Relic","damage_taken":0,"max_hp_gain":0,"max_hp_loss":0,"event_name":"Wheel of Change","floor":25,"gold_loss":0},{"cards_removed":["FlurryOfBlows"],"damage_healed":0,"gold_gain":0,"player_choice":"Removed Attack","damage_taken":0,"max_hp_gain":0,"max_hp_loss":0,"event_name":"Falling","floor":36,"gold_loss":0},{"damage_healed":0,"gold_gain":0,"player_choice":"Fight","damage_taken":0,"max_hp_gain":0,"max_hp_loss":0,"event_name":"MindBloom","floor":37,"gold_loss":0},{"damage_healed":0,"gold_gain":175,"player_choice":"AGREE","damage_taken":0,"max_hp_gain":0,"max_hp_loss":0,"event_name":"Liars Game","floor":54,"gold_loss":0,"cards_obtained":["Doubt"]},{"damage_healed":0,"gold_gain":0,"player_choice":"Entered Light","damage_taken":18,"max_hp_gain":0,"max_hp_loss":0,"event_name":"Shining Light","floor":55,"gold_loss":0,"cards_upgraded":["SpiritShield","Protect"]},{"damage_healed":0,"gold_gain":0,"player_choice":"Fought Mushrooms","damage_taken":0,"max_hp_gain":0,"max_hp_loss":0,"event_name":"Mushrooms","floor":59,"gold_loss":0},{"damage_healed":0,"gold_gain":0,"player_choice":"Became a vampire (Vial)","damage_taken":0,"max_hp_gain":0,"max_hp_loss":0,"event_name":"Vampires","floor":70,"relics_lost":["Blood Vial"],"gold_loss":0,"cards_obtained":["Bite","Bite","Bite","Bite","Bite"]},{"damage_healed":0,"gold_gain":0,"player_choice":"Ignored","damage_taken":0,"max_hp_gain":0,"max_hp_loss":0,"event_name":"Duplicator","floor":72,"gold_loss":0},{"damage_healed":0,"gold_gain":0,"player_choice":"Obtained Relic","damage_taken":0,"relics_obtained":["Oddly Smooth Stone"],"max_hp_gain":0,"max_hp_loss":0,"event_name":"Addict","floor":78,"gold_loss":85}],"is_beta":false,"boss_relics":[{"not_picked":["Busted Crown","SacredBark"],"picked":"Tiny House"},{"not_picked":["Snecko Eye","Coffee Dripper"],"picked":"Astrolabe"},{"not_picked":["Sozu","Runic Dome"],"picked":"Calling Bell"},{"not_picked":["Runic Pyramid","Busted Crown"],"picked":"HolyWater"}],"items_purged_floors":[3,13,38,46,58,62],"is_endless":true,"potions_floor_spawned":[2,16,21,27,31,35,37,42,52,56,57,59,61,63,65,67,69,76,77,79],"killed_by":"Book of Stabbing","ascension_level":0}}