{"host":"e40jm352kjzixotw","time":1609018556,"event":{"mods":["Arknights The Spire","BaseMod","Better Altar","BetterRewards","Colored Map","Colored Powertips","DeckTracker","Dota2Spire","Minty Spire (QoL Compilation)","Rare Cards Sparkle","Relic Stats","StSLib"],"gold_per_floor":[117,392,410,427,221,221,235,410,410,420,420,420,440,472,472,577,577,596,511,511,525,542,570,587,587,614,614,415,415,415,427,427,524,524,537,547,563,428,446,446,446,480,480,480,491,525,543,150,150,150],"floor_reached":51,"playtime":4943,"items_purged":["Regret","ats:Strike C","ats:Defend","ats:Revitalization"],"score":878,"play_id":"db66c115-b705-481e-a1fa-3de2d522e972","local_time":"20201226223556","is_ascension_mode":false,"campfire_choices":[{"data":"ats:Closed Bolt Burst Fire","floor":6,"key":"SMITH"},{"data":"ats:Emotion Absorption","floor":11,"key":"SMITH"},{"data":"ats:Armor Crushing Shot","floor":15,"key":"SMITH"},{"floor":25,"key":"REST"},{"data":"ats:Hammer On","floor":27,"key":"SMITH"},{"data":"ats:Charging Defense","floor":29,"key":"SMITH"},{"data":"ats:Roar Of Ursus","floor":32,"key":"SMITH"},{"floor":44,"key":"REST"},{"floor":49,"key":"REST"}],"circlet_count":0,"master_deck":["ats:Armor Crushing Shot+1","ats:Defend","ats:Defend","ats:Emotion Absorption+1","ats:Closed Bolt Burst Fire+1","ats:Assault Order","ats:Powerful Strike","ats:Shell Defense+1","ats:Charging Defense+1","ats:Hammer On+1","ats:Calcification","ats:Hook Shot","ats:LN2 Cannon","ats:Roar Of Ursus+1","ats:Neurotoxin+1","CurseOfTheBell","ats:Beaten Up+1","ats:Support Order","ats:Magnetic Hammer+1","ats:Explosion Area Strengthen","ats:Composite Medical Shells+1","ats:Defend Order+1","ats:Song Of Battle"],"relics":["ats:Sanity","Membership Card","Dota2Spire:EyeOfSkadi","ats:Originium","Dota2Spire:AssaultCuirass","SlaversCollar","Du-Vu Doll","Spirit Poop","ats:Originium","Bag of Marbles","ats:MaxSp3","Unceasing Top","Calling Bell","Dream Catcher","Darkstone Periapt","Dota2Spire:Butterfly","Nunchaku","ats:Originium","ats:Military Tradition","ats:Originium","Bag of Preparation","ats:Attack","Dota2Spire:AghanimScepter","ats:Spiritual Recovery"],"acts_visited":["Exordium","TheCity","TheBeyond"],"potions_floor_usage":[16,37,46],"damage_taken":[{"damage":2,"enemies":"2 Louse","floor":1,"turns":3},{"damage":4,"enemies":"Cultist","floor":3,"turns":4},{"damage":12,"enemies":"Small Slimes","floor":4,"turns":5},{"damage":7,"enemies":"Exordium Thugs","floor":7,"turns":4},{"damage":12,"enemies":"Exordium Wildlife","floor":10,"turns":6},{"damage":0,"enemies":"2 Fungi Beasts","floor":13,"turns":3},{"damage":25,"enemies":"Lagavulin","floor":14,"turns":10},{"damage":20,"enemies":"Hexaghost","floor":16,"turns":11},{"damage":11,"enemies":"Shell Parasite","floor":18,"turns":7},{"damage":2,"enemies":"Spheric Guardian","floor":21,"turns":4},{"damage":12,"enemies":"Cultist and Chosen","floor":22,"turns":9},{"damage":35,"enemies":"Slavers","floor":23,"turns":9},{"damage":17,"enemies":"Snecko","floor":24,"turns":6},{"damage":4,"enemies":"Snake Plant","floor":31,"turns":5},{"damage":27,"enemies":"Collector","floor":33,"turns":10},{"damage":3,"enemies":"3 Darklings","floor":35,"turns":5},{"damage":0,"enemies":"3 Shapes","floor":36,"turns":5},{"damage":2,"enemies":"Maw","floor":37,"turns":10},{"damage":20,"enemies":"Transient","floor":39,"turns":5},{"damage":0,"enemies":"Nemesis","floor":42,"turns":5},{"damage":24,"enemies":"Jaw Worm Horde","floor":45,"turns":3},{"damage":9,"enemies":"Giant Head","floor":46,"turns":6},{"damage":0,"enemies":"3 Darklings","floor":47,"turns":6},{"damage":0,"enemies":"Donu and Deca","floor":50,"turns":13}],"seed_played":"1629453650801150306","potions_obtained":[{"floor":7,"key":"AttackPotion"},{"floor":13,"key":"Dota2Spire:HealingSalve"},{"floor":16,"key":"Weak Potion"},{"floor":18,"key":"ats:Emergency Sanity Potion"},{"floor":39,"key":"LiquidMemories"},{"floor":46,"key":"CultistPotion"}],"is_trial":false,"path_per_floor":["M","?","M","M","$","R","M","?","T","M","R","?","M","E","R","B",null,"M","?","?","M","M","E","M","R","T","R","$","R","?","M","R","B",null,"M","M","M","$","M","?","?","E","T","R","M","E","M","$","R","B",null],"character_chosen":"DOCTOR_CLASS","items_purchased":["Membership Card","ats:Powerful Strike","Unceasing Top","Nunchaku","ats:Attack","Dota2Spire:AghanimScepter","ats:Spiritual Recovery","ats:Song Of Battle"],"campfire_rested":3,"item_purchase_floors":[5,5,28,38,48,48,48,48],"current_hp_per_floor":[70,70,69,57,57,57,53,53,58,49,49,49,51,37,37,37,77,76,76,76,75,65,45,39,62,62,62,62,62,62,62,62,73,77,77,77,77,77,57,57,57,69,69,77,55,55,63,63,77,77],"gold":150,"neow_bonus":"TRANSFORM_CARD","is_daily":false,"chose_seed":false,"campfire_upgraded":6,"win_rate":0.0,"timestamp":1609018556,"path_taken":["M","?","?","M","$","R","M","?","T","M","R","?","?","E","R","BOSS","M","?","?","M","?","E","M","R","T","R","$","R","?","M","R","BOSS","M","M","M","$","M","?","?","E","T","R","?","E","M","$","R","BOSS"],"items_purchased_type":["Relic","Card","Relic","Relic","Relic","Relic","Relic","Card"],"build_version":"2020-12-22","purchased_purges":4,"victory":true,"max_hp_per_floor":[72,72,72,72,72,72,72,72,77,77,77,77,77,77,77,77,77,77,77,77,77,77,77,77,77,77,77,77,77,77,77,77,77,77,77,77,77,77,77,77,77,77,77,77,77,77,77,77,77,77],"relic_stats":{"Darkstone Periapt":0,"Dream Catcher":2,"Nunchaku":[7],"counters":[24,154],"Bag of Preparation":[4],"obtain_stats":[{"Darkstone Periapt":34,"ats:Spiritual Recovery":48,"Spirit Poop":20,"ats:Attack":48,"Bag of Preparation":46,"Du-Vu Doll":19,"Calling Bell":34,"SlaversCollar":17,"Dream Catcher":34,"Nunchaku":38,"Dota2Spire:AghanimScepter":48,"Dota2Spire:Butterfly":34,"Dota2Spire:EyeOfSkadi":9,"ats:Originium":14,"ats:MaxSp3":26,"Bag of Marbles":23,"ats:Sanity":0,"Membership Card":5,"Dota2Spire:AssaultCuirass":14,"ats:Military Tradition":42,"Unceasing Top":28},{"Darkstone Periapt":15,"ats:Spiritual Recovery":23,"Spirit Poop":9,"ats:Attack":23,"Bag of Preparation":22,"Du-Vu Doll":9,"Calling Bell":15,"SlaversCollar":8,"Dream Catcher":15,"Nunchaku":18,"Dota2Spire:AghanimScepter":23,"Dota2Spire:Butterfly":15,"Dota2Spire:EyeOfSkadi":4,"ats:Originium":7,"ats:MaxSp3":13,"Bag of Marbles":12,"ats:Sanity":0,"Membership Card":3,"Dota2Spire:AssaultCuirass":7,"ats:Military Tradition":20,"Unceasing Top":13},{"Darkstone Periapt":96,"ats:Spiritual Recovery":141,"Spirit Poop":53,"ats:Attack":141,"Bag of Preparation":135,"Du-Vu Doll":53,"Calling Bell":96,"SlaversCollar":46,"Dream Catcher":96,"Nunchaku":116,"Dota2Spire:AghanimScepter":141,"Dota2Spire:Butterfly":96,"Dota2Spire:EyeOfSkadi":16,"ats:Originium":35,"ats:MaxSp3":81,"Bag of Marbles":75,"ats:Sanity":0,"Membership Card":12,"Dota2Spire:AssaultCuirass":35,"ats:Military Tradition":126,"Unceasing Top":81}],"Unceasing Top":[76]},"card_choices":[{"not_picked":["ats:Poison Spread","ats:Consecutive Shot Auto"],"picked":"ats:Revitalization","floor":1},{"not_picked":["ats:Leaping Hammer","ats:Hammer On"],"picked":"ats:Assault Order","floor":3},{"not_picked":["ats:Collapsing Strike","ats:Revitalization","ats:Consecutive Shot Auto"],"picked":"SKIP","floor":4},{"not_picked":["ats:Red Shift","ats:Assault Order","ats:Powerful Strike"],"picked":"SKIP","floor":7},{"not_picked":["ats:Ignite","ats:Mental Burst"],"picked":"ats:Shell Defense","floor":10},{"not_picked":["ats:Cat Scratch","ats:Mental Burst"],"picked":"ats:Charging Defense","floor":13},{"not_picked":["ats:Ignite","ats:Revitalization"],"picked":"ats:Hammer On","floor":14},{"not_picked":["ats:Echo Reverb","ats:Wolf Pack"],"picked":"ats:Calcification","floor":16},{"not_picked":["ats:Hammer On","ats:Spore Proliferation"],"picked":"ats:Hook Shot","floor":18},{"not_picked":["ats:Flexible Camouflage","ats:Consecutive Shot Auto","ats:Poison Spread"],"picked":"SKIP","floor":21},{"not_picked":["ats:Rat Pack","ats:Poison Spread","ats:Consecutive Shot Auto"],"picked":"SKIP","floor":22},{"not_picked":["ats:Flame Of Heaven","ats:Flexible Camouflage+1","ats:Curse Doll"],"picked":"SKIP","floor":23},{"not_picked":["ats:Encircling Forest","ats:Cat Scratch","ats:Revitalization+1"],"picked":"SKIP","floor":24},{"not_picked":["ats:Childhood Dance+1","ats:Apocalypse+1"],"picked":"ats:Neurotoxin+1","floor":31},{"not_picked":["ats:Apocalypse+1","ats:Curse Doll+1"],"picked":"ats:Beaten Up+1","floor":35},{"not_picked":["ats:Hammer On","ats:Flexible Camouflage","ats:Spore Proliferation+1"],"picked":"SKIP","floor":36},{"not_picked":["ats:Poison Spread","ats:Consecutive Shot Auto"],"picked":"ats:Support Order","floor":37},{"not_picked":["ats:Song Of Battle+1","ats:Shadow Raid"],"picked":"ats:Magnetic Hammer+1","floor":39},{"not_picked":["ats:Soul Absorption+1","ats:Apocalypse"],"picked":"ats:Explosion Area Strengthen","floor":42},{"not_picked":["ats:Closed Bolt Burst Fire","ats:Hook Shot+1"],"picked":"ats:Composite Medical Shells+1","floor":44},{"not_picked":["ats:Very Hot Blade","ats:Cat Scratch+1","ats:Echo Reverb"],"picked":"SKIP","floor":45},{"not_picked":["ats:Revitalization","ats:Magnetic Hammer","ats:Ignite+1"],"picked":"SKIP","floor":46},{"not_picked":["ats:Shadow Raid+1","ats:Childhood Dance"],"picked":"ats:Defend Order+1","floor":47}],"player_experience":898779,"relics_obtained":[{"floor":9,"key":"Dota2Spire:EyeOfSkadi"},{"floor":14,"key":"ats:Originium"},{"floor":14,"key":"Dota2Spire:AssaultCuirass"},{"floor":23,"key":"ats:Originium"},{"floor":23,"key":"Bag of Marbles"},{"floor":26,"key":"ats:MaxSp3"},{"floor":34,"key":"Dream Catcher"},{"floor":34,"key":"Darkstone Periapt"},{"floor":34,"key":"Dota2Spire:Butterfly"},{"floor":42,"key":"ats:Originium"},{"floor":42,"key":"ats:Military Tradition"},{"floor":46,"key":"ats:Originium"},{"floor":46,"key":"Bag of Preparation"}],"event_choices":[{"damage_healed":0,"gold_gain":275,"player_choice":"Desecrate","damage_taken":0,"max_hp_gain":0,"max_hp_loss":0,"event_name":"Golden Shrine","floor":2,"gold_loss":0,"cards_obtained":["Regret"]},{"damage_healed":0,"gold_gain":175,"player_choice":"AGREE","damage_taken":0,"max_hp_gain":0,"max_hp_loss":0,"event_name":"Liars Game","floor":8,"gold_loss":0,"cards_obtained":["Doubt"]},{"damage_healed":0,"gold_gain":0,"player_choice":"Forge","damage_taken":0,"max_hp_gain":0,"max_hp_loss":0,"event_name":"Accursed Blacksmith","floor":12,"gold_loss":0,"cards_upgraded":["ats:Shell Defense"]},{"damage_healed":0,"gold_gain":0,"player_choice":"Obtained Relic","damage_taken":0,"relics_obtained":["Du-Vu Doll"],"max_hp_gain":0,"max_hp_loss":0,"event_name":"Addict","floor":19,"gold_loss":85},{"cards_removed":["Doubt"],"damage_healed":0,"gold_gain":0,"player_choice":"Offered Curse","damage_taken":0,"relics_obtained":["Spirit Poop"],"max_hp_gain":0,"max_hp_loss":0,"event_name":"Bonfire Elementals","floor":20,"gold_loss":0},{"damage_healed":0,"gold_gain":0,"cards_transformed":["ats:Strike S","ats:Strike V"],"player_choice":"Became Test Subject","damage_taken":0,"max_hp_gain":0,"max_hp_loss":0,"event_name":"Drug Dealer","floor":30,"gold_loss":0,"cards_obtained":["ats:LN2 Cannon","ats:Roar Of Ursus"]},{"cards_removed":["ats:Defend"],"damage_healed":0,"gold_gain":0,"player_choice":"Removed Skill","damage_taken":0,"max_hp_gain":0,"max_hp_loss":0,"event_name":"Falling","floor":40,"gold_loss":0},{"damage_healed":0,"gold_gain":0,"player_choice":"Ignored","damage_taken":0,"max_hp_gain":0,"max_hp_loss":0,"event_name":"SecretPortal","floor":41,"gold_loss":0}],"is_beta":false,"boss_relics":[{"not_picked":["ats:Tactical Delivery","Cursed Key"],"picked":"SlaversCollar"},{"not_picked":["Fusion Hammer","Snecko Eye"],"picked":"Calling Bell"}],"items_purged_floors":[5,28,38,48],"is_endless":false,"potions_floor_spawned":[7,13,16,18,22,33,39,45,46,47],"ascension_level":0}}