{"host":"w3q5ijqu8eoknil3","time":1609004867,"event":{"mods":["AchievementEnabler","BaseMod","Block Reminder","Colored Powertips","Minty Spire (QoL Compilation)","Quick Restart","Relic Stats","ojb\u0027s Better Paths Mod","ojb\u0027s Info Mod","slay the spire mod where everything is the same but ironclad has a cowboy hat"],"gold_per_floor":[116,130,147,147,164,164,194,194,194,226,257,326,338,373,385,473,485,511,523,547,2,17,17,52,52,52,81,92,112,112,112],"floor_reached":30,"playtime":1304,"items_purged":["Pain"],"score":560,"play_id":"b23f1fab-da2b-443b-95ac-65fbb493aa52","local_time":"20201226174747","is_ascension_mode":true,"campfire_choices":[{"data":"Armaments","floor":6,"key":"SMITH"},{"data":"Metallicize","floor":8,"key":"SMITH"},{"data":"Infernal Blade","floor":13,"key":"SMITH"},{"floor":15,"key":"REST"},{"data":"Metallicize","floor":23,"key":"SMITH"},{"data":"Whirlwind","floor":25,"key":"SMITH"}],"circlet_count":0,"master_deck":["AscendersBane","Strike_R","Strike_R","Strike_R","Strike_R","Strike_R","Defend_R","Defend_R+1","Defend_R+1","Defend_R","Bash","Carnage","Armaments+1","Metallicize+1","Metallicize+1","Wild Strike","Infernal Blade+1","Bludgeon","Shrug It Off","Spot Weakness","Fiend Fire","Sword Boomerang","Whirlwind+1","Bludgeon","Berserk","Offering","Shrug It Off+1","Cleave","True Grit"],"relics":["Burning Blood","NeowsBlessing","WarpedTongs","Pear","Mummified Hand","MawBank","Mercury Hourglass","Odd Mushroom","Mark of Pain","War Paint","Membership Card","Gremlin Horn","Potion Belt","Self Forming Clay","HornCleat","Shuriken"],"acts_visited":["Exordium","TheCity"],"potions_floor_usage":[5,14,16,16,27,27,29,30],"damage_taken":[{"damage":0,"enemies":"Cultist","floor":1,"turns":1},{"damage":0,"enemies":"2 Louse","floor":2,"turns":1},{"damage":0,"enemies":"Small Slimes","floor":3,"turns":1},{"damage":23,"enemies":"Gremlin Gang","floor":5,"turns":4},{"damage":22,"enemies":"Gremlin Nob","floor":7,"turns":4},{"damage":22,"enemies":"3 Sentries","floor":10,"turns":10},{"damage":10,"enemies":"2 Fungi Beasts","floor":11,"turns":4},{"damage":17,"enemies":"3 Sentries","floor":12,"turns":8},{"damage":7,"enemies":"The Mushroom Lair","floor":14,"turns":4},{"damage":11,"enemies":"The Guardian","floor":16,"turns":9},{"damage":9,"enemies":"Spheric Guardian","floor":18,"turns":3},{"damage":10,"enemies":"Chosen","floor":20,"turns":4},{"damage":21,"enemies":"Snake Plant","floor":22,"turns":3},{"damage":14,"enemies":"Gremlin Leader","floor":24,"turns":3},{"damage":17,"enemies":"Slavers","floor":27,"turns":4},{"damage":19,"enemies":"Shelled Parasite and Fungi","floor":28,"turns":4},{"damage":13,"enemies":"Centurion and Healer","floor":29,"turns":4},{"damage":31,"enemies":"Book of Stabbing","floor":30,"turns":3}],"seed_played":"-7089381342076242747","potions_obtained":[{"floor":1,"key":"Fire Potion"},{"floor":3,"key":"ElixirPotion"},{"floor":12,"key":"EssenceOfSteel"},{"floor":14,"key":"Strength Potion"},{"floor":16,"key":"ColorlessPotion"},{"floor":20,"key":"LiquidBronze"},{"floor":22,"key":"Swift Potion"},{"floor":24,"key":"Fire Potion"},{"floor":28,"key":"LiquidMemories"}],"is_trial":false,"path_per_floor":["M","M","M","?","M","R","E","R","T","E","M","?","R","?","R","B",null,"M","?","M","$","M","R","E","R","T","E","M","M","E"],"character_chosen":"IRONCLAD","items_purchased":["Membership Card","Gremlin Horn","Potion Belt","Bludgeon","Berserk"],"campfire_rested":1,"item_purchase_floors":[21,21,21,21,21],"current_hp_per_floor":[74,75,75,75,58,58,52,52,52,36,32,21,21,20,45,40,74,71,71,67,67,52,52,44,44,44,33,20,13,0,0],"gold":112,"neow_bonus":"THREE_ENEMY_KILL","is_daily":false,"chose_seed":false,"campfire_upgraded":5,"win_rate":0.0,"timestamp":1609004867,"path_taken":["M","M","?","?","M","R","E","R","T","E","?","?","R","?","R","BOSS","M","?","M","$","M","R","E","R","T","E","M","M","E"],"items_purchased_type":["Relic","Relic","Relic","Card","Card"],"build_version":"2020-12-22","purchased_purges":1,"victory":false,"max_hp_per_floor":[75,75,75,75,75,75,85,85,85,85,85,85,85,85,85,85,85,85,85,85,85,85,85,85,85,85,85,85,85,85,85],"relic_stats":{"Gremlin Horn":[7,7],"counters":[18,74],"Mummified Hand":[23],"Self Forming Clay":[24],"Shuriken":[2],"War Paint":["Defend_R","Defend_R"],"MawBank":132,"obtain_stats":[{"Potion Belt":21,"Pear":7,"NeowsBlessing":0,"Gremlin Horn":21,"Self Forming Clay":24,"Odd Mushroom":14,"War Paint":19,"MawBank":10,"Burning Blood":0,"WarpedTongs":4,"Mercury Hourglass":12,"HornCleat":26,"Mummified Hand":9,"Shuriken":27,"Mark of Pain":17,"Membership Card":21},{"Potion Belt":12,"Pear":5,"NeowsBlessing":0,"Gremlin Horn":12,"Self Forming Clay":14,"Odd Mushroom":9,"War Paint":11,"MawBank":6,"Burning Blood":0,"WarpedTongs":3,"Mercury Hourglass":8,"HornCleat":14,"Mummified Hand":5,"Shuriken":15,"Mark of Pain":10,"Membership Card":12},{"Potion Belt":53,"Pear":11,"NeowsBlessing":0,"Gremlin Horn":53,"Self Forming Clay":59,"Odd Mushroom":37,"War Paint":49,"MawBank":21,"Burning Blood":0,"WarpedTongs":3,"Mercury Hourglass":33,"HornCleat":59,"Mummified Hand":11,"Shuriken":63,"Mark of Pain":46,"Membership Card":53}],"Burning Blood":91,"WarpedTongs":[67],"Mercury Hourglass":[147]},"card_choices":[{"not_picked":["Dark Embrace","Rage"],"picked":"Carnage","floor":1},{"not_picked":["True Grit","Havoc"],"picked":"Armaments","floor":2},{"not_picked":["Clash","Flex"],"picked":"Metallicize","floor":3},{"not_picked":["Twin Strike","Clothesline"],"picked":"Metallicize","floor":5},{"not_picked":["Headbutt","Whirlwind"],"picked":"Wild Strike","floor":7},{"not_picked":["Reckless Charge","Headbutt"],"picked":"Infernal Blade","floor":10},{"not_picked":["Inflame","Evolve"],"picked":"Bludgeon","floor":11},{"not_picked":["Clash","Body Slam"],"picked":"Shrug It Off","floor":12},{"not_picked":["Sever Soul","Sword Boomerang"],"picked":"Spot Weakness","floor":14},{"not_picked":["Feed","Juggernaut"],"picked":"Fiend Fire","floor":16},{"not_picked":["Iron Wave","Warcry"],"picked":"Sword Boomerang","floor":18},{"not_picked":["Perfected Strike","Body Slam"],"picked":"Whirlwind","floor":20},{"not_picked":["Heavy Blade","Dark Embrace"],"picked":"Offering","floor":22},{"not_picked":["Wild Strike","Flex"],"picked":"Shrug It Off+1","floor":24},{"not_picked":["Infernal Blade","Dropkick"],"picked":"Cleave","floor":27},{"not_picked":["Whirlwind","Body Slam","Clash"],"picked":"SKIP","floor":28},{"not_picked":["Perfected Strike","Shrug It Off"],"picked":"True Grit","floor":29}],"player_experience":950330,"relics_obtained":[{"floor":7,"key":"Pear"},{"floor":9,"key":"Mummified Hand"},{"floor":10,"key":"MawBank"},{"floor":12,"key":"Mercury Hourglass"},{"floor":14,"key":"Odd Mushroom"},{"floor":24,"key":"Self Forming Clay"},{"floor":26,"key":"HornCleat"},{"floor":27,"key":"Shuriken"}],"event_choices":[{"damage_healed":0,"gold_gain":0,"player_choice":"Rummage","damage_taken":0,"relics_obtained":["WarpedTongs"],"max_hp_gain":0,"max_hp_loss":0,"event_name":"Accursed Blacksmith","floor":4,"gold_loss":0,"cards_obtained":["Pain"]},{"damage_healed":0,"gold_gain":0,"player_choice":"Searched \u00272\u0027 times","damage_taken":0,"max_hp_gain":0,"max_hp_loss":0,"event_name":"Dead Adventurer","floor":12,"gold_loss":0},{"damage_healed":0,"gold_gain":0,"player_choice":"Fought Mushrooms","damage_taken":0,"max_hp_gain":0,"max_hp_loss":0,"event_name":"Mushrooms","floor":14,"gold_loss":0},{"damage_healed":0,"gold_gain":0,"player_choice":"Gave Potion","damage_taken":0,"relics_obtained":["War Paint"],"max_hp_gain":0,"max_hp_loss":0,"event_name":"WeMeetAgain","floor":19,"gold_loss":0}],"is_beta":false,"boss_relics":[{"not_picked":["Snecko Eye","Calling Bell"],"picked":"Mark of Pain"}],"items_purged_floors":[21],"is_endless":false,"potions_floor_spawned":[1,3,12,14,16,20,22,24,28],"killed_by":"Book of Stabbing","ascension_level":20}}