{"host":"mniz8q056kux99zk","time":1609009830,"event":{"mods":["BaseMod","CapriCore","Downfall","Highlight Path","Minty Spire (QoL Compilation)","StSLib"],"gold_per_floor":[99,113,129,36,55,55,79,92,92,92,0,16,16,116,134,234,234,84,94,107,125,125,35,61,78,13,31,31,41,59,59,75,175,175,175,189,26,26,26,26,26,49,68,68,118,128,128,146,146,146],"floor_reached":51,"playtime":4799,"items_purged":["Regret"],"score":691,"play_id":"713f930a-85e1-4933-9776-a01f5b0b2490","local_time":"20201226141030","is_ascension_mode":false,"campfire_choices":[{"data":"hexamod:TurnItUp","floor":1,"key":"SMITH"},{"floor":10,"key":"RECALL"},{"floor":13,"key":"REST"},{"data":"hexamod:EmpoweringStance","floor":18,"key":"SMITH"},{"floor":28,"key":"REST"},{"data":"hexamod:TimeOfNeed","floor":35,"key":"SMITH"},{"floor":44,"key":"REST"},{"floor":47,"key":"REST"},{"floor":49,"key":"REST"}],"circlet_count":0,"master_deck":["hexamod:Strike","hexamod:Strike","hexamod:Strike+1","hexamod:Strike","hexamod:Defend","hexamod:Defend","hexamod:Defend","hexamod:Defend","hexamod:Sear+1","hexamod:Float","hexamod:TurnItUp+1","hexamod:FastForward","hexamod:ShieldOfDarkness","hexamod:RadiantFlame+1","hexamod:HeatCrush","hexamod:EmpoweredFlame","hexamod:Hexaguard","hexamod:AdvancingGuard","hexamod:RecurringNightmare","hexamod:HauntingEcho","hexamod:TimeOfNeed+1","hexamod:EmpoweringStance+1","hexamod:ThermalTransfer","hexamod:GhostOfSpireFuture","hexamod:HeatShield","hexamod:BacktrackSmack+1","Doubt","hexamod:InspiringFlames+1","hexamod:PhantomFireball","hexamod:CatchUp+1","hexamod:RainOfEmbers","hexamod:SpectersWail+1","hexamod:Rewind","hexamod:EmpoweringStance","hexamod:ChargedBarrage+1","hexamod:RainOfEmbers","Doubt","Clumsy","Injury","hexamod:RainOfEmbers","hexamod:FastForward+1","hexamod:SearingWound","hexamod:ThermalTransfer+1","hexamod:Incineration","hexamod:HauntingEcho+1"],"relics":["hexamod:SpiritBrand","Cursed Key","downfall:HeartBlessingRed","downfall:HeartBlessingBlue","downfall:RedIOU","Potion Belt","hexamod:IceCube","ClockworkSouvenir","Blood Vial","Meat on the Bone","hexamod:MatchstickCase","Prayer Wheel"],"acts_visited":["Exordium","TheCity","TheBeyond"],"potions_floor_usage":[4,11,16,20,20,21,23,25,32,33,33,50],"damage_taken":[{"damage":0,"enemies":"2 Louse","floor":2,"turns":2},{"damage":0,"enemies":"Jaw Worm","floor":3,"turns":4},{"damage":0,"enemies":"downfall:FleeingMerchant","floor":4,"turns":4},{"damage":0,"enemies":"Small Slimes","floor":5,"turns":4},{"damage":10,"enemies":"Blue Slaver","floor":8,"turns":4},{"damage":13,"enemies":"downfall:FleeingMerchant","floor":11,"turns":4},{"damage":2,"enemies":"Exordium Thugs","floor":12,"turns":5},{"damage":19,"enemies":"Lots of Slimes","floor":15,"turns":5},{"damage":7,"enemies":"downfall:Watcher","floor":16,"turns":11},{"damage":7,"enemies":"Spheric Guardian","floor":19,"turns":6},{"damage":4,"enemies":"Centurion and Healer","floor":20,"turns":7},{"damage":4,"enemies":"Snecko","floor":21,"turns":5},{"damage":0,"enemies":"downfall:FleeingMerchant","floor":23,"turns":4},{"damage":45,"enemies":"3 Cultists","floor":25,"turns":7},{"damage":0,"enemies":"downfall:FleeingMerchant","floor":26,"turns":4},{"damage":2,"enemies":"Shelled Parasite and Fungi","floor":27,"turns":6},{"damage":11,"enemies":"Centurion and Healer","floor":29,"turns":7},{"damage":0,"enemies":"Snake Plant","floor":30,"turns":4},{"damage":4,"enemies":"Snecko","floor":32,"turns":5},{"damage":16,"enemies":"downfall:Ironclad","floor":33,"turns":8},{"damage":5,"enemies":"3 Shapes","floor":36,"turns":6},{"damage":11,"enemies":"downfall:FleeingMerchant","floor":37,"turns":4},{"damage":7,"enemies":"Orb Walker","floor":43,"turns":4},{"damage":22,"enemies":"Mind Bloom Boss Battle","floor":45,"turns":7},{"damage":0,"enemies":"Maw","floor":46,"turns":7},{"damage":49,"enemies":"Transient","floor":48,"turns":5},{"damage":45,"enemies":"downfall:Defect","floor":50,"turns":8}],"seed_played":"6478536550643754379","potions_obtained":[{"floor":3,"key":"LiquidMemories"},{"floor":8,"key":"Fire Potion"},{"floor":16,"key":"Fruit Juice"},{"floor":19,"key":"EntropicBrew"},{"floor":21,"key":"Weak Potion"},{"floor":27,"key":"DuplicationPotion"},{"floor":30,"key":"hexamod:DoubleChargePotion"},{"floor":46,"key":"FairyPotion"},{"floor":48,"key":"LiquidMemories"}],"is_trial":false,"path_per_floor":["R","M","M","$","M","?","T","M","T","R","$","M","R","?","M","B",null,"R","M","M","M","?","$","T","M","$","M","R","M","M","?","M","B",null,"R","M","$","T","?","?","T","T","M","R","?","M","R","M","R","B",null],"character_chosen":"THE_SPIRIT","items_purchased":["hexamod:HeatCrush","hexamod:RecurringNightmare","SkillPotion","ClockworkSouvenir"],"campfire_rested":5,"item_purchase_floors":[4,11,26,37],"current_hp_per_floor":[70,70,70,70,70,70,70,60,60,60,47,45,66,66,47,45,75,85,78,74,70,70,70,70,25,25,23,48,37,37,37,33,17,85,85,80,69,69,69,69,69,69,64,85,63,65,85,48,73,42],"gold":146,"neow_bonus":"ONE_RANDOM_RARE_CARD","is_daily":false,"chose_seed":false,"campfire_upgraded":3,"win_rate":0.0,"timestamp":1609009830,"path_taken":["R","M","M","$","M","?","T","M","?","R","$","M","R","?","M","BOSS","R","M","M","?","?","?","T","M","$","?","R","M","M","?","M","BOSS","R","M","$","?","?","?","T","?","?","R","?","M","R","M","R","BOSS"],"items_purchased_type":["Card","Card","Potion","Relic"],"build_version":"2020-12-22","purchased_purges":1,"victory":true,"max_hp_per_floor":[70,70,70,70,70,70,70,70,70,70,70,70,70,70,70,75,75,85,85,85,85,85,85,85,85,85,85,85,85,85,85,85,85,85,85,85,85,85,85,85,85,85,85,85,85,85,85,85,85,85],"card_choices":[{"not_picked":["hexamod:RainOfEmbers","hexamod:SecondSeal"],"picked":"hexamod:FastForward","floor":2},{"not_picked":["hexamod:GhostLash","hexamod:NecessarySacrifice"],"picked":"hexamod:ShieldOfDarkness","floor":3},{"not_picked":["hexamod:FastForward","hexamod:SecondSeal"],"picked":"hexamod:RadiantFlame","floor":4},{"not_picked":["hexamod:ChargedBarrage","hexamod:BurningTouch"],"picked":"hexamod:EmpoweredFlame","floor":5},{"not_picked":["hexamod:EmpoweredFlame","hexamod:HeatCrush"],"picked":"hexamod:Hexaguard","floor":8},{"not_picked":["hexamod:Hexaguard","hexamod:PhantomCloak"],"picked":"hexamod:AdvancingGuard","floor":11},{"not_picked":["hexamod:DynamicBlow","hexamod:EtherealExpedition"],"picked":"hexamod:HauntingEcho","floor":12},{"not_picked":["hexamod:SpectersWail","hexamod:BacktrackSmack"],"picked":"hexamod:TimeOfNeed","floor":15},{"not_picked":["hexamod:GhostflameInferno","hexamod:WildfireWeapon"],"picked":"hexamod:EmpoweringStance","floor":16},{"not_picked":["hexamod:Firestarter","hexamod:AdvancingGuard"],"picked":"hexamod:ThermalTransfer","floor":19},{"not_picked":["hexamod:SpectersWail","hexamod:PhantomFireball"],"picked":"hexamod:GhostOfSpireFuture","floor":20},{"not_picked":["hexamod:GhostOfSpirePast","hexamod:NightmareStrike+1"],"picked":"hexamod:HeatShield","floor":21},{"not_picked":["hexamod:Again+1","hexamod:NightmareStrike"],"picked":"hexamod:BacktrackSmack+1","floor":23},{"not_picked":["hexamod:BurningTouch","hexamod:ShieldOfDarkness"],"picked":"hexamod:InspiringFlames+1","floor":25},{"not_picked":["hexamod:VolcanoVisage","hexamod:BurningTouch"],"picked":"hexamod:PhantomFireball","floor":26},{"not_picked":["hexamod:NightmareStrike","hexamod:SwordOfDarkness"],"picked":"hexamod:CatchUp+1","floor":27},{"not_picked":["hexamod:AdvancingGuard","hexamod:GhostLash+1"],"picked":"hexamod:RainOfEmbers","floor":29},{"not_picked":["hexamod:GhostShield","hexamod:RainOfEmbers"],"picked":"hexamod:SpectersWail+1","floor":30},{"not_picked":["hexamod:ThermalTransfer","hexamod:HeatCrush"],"picked":"hexamod:Rewind","floor":32},{"not_picked":["hexamod:GhostflameInferno","hexamod:CrushingStance"],"picked":"hexamod:EmpoweringStance","floor":33},{"not_picked":["hexamod:BacktrackSmack","hexamod:PhantomCloak+1"],"picked":"hexamod:ChargedBarrage+1","floor":36},{"not_picked":["hexamod:GhostShield+1","hexamod:SixthSeal"],"picked":"hexamod:RainOfEmbers","floor":37},{"not_picked":["hexamod:FirstSeal","hexamod:Hexaguard"],"picked":"hexamod:RainOfEmbers","floor":43},{"not_picked":["hexamod:BurningTouch+1","hexamod:NightmareStrike"],"picked":"hexamod:FastForward+1","floor":45},{"not_picked":["hexamod:SpectersWail","hexamod:RecurringNightmare+1"],"picked":"hexamod:SearingWound","floor":46},{"not_picked":["hexamod:SpectersWail+1","hexamod:NecessarySacrifice+1"],"picked":"hexamod:ThermalTransfer+1","floor":46},{"not_picked":["hexamod:GhostShield","hexamod:GhostLash+1"],"picked":"hexamod:Incineration","floor":48},{"not_picked":["hexamod:InspiringFlames+1","hexamod:GhostOfSpireFuture+1"],"picked":"hexamod:HauntingEcho+1","floor":48}],"player_experience":108339,"relics_obtained":[{"floor":7,"key":"Omamori"},{"floor":24,"key":"Potion Belt"},{"floor":38,"key":"Blood Vial"},{"floor":41,"key":"Meat on the Bone"},{"floor":42,"key":"hexamod:MatchstickCase"},{"floor":45,"key":"Prayer Wheel"}],"event_choices":[],"is_beta":false,"boss_relics":[{"not_picked":["Calling Bell","SacredBark"],"picked":"Cursed Key"},{"not_picked":["SlaversCollar","Runic Pyramid"],"picked":"hexamod:IceCube"}],"items_purged_floors":[23],"is_endless":false,"potions_floor_spawned":[3,8,16,19,21,27,30,46,48],"ascension_level":0}}