{"host":"ij91kspbsf1i6fsu","time":1609026873,"event":{"mods":["AchievementEnabler","Arknights The Spire","BaseMod","Colored Map","Minty Spire (QoL Compilation)","Rare Cards Sparkle","StSLib","The Dragon Tamer","everything is the same but u backflip on backflip"],"gold_per_floor":[110,48,61,78,89,89,89],"floor_reached":6,"playtime":682,"items_purged":[],"score":38,"play_id":"802b2be7-dc4e-4796-a7dd-ecf75ede1ab1","local_time":"20201226165433","is_ascension_mode":false,"campfire_choices":[],"circlet_count":0,"master_deck":["ats:Strike C","ats:Strike G","ats:Strike S","ats:Strike V","ats:Armor Crushing Shot","ats:Defend","ats:Defend","ats:Defend","ats:Defend","ats:Emotion Absorption","ats:Guardian Obelisk","ats:Poison Spread","ats:Healing Drone","ats:Ignite"],"relics":["ats:Sanity","Sundial"],"acts_visited":["Exordium"],"potions_floor_usage":[],"damage_taken":[{"damage":0,"enemies":"Small Slimes","floor":1,"turns":3},{"damage":16,"enemies":"Cultist","floor":3,"turns":7},{"damage":8,"enemies":"Jaw Worm","floor":4,"turns":3},{"damage":16,"enemies":"Blue Slaver","floor":5,"turns":6},{"damage":66,"enemies":"Gremlin Nob","floor":6,"turns":4}],"seed_played":"4368084643742954083","potions_obtained":[{"floor":4,"key":"ColorlessPotion"},{"floor":5,"key":"Weak Potion"}],"is_trial":false,"path_per_floor":["M","?","M","M","M","E"],"character_chosen":"DOCTOR_CLASS","items_purchased":[],"campfire_rested":0,"item_purchase_floors":[],"current_hp_per_floor":[79,79,63,55,47,0,0],"gold":89,"neow_bonus":"TEN_PERCENT_HP_BONUS","is_daily":false,"chose_seed":false,"campfire_upgraded":0,"win_rate":0.0,"timestamp":1609026873,"path_taken":["M","?","M","M","M","E"],"items_purchased_type":[],"build_version":"2020-12-22","purchased_purges":0,"victory":false,"max_hp_per_floor":[79,79,79,79,79,79,79],"card_choices":[{"not_picked":["ats:Leaping Hammer","ats:Powerful Strike"],"picked":"ats:Guardian Obelisk","floor":1},{"not_picked":["ats:Assault Order","ats:Explosion Area Strengthen"],"picked":"ats:Poison Spread","floor":3},{"not_picked":["ats:Apocalypse","ats:Burning Ground"],"picked":"ats:Healing Drone","floor":4},{"not_picked":["ats:Shadow Raid","ats:Revitalization"],"picked":"ats:Ignite","floor":5}],"player_experience":16368,"relics_obtained":[],"event_choices":[{"damage_healed":0,"gold_gain":0,"player_choice":"Paid Gold","damage_taken":0,"relics_obtained":["Sundial"],"max_hp_gain":0,"max_hp_loss":0,"event_name":"WeMeetAgain","floor":2,"gold_loss":62}],"is_beta":false,"boss_relics":[],"items_purged_floors":[],"is_endless":false,"potions_floor_spawned":[4,5],"killed_by":"Gremlin Nob","ascension_level":0}}