{"host":"d9m9v0h6vo0edadb","time":1609003564,"event":{"mods":["BaseMod","Hermit","Keyboard Shortcuts","Minty Spire (QoL Compilation)","StSLib","SuperFastMode","The Cursed"],"gold_per_floor":[116,126,144,157,168,168,198,198,252,264,264,279,305,334,334,406,406,426,476,391,408,427,427,443,443,443,443,460,460,5,21,21,97,97,115,127,33,33,33,33,45,57,131,131,146,146,159,159,159,159],"floor_reached":51,"playtime":1137,"items_purged":["Strike_B"],"score":1343,"play_id":"4846444a-c028-4442-b0f2-bffc297ab24c","local_time":"20201227022604","is_ascension_mode":true,"campfire_choices":[{"data":"Zap","floor":6.0,"key":"SMITH"},{"data":"Dualcast","floor":8.0,"key":"SMITH"},{"data":"FTL","floor":11.0,"key":"SMITH"},{"data":"Redo","floor":15.0,"key":"SMITH"},{"data":"Beam Cell","floor":23.0,"key":"SMITH"},{"data":"Go for the Eyes","floor":25.0,"key":"SMITH"},{"data":"Self Repair","floor":27.0,"key":"SMITH"},{"data":"FTL","floor":32.0,"key":"SMITH"},{"data":"Deep Breath","floor":40.0,"key":"SMITH"},{"data":"Capacitor","floor":49,"key":"SMITH"}],"circlet_count":0,"master_deck":["AscendersBane","Defend_B","Defend_B","Defend_B","Defend_B","Zap+1","Dualcast+1","Glacier","Self Repair+1","FTL+1","All For One","FTL+1","Doom and Gloom","Auto Shields","Redo+1","All For One","Beam Cell+1","Go for the Eyes+1","Chill","Capacitor+1","Deep Breath+1","Madness","Flash of Steel","Madness","Parasite"],"relics":["Cracked Core","Lantern","Orichalcum","Odd Mushroom","Mummified Hand","Sozu","Pen Nib","Pantograph","Lizard Tail","Empty Cage","Bottled Lightning"],"acts_visited":["Exordium","TheCity","TheBeyond"],"potions_floor_usage":[50,50],"damage_taken":[{"damage":12.0,"enemies":"Jaw Worm","floor":1.0,"turns":4.0},{"damage":0.0,"enemies":"Small Slimes","floor":2.0,"turns":4.0},{"damage":0.0,"enemies":"2 Louse","floor":3.0,"turns":3.0},{"damage":11.0,"enemies":"Lots of Slimes","floor":4.0,"turns":6.0},{"damage":12.0,"enemies":"Exordium Wildlife","floor":5.0,"turns":4.0},{"damage":8.0,"enemies":"Gremlin Nob","floor":7.0,"turns":3.0},{"damage":4.0,"enemies":"Gremlin Gang","floor":10.0,"turns":5.0},{"damage":9.0,"enemies":"Exordium Thugs","floor":12.0,"turns":5.0},{"damage":20.0,"enemies":"The Mushroom Lair","floor":13.0,"turns":3.0},{"damage":0.0,"enemies":"3 Sentries","floor":14.0,"turns":6.0},{"damage":7.0,"enemies":"Slime Boss","floor":16.0,"turns":7.0},{"damage":15.0,"enemies":"Shell Parasite","floor":18.0,"turns":2.0},{"damage":11.0,"enemies":"3 Byrds","floor":21.0,"turns":5.0},{"damage":7.0,"enemies":"Sentry and Sphere","floor":22.0,"turns":5.0},{"damage":9.0,"enemies":"Snake Plant","floor":24.0,"turns":3.0},{"damage":12.0,"enemies":"Centurion and Healer","floor":28.0,"turns":2.0},{"damage":6.0,"enemies":"Shelled Parasite and Fungi","floor":31.0,"turns":5.0},{"damage":70.0,"enemies":"Collector","floor":33.0,"turns":9.0},{"damage":0.0,"enemies":"Orb Walker","floor":35.0,"turns":3.0},{"damage":12.0,"enemies":"3 Shapes","floor":36.0,"turns":7.0},{"damage":24.0,"enemies":"Jaw Worm Horde","floor":41.0,"turns":6.0},{"damage":35.0,"enemies":"Writhing Mass","floor":42.0,"turns":7.0},{"damage":15,"enemies":"4 Shapes","floor":45,"turns":3},{"damage":3,"enemies":"3 Darklings","floor":47,"turns":5},{"damage":43,"enemies":"Awakened One","floor":50,"turns":8}],"seed_played":"6292145392264140108","potions_obtained":[{"floor":1.0,"key":"PowerPotion"},{"floor":3.0,"key":"EssenceOfSteel"},{"floor":14.0,"key":"LiquidMemories"},{"floor":16.0,"key":"EssenceOfDarkness"}],"is_trial":false,"path_per_floor":["M","M","M","M","M","R","E","R","T","M","R","M","?","E","R","B",null,"M","?","?","M","M","R","M","R","T","R","M","?","$","M","R","B",null,"M","M","$","?","?","R","M","M","T","?","M","?","M","?","R","B",null],"character_chosen":"DEFECT","items_purchased":["Chill","Lizard Tail","Deep Breath"],"campfire_rested":0,"item_purchase_floors":[30,30,37],"current_hp_per_floor":[59,59,66,62,57,57,56,56,56,59,59,57,44,51,51,51,71,56,56,56,52,52,52,50,50,50,50,48,48,48,52,52,17,63,73,71,71,61,61,61,47,22,22,22,17,17,24,61,61,28],"gold":159,"neow_bonus":"TEN_PERCENT_HP_BONUS","is_daily":false,"chose_seed":false,"campfire_upgraded":10,"win_rate":0.0,"timestamp":1609003564,"path_taken":["M","M","M","M","M","R","E","R","T","M","R","M","?","E","R","BOSS","M","?","?","M","M","R","M","R","T","R","?","?","$","M","R","BOSS","M","?","$","?","?","R","M","M","T","?","M","?","?","?","R","BOSS"],"items_purchased_type":["Card","Relic","Card"],"build_version":"2020-12-22","purchased_purges":1,"victory":true,"max_hp_per_floor":[78,78,78,78,78,78,78,78,78,78,78,78,78,78,78,78,78,78,78,78,78,78,78,78,78,78,78,78,78,78,78,78,78,78,78,78,78,78,74,74,74,74,74,74,74,74,74,61,61,61],"card_choices":[{"not_picked":["Gash","Compile Driver"],"picked":"Glacier","floor":1.0},{"not_picked":["Redo","Stack"],"picked":"Self Repair","floor":2.0},{"not_picked":["Streamline","Turbo"],"picked":"FTL","floor":3.0},{"not_picked":["Chaos","Steam"],"picked":"All For One","floor":4.0},{"not_picked":["Storm","Blizzard"],"picked":"FTL","floor":5.0},{"not_picked":["Fusion","Stack","Glacier"],"picked":"SKIP","floor":7.0},{"not_picked":["Rebound","Barrage"],"picked":"Doom and Gloom","floor":10.0},{"not_picked":["Consume","White Noise"],"picked":"Auto Shields","floor":12.0},{"not_picked":["Ball Lightning","Darkness"],"picked":"Redo","floor":13.0},{"not_picked":["Leap","Ball Lightning","Doom and Gloom"],"picked":"SKIP","floor":14.0},{"not_picked":["Multi-Cast","Core Surge"],"picked":"All For One","floor":16.0},{"not_picked":["Beam Cell","Redo","Self Repair"],"picked":"SKIP","floor":18.0},{"not_picked":["Redo","Self Repair"],"picked":"Beam Cell","floor":18.0},{"not_picked":["Barrage","Rebound","Static Discharge+1"],"picked":"SKIP","floor":21.0},{"not_picked":["Darkness","Hologram","Conserve Battery"],"picked":"SKIP","floor":22.0},{"not_picked":["FTL","Barrage"],"picked":"Go for the Eyes","floor":24.0},{"not_picked":["Cold Snap","Rebound","Turbo"],"picked":"SKIP","floor":28.0},{"not_picked":["Glacier","Stack","Redo"],"picked":"SKIP","floor":31.0},{"not_picked":["Go for the Eyes+1","Reprogram"],"picked":"Capacitor","floor":35.0},{"not_picked":["Ball Lightning","White Noise","Reprogram+1"],"picked":"SKIP","floor":36.0},{"not_picked":["Jack Of All Trades","Panacea"],"picked":"Madness","floor":38.0},{"not_picked":["Swift Strike","Mayhem"],"picked":"Flash of Steel","floor":38.0},{"not_picked":["Purity","Trip"],"picked":"Madness","floor":38.0},{"not_picked":["Reinforced Body+1","Storm+1","Compile Driver+1"],"picked":"SKIP","floor":41.0},{"not_picked":["Cold Snap","Sweeping Beam","Go for the Eyes"],"picked":"SKIP","floor":42.0},{"not_picked":["Self Repair+1","Fusion","Compile Driver"],"picked":"SKIP","floor":45},{"not_picked":["Barrage","Coolheaded","Self Repair"],"picked":"SKIP","floor":47}],"player_experience":942137,"relics_obtained":[{"floor":7.0,"key":"Lantern"},{"floor":9.0,"key":"Orichalcum"},{"floor":13.0,"key":"Odd Mushroom"},{"floor":14.0,"key":"Mummified Hand"},{"floor":26.0,"key":"Pantograph"},{"floor":43.0,"key":"Bottled Lightning"}],"event_choices":[{"damage_healed":0.0,"max_hp_gain":0.0,"max_hp_loss":0.0,"gold_gain":0.0,"event_name":"Mushrooms","player_choice":"Fought Mushrooms","floor":13.0,"gold_loss":0.0,"damage_taken":0.0},{"damage_healed":0.0,"max_hp_gain":0.0,"max_hp_loss":0.0,"gold_gain":50.0,"event_name":"Nest","player_choice":"Stole From Cult","floor":19.0,"gold_loss":0.0,"damage_taken":0.0},{"damage_healed":0.0,"max_hp_gain":0.0,"max_hp_loss":0.0,"gold_gain":0.0,"event_name":"WeMeetAgain","player_choice":"Paid Gold","floor":20.0,"gold_loss":85.0,"damage_taken":0.0,"relics_obtained":["Pen Nib"]},{"damage_healed":0.0,"max_hp_gain":0.0,"max_hp_loss":0.0,"gold_gain":0.0,"event_name":"Lab","player_choice":"Got Potions","floor":29.0,"gold_loss":0.0,"damage_taken":0.0},{"damage_healed":0.0,"max_hp_gain":0.0,"max_hp_loss":0.0,"gold_gain":0.0,"event_name":"SensoryStone","player_choice":"Memory 3","floor":38.0,"gold_loss":0.0,"damage_taken":10.0},{"damage_healed":0.0,"max_hp_gain":0.0,"max_hp_loss":4.0,"gold_gain":0.0,"event_name":"Winding Halls","player_choice":"Max HP","floor":39.0,"gold_loss":0.0,"damage_taken":0.0},{"damage_healed":0,"gold_gain":0,"player_choice":"Ignored","damage_taken":0,"max_hp_gain":0,"max_hp_loss":0,"event_name":"Mysterious Sphere","floor":44,"gold_loss":0},{"cards_removed":["Strike_B"],"damage_healed":0,"gold_gain":0,"player_choice":"Purged","damage_taken":0,"max_hp_gain":0,"max_hp_loss":0,"event_name":"Purifier","floor":46,"gold_loss":0},{"damage_healed":61,"gold_gain":0,"player_choice":"Heal","damage_taken":0,"max_hp_gain":0,"max_hp_loss":13,"event_name":"The Moai Head","floor":48,"gold_loss":0}],"is_beta":false,"boss_relics":[{"not_picked":["Runic Dome","Tiny House"],"picked":"Sozu"},{"not_picked":["SlaversCollar","FrozenCore"],"picked":"Empty Cage"}],"items_purged_floors":[30],"is_endless":false,"potions_floor_spawned":[1,3,10,12,14,16,24,28,31,36,42,47],"ascension_level":19}}