{"host":"z5ys1wbqpsyqmecy","time":1609028965,"event":{"mods":["BaseMod","Colored Map","Colored Powertips","Minty Spire (QoL Compilation)","Relic Stats"],"gold_per_floor":[123,148,175,199,211,248,260,282,318,330,357,402,414,426,438,450,462,485,515,544,575,587,625,637,668,734,759,783,795,836,144,144,243,243,254,254,217,234,251,286,286,286,286,320,8,22,22,39,39,39,39],"floor_reached":50,"playtime":3866,"items_purged":["Regret"],"score":583,"play_id":"d8a2ed20-b9d3-4523-9837-f4a93c1be61a","local_time":"20201226162925","is_ascension_mode":false,"campfire_choices":[{"floor":7,"key":"REST"},{"floor":10,"key":"REST"},{"floor":15,"key":"REST"},{"floor":24,"key":"REST"},{"floor":29,"key":"REST"},{"floor":32,"key":"REST"},{"floor":41,"key":"REST"},{"floor":47,"key":"REST"},{"floor":49,"key":"REST"}],"circlet_count":0,"master_deck":["Strike_R","Strike_R","Strike_R","Strike_R","Strike_R","Defend_R","Defend_R","Defend_R","Defend_R","Bash","CurseOfTheBell","Blood for Blood","Cleave","Flex","Thunderclap","Spot Weakness","Spot Weakness","Power Through","Anger","Limit Break","Pommel Strike+1","Whirlwind","Pommel Strike+1","Clash","Combust","Perfected Strike+1","Clash","Twin Strike","Dual Wield","Flash of Steel","Inflame","Warcry","Feed","Armaments+1","Warcry+1","Battle Trance","Flex+1","Cleave+1","Sword Boomerang+1","Infernal Blade","Flex"],"relics":["Calling Bell","MawBank","InkBottle","FossilizedHelix","WarpedTongs","Bronze Scales","Lantern","Oddly Smooth Stone","Boot","Fusion Hammer","Smiling Mask","Juzu Bracelet","Ornamental Fan","Bag of Preparation","Ginger","Black Star","Champion Belt","Pen Nib","Strawberry","Kunai","Ancient Tea Set","Meat on the Bone"],"acts_visited":["Exordium","TheCity","TheBeyond"],"potions_floor_usage":[6,16,19,23,25,27,27,30,30,33,36,40,46,46],"damage_taken":[{"damage":9,"enemies":"2 Louse","floor":1,"turns":4},{"damage":0,"enemies":"Cultist","floor":2,"turns":3},{"damage":0,"enemies":"Small Slimes","floor":3,"turns":3},{"damage":20,"enemies":"Exordium Wildlife","floor":4,"turns":5},{"damage":18,"enemies":"Gremlin Nob","floor":6,"turns":3},{"damage":5,"enemies":"Lots of Slimes","floor":8,"turns":2},{"damage":7,"enemies":"Gremlin Gang","floor":11,"turns":3},{"damage":30,"enemies":"Lagavulin","floor":12,"turns":5},{"damage":50,"enemies":"Slime Boss","floor":16,"turns":9},{"damage":1,"enemies":"Chosen","floor":18,"turns":4},{"damage":10,"enemies":"Spheric Guardian","floor":19,"turns":4},{"damage":0,"enemies":"Snake Plant","floor":20,"turns":3},{"damage":0,"enemies":"Chosen and Byrds","floor":21,"turns":3},{"damage":10,"enemies":"Slavers","floor":23,"turns":4},{"damage":6,"enemies":"Shelled Parasite and Fungi","floor":25,"turns":3},{"damage":13,"enemies":"Centurion and Healer","floor":27,"turns":2},{"damage":0,"enemies":"3 Cultists","floor":28,"turns":3},{"damage":12,"enemies":"Gremlin Leader","floor":30,"turns":3},{"damage":44,"enemies":"Champ","floor":33,"turns":8},{"damage":0,"enemies":"3 Shapes","floor":35,"turns":2},{"damage":0,"enemies":"3 Darklings","floor":36,"turns":3},{"damage":0,"enemies":"Spire Growth","floor":38,"turns":3},{"damage":9,"enemies":"Transient","floor":39,"turns":5},{"damage":17,"enemies":"Reptomancer","floor":40,"turns":5},{"damage":51,"enemies":"Nemesis","floor":44,"turns":4},{"damage":39,"enemies":"3 Darklings","floor":46,"turns":5},{"damage":0,"enemies":"Sphere and 2 Shapes","floor":48,"turns":3},{"damage":93,"enemies":"Time Eater","floor":50,"turns":6}],"seed_played":"6355576682707551276","potions_obtained":[{"floor":3,"key":"GamblersBrew"},{"floor":4,"key":"ColorlessPotion"},{"floor":12,"key":"ElixirPotion"},{"floor":18,"key":"EssenceOfSteel"},{"floor":22,"key":"EntropicBrew"},{"floor":22,"key":"SneckoOil"},{"floor":22,"key":"SneckoOil"},{"floor":27,"key":"Strength Potion"},{"floor":28,"key":"DuplicationPotion"},{"floor":35,"key":"SpeedPotion"},{"floor":36,"key":"Dexterity Potion"},{"floor":40,"key":"GamblersBrew"}],"is_trial":false,"path_per_floor":["M","M","M","M","?","E","R","M","T","R","M","E","?","?","R","B",null,"M","M","M","M","?","E","R","M","T","M","M","R","E","$","R","B",null,"M","M","$","M","M","E","R","?","T","E","$","M","R","M","R","B"],"character_chosen":"IRONCLAD","items_purchased":["Flash of Steel","Bag of Preparation","Ginger","Inflame","Warcry","Battle Trance","BloodPotion","Meat on the Bone"],"campfire_rested":9,"item_purchase_floors":[31,31,31,31,31,37,45,45],"current_hp_per_floor":[71,71,71,51,51,33,57,52,52,76,69,39,39,39,63,13,80,79,69,69,69,69,59,80,74,74,61,61,80,68,68,80,36,80,83,83,83,83,74,57,81,81,88,37,37,28,55,55,82,0,0],"gold":39,"neow_bonus":"BOSS_RELIC","is_daily":false,"chose_seed":false,"campfire_upgraded":0,"win_rate":0.0,"timestamp":1609028965,"path_taken":["M","M","M","M","?","E","R","?","T","R","M","E","?","?","R","BOSS","M","M","M","M","?","E","R","M","T","M","M","R","E","$","R","BOSS","M","M","?","M","M","E","R","?","T","E","$","M","R","M","R","BOSS"],"items_purchased_type":["Card","Relic","Relic","Card","Card","Card","Potion","Relic"],"build_version":"2020-12-22","purchased_purges":1,"victory":false,"max_hp_per_floor":[80,80,80,80,80,80,80,80,80,80,80,80,80,80,80,80,80,80,80,80,80,80,80,80,80,80,80,80,80,80,80,80,80,80,83,83,83,83,83,83,83,83,90,90,90,90,90,90,90,90,90],"relic_stats":{"counters":[28,110],"Pen Nib":[4],"Juzu Bracelet":1,"Bag of Preparation":[20],"Ginger":[5],"MawBank":372,"Boot":[47],"Smiling Mask":25,"WarpedTongs":[95],"Ornamental Fan":[80],"Bronze Scales":[222],"Black Star":2,"Champion Belt":[5],"Kunai":[7],"obtain_stats":[{"Lantern":9,"Oddly Smooth Stone":12,"Pen Nib":40,"Juzu Bracelet":26,"Bag of Preparation":31,"Ginger":31,"MawBank":0,"Boot":13,"Smiling Mask":23,"Ancient Tea Set":44,"Burning Blood":0,"WarpedTongs":5,"Calling Bell":0,"Ornamental Fan":30,"Bronze Scales":6,"Strawberry":43,"Fusion Hammer":17,"Black Star":34,"Champion Belt":40,"Kunai":44,"InkBottle":0,"FossilizedHelix":0,"Meat on the Bone":45},{"Lantern":6,"Oddly Smooth Stone":8,"Pen Nib":24,"Juzu Bracelet":15,"Bag of Preparation":18,"Ginger":18,"MawBank":0,"Boot":8,"Smiling Mask":14,"Ancient Tea Set":25,"Burning Blood":0,"WarpedTongs":4,"Calling Bell":0,"Ornamental Fan":18,"Bronze Scales":5,"Strawberry":24,"Fusion Hammer":9,"Black Star":19,"Champion Belt":24,"Kunai":25,"InkBottle":0,"FossilizedHelix":0,"Meat on the Bone":25},{"Lantern":20,"Oddly Smooth Stone":28,"Pen Nib":92,"Juzu Bracelet":58,"Bag of Preparation":66,"Ginger":66,"MawBank":0,"Boot":28,"Smiling Mask":55,"Ancient Tea Set":96,"Burning Blood":0,"WarpedTongs":15,"Calling Bell":0,"Ornamental Fan":66,"Bronze Scales":18,"Strawberry":92,"Fusion Hammer":37,"Black Star":74,"Champion Belt":92,"Kunai":96,"InkBottle":0,"FossilizedHelix":0,"Meat on the Bone":96}],"InkBottle":[36],"Meat on the Bone":12},"card_choices":[{"not_picked":["Pummel","Heavy Blade"],"picked":"Blood for Blood","floor":1},{"not_picked":["Warcry","Flex"],"picked":"Cleave","floor":2},{"not_picked":["Body Slam","Thunderclap"],"picked":"Flex","floor":3},{"not_picked":["Headbutt","Juggernaut"],"picked":"Thunderclap","floor":4},{"not_picked":["Clothesline","Flex"],"picked":"Spot Weakness","floor":6},{"not_picked":["Battle Trance","Body Slam"],"picked":"Spot Weakness","floor":8},{"not_picked":["Shockwave","Shrug It Off"],"picked":"Power Through","floor":11},{"not_picked":["Burning Pact","Clothesline"],"picked":"Anger","floor":12},{"not_picked":["Bludgeon","Brutality"],"picked":"Limit Break","floor":16},{"not_picked":["Rampage+1","Cleave"],"picked":"Pommel Strike+1","floor":18},{"not_picked":["Rupture","Blood for Blood+1"],"picked":"Whirlwind","floor":19},{"not_picked":["Feel No Pain","Power Through+1"],"picked":"Pommel Strike+1","floor":20},{"not_picked":["Thunderclap","Fire Breathing"],"picked":"Clash","floor":21},{"not_picked":["Dark Embrace","Battle Trance"],"picked":"Combust","floor":23},{"not_picked":["Shockwave","Feel No Pain"],"picked":"Perfected Strike+1","floor":25},{"not_picked":["Cleave","Ghostly Armor"],"picked":"Clash","floor":27},{"not_picked":["Searing Blow","Clothesline"],"picked":"Twin Strike","floor":28},{"not_picked":["Searing Blow+1","Sword Boomerang"],"picked":"Dual Wield","floor":30},{"not_picked":["Demon Form","Berserk"],"picked":"Feed","floor":33},{"not_picked":["Body Slam+1","Clash+1"],"picked":"Armaments+1","floor":35},{"not_picked":["Headbutt","Carnage"],"picked":"Warcry+1","floor":36},{"not_picked":["Dual Wield","Body Slam","Dark Embrace"],"picked":"SKIP","floor":38},{"not_picked":["Iron Wave+1","Cleave+1"],"picked":"Flex+1","floor":39},{"not_picked":["Body Slam","Armaments+1"],"picked":"Cleave+1","floor":40},{"not_picked":["Carnage","Cleave"],"picked":"Sword Boomerang+1","floor":44},{"not_picked":["Body Slam","True Grit+1"],"picked":"Infernal Blade","floor":46},{"not_picked":["Infernal Blade","Offering"],"picked":"Flex","floor":48}],"player_experience":55922,"relics_obtained":[{"floor":0,"key":"MawBank"},{"floor":0,"key":"InkBottle"},{"floor":0,"key":"FossilizedHelix"},{"floor":6,"key":"Bronze Scales"},{"floor":9,"key":"Lantern"},{"floor":12,"key":"Oddly Smooth Stone"},{"floor":23,"key":"Smiling Mask"},{"floor":26,"key":"Juzu Bracelet"},{"floor":30,"key":"Ornamental Fan"},{"floor":40,"key":"Champion Belt"},{"floor":40,"key":"Pen Nib"},{"floor":43,"key":"Strawberry"},{"floor":44,"key":"Kunai"},{"floor":44,"key":"Ancient Tea Set"}],"event_choices":[{"damage_healed":0,"gold_gain":0,"player_choice":"Rummage","damage_taken":0,"relics_obtained":["WarpedTongs"],"max_hp_gain":0,"max_hp_loss":0,"event_name":"Accursed Blacksmith","floor":5,"gold_loss":0,"cards_obtained":["Pain"]},{"damage_healed":0,"gold_gain":0,"player_choice":"Box","damage_taken":0,"relics_obtained":["Boot"],"max_hp_gain":0,"max_hp_loss":0,"event_name":"Big Fish","floor":13,"gold_loss":0,"cards_obtained":["Regret"]},{"cards_removed":["Pain"],"damage_healed":0,"gold_gain":0,"player_choice":"Forget","damage_taken":0,"max_hp_gain":0,"max_hp_loss":0,"event_name":"Living Wall","floor":14,"gold_loss":0},{"damage_healed":0,"gold_gain":0,"player_choice":"Got Potions","damage_taken":0,"max_hp_gain":0,"max_hp_loss":0,"event_name":"Lab","floor":22,"gold_loss":0},{"damage_healed":0,"gold_gain":0,"player_choice":"Ignored","damage_taken":0,"max_hp_gain":0,"max_hp_loss":0,"event_name":"SecretPortal","floor":42,"gold_loss":0}],"is_beta":false,"boss_relics":[{"not_picked":["Ectoplasm","Runic Dome"],"picked":"Fusion Hammer"},{"not_picked":["Cursed Key","Empty Cage"],"picked":"Black Star"}],"items_purged_floors":[31],"is_endless":false,"potions_floor_spawned":[3,4,12,16,18,27,28,35,36,40],"killed_by":"Time Eater","ascension_level":0}}