{"host":"wy23tj84iquxuyyu","time":1609010939,"event":{"mods":["Aspiration","BaseMod","Better Note","Colored Map","Fireblade Mod","Hermit","Marked Mod","Minty Spire (QoL Compilation)","Random Character Button","Rare Cards Sparkle","Relic Stats","Replay The Spire","Retaliation","Spicy Shops","StSLib","The Cursed","The Death Knight","The Necromancer","Trackpad"],"gold_per_floor":[119,119,140,159,178,178,202,460,460,460,481,481,504,527,527,651,651,651,651],"floor_reached":18,"playtime":1056,"items_purged":[],"score":156,"play_id":"3633687e-d341-4633-b5e6-92fdfe2b584c","local_time":"20201226142859","is_ascension_mode":false,"campfire_choices":[{"data":"SashWhip","floor":6.0,"key":"SMITH"},{"floor":10.0,"key":"REST"},{"data":"CrushJoints","floor":12.0,"key":"SMITH"},{"floor":15.0,"key":"REST"}],"circlet_count":0,"master_deck":["Strike_P","Strike_P","Strike_P","Strike_P","Defend_P","Defend_P","Defend_P","Defend_P","Eruption","Vigilance+1","SashWhip+1","Injury","BowlingBash","Wallop","Replay:ManipulateFuture","CrushJoints+1","Judgement","CurseOfTheBell"],"relics":["PureWater","Golden Idol","Bird Faced Urn","Calling Bell","Unceasing Top","Quantum Egg","trackpad:Mousetrap"],"acts_visited":["Exordium","TheCity"],"potions_floor_usage":[],"damage_taken":[{"damage":0.0,"enemies":"Jaw Worm","floor":1.0,"turns":5.0},{"damage":0.0,"enemies":"Small Slimes","floor":3.0,"turns":3.0},{"damage":0.0,"enemies":"Cultist","floor":4.0,"turns":5.0},{"damage":9.0,"enemies":"Blue Slaver","floor":5.0,"turns":6.0},{"damage":21.0,"enemies":"Gremlin Gang","floor":7.0,"turns":5.0},{"damage":3.0,"enemies":"Large Slime","floor":11.0,"turns":7.0},{"damage":2.0,"enemies":"Blue Slaver","floor":13.0,"turns":4.0},{"damage":5.0,"enemies":"Looter","floor":14.0,"turns":4.0},{"damage":31.0,"enemies":"Fading Forest","floor":16.0,"turns":11.0},{"damage":5,"enemies":"Chosen","floor":18,"turns":3}],"seed_played":"8470783429814739966","potions_obtained":[{"floor":4.0,"key":"Dexterity Potion"},{"floor":11.0,"key":"Elixir"},{"floor":14.0,"key":"LiquidMemories"}],"is_trial":false,"path_per_floor":["M","?","M","M","M","R","M","?","T","R","M","R","M","M","R","B",null,"M"],"character_chosen":"WATCHER","items_purchased":[],"campfire_rested":2,"item_purchase_floors":[],"current_hp_per_floor":[72,72,72,72,63,63,42,42,42,63,60,60,58,53,72,41,72,67,67],"gold":651,"neow_bonus":"UPGRADE_CARD","is_daily":false,"chose_seed":false,"campfire_upgraded":2,"win_rate":0.0,"timestamp":1609010939,"path_taken":["M","?","M","M","M","R","M","?","T","R","M","R","M","M","R","BOSS","M"],"items_purchased_type":[],"build_version":"2020-12-22","purchased_purges":0,"victory":false,"max_hp_per_floor":[72,72,72,72,72,72,72,72,72,72,72,72,72,72,72,72,72,72,72],"relic_stats":{"counters":[10,53],"Golden Idol":108,"Bird Faced Urn":[0],"obtain_stats":[{"Calling Bell":17,"trackpad:Mousetrap":17,"Golden Idol":2,"Bird Faced Urn":9,"Quantum Egg":17,"PureWater":0,"Unceasing Top":17},{"Calling Bell":9,"trackpad:Mousetrap":9,"Golden Idol":1,"Bird Faced Urn":5,"Quantum Egg":9,"PureWater":0,"Unceasing Top":9},{"Calling Bell":50,"trackpad:Mousetrap":50,"Golden Idol":5,"Bird Faced Urn":24,"Quantum Egg":50,"PureWater":0,"Unceasing Top":50}],"Unceasing Top":[0]},"card_choices":[{"not_picked":["Halt","Replay:AtTheReady"],"picked":"SashWhip","floor":1.0},{"not_picked":["Study","Crescendo","EmptyBody"],"picked":"SKIP","floor":3.0},{"not_picked":["Crescendo","InnerPeace","Evaluate"],"picked":"SKIP","floor":4.0},{"not_picked":["Conclude","CutThroughFate"],"picked":"BowlingBash","floor":5.0},{"not_picked":["Prostrate","EmptyFist"],"picked":"Wallop","floor":7.0},{"not_picked":["Replay:Hum","Vengeance"],"picked":"Replay:ManipulateFuture","floor":8.0},{"not_picked":["LessonLearned","WindmillStrike"],"picked":"CrushJoints","floor":11.0},{"not_picked":["MarkedMod:GentlePulse","WindmillStrike","FlurryOfBlows"],"picked":"SKIP","floor":13.0},{"not_picked":["Nirvana","Replay:ManipulateFuture","MarkedMod:FirstStrike"],"picked":"SKIP","floor":14.0},{"not_picked":["ConjureBlade","Replay:LoomingThreat"],"picked":"Judgement","floor":16.0}],"player_experience":811180,"relics_obtained":[{"floor":9.0,"key":"Bird Faced Urn"},{"floor":17,"key":"Unceasing Top"},{"floor":17,"key":"Quantum Egg"},{"floor":17,"key":"trackpad:Mousetrap"}],"event_choices":[{"damage_healed":0.0,"max_hp_gain":0.0,"max_hp_loss":0.0,"gold_gain":0.0,"event_name":"Golden Idol","player_choice":"Take Wound","floor":2.0,"gold_loss":0.0,"damage_taken":0.0,"relics_obtained":["Golden Idol"],"cards_obtained":["Injury"]}],"is_beta":false,"boss_relics":[{"not_picked":["aspiration:PoetsPen_weak","Ectoplasm"],"picked":"Calling Bell"}],"items_purged_floors":[],"is_endless":false,"potions_floor_spawned":[4,11,14,16],"killed_by":"Chosen","ascension_level":0}}