{"host":"tzyzz5n7hg2ni9q2","time":1609022142,"event":{"mods":["BaseMod","Minty Spire (QoL Compilation)","Quick Restart"],"gold_per_floor":[127,89,276,303,315,327,352,375,387,399,424,436,448,480,492,504,504],"floor_reached":16,"playtime":413,"items_purged":[],"score":124,"play_id":"c0b70398-2852-4457-bc85-9274641263a4","local_time":"20201226233542","is_ascension_mode":true,"campfire_choices":[{"data":"Shrug It Off","floor":6,"key":"SMITH"},{"floor":10,"key":"REST"},{"floor":15,"key":"REST"}],"circlet_count":0,"master_deck":["Strike_R","Strike_R","Strike_R","Strike_R","Defend_R","Defend_R","Defend_R","Defend_R","Bash","Cleave","Shrug It Off+1","Twin Strike"],"relics":["Burning Blood","MawBank","Shuriken","Pocketwatch"],"acts_visited":["Exordium"],"potions_floor_usage":[16],"damage_taken":[{"damage":3,"enemies":"2 Louse","floor":1,"turns":2},{"damage":13,"enemies":"Jaw Worm","floor":4,"turns":5},{"damage":1,"enemies":"Small Slimes","floor":7,"turns":4},{"damage":39,"enemies":"Exordium Thugs","floor":8,"turns":8},{"damage":11,"enemies":"Gremlin Gang","floor":11,"turns":3},{"damage":35,"enemies":"Exordium Wildlife","floor":14,"turns":4},{"damage":29,"enemies":"Hexaghost","floor":16,"turns":9}],"seed_played":"1066107091863386391","potions_obtained":[{"floor":4,"key":"ElixirPotion"}],"is_trial":false,"path_per_floor":["M","?","?","M","?","R","M","M","T","R","M","?","$","M","R","B"],"character_chosen":"IRONCLAD","items_purchased":[],"campfire_rested":2,"item_purchase_floors":[],"current_hp_per_floor":[75,75,75,68,56,56,61,28,28,52,47,47,47,18,42,13,13],"gold":504,"neow_bonus":"RANDOM_COMMON_RELIC","is_daily":false,"chose_seed":false,"campfire_upgraded":1,"win_rate":0.0,"timestamp":1609022142,"path_taken":["M","?","?","M","?","R","M","M","T","R","M","?","$","M","R","BOSS"],"items_purchased_type":[],"build_version":"2020-12-22","purchased_purges":0,"victory":false,"max_hp_per_floor":[80,80,80,80,80,80,80,80,80,80,80,80,80,80,80,80,80],"card_choices":[{"not_picked":["True Grit","Wild Strike"],"picked":"Cleave","floor":1},{"not_picked":["Body Slam","Disarm"],"picked":"Shrug It Off","floor":4},{"not_picked":["Infernal Blade","Fire Breathing"],"picked":"Twin Strike","floor":7},{"not_picked":["Headbutt","Clothesline","Metallicize"],"picked":"SKIP","floor":8},{"not_picked":["Pommel Strike","Cleave","Warcry"],"picked":"SKIP","floor":11},{"not_picked":["Burning Pact","Whirlwind","Clothesline"],"picked":"SKIP","floor":14}],"player_experience":193753,"relics_obtained":[{"floor":9,"key":"Pocketwatch"}],"event_choices":[{"cards_removed":["Strike_R"],"damage_healed":0,"gold_gain":0,"player_choice":"Card Removal","damage_taken":0,"max_hp_gain":0,"max_hp_loss":0,"event_name":"The Cleric","floor":2,"gold_loss":50},{"damage_healed":0,"gold_gain":175,"player_choice":"AGREE","damage_taken":0,"max_hp_gain":0,"max_hp_loss":0,"event_name":"Liars Game","floor":3,"gold_loss":0,"cards_obtained":["Doubt"]},{"damage_healed":0,"gold_gain":0,"player_choice":"Success","damage_taken":12,"relics_obtained":["Shuriken"],"max_hp_gain":0,"max_hp_loss":0,"event_name":"Scrap Ooze","floor":5,"gold_loss":0},{"cards_removed":["Doubt"],"damage_healed":0,"gold_gain":0,"player_choice":"Removed Curses","damage_taken":0,"max_hp_gain":0,"max_hp_loss":0,"event_name":"Fountain of Cleansing","floor":12,"gold_loss":0}],"is_beta":false,"boss_relics":[],"items_purged_floors":[],"is_endless":false,"potions_floor_spawned":[4],"killed_by":"Hexaghost","ascension_level":7}}