{"host":"opg65mucj6ra7dr1","time":1609004917,"event":{"mods":["BaseMod","DeckTracker","Keyboard Shortcuts","Minty Spire (QoL Compilation)","Permanent Neow","Quick Restart","everything is the same but u backflip on backflip"],"gold_per_floor":[114,114,132,81,93,93,93,125,125,125,157,170,170,47,47,124,124,135,155,175,90,18,47,57,85,85,85,96,96,129,109,109,184,184,203,203,49,49,59,59,87,100,100,126,126,144,144,199,199,199,199,199,25,60,60,60],"floor_reached":55,"playtime":2621,"items_purged":["Strike_G","Defend_G"],"score":1371,"play_id":"02488a34-ea32-4168-a92d-ea2b390aeca1","local_time":"20201227024837","is_ascension_mode":true,"campfire_choices":[{"data":"Dagger Throw","floor":6.0,"key":"SMITH"},{"data":"Calculated Gamble","floor":10.0,"key":"SMITH"},{"data":"All Out Attack","floor":13.0,"key":"SMITH"},{"data":"Dagger Throw","floor":15.0,"key":"SMITH"},{"floor":27.0,"key":"REST"},{"data":"Tactician","floor":29.0,"key":"SMITH"},{"data":"After Image","floor":32.0,"key":"SMITH"},{"data":"Outmaneuver","floor":40.0,"key":"SMITH"},{"floor":45.0,"key":"RECALL"},{"floor":47.0,"key":"REST"},{"floor":49.0,"key":"REST"},{"data":"Neutralize","floor":52.0,"key":"SMITH"}],"circlet_count":0,"master_deck":["AscendersBane","Strike_G","Strike_G","Strike_G","Defend_G","Defend_G","Defend_G","Defend_G","Survivor","Neutralize+1","Backflip","Dagger Throw+1","Calculated Gamble+1","All Out Attack+1","Dagger Throw+1","Doppelganger","Deflect","After Image+1","Tactician+1","Flying Knee","Outmaneuver+1","PiercingWail","Quick Slash+1","Quick Slash","Underhanded Strike","Backflip","Backflip","Deflect+1","Blur","Apotheosis","Reflex"],"relics":["Ring of the Snake","NeowsBlessing","Tingsha","Mango","Dream Catcher","Runic Pyramid","Gremlin Horn","Happy Flower","Meat on the Bone","Pear","Ornamental Fan","HoveringKite","Bag of Preparation","Shuriken","Letter Opener","Ginger","HornCleat"],"acts_visited":["TheCity","TheBeyond","TheEnding"],"potions_floor_usage":[55],"damage_taken":[{"damage":0.0,"enemies":"2 Louse","floor":1.0,"turns":1.0},{"damage":0.0,"enemies":"Jaw Worm","floor":3.0,"turns":1.0},{"damage":0.0,"enemies":"Cultist","floor":5.0,"turns":1.0},{"damage":32.0,"enemies":"Lagavulin","floor":8.0,"turns":7.0},{"damage":12.0,"enemies":"3 Sentries","floor":11.0,"turns":7.0},{"damage":11.0,"enemies":"Exordium Wildlife","floor":12.0,"turns":4.0},{"damage":0.0,"enemies":"Hexaghost","floor":16.0,"turns":9.0},{"damage":0.0,"enemies":"Spheric Guardian","floor":18.0,"turns":2.0},{"damage":4.0,"enemies":"3 Byrds","floor":19.0,"turns":4.0},{"damage":14.0,"enemies":"Centurion and Healer","floor":20.0,"turns":4.0},{"damage":11.0,"enemies":"Book of Stabbing","floor":23.0,"turns":6.0},{"damage":11.0,"enemies":"Shelled Parasite and Fungi","floor":24.0,"turns":4.0},{"damage":28.0,"enemies":"Slavers","floor":25.0,"turns":8.0},{"damage":13.0,"enemies":"Snake Plant","floor":28.0,"turns":4.0},{"damage":15.0,"enemies":"Book of Stabbing","floor":30.0,"turns":7.0},{"damage":36.0,"enemies":"Collector","floor":33.0,"turns":13.0},{"damage":6.0,"enemies":"Orb Walker","floor":35.0,"turns":5.0},{"damage":16.0,"enemies":"3 Shapes","floor":39.0,"turns":3.0},{"damage":19.0,"enemies":"Nemesis","floor":41.0,"turns":5.0},{"damage":0.0,"enemies":"Maw","floor":42.0,"turns":7.0},{"damage":0.0,"enemies":"Reptomancer","floor":44.0,"turns":3.0},{"damage":0.0,"enemies":"3 Darklings","floor":46.0,"turns":2.0},{"damage":12.0,"enemies":"2 Orb Walkers","floor":48.0,"turns":3.0},{"damage":46.0,"enemies":"Time Eater","floor":50.0,"turns":11.0},{"damage":55.0,"enemies":"Shield and Spear","floor":54.0,"turns":7.0},{"damage":42,"enemies":"The Heart","floor":55,"turns":5}],"seed_played":"5612220341641412055","potions_obtained":[{"floor":1.0,"key":"Fire Potion"},{"floor":11.0,"key":"Dexterity Potion"},{"floor":12.0,"key":"CunningPotion"},{"floor":16.0,"key":"SteroidPotion"},{"floor":24.0,"key":"Regen Potion"},{"floor":30.0,"key":"AttackPotion"},{"floor":31.0,"key":"CultistPotion"},{"floor":33.0,"key":"GamblersBrew"},{"floor":35.0,"key":"LiquidMemories"},{"floor":46.0,"key":"DistilledChaos"},{"floor":48.0,"key":"Explosive Potion"},{"floor":54.0,"key":"PowerPotion"}],"is_trial":false,"path_per_floor":["M","?","M","?","M","R","?","E","T","R","E","M","R","$","R","B",null,"M","M","M","?","$","E","M","E","T","R","M","R","E","?","R","B",null,"M","?","$","?","M","R","E","M","T","E","R","M","R","?","R","B",null,"R","$","E","B"],"character_chosen":"THE_SILENT","items_purchased":["Dagger Throw","Tactician","Underhanded Strike","Apotheosis"],"campfire_rested":3,"item_purchase_floors":[14,22,37,53],"current_hp_per_floor":[63,63,63,63,63,63,63,45,45,45,33,22,22,22,22,22,69,69,65,51,51,51,40,29,16,26,54,53,53,50,50,50,26,77,71,71,71,71,55,55,48,48,48,48,48,48,76,64,92,58,85,85,85,42,0,0],"gold":60,"neow_bonus":"THREE_ENEMY_KILL","is_daily":false,"chose_seed":false,"campfire_upgraded":8,"win_rate":0.0,"timestamp":1609004917,"path_taken":["M","?","M","?","?","R","?","E","T","R","E","M","R","$","R","BOSS","M","?","M","?","$","E","M","E","T","R","M","R","E","?","R","BOSS","M","?","$","?","M","R","E","M","T","E","R","?","R","?","R","BOSS","R","$","E","BOSS"],"items_purchased_type":["Card","Card","Card","Card"],"build_version":"2020-12-22","purchased_purges":2,"victory":false,"max_hp_per_floor":[70,70,70,70,70,70,70,84,84,84,84,84,84,84,84,84,84,84,84,84,84,84,84,84,84,94,94,94,94,94,94,94,94,94,94,94,94,94,94,94,94,94,94,94,94,94,94,94,94,94,94,94,94,94,94,94],"card_choices":[{"not_picked":["Infinite Blades","Blur","Dodge and Roll"],"picked":"SKIP","floor":1.0},{"not_picked":["Slice","Blade Dance"],"picked":"Backflip","floor":3.0},{"not_picked":["Underhanded Strike","Dodge and Roll"],"picked":"Dagger Throw","floor":5.0},{"not_picked":["Crippling Poison","Prepared"],"picked":"Calculated Gamble","floor":8.0},{"not_picked":["Acrobatics","Blur"],"picked":"All Out Attack","floor":11.0},{"not_picked":["Accuracy","Corpse Explosion","Cloak And Dagger"],"picked":"SKIP","floor":12.0},{"not_picked":["Malaise","Grand Finale"],"picked":"Doppelganger","floor":16.0},{"not_picked":["Cloak And Dagger","Poisoned Stab+1"],"picked":"Deflect","floor":18.0},{"not_picked":["Deadly Poison","Backstab","Distraction"],"picked":"SKIP","floor":19.0},{"not_picked":["Deadly Poison","Quick Slash"],"picked":"After Image","floor":20.0},{"not_picked":["Catalyst","Bane"],"picked":"Flying Knee","floor":23.0},{"not_picked":["Quick Slash","Blade Dance","Outmaneuver"],"picked":"SKIP","floor":24.0},{"not_picked":["Quick Slash","Blade Dance"],"picked":"Outmaneuver","floor":24.0},{"not_picked":["Infinite Blades","Phantasmal Killer"],"picked":"Deflect","floor":25.0},{"not_picked":["Setup","Flying Knee"],"picked":"PiercingWail","floor":28.0},{"not_picked":["Leg Sweep","Heel Hook"],"picked":"Quick Slash+1","floor":30.0},{"not_picked":["Predator","Terror"],"picked":"Quick Slash","floor":35.0},{"not_picked":["Slice+1","Sucker Punch","Flechettes"],"picked":"SKIP","floor":39.0},{"not_picked":["Underhanded Strike","PiercingWail","Dash"],"picked":"SKIP","floor":41.0},{"not_picked":["Heel Hook+1","Outmaneuver"],"picked":"Backflip","floor":42.0},{"not_picked":["Riddle With Holes+1","Leg Sweep"],"picked":"Backflip","floor":44.0},{"not_picked":["Deflect","Underhanded Strike+1","Dash+1"],"picked":"SKIP","floor":46.0},{"not_picked":["Flying Knee","Concentrate"],"picked":"Deflect+1","floor":48.0},{"not_picked":["Footwork","Tactician"],"picked":"Blur","floor":49.0},{"not_picked":["PiercingWail+1","Dagger Throw+1"],"picked":"Reflex","floor":54.0}],"player_experience":107771,"relics_obtained":[{"floor":8.0,"key":"Mango"},{"floor":11.0,"key":"Dream Catcher"},{"floor":23.0,"key":"Happy Flower"},{"floor":25.0,"key":"Meat on the Bone"},{"floor":26.0,"key":"Pear"},{"floor":30.0,"key":"Ornamental Fan"},{"floor":41.0,"key":"Bag of Preparation"},{"floor":43.0,"key":"Shuriken"},{"floor":44.0,"key":"Letter Opener"},{"floor":48.0,"key":"Ginger"},{"floor":54.0,"key":"HornCleat"}],"event_choices":[{"damage_healed":0.0,"max_hp_gain":0.0,"max_hp_loss":0.0,"gold_gain":0.0,"event_name":"Liars Game","player_choice":"Ignored","floor":2.0,"gold_loss":0.0,"damage_taken":0.0},{"damage_healed":0.0,"max_hp_gain":0.0,"max_hp_loss":0.0,"gold_gain":0.0,"event_name":"WeMeetAgain","player_choice":"Paid Gold","floor":4.0,"gold_loss":51.0,"damage_taken":0.0,"relics_obtained":["Tingsha"]},{"cards_removed":["Strike_G"],"damage_healed":0.0,"max_hp_gain":0.0,"max_hp_loss":0.0,"gold_gain":0.0,"event_name":"Purifier","player_choice":"Purged","floor":7.0,"gold_loss":0.0,"damage_taken":0.0},{"damage_healed":0.0,"max_hp_gain":0.0,"max_hp_loss":0.0,"gold_gain":0.0,"event_name":"Addict","player_choice":"Obtained Relic","floor":21.0,"gold_loss":85.0,"damage_taken":0.0,"relics_obtained":["Gremlin Horn"]},{"damage_healed":0.0,"max_hp_gain":0.0,"max_hp_loss":0.0,"gold_gain":0.0,"event_name":"The Woman in Blue","player_choice":"Bought 1 Potion","floor":31.0,"gold_loss":0.0,"damage_taken":0.0},{"cards_removed":["Deflect"],"damage_healed":0.0,"max_hp_gain":0.0,"max_hp_loss":0.0,"gold_gain":0.0,"event_name":"Falling","player_choice":"Removed Skill","floor":36.0,"gold_loss":0.0,"damage_taken":0.0},{"damage_healed":0.0,"max_hp_gain":0.0,"max_hp_loss":0.0,"gold_gain":0.0,"event_name":"SecretPortal","player_choice":"Ignored","floor":38.0,"gold_loss":0.0,"damage_taken":0.0},{"damage_healed":0.0,"max_hp_gain":0.0,"max_hp_loss":0.0,"gold_gain":0.0,"event_name":"Mysterious Sphere","player_choice":"Fight","floor":48.0,"gold_loss":0.0,"damage_taken":0.0}],"is_beta":false,"boss_relics":[{"not_picked":["Black Star","Coffee Dripper"],"picked":"Runic Pyramid"},{"not_picked":["Cursed Key","Tiny House"],"picked":"HoveringKite"}],"items_purged_floors":[14,37],"is_endless":false,"potions_floor_spawned":[1,11,12,16,19,24,30,33,35,46,48,54],"killed_by":"The Heart","ascension_level":13}}