{"host":"qw4xe3mt0biolpvp","time":1609021982,"event":{"mods":["AchievementEnabler","Act Like it!","Aspiration","BaseMod","Bestiary","BetterRewards","Colored Map","Colored Powertips","Downfall","Gensokyo","Hallownest","Hermit","Highlight Path","Hubris","Infinite Spire","Jorbs\u0027s Wanderer Trilogy","Lobotomy","Marisa????????","Marked Mod","Minty Spire (QoL Compilation)","Quick Restart","Replay The Spire","StSLib","The Administrix","The Animator","The Bug Knight","The Cursed","The Jungle","The Marked","The Necromancer","The Servant 0.9.4","The Wild Card"],"gold_per_floor":[112,37,37,37,47,47,47,47,47,47,58,33,47,62,62,162,162,173,173,189,189,189],"floor_reached":21,"playtime":1194,"items_purged":["Strike_R"],"score":169,"play_id":"5f555c0c-1871-4e09-8ec5-425061d27547","local_time":"20201226193302","is_ascension_mode":false,"campfire_choices":[{"data":"ReplayReversal","floor":6,"key":"SMITH"},{"data":"Neutralize","floor":8,"key":"SMITH"},{"floor":10,"key":"RECALL"},{"data":"hubris:ReadiedAction","floor":15,"key":"SMITH"}],"circlet_count":0,"master_deck":["Strike_R","Strike_R","Strike_R","Defend_R","Defend_R","Defend_R","Sword Boomerang","Survivor","Neutralize+1","BeautyBeast","ReplayReversal+1","hubris:SharpeningStone","OSAHOGD","Iron Wave","hubris:ReadiedAction+1","VoidDream","ReplayTheSpireMod:LeadingStrike","Rudolta","FairyFestival","Replay:Many Hands","OldLady","Replay:Undeath\u0027s Touch","UniverseFragment","Replay:Undeath\u0027s Touch"],"relics":["Burning Blood","CogitoBucket","aspiration:PoetsPen_weak","SkinProphecy","aspiration:RitualStick"],"acts_visited":["Exordium","TheCity"],"potions_floor_usage":[],"damage_taken":[{"damage":12,"enemies":"2 Louse","floor":1,"turns":2},{"damage":10,"enemies":"Small Slimes","floor":5,"turns":5},{"damage":0,"enemies":"Cultist","floor":11,"turns":4},{"damage":6,"enemies":"2 Fungi Beasts","floor":13,"turns":4},{"damage":12,"enemies":"Red Slaver","floor":14,"turns":6},{"damage":42,"enemies":"Fading Forest","floor":16,"turns":11},{"damage":44,"enemies":"Spheric Guardian","floor":18,"turns":4},{"damage":21,"enemies":"3 Byrds","floor":20,"turns":6},{"damage":6,"enemies":"Snecko","floor":21,"turns":3}],"seed_played":"7659283223473301578","potions_obtained":[{"floor":1,"key":"BlessingOfTheForge"},{"floor":11,"key":"ElixirPotion"},{"floor":16,"key":"Regen Potion"}],"is_trial":false,"path_per_floor":["M","$","?","?","M","R","?","R","T","R","M","$","M","M","R","B",null,"M","?","M","M"],"character_chosen":"IRONCLAD","items_purchased":["hubris:ReadiedAction"],"campfire_rested":0,"item_purchase_floors":[12],"current_hp_per_floor":[74,74,74,74,70,70,70,70,70,70,76,76,76,70,70,44,80,43,27,8,0,0],"gold":189,"neow_bonus":"","is_daily":false,"chose_seed":false,"campfire_upgraded":3,"win_rate":0.0,"timestamp":1609021982,"path_taken":["M","$","?","?","M","R","?","R","T","R","M","$","?","M","R","BOSS","M","?","M","M"],"items_purchased_type":["Card"],"build_version":"2020-12-22","purchased_purges":1,"victory":false,"max_hp_per_floor":[80,80,80,80,80,80,80,80,80,80,80,80,80,80,80,80,80,80,80,82,84,84],"card_choices":[{"not_picked":["FairyFestival","CrumblingArmor"],"picked":"MHz","floor":1},{"not_picked":["Replay:Undeath\u0027s Touch","Dark Embrace"],"picked":"Sword Boomerang","floor":1},{"not_picked":["WallGazer","Freischutz"],"picked":"BeautyBeast","floor":5},{"not_picked":["Headbutt","Iron Wave"],"picked":"ReplayReversal","floor":5},{"not_picked":["Wellcheers","Bloodbath"],"picked":"OSAHOGD","floor":11},{"not_picked":["ReplayTheSpireMod:Muscle Training","Barricade"],"picked":"Iron Wave","floor":11},{"not_picked":["ShyLook","SpiderBud"],"picked":"VoidDream","floor":13},{"not_picked":["Dark Embrace","Disarm"],"picked":"ReplayTheSpireMod:LeadingStrike","floor":13},{"not_picked":["BigBadWolf","MeatLantern"],"picked":"Rudolta","floor":14},{"not_picked":["True Grit","Wild Strike","Warcry"],"picked":"SKIP","floor":14},{"not_picked":["PunishingBird","WallGazer"],"picked":"FairyFestival","floor":16},{"not_picked":["Corruption","Berserk"],"picked":"Replay:Many Hands","floor":16},{"not_picked":["NakedNest","PunishingBird"],"picked":"OldLady","floor":18},{"not_picked":["Second Wind","ReplayReversal"],"picked":"Replay:Undeath\u0027s Touch","floor":18},{"not_picked":["LongBird","CherryBlossoms"],"picked":"UniverseFragment","floor":20},{"not_picked":["Hemokinesis","Anger"],"picked":"Replay:Undeath\u0027s Touch","floor":20}],"player_experience":38879,"relics_obtained":[],"event_choices":[{"damage_healed":0,"gold_gain":0,"player_choice":"Leave","damage_taken":0,"max_hp_gain":0,"max_hp_loss":0,"event_name":"The Cleric","floor":3,"gold_loss":0},{"damage_healed":0,"gold_gain":0,"cards_transformed":["Defend_R"],"player_choice":"Transformed","damage_taken":0,"max_hp_gain":0,"max_hp_loss":0,"event_name":"Transmorgrifier","floor":7,"gold_loss":0,"cards_obtained":["hubris:SharpeningStone"]}],"is_beta":false,"boss_relics":[{"not_picked":["Ooze Armor","hubris:RunicObelisk"],"picked":"aspiration:PoetsPen_weak"}],"items_purged_floors":[2],"is_endless":false,"potions_floor_spawned":[1,11,16],"killed_by":"Snecko","ascension_level":0}}