{"host":"opg65mucj6ra7dr1","time":1609008394,"event":{"mods":["BaseMod","DeckTracker","Keyboard Shortcuts","Minty Spire (QoL Compilation)","Permanent Neow","Quick Restart","everything is the same but u backflip on backflip"],"gold_per_floor":[112,112,112,131,144,144,155,175,175,175,175,59,79,92,92,195,195,210,210,61,77,77,108,108,137,137,58,75,109,109,122,122,227,227,247,257,277,294,394,420,420,451,532,564,564,589,605,114,114,114],"floor_reached":51,"playtime":1264,"items_purged":["Strike_B"],"score":949,"play_id":"2be40881-3baa-4aee-b715-1cc0b3f0f562","local_time":"20201227034634","is_ascension_mode":true,"campfire_choices":[{"floor":6.0,"key":"REST"},{"floor":11.0,"key":"REST"},{"floor":15.0,"key":"REST"},{"floor":24.0,"key":"REST"},{"data":"Electrodynamics","floor":30.0,"key":"SMITH"},{"floor":32.0,"key":"REST"},{"floor":41.0,"key":"REST"},{"floor":45.0,"key":"REST"},{"floor":49,"key":"REST"}],"circlet_count":0,"master_deck":["Strike_B","Strike_B","Defend_B","Defend_B","Defend_B","Defend_B","Zap","Dualcast","Defragment","Stack","Electrodynamics+1","Zap","Redo","Chill","Multi-Cast","Static Discharge","Conserve Battery","Capacitor","Ball Lightning","Core Surge","Lockon","Core Surge","Consume","Defragment","Tempest","Leap","Ghostly","Ghostly","Ghostly","Ghostly","Ghostly","Tempest+1","Biased Cognition","Biased Cognition","Seek","Conserve Battery","Ball Lightning+1","Self Repair","Turbo+1","Lockon+1","Stack","Defragment","Loop","Hologram","Redo+1"],"relics":["Cracked Core","Dream Catcher","Bottled Tornado","Emotion Chip","SlaversCollar","Mercury Hourglass","Red Mask","DataDisk","Thread and Needle","Fusion Hammer","HornCleat","Gremlin Horn","Letter Opener","Centennial Puzzle","Smiling Mask","Mango"],"acts_visited":["Exordium","TheCity","TheBeyond"],"potions_floor_usage":[46,47,50],"damage_taken":[{"damage":12.0,"enemies":"Jaw Worm","floor":1.0,"turns":2.0},{"damage":6.0,"enemies":"Cultist","floor":4.0,"turns":3.0},{"damage":12.0,"enemies":"Small Slimes","floor":5.0,"turns":3.0},{"damage":19.0,"enemies":"Exordium Thugs","floor":7.0,"turns":3.0},{"damage":12.0,"enemies":"Lots of Slimes","floor":8.0,"turns":2.0},{"damage":6.0,"enemies":"Large Slime","floor":13.0,"turns":3.0},{"damage":0.0,"enemies":"3 Louse","floor":14.0,"turns":1.0},{"damage":25.0,"enemies":"Slime Boss","floor":16.0,"turns":5.0},{"damage":10.0,"enemies":"Chosen","floor":18.0,"turns":3.0},{"damage":44.0,"enemies":"2 Thieves","floor":21.0,"turns":3.0},{"damage":6.0,"enemies":"Book of Stabbing","floor":23.0,"turns":5.0},{"damage":2.0,"enemies":"Masked Bandits","floor":25.0,"turns":2.0},{"damage":1.0,"enemies":"Snake Plant","floor":28.0,"turns":4.0},{"damage":2.0,"enemies":"Gremlin Leader","floor":29.0,"turns":4.0},{"damage":0.0,"enemies":"Sentry and Sphere","floor":31.0,"turns":2.0},{"damage":14.0,"enemies":"Collector","floor":33.0,"turns":6.0},{"damage":6.0,"enemies":"3 Darklings","floor":35.0,"turns":2.0},{"damage":0.0,"enemies":"Orb Walker","floor":36.0,"turns":4.0},{"damage":0.0,"enemies":"4 Shapes","floor":37.0,"turns":2.0},{"damage":5.0,"enemies":"Writhing Mass","floor":38.0,"turns":3.0},{"damage":21.0,"enemies":"Giant Head","floor":40.0,"turns":8.0},{"damage":7.0,"enemies":"Reptomancer","floor":42.0,"turns":3.0},{"damage":38.0,"enemies":"Giant Head","floor":44.0,"turns":8.0},{"damage":0,"enemies":"Nemesis","floor":46,"turns":5},{"damage":5,"enemies":"Transient","floor":47,"turns":5},{"damage":25,"enemies":"Awakened One","floor":50,"turns":8}],"seed_played":"5946609423121027194","potions_obtained":[{"floor":1.0,"key":"AttackPotion"},{"floor":5.0,"key":"EssenceOfSteel"},{"floor":8.0,"key":"LiquidBronze"},{"floor":13.0,"key":"SpeedPotion"},{"floor":16.0,"key":"Block Potion"},{"floor":28.0,"key":"LiquidBronze"},{"floor":36.0,"key":"EntropicBrew"},{"floor":44.0,"key":"Fire Potion"},{"floor":46,"key":"SneckoOil"},{"floor":47,"key":"SpeedPotion"}],"is_trial":false,"path_per_floor":["M","?","?","M","M","R","M","M","T","T","R","$","M","M","R","B",null,"M","?","$","M","?","E","R","?","T","$","M","E","R","M","R","B",null,"M","M","M","M","?","E","R","E","T","E","R","E","M","$","R","B",null],"character_chosen":"DEFECT","items_purchased":["Conserve Battery","Capacitor","Defragment","Tempest","Biased Cognition","Loop","Hologram","Mango","Energy Potion"],"campfire_rested":8,"item_purchase_floors":[12,12,20,20,27,48,48,48,48],"current_hp_per_floor":[63,38,38,32,20,42,23,11,11,11,33,33,27,27,49,24,75,65,59,59,15,15,9,20,18,18,18,17,15,15,15,26,12,37,31,31,31,33,33,19,30,23,23,18,29,29,24,38,51,26],"gold":114,"neow_bonus":"TRANSFORM_CARD","is_daily":false,"chose_seed":false,"campfire_upgraded":1,"win_rate":0.0,"timestamp":1609008394,"path_taken":["M","?","?","?","M","R","?","M","T","?","R","?","M","?","R","BOSS","M","?","?","?","?","E","R","?","T","$","M","E","R","M","R","BOSS","M","M","M","M","?","E","R","E","T","E","R","E","M","$","R","BOSS"],"items_purchased_type":["Card","Card","Card","Card","Card","Card","Card","Relic","Potion"],"build_version":"2020-12-22","purchased_purges":1,"victory":true,"max_hp_per_floor":[75,75,75,75,75,75,75,75,75,75,75,75,75,75,75,75,75,75,75,75,75,37,37,37,37,37,37,37,37,37,37,37,37,37,37,37,37,37,37,37,37,37,37,37,37,37,37,51,51,51],"card_choices":[{"not_picked":["Doom and Gloom","Hologram"],"picked":"Stack","floor":1.0},{"not_picked":["Streamline","Melter"],"picked":"Redo","floor":4.0},{"not_picked":["Double Energy","Leap"],"picked":"Chill","floor":5.0},{"not_picked":["Force Field","Steam"],"picked":"Multi-Cast","floor":6.0},{"not_picked":["Streamline","Blizzard","Aggregate"],"picked":"SKIP","floor":7.0},{"not_picked":["Blizzard","Gash","Fusion"],"picked":"SKIP","floor":8.0},{"not_picked":["Fusion","Gash"],"picked":"Static Discharge","floor":11.0},{"not_picked":["Heatsinks","Hello World"],"picked":"Ball Lightning","floor":13.0},{"not_picked":["Redo","Doom and Gloom"],"picked":"Core Surge","floor":14.0},{"not_picked":["Go for the Eyes","Streamline"],"picked":"Lockon","floor":15.0},{"not_picked":["Machine Learning","Multi-Cast"],"picked":"Core Surge","floor":16.0},{"not_picked":["BootSequence","Chaos"],"picked":"Consume","floor":18.0},{"not_picked":["Aggregate","Ball Lightning"],"picked":"Leap","floor":21.0},{"not_picked":["Gash+1","Reinforced Body"],"picked":"Tempest+1","floor":23.0},{"not_picked":["Sweeping Beam","Rip and Tear","Cold Snap"],"picked":"SKIP","floor":28.0},{"not_picked":["Sweeping Beam","Double Energy"],"picked":"Biased Cognition","floor":29.0},{"not_picked":["Consume","Aggregate","Redo"],"picked":"SKIP","floor":31.0},{"not_picked":["Machine Learning","Creative AI"],"picked":"Seek","floor":33.0},{"not_picked":["Stack+1","Consume"],"picked":"Conserve Battery","floor":35.0},{"not_picked":["Steam Power","Chill+1"],"picked":"Ball Lightning+1","floor":36.0},{"not_picked":["Hologram+1","Steam Power+1"],"picked":"Self Repair","floor":37.0},{"not_picked":["Ball Lightning","Gash+1"],"picked":"Turbo+1","floor":38.0},{"not_picked":["Beam Cell","Rainbow"],"picked":"Lockon+1","floor":40.0},{"not_picked":["Beam Cell","Go for the Eyes"],"picked":"Stack","floor":41.0},{"not_picked":["Coolheaded+1","Aggregate","Blizzard"],"picked":"SKIP","floor":42.0},{"not_picked":["Sweeping Beam+1","Barrage","Go for the Eyes+1"],"picked":"SKIP","floor":44.0},{"not_picked":["Doom and Gloom","Ball Lightning"],"picked":"Defragment","floor":45.0},{"not_picked":["Scrape+1","Echo Form","Lockon+1"],"picked":"SKIP","floor":46},{"not_picked":["Doom and Gloom+1","Conserve Battery+1","Rebound"],"picked":"SKIP","floor":47},{"not_picked":["Leap+1","Fusion+1"],"picked":"Redo+1","floor":49}],"player_experience":79798,"relics_obtained":[{"floor":9.0,"key":"Bottled Tornado"},{"floor":10.0,"key":"Emotion Chip"},{"floor":23.0,"key":"Mercury Hourglass"},{"floor":25.0,"key":"Red Mask"},{"floor":26.0,"key":"DataDisk"},{"floor":29.0,"key":"Thread and Needle"},{"floor":40.0,"key":"HornCleat"},{"floor":42.0,"key":"Gremlin Horn"},{"floor":43.0,"key":"Letter Opener"},{"floor":44.0,"key":"Centennial Puzzle"},{"floor":46,"key":"Smiling Mask"}],"event_choices":[{"damage_healed":0.0,"max_hp_gain":0.0,"max_hp_loss":0.0,"gold_gain":0.0,"event_name":"Scrap Ooze","player_choice":"Success","floor":2.0,"gold_loss":0.0,"damage_taken":25.0,"relics_obtained":["Dream Catcher"]},{"damage_healed":0.0,"max_hp_gain":0.0,"max_hp_loss":0.0,"gold_gain":0.0,"event_name":"Match and Keep!","player_choice":"2 cards matched","floor":3.0,"gold_loss":0.0,"damage_taken":0.0,"cards_obtained":["Electrodynamics","Zap"]},{"damage_healed":0.0,"max_hp_gain":0.0,"max_hp_loss":0.0,"gold_gain":0.0,"event_name":"Knowing Skull","player_choice":"","floor":19.0,"potions_obtained":[],"gold_loss":0.0,"damage_taken":6.0,"cards_obtained":[]},{"damage_healed":0.0,"max_hp_gain":0.0,"max_hp_loss":38.0,"gold_gain":0.0,"event_name":"Ghosts","player_choice":"Became a Ghost","floor":22.0,"gold_loss":0.0,"damage_taken":0.0,"cards_obtained":["Ghostly","Ghostly","Ghostly","Ghostly","Ghostly"]},{"damage_healed":0.0,"max_hp_gain":0.0,"max_hp_loss":0.0,"gold_gain":0.0,"event_name":"Masked Bandits","player_choice":"Fought Bandits","floor":25.0,"gold_loss":0.0,"damage_taken":0.0},{"damage_healed":0.0,"max_hp_gain":0.0,"max_hp_loss":0.0,"gold_gain":100.0,"event_name":"Golden Shrine","player_choice":"Pray","floor":39.0,"gold_loss":0.0,"damage_taken":0.0}],"is_beta":false,"boss_relics":[{"not_picked":["Black Star","Pandora\u0027s Box"],"picked":"SlaversCollar"},{"not_picked":["Empty Cage","Snecko Eye"],"picked":"Fusion Hammer"}],"items_purged_floors":[48],"is_endless":false,"potions_floor_spawned":[1,5,8,13,16,25,28,33,36,38,44,46,47],"ascension_level":2}}