{"host":"3j2m8n0ywf988fwb","time":1609003350,"event":{"mods":["2.2 Compatiblity","Act Like it!","Aspiration","BaseMod","Beaked The Cultist","Better Altar","Better Match","Better Note","Better Sensory Stone","Better Skull","Better Third Choice","CCEM","Colored Map","Colored Powertips","Conspire","Energized Spire","GifTheSpireLib","Googly Eyes","Halation","Hallownest","Highlight Path","Hubris","Infinite Spire","Jedi Mod","Marisa????????","Marked Mod","Mimic Mod","Minty Spire (QoL Compilation)","Random Character Button","Relic Stats","Replay The Spire","Robot Space Explorer","Shop Mod","Somnambulant","StSLib","Stuff the Spire","The Bug Knight","The Hierophant","The Marked","The Runesmith","TheFirefly","Unceasing Turn Reminder","everything is the same but u backflip on backflip"],"gold_per_floor":[117,49,159,176,0,32,32,32,32],"floor_reached":8,"playtime":259,"items_purged":[],"score":91,"play_id":"d4609b24-7612-4297-a6aa-37f54bf80fdf","local_time":"20201226112230","is_ascension_mode":true,"campfire_choices":[],"circlet_count":0,"master_deck":["beaked:Strike_Y","beaked:Strike_Y","beaked:Strike_Y","beaked:Strike_Y","beaked:Strike_Y","beaked:Strike_Y","beaked:Defend_Y","beaked:Defend_Y","beaked:Defend_Y","beaked:Defend_Y","beaked:Ceremony","beaked:Ceremony","beaked:Ceremony","ReplayTheSpireMod:Prepare the Ceremony","Enlightenment","beaked:Tweet","Injury"],"relics":["beaked:MendingPlumage","NeowsBlessing","Potion Belt","Nunchaku","StuffTheSpire:Experiment12","hubris:Zylophone","Molten Egg 2"],"acts_visited":["Exordium"],"potions_floor_usage":[],"damage_taken":[{"damage":0.0,"enemies":"Jaw Worm","floor":1.0,"turns":1.0},{"damage":0.0,"enemies":"Cultist","floor":4.0,"turns":1.0},{"damage":0,"enemies":"Lagavulin","floor":6,"turns":3},{"damage":35,"enemies":"Gremlin Nob","floor":8,"turns":4}],"seed_played":"-7099725082995861979","potions_obtained":[{"floor":1.0,"key":"Strength Potion"}],"is_trial":false,"path_per_floor":["M","$","?","M","?","E","?","E"],"character_chosen":"BEAKED_THE_CULTIST","items_purchased":["ReplayTheSpireMod:Prepare the Ceremony"],"campfire_rested":0,"item_purchase_floors":[2],"current_hp_per_floor":[50,50,4,5,11,19,19,0,0],"gold":32,"neow_bonus":"THREE_ENEMY_KILL","is_daily":false,"chose_seed":false,"campfire_upgraded":0,"win_rate":0.0,"timestamp":1609003350,"path_taken":["M","$","?","?","?","E","?","E"],"items_purchased_type":["Card"],"build_version":"2020-12-22","purchased_purges":0,"victory":false,"max_hp_per_floor":[50,50,50,50,56,56,56,56,56],"relic_stats":{"Nunchaku":[0],"counters":[4,9],"obtain_stats":[{"Potion Belt":3,"hubris:Zylophone":6,"StuffTheSpire:Experiment12":3,"Nunchaku":3,"NeowsBlessing":0,"Molten Egg 2":7,"beaked:MendingPlumage":0},{"Potion Belt":1,"hubris:Zylophone":3,"StuffTheSpire:Experiment12":1,"Nunchaku":1,"NeowsBlessing":0,"Molten Egg 2":3,"beaked:MendingPlumage":0},{"Potion Belt":1,"hubris:Zylophone":5,"StuffTheSpire:Experiment12":1,"Nunchaku":1,"NeowsBlessing":0,"Molten Egg 2":5,"beaked:MendingPlumage":0}]},"card_choices":[{"not_picked":["beaked:Cower","beaked:Replenish","beaked:Brace"],"picked":"SKIP","floor":1.0},{"not_picked":["beaked:RitualOfBody","beaked:CursingBlood","beaked:Windmill"],"picked":"SKIP","floor":4.0},{"not_picked":["beaked:Foresight","beaked:Poke"],"picked":"beaked:Tweet","floor":6}],"player_experience":1020927,"relics_obtained":[{"floor":6,"key":"hubris:Zylophone"}],"event_choices":[{"damage_healed":0.0,"max_hp_gain":0.0,"max_hp_loss":0.0,"gold_gain":110.0,"event_name":"betterSkull:BetterSkull","player_choice":"RE RE RE GO ","floor":3.0,"gold_loss":0.0,"damage_taken":53.0,"cards_upgraded":[],"relics_obtained":["Potion Belt","Nunchaku","StuffTheSpire:Experiment12"]},{"damage_healed":0.0,"max_hp_gain":0.0,"max_hp_loss":0.0,"gold_gain":0.0,"event_name":"betterThird:BetterSerpent","player_choice":"RENOUNCE","floor":5.0,"gold_loss":176.0,"damage_taken":176.0,"cards_obtained":["Enlightenment"]}],"is_beta":false,"boss_relics":[],"items_purged_floors":[],"is_endless":false,"potions_floor_spawned":[1],"killed_by":"Gremlin Nob","ascension_level":3}}