{"host":"3q8x5nua6nulvkr6","time":1609015885,"event":{"mods":["Aspiration","BaseMod","Better Note","BetterRewards","Colored Map","Colored Powertips","Conspire","GifTheSpireLib","Hubris","Infinite Spire","Minty Spire (QoL Compilation)","Rare Cards Sparkle","Replay The Spire","StSLib","Stuff the Spire","Wandering Minibosses"],"gold_per_floor":[114,125,142,67,79,79,109,122,148,148,167,181,181,211,211,314,314,333,77,77,77,93,93,93],"floor_reached":23,"playtime":1264,"items_purged":["Dagger Throw","Impatience"],"score":292,"play_id":"287a1176-b79b-4a75-8ec8-09c65586f8f1","local_time":"20201226155125","daily_mods":["SealedDeck","Red Cards","Green Cards","Blue Cards","Purple Cards","Colorless Cards"],"is_ascension_mode":true,"campfire_choices":[{"data":"Replay:DivineShield","floor":6,"key":"SMITH"},{"data":"PathToVictory","floor":10,"key":"SMITH"}],"circlet_count":0,"master_deck":["Tantrum","Replay:DivineShield+1","Disarm","BootSequence+1","Sweeping Beam","Clash","ReplayGash","PathToVictory","hubris:Insight","PathToVictory+1","infinitespire:Execution","ReplayTheSpireMod:Fabricate Wheel","Blade Dance"],"relics":["Burning Blood","StuffTheSpire:GrapeVine","Bag of Marbles","Frozen Egg 2","conspire:RunicOctahedron","StuffTheSpire:Gunfinga","aspiration:RitualStick"],"acts_visited":["Exordium","TheCity"],"potions_floor_usage":[7,16,23],"damage_taken":[{"damage":1,"enemies":"infinitespire:Voidling","floor":1,"turns":2},{"damage":0,"enemies":"conspire:RoseBush","floor":2,"turns":2},{"damage":1,"enemies":"Jaw Worm","floor":3,"turns":2},{"damage":3,"enemies":"Lots of Slimes","floor":5,"turns":2},{"damage":11,"enemies":"Lagavulin","floor":7,"turns":4},{"damage":0,"enemies":"Blue Slaver","floor":8,"turns":2},{"damage":0,"enemies":"Looter","floor":11,"turns":1},{"damage":0,"enemies":"2 Fungi Beasts","floor":12,"turns":2},{"damage":0,"enemies":"Replay:BlueRogue","floor":14,"turns":3},{"damage":0,"enemies":"Slime Boss","floor":16,"turns":3},{"damage":16,"enemies":"2 Thieves","floor":18,"turns":4},{"damage":16,"enemies":"conspire:FuzzyDice","floor":22,"turns":3},{"damage":45,"enemies":"Slavers","floor":23,"turns":3}],"seed_played":"1450443769581281179","potions_obtained":[{"floor":2,"key":"Venom Potion"},{"floor":5,"key":"Block Potion"},{"floor":8,"key":"FearPotion"},{"floor":12,"key":"Milkshake"},{"floor":18,"key":"Block Potion"}],"is_trial":true,"path_per_floor":["M","M","M","$","M","R","E","M","T","R","M","M","?","E","R_BF","B",null,"M","$","?","?","M","E"],"character_chosen":"IRONCLAD","items_purchased":["StuffTheSpire:Gunfinga"],"campfire_rested":0,"item_purchase_floors":[19],"current_hp_per_floor":[80,80,80,80,80,80,75,80,80,80,80,80,61,67,80,80,80,70,70,70,54,44,0,0],"gold":93,"neow_bonus":"","is_daily":false,"chose_seed":false,"campfire_upgraded":2,"win_rate":0.0,"timestamp":1609015885,"path_taken":["M","M","M","$","M","R","E","M","T","R","M","?","?","E","R_BF","BOSS","M","$","?","?","M","E"],"items_purchased_type":["Relic"],"build_version":"2020-12-22","purchased_purges":2,"victory":false,"max_hp_per_floor":[80,80,80,80,80,80,80,80,80,80,80,80,80,80,80,80,80,80,80,80,80,80,80,80],"card_choices":[{"not_picked":["Replay:ManipulateFuture","WreathOfFlame"],"picked":"hubris:Insight","floor":1},{"not_picked":["Streamline","Infernal Blade","Swivel"],"picked":"SKIP","floor":2},{"not_picked":["StuffTheSpire:Slingshot","StuffTheSpire:Injection"],"picked":"PathToVictory","floor":3},{"not_picked":["Sweeping Beam","Madness","StuffTheSpire:DoubleShiv"],"picked":"SKIP","floor":5},{"not_picked":["Rebound","ReplayTheSpireMod:Calculation Training","StuffTheSpire:Slingshot"],"picked":"SKIP","floor":7},{"not_picked":["Anger","StuffTheSpire:ClusterCrunch","StuffTheSpire:Repulse"],"picked":"SKIP","floor":8},{"not_picked":["Bandage Up","Sunder","Aggregate"],"picked":"SKIP","floor":11},{"not_picked":["ReplayTheSpireMod:Strike From Hell","BasicCrystalCard","Anger"],"picked":"SKIP","floor":12},{"not_picked":["ReplayTheSpireMod:Haul","infinitespire:DeathsTouch"],"picked":"infinitespire:Execution","floor":13},{"not_picked":["Distraction","CutThroughFate","Quick Slash"],"picked":"SKIP","floor":14},{"not_picked":["hubris:StunningStrike","Blasphemy"],"picked":"ReplayTheSpireMod:Fabricate Wheel","floor":16},{"not_picked":["Expertise","hubris:SlightOfHand"],"picked":"Blade Dance","floor":18},{"not_picked":["Gash","Twin Strike","Heel Hook"],"picked":"SKIP","floor":22}],"player_experience":1023920,"relics_obtained":[{"floor":7,"key":"StuffTheSpire:GrapeVine"},{"floor":9,"key":"Bag of Marbles"},{"floor":14,"key":"Frozen Egg 2"}],"event_choices":[{"damage_healed":0,"gold_gain":0,"player_choice":"Ignored","damage_taken":0,"max_hp_gain":0,"max_hp_loss":0,"event_name":"betterNote:BetterNote","floor":20,"gold_loss":0,"cards_obtained":["StuffTheSpire:ShieldGenerator"]}],"is_beta":false,"boss_relics":[{"not_picked":["hubris:ScarierMask","Electric Blood"],"picked":"conspire:RunicOctahedron"}],"items_purged_floors":[4,19],"is_endless":false,"potions_floor_spawned":[2,5,8,12,18,22],"killed_by":"Slavers","ascension_level":1}}