{"host":"cyiefo55v5hz1ih5","time":1609004746,"event":{"mods":["2.2 Compatiblity","AchievementEnabler","Arknights The Spire","BaseMod","GifTheSpireLib","Hubris","Minty Spire (QoL Compilation)","Replay The Spire","Spicy Shops","StSLib"],"gold_per_floor":[114,128,128,128,153,153,184,184,184,201,219,247,264,275,275,377,377,387,183,183,83,93,125,125,125,175,195,214,214,230,230,230,325,325,343,343,343,355,372,372,372,372,372],"floor_reached":42,"playtime":3132,"items_purged":["ats:Strike S","ats:Strike V"],"score":528,"play_id":"13375a9c-f8ad-4d00-aa86-f50283577a5e","local_time":"20201226124546","is_ascension_mode":false,"campfire_choices":[{"floor":6,"key":"RECALL"},{"floor":25,"key":"DIG"},{"data":"ats:Revitalization","floor":29,"key":"SMITH"},{"data":"ats:Emotion Absorption","floor":32,"key":"SMITH"},{"floor":41,"key":"DIG"}],"circlet_count":0,"master_deck":["ats:Strike G","ats:Armor Crushing Shot","ats:Defend","ats:Defend","ats:Defend","ats:Defend","ats:Emotion Absorption+1","ats:Hammer On+1","ats:Charging Defense","ats:Leaping Hammer","ats:Sword Rain","ats:Defend Order","ats:Thorns+1","ats:True Silver Slash","ats:Demon Strength","ats:Cat Scratch","ats:Revitalization+1","ats:Calcification","AbeCurse","Bandage Up"],"relics":["ats:Sanity","NeowsBlessing","HornCleat","Happy Flower","ats:Originium","Shovel","hubris:Towel","hubris:BundleOfHerbs","ats:Originium","Replay:Wax Seal","Coffee Dripper","Frozen Eye","ats:Originium","Ginger","hubris:Icosahedron","Replay:Bottled Steam","Abe\u0027s Treasure","Snack Pack","ats:Ability Aura"],"acts_visited":["Exordium","TheCity","TheBeyond"],"potions_floor_usage":[12,16,23,23,33,39],"damage_taken":[{"damage":0,"enemies":"Small Slimes","floor":1,"turns":1},{"damage":0,"enemies":"Jaw Worm","floor":2,"turns":1},{"damage":0,"enemies":"3 Sentries","floor":7,"turns":1},{"damage":4,"enemies":"2 Louse","floor":10,"turns":2},{"damage":0,"enemies":"Blue Slaver","floor":11,"turns":1},{"damage":0,"enemies":"Lagavulin","floor":12,"turns":3},{"damage":4,"enemies":"3 Louse","floor":13,"turns":2},{"damage":2,"enemies":"2 Fungi Beasts","floor":14,"turns":3},{"damage":0,"enemies":"Fading Forest","floor":16,"turns":11},{"damage":0,"enemies":"Spheric Guardian","floor":18,"turns":3},{"damage":0,"enemies":"Shell Parasite","floor":22,"turns":3},{"damage":39,"enemies":"Book of Stabbing","floor":23,"turns":5},{"damage":22,"enemies":"Cultist and Chosen","floor":27,"turns":6},{"damage":7,"enemies":"Snake Plant","floor":28,"turns":3},{"damage":0,"enemies":"3 Cultists","floor":30,"turns":4},{"damage":65,"enemies":"Champ","floor":33,"turns":10},{"damage":46,"enemies":"3 Shapes","floor":35,"turns":5},{"damage":0,"enemies":"Orb Walker","floor":38,"turns":5},{"damage":18,"enemies":"3 Darklings","floor":39,"turns":6},{"damage":55,"enemies":"Transient","floor":42,"turns":4}],"seed_played":"6202465459479620793","potions_obtained":[{"floor":7,"key":"Strength Potion"},{"floor":12,"key":"EntropicBrew"},{"floor":13,"key":"Block Potion"},{"floor":16,"key":"Energy Potion"},{"floor":22,"key":"Strength Potion"},{"floor":33,"key":"Strength Potion"}],"is_trial":false,"path_per_floor":["M","M","?","?","T","R","E","?","T","M","M","E","M","M","R","B",null,"M","$","?","$","M","E","?","R","T","M","M","R","M","?","R","B",null,"M","?","?","M","M","T","R","M"],"character_chosen":"DOCTOR_CLASS","items_purchased":["Frozen Eye","ats:Cat Scratch"],"campfire_rested":0,"item_purchase_floors":[19,19],"current_hp_per_floor":[72,72,65,65,65,65,65,65,65,61,61,61,60,58,72,72,72,72,72,72,72,72,33,33,33,33,26,21,21,26,26,26,21,72,30,30,30,40,36,36,36,0,0],"gold":372,"neow_bonus":"THREE_ENEMY_KILL","is_daily":false,"chose_seed":false,"campfire_upgraded":2,"win_rate":0.0,"timestamp":1609004746,"path_taken":["M","M","?","?","?","R","E","?","T","M","?","E","M","M","R","BOSS","M","$","?","$","M","E","?","R","T","M","M","R","M","?","R","BOSS","M","?","?","M","M","?","R","M"],"items_purchased_type":["Relic","Card"],"build_version":"2020-12-22","purchased_purges":2,"victory":false,"max_hp_per_floor":[72,72,72,72,72,72,72,72,72,72,72,72,72,72,72,72,72,72,72,72,72,72,72,72,72,72,72,72,72,72,72,72,72,72,72,72,72,72,72,72,72,72,72],"card_choices":[{"not_picked":["ats:Poison Spread","ats:Apocalypse"],"picked":"ats:Hammer On","floor":1},{"not_picked":["ats:Assault Order","ats:LN2 Cannon"],"picked":"ats:Mental Burst","floor":2},{"not_picked":["ats:Explosion Area Strengthen","ats:Red Shift"],"picked":"ats:Charging Defense","floor":7},{"not_picked":["ats:Explosion Area Strengthen","ats:Collapsing Strike"],"picked":"ats:Leaping Hammer","floor":10},{"not_picked":["ats:Leaping Hammer","ats:Poison Spread","ats:Blood Oath"],"picked":"SKIP","floor":11},{"not_picked":["ats:Soul Rend","ats:Burning Ground"],"picked":"ats:Sword Rain","floor":12},{"not_picked":["ats:Ignite","ats:Childhood Dance"],"picked":"ats:Defend Order","floor":13},{"not_picked":["ats:Cat Scratch","ats:Shell Defense"],"picked":"ats:Thorns","floor":14},{"not_picked":["ats:Volcano","ats:Roar Of Ursus"],"picked":"ats:True Silver Slash","floor":16},{"not_picked":["ats:Ignite","ats:Explosion Area Strengthen"],"picked":"ats:Demon Strength","floor":18},{"not_picked":["ats:Ignite+1","ats:Assault Order","ats:Powerful Strike"],"picked":"SKIP","floor":22},{"not_picked":["ats:Leaping Hammer","ats:Apocalypse","ats:Sword Rain"],"picked":"SKIP","floor":23},{"not_picked":["ats:Curse Doll+1","ats:Very Hot Blade"],"picked":"ats:Revitalization","floor":27},{"not_picked":["ats:Collapsing Strike","ats:Burning Ground","ats:Powerful Strike"],"picked":"SKIP","floor":28},{"not_picked":["ats:Hammer On","ats:Neurotoxin","ats:Spore Proliferation"],"picked":"SKIP","floor":30},{"not_picked":["ats:Dogmatic Field","ats:Shadow Assault"],"picked":"ats:Calcification","floor":33},{"not_picked":["ats:Healing Drone","ats:Encircling Forest","ats:Hammer On+1"],"picked":"SKIP","floor":35},{"not_picked":["Madness","Discovery"],"picked":"Bandage Up","floor":36},{"not_picked":["ats:Overload","ats:Consecutive Shot Auto+1","ats:Thorns"],"picked":"SKIP","floor":38},{"not_picked":["ats:Guardian Obelisk","ats:Sunburst+1","ats:Poison Spread"],"picked":"SKIP","floor":39}],"player_experience":580249,"relics_obtained":[{"floor":5,"key":"Happy Flower"},{"floor":7,"key":"ats:Originium"},{"floor":7,"key":"Shovel"},{"floor":9,"key":"hubris:BundleOfHerbs"},{"floor":12,"key":"ats:Originium"},{"floor":12,"key":"Replay:Wax Seal"},{"floor":23,"key":"ats:Originium"},{"floor":23,"key":"Ginger"},{"floor":25,"key":"Replay:Bottled Steam"},{"floor":40,"key":"Snack Pack"},{"floor":41,"key":"ats:Ability Aura"}],"event_choices":[{"damage_healed":0,"gold_gain":0,"player_choice":"Success","damage_taken":7,"relics_obtained":["HornCleat"],"max_hp_gain":0,"max_hp_loss":0,"event_name":"Scrap Ooze","floor":3,"gold_loss":0},{"cards_removed":["ats:Strike C"],"damage_healed":0,"gold_gain":0,"player_choice":"Forget","damage_taken":0,"max_hp_gain":0,"max_hp_loss":0,"event_name":"Living Wall","floor":4,"gold_loss":0},{"damage_healed":0,"gold_gain":0,"player_choice":"Ignored","damage_taken":0,"max_hp_gain":0,"max_hp_loss":0,"event_name":"Ghosts","floor":31,"gold_loss":0},{"damage_healed":0,"gold_gain":0,"player_choice":"Memory 1","damage_taken":0,"max_hp_gain":0,"max_hp_loss":0,"event_name":"SensoryStone","floor":36,"gold_loss":0},{"cards_removed":["ats:Mental Burst"],"damage_healed":0,"gold_gain":0,"player_choice":"Removed Attack","damage_taken":0,"max_hp_gain":0,"max_hp_loss":0,"event_name":"Falling","floor":37,"gold_loss":0}],"is_beta":false,"boss_relics":[{"not_picked":["hubris:TerracottaHorce","hubris:HollowSoul"],"picked":"Coffee Dripper"},{"not_picked":["hubris:VirtuousBlindfold","Replay:Bronze Core"],"picked":"Abe\u0027s Treasure"}],"items_purged_floors":[19,21],"is_endless":false,"potions_floor_spawned":[7,12,13,16,22,30,33,38],"killed_by":"Transient","ascension_level":0}}