{"host":"foq4mrde4mssg7vt","time":1609013391,"event":{"mods":["AchievementEnabler","BaseMod","Colored Map","Colored Powertips","Highlight Path","Minty Spire (QoL Compilation)","Relic Stats","everything is the same but u backflip on backflip"],"gold_per_floor":[114,125,142,188,188,222,222,250,250,263,278,28,28,48,48,123,123,143,143,155,182,3,35,35,62,116,131,146,146,25,40,40,112,112,123,148,158,158,458,458,490,500,523,543,347,367,367,378,378,378,378,378,57,88,88],"floor_reached":56,"playtime":3919,"items_purged":["Strike_R","Strike_R","Strike_R"],"score":1833,"play_id":"3bab8e8d-a120-4a59-b507-4a0d2d2f037a","local_time":"20201227040951","is_ascension_mode":true,"campfire_choices":[{"data":"Uppercut","floor":7.0,"key":"SMITH"},{"floor":13.0,"key":"REST"},{"data":"Shockwave","floor":15.0,"key":"SMITH"},{"data":"Limit Break","floor":24.0,"key":"SMITH"},{"data":"Feel No Pain","floor":29.0,"key":"SMITH"},{"data":"Metallicize","floor":32.0,"key":"SMITH"},{"data":"True Grit","floor":40.0,"key":"SMITH"},{"floor":47.0,"key":"RECALL"},{"data":"Metallicize","floor":49.0,"key":"SMITH"},{"data":"Shockwave","floor":52.0,"key":"SMITH"}],"circlet_count":0,"master_deck":["AscendersBane","Defend_R","Defend_R","Defend_R","Defend_R","Bash+1","Uppercut+1","Hemokinesis","Shockwave+1","Iron Wave+1","Spot Weakness","Ghostly Armor","Fiend Fire+1","Metallicize+1","Shrug It Off","Whirlwind+1","Limit Break+1","Reaper+1","Sword Boomerang+1","Reaper+1","Disarm","Feel No Pain+1","Headbutt+1","True Grit+1","Dropkick+1","Feed+1","Shrug It Off","Battle Trance","Searing Blow+1","Double Tap","Shockwave+1","Exhume","Metallicize+1"],"relics":["Burning Blood","Centennial Puzzle","WarpedTongs","Blood Vial","Molten Egg 2","Prayer Wheel","Membership Card","Empty Cage","MawBank","Art of War","DollysMirror","Incense Burner","Champion Belt","Toy Ornithopter","Pantograph","Snecko Eye","Lizard Tail","Bird Faced Urn","Happy Flower","Self Forming Clay","InkBottle","Oddly Smooth Stone"],"acts_visited":["Exordium","TheCity","TheBeyond","TheEnding"],"potions_floor_usage":[55,55,55,55],"damage_taken":[{"damage":1.0,"enemies":"Cultist","floor":1.0,"turns":3.0},{"damage":9.0,"enemies":"Jaw Worm","floor":2.0,"turns":5.0},{"damage":11.0,"enemies":"2 Louse","floor":3.0,"turns":2.0},{"damage":36.0,"enemies":"3 Sentries","floor":6.0,"turns":7.0},{"damage":17.0,"enemies":"Gremlin Nob","floor":8.0,"turns":4.0},{"damage":7.0,"enemies":"Blue Slaver","floor":10.0,"turns":3.0},{"damage":12.0,"enemies":"Lots of Slimes","floor":11.0,"turns":5.0},{"damage":3.0,"enemies":"Exordium Thugs","floor":14.0,"turns":3.0},{"damage":14.0,"enemies":"The Guardian","floor":16.0,"turns":10.0},{"damage":15.0,"enemies":"Shell Parasite","floor":18.0,"turns":7.0},{"damage":2.0,"enemies":"Spheric Guardian","floor":21.0,"turns":1.0},{"damage":59.0,"enemies":"Slavers","floor":23.0,"turns":9.0},{"damage":32.0,"enemies":"Book of Stabbing","floor":25.0,"turns":9.0},{"damage":19.0,"enemies":"Shelled Parasite and Fungi","floor":27.0,"turns":8.0},{"damage":42.0,"enemies":"Sentry and Sphere","floor":28.0,"turns":9.0},{"damage":23.0,"enemies":"Snake Plant","floor":31.0,"turns":10.0},{"damage":26.0,"enemies":"Automaton","floor":33.0,"turns":9.0},{"damage":7.0,"enemies":"Orb Walker","floor":35.0,"turns":2.0},{"damage":11.0,"enemies":"Mind Bloom Boss Battle","floor":36.0,"turns":5.0},{"damage":19.0,"enemies":"3 Darklings","floor":37.0,"turns":12.0},{"damage":44.0,"enemies":"Nemesis","floor":41.0,"turns":13.0},{"damage":22.0,"enemies":"Transient","floor":42.0,"turns":5.0},{"damage":13.0,"enemies":"Jaw Worm Horde","floor":44.0,"turns":5.0},{"damage":24.0,"enemies":"Maw","floor":46.0,"turns":8.0},{"damage":10.0,"enemies":"3 Darklings","floor":48.0,"turns":23.0},{"damage":27.0,"enemies":"Awakened One","floor":50.0,"turns":18.0},{"damage":77,"enemies":"Shield and Spear","floor":54,"turns":12},{"damage":87,"enemies":"The Heart","floor":55,"turns":12}],"seed_played":"-4847298911826516350","potions_obtained":[{"floor":1.0,"key":"BlessingOfTheForge"},{"floor":3.0,"key":"Block Potion"},{"floor":11.0,"key":"Weak Potion"},{"floor":25.0,"key":"FearPotion"},{"floor":35.0,"key":"LiquidBronze"},{"floor":36.0,"key":"EntropicBrew"}],"is_trial":false,"path_per_floor":["M","M","M","T","?","E","R","E","T","M","M","$","R","M","R","B",null,"M","?","?","M","$","E","R","E","T","M","M","R","$","M","R","B",null,"M","?","M","?","?","R","E","M","T","M","$","M","R","M","R","B",null,"R","$","E","B",null],"character_chosen":"IRONCLAD","items_purchased":["Membership Card","Fiend Fire+1","Metallicize","Art of War","DollysMirror","Pantograph","Happy Flower","Double Tap","Self Forming Clay","InkBottle"],"campfire_rested":1,"item_purchase_floors":[12,12,12,22,22,30,45,45,53,53],"current_hp_per_floor":[77,74,69,69,69,39,39,30,30,31,27,27,51,56,56,50,73,66,66,66,72,72,65,65,72,72,71,46,46,46,43,43,80,80,80,80,80,80,80,80,74,66,66,84,84,88,88,92,92,96,96,96,96,74,78],"gold":88,"neow_bonus":"UPGRADE_CARD","is_daily":false,"chose_seed":false,"campfire_upgraded":8,"win_rate":0.0,"timestamp":1609013391,"path_taken":["M","M","M","?","?","E","R","E","T","?","M","$","R","M","R","BOSS","M","?","?","M","$","E","R","E","T","M","?","R","?","M","R","BOSS","M","?","M","?","?","R","E","M","T","M","$","M","R","M","R","BOSS","R","$","E","BOSS"],"items_purchased_type":["Relic","Card","Card","Relic","Relic","Relic","Relic","Card","Relic","Relic"],"build_version":"2020-12-22","purchased_purges":3,"victory":true,"max_hp_per_floor":[80,80,80,80,80,80,80,80,80,80,80,80,80,80,80,80,80,80,80,80,80,80,80,80,80,80,80,80,80,80,80,80,80,80,80,80,80,80,80,80,80,80,80,84,84,88,88,92,92,96,96,96,96,96,96],"relic_stats":{"Happy Flower":[24],"counters":[28,219],"Self Forming Clay":[120],"MawBank":36,"Burning Blood":142,"WarpedTongs":[188],"Blood Vial":30,"Centennial Puzzle":[75],"Lizard Tail":0,"Pantograph":47,"Bird Faced Urn":[24],"Snecko Eye":[218,201,203,198],"Prayer Wheel":14,"Art of War":[53],"Champion Belt":[70],"obtain_stats":[{"Happy Flower":45,"Self Forming Clay":53,"Oddly Smooth Stone":54,"Incense Burner":23,"Empty Cage":17,"MawBank":19,"Burning Blood":0,"WarpedTongs":5,"Blood Vial":6,"Centennial Puzzle":4,"Lizard Tail":36,"DollysMirror":22,"Pantograph":30,"Bird Faced Urn":41,"Snecko Eye":34,"Molten Egg 2":8,"Prayer Wheel":9,"Art of War":22,"Membership Card":12,"Champion Belt":25,"Toy Ornithopter":26,"InkBottle":53},{"Happy Flower":23,"Self Forming Clay":26,"Oddly Smooth Stone":27,"Incense Burner":12,"Empty Cage":9,"MawBank":10,"Burning Blood":0,"WarpedTongs":3,"Blood Vial":4,"Centennial Puzzle":3,"Lizard Tail":19,"DollysMirror":11,"Pantograph":15,"Bird Faced Urn":21,"Snecko Eye":17,"Molten Egg 2":5,"Prayer Wheel":5,"Art of War":11,"Membership Card":7,"Champion Belt":13,"Toy Ornithopter":13,"InkBottle":26},{"Happy Flower":146,"Self Forming Clay":195,"Oddly Smooth Stone":207,"Incense Burner":59,"Empty Cage":42,"MawBank":49,"Burning Blood":0,"WarpedTongs":10,"Blood Vial":17,"Centennial Puzzle":10,"Lizard Tail":111,"DollysMirror":50,"Pantograph":85,"Bird Faced Urn":136,"Snecko Eye":104,"Molten Egg 2":21,"Prayer Wheel":21,"Art of War":50,"Membership Card":29,"Champion Belt":68,"Toy Ornithopter":68,"InkBottle":195}],"Toy Ornithopter":15,"InkBottle":[5]},"card_choices":[{"not_picked":["Second Wind","Rage"],"picked":"Uppercut","floor":1.0},{"not_picked":["Armaments","Burning Pact"],"picked":"Hemokinesis","floor":2.0},{"not_picked":["Carnage","Entrench","Clash"],"picked":"SKIP","floor":3.0},{"not_picked":["Flex","Berserk"],"picked":"Shockwave","floor":6.0},{"not_picked":["Headbutt+1","Havoc"],"picked":"Iron Wave+1","floor":8.0},{"not_picked":["Infernal Blade","Pommel Strike+1","Reckless Charge+1"],"picked":"SKIP","floor":10.0},{"not_picked":["Pommel Strike+1","Bloodletting","Rampage+1"],"picked":"SKIP","floor":10.0},{"not_picked":["Warcry","Clothesline+1"],"picked":"Spot Weakness","floor":11.0},{"not_picked":["Flex","Power Through"],"picked":"Ghostly Armor","floor":11.0},{"not_picked":["Anger+1","Metallicize"],"picked":"Shrug It Off","floor":14.0},{"not_picked":["Ghostly Armor","Flame Barrier"],"picked":"Whirlwind+1","floor":14.0},{"not_picked":["Fiend Fire+1","Immolate+1"],"picked":"Limit Break","floor":16.0},{"not_picked":["Power Through","Warcry+1","Flex"],"picked":"SKIP","floor":18.0},{"not_picked":["Warcry","Body Slam+1","Intimidate"],"picked":"SKIP","floor":18.0},{"not_picked":["Wild Strike+1","Entrench"],"picked":"Reaper+1","floor":21.0},{"not_picked":["Body Slam+1","Flex"],"picked":"Sword Boomerang+1","floor":21.0},{"not_picked":["Pummel+1","Body Slam+1","Ghostly Armor"],"picked":"SKIP","floor":23.0},{"not_picked":["Havoc","Twin Strike+1"],"picked":"Disarm","floor":25.0},{"not_picked":["Clash+1","Entrench+1","Body Slam+1"],"picked":"SKIP","floor":27.0},{"not_picked":["Wild Strike+1","Bloodletting","Uppercut+1"],"picked":"SKIP","floor":27.0},{"not_picked":["Battle Trance","Clothesline+1"],"picked":"Feel No Pain","floor":28.0},{"not_picked":["Armaments","Sentinel","Twin Strike+1"],"picked":"SKIP","floor":28.0},{"not_picked":["Flame Barrier","Clothesline+1"],"picked":"Headbutt+1","floor":31.0},{"not_picked":["Barricade","Perfected Strike+1","Clothesline+1"],"picked":"SKIP","floor":31.0},{"not_picked":["Iron Wave+1","Headbutt+1","Infernal Blade"],"picked":"SKIP","floor":35.0},{"not_picked":["Iron Wave+1","Perfected Strike+1","Ghostly Armor"],"picked":"SKIP","floor":35.0},{"not_picked":["Heavy Blade+1","Rampage+1"],"picked":"True Grit","floor":37.0},{"not_picked":["Flex","Thunderclap+1"],"picked":"Dropkick+1","floor":37.0},{"not_picked":["Warcry","Uppercut+1"],"picked":"Feed+1","floor":41.0},{"not_picked":["Havoc","Anger+1"],"picked":"Shrug It Off","floor":42.0},{"not_picked":["Rupture","Armaments","Seeing Red"],"picked":"SKIP","floor":42.0},{"not_picked":["Rupture+1","Thunderclap+1"],"picked":"Battle Trance","floor":44.0},{"not_picked":["Pummel+1","Sword Boomerang+1"],"picked":"Searing Blow+1","floor":44.0},{"not_picked":["Clash+1","Flex+1"],"picked":"Shockwave","floor":46.0},{"not_picked":["Perfected Strike+1","Armaments+1","Clothesline+1"],"picked":"SKIP","floor":46.0},{"not_picked":["Pommel Strike+1","Havoc+1"],"picked":"Exhume","floor":48.0},{"not_picked":["Battle Trance","Dark Embrace+1"],"picked":"Metallicize","floor":48.0},{"not_picked":["Sever Soul+1","Heavy Blade+1","Fire Breathing"],"picked":"SKIP","floor":54}],"player_experience":289442,"relics_obtained":[{"floor":4.0,"key":"Centennial Puzzle"},{"floor":6.0,"key":"Blood Vial"},{"floor":8.0,"key":"Molten Egg 2"},{"floor":9.0,"key":"Prayer Wheel"},{"floor":23.0,"key":"Incense Burner"},{"floor":25.0,"key":"Champion Belt"},{"floor":26.0,"key":"Toy Ornithopter"},{"floor":36.0,"key":"Lizard Tail"},{"floor":41.0,"key":"Bird Faced Urn"},{"floor":54,"key":"Oddly Smooth Stone"}],"event_choices":[{"damage_healed":0.0,"max_hp_gain":0.0,"max_hp_loss":0.0,"gold_gain":0.0,"event_name":"Accursed Blacksmith","player_choice":"Rummage","floor":5.0,"gold_loss":0.0,"damage_taken":0.0,"relics_obtained":["WarpedTongs"],"cards_obtained":["Pain"]},{"damage_healed":0.0,"max_hp_gain":0.0,"max_hp_loss":0.0,"gold_gain":0.0,"event_name":"The Mausoleum","player_choice":"Opened","floor":19.0,"gold_loss":0.0,"damage_taken":0.0,"relics_obtained":["MawBank"]},{"cards_removed":["Strike_R"],"damage_healed":0.0,"max_hp_gain":0.0,"max_hp_loss":0.0,"gold_gain":0.0,"event_name":"Bonfire Elementals","player_choice":"Offered Basic","floor":20.0,"gold_loss":0.0,"damage_taken":0.0},{"damage_healed":0.0,"max_hp_gain":0.0,"max_hp_loss":0.0,"gold_gain":0.0,"event_name":"MindBloom","player_choice":"Fight","floor":36.0,"gold_loss":0.0,"damage_taken":0.0},{"damage_healed":0.0,"max_hp_gain":0.0,"max_hp_loss":0.0,"gold_gain":0.0,"event_name":"Tomb of Lord Red Mask","player_choice":"Ignored","floor":38.0,"gold_loss":0.0,"damage_taken":0.0},{"damage_healed":0.0,"max_hp_gain":0.0,"max_hp_loss":0.0,"gold_gain":300.0,"event_name":"Wheel of Change","player_choice":"Gold","floor":39.0,"gold_loss":0.0,"damage_taken":0.0}],"is_beta":false,"boss_relics":[{"not_picked":["Calling Bell","Tiny House"],"picked":"Empty Cage"},{"not_picked":["Runic Cube","Mark of Pain"],"picked":"Snecko Eye"}],"items_purged_floors":[22,45,53],"is_endless":false,"potions_floor_spawned":[1,3,11,14,16,18,23,25,33,35,36,41,46,54],"ascension_level":13}}