{"host":"xg9ie4wrtr2e8x9r","time":1609009690,"event":{"mods":["Aspiration","BaseMod","Bestiary","BetterRewards","CCEM","Clawfect","Colored Map","Colored Powertips","Conspire","DNKmod","Downfall","Friendly Minions","GifTheSpireLib","Hubris","Infinite Spire","Minty Spire (QoL Compilation)","Remove Card Discount Mod","Replay The Spire","StSLib","Stuff the Spire","The Construct","The Jungle","The Mystic"],"gold_per_floor":[1016,1036,1036,2208,2220,1473,1473,557,584,598,617,617,648,648,648,750,800,819,819,833,833,847,847,872,872,872,885,984,994,994,994,1006,1006,1006,1103,1103,1121,227,227,277,328,328,343,1497,1551,1551,1564,1583,1583,1601,1601,1601],"floor_reached":53,"playtime":4340,"items_purged":["hubris:Compulsion","Defend_R","Defend_R","Strike_R","Strike_R","Strike_R","Defend_R","Defend_R","Strike_R","Regret","Looming Evil","Decay","Writhe","Doubt","Strike_R","Rage","Prepared+1","StuffTheSpire:BumpUp","Leg Sweep"],"score":827,"play_id":"a13de108-f4b4-41f3-b6f4-c05a39e5292d","local_time":"20201226200810","is_ascension_mode":false,"campfire_choices":[{"floor":7,"key":"RECALL"},{"data":"Replay:Dark Deal","floor":15,"key":"SMITH"},{"data":"Transmutation","floor":23,"key":"SMITH"},{"data":"Scrawl","floor":25,"key":"SMITH"},{"data":"DevaForm","floor":34,"key":"SMITH"},{"floor":51,"key":"REST"}],"circlet_count":0,"master_deck":["Shrug It Off","Headbutt","Inflame","ReplayTheSpireMod:LeadingStrike+1","Perfected Strike","Violence","Rampage","Shrug It Off","Transmutation+1","expansioncontent:CaCaw+1","Replay:Dark Deal+1","ReplayTheSpireMod:Limb From Limb","Carnage","WaveOfTheHand","DevaForm+1","Worship+1","infinitespire:Punishment","Worship","Fasting2+1","Scrawl+1","Barricade","Pray+1","Master of Strategy","ForeignInfluence","Prostrate","Judgement","Feel No Pain","Metallicize"],"relics":["construct:ClawGrip","Replay:Multitool","CCEMRelics:DerglesHeadphones","StuffTheSpire:OccultApparatus","sneckomod:LoadedDie","aspiration:WatcherSkillbook","infinitespire:Chaos","Shuriken","Bottled Tornado","StuffTheSpire:RedRose","Sundial","Tiny House","Bottled Flame","Letter Opener","Ring of Panic","ReplayTheSpireMod:Ring of Addiction","Toy Ornithopter","White Beast Statue","Replay:Ancient Bell","aspiration:TomeofQuesting","hubris:Metronome","StuffTheSpire:Expresso","hubris:Zylophone","CCEMRelics:GrapeVine","Toolbox","hubris:BundleOfHerbs","Charon\u0027s Ashes","ReplayTheSpireMod:TigerMarble","Gambling Chip","Sling","Replay:Baseball"],"acts_visited":["Exordium","TheCity","TheBeyond"],"potions_floor_usage":[50],"damage_taken":[{"damage":0,"enemies":"conspire:RoseBush","floor":1,"turns":4},{"damage":0,"enemies":"Cultist","floor":2,"turns":3},{"damage":0,"enemies":"2 Louse","floor":5,"turns":1},{"damage":2,"enemies":"Looter","floor":10,"turns":2},{"damage":0,"enemies":"3 Louse","floor":11,"turns":2},{"damage":7,"enemies":"Replay:BlueRogue","floor":13,"turns":3},{"damage":22,"enemies":"Hexaghost","floor":16,"turns":5},{"damage":4,"enemies":"3 Byrds","floor":18,"turns":4},{"damage":12,"enemies":"Chosen","floor":20,"turns":3},{"damage":20,"enemies":"Centurion and Healer","floor":22,"turns":3},{"damage":0,"enemies":"conspire:Head Lice","floor":24,"turns":3},{"damage":9,"enemies":"Snake Plant","floor":27,"turns":3},{"damage":0,"enemies":"Snecko","floor":29,"turns":2},{"damage":38,"enemies":"Shelled Parasite and Fungi","floor":32,"turns":4},{"damage":24,"enemies":"Collector","floor":35,"turns":4},{"damage":32,"enemies":"3 Darklings","floor":37,"turns":6},{"damage":6,"enemies":"Mind Bloom Boss Battle","floor":40,"turns":2},{"damage":21,"enemies":"2 Orb Walkers","floor":41,"turns":2},{"damage":10,"enemies":"3 Shapes","floor":43,"turns":2},{"damage":0,"enemies":"Transient","floor":47,"turns":5},{"damage":0,"enemies":"Jaw Worm Horde","floor":48,"turns":1},{"damage":22,"enemies":"Writhing Mass","floor":50,"turns":3},{"damage":48,"enemies":"infinitespire:MassOfShapes","floor":52,"turns":3}],"seed_played":"5950171252774947910","potions_obtained":[{"floor":1,"key":"Dexterity Potion"},{"floor":11,"key":"sneckomod:MuddlingPotion"},{"floor":13,"key":"Dexterity Potion"},{"floor":40,"key":"PowerPotion"}],"is_trial":false,"path_per_floor":["M","M","?","$","M","$","R","$","T","M","M","?","E","?","R","B",null,"M","AVR","M","?","M","R","E","R","T","M","?","M","PTL","PTL","M","?","R_BF","B",null,"M","$","?","?","?","R","M","$","T","AVR","M","M","?","M","R","B",null],"character_chosen":"IRONCLAD","items_purchased":["CCEMRelics:FestiveHat","Snack Pack","Inflame","Shrug It Off","ReplayTheSpireMod:LeadingStrike","Perfected Strike","Violence","Replay:Multitool","Ancient Tea Set","Rage","Shrug It Off","Transmutation","expansioncontent:CaCaw","infinitespire:Chaos","Shuriken","Replay:Dark Deal","Bottled Tornado","hubris:Zylophone","CCEMRelics:GrapeVine","Toolbox","Master of Strategy","ForeignInfluence","ReplayTheSpireMod:TigerMarble","Gambling Chip","Sling","Judgement","Feel No Pain"],"campfire_rested":1,"item_purchase_floors":[4,4,4,4,4,4,4,6,6,6,6,6,8,8,8,8,8,38,38,38,38,38,44,44,44,44,44],"current_hp_per_floor":[100,100,100,100,100,100,100,100,100,98,98,98,91,91,100,78,105,101,101,89,89,69,81,95,105,105,105,105,105,105,105,67,67,79,69,105,71,71,71,65,44,74,64,64,64,64,64,64,64,47,75,27],"gold":1601,"neow_bonus":"ONE_RARE_RELIC","is_daily":false,"chose_seed":false,"campfire_upgraded":4,"win_rate":0.0,"timestamp":1609009690,"path_taken":["M","M","?","$","M","$","R","$","T","M","M","?","E","?","R","BOSS","M","AVR","M","?","M","R","E","R","T","?","?","M","PTL","PTL","M","?","R_BF","BOSS","M","$","?","?","?","R","M","$","T","AVR","M","M","?","M","R","BOSS"],"items_purchased_type":["Relic","Relic","Card","Card","Card","Card","Card","Relic","Relic","Card","Card","Card","Card","Relic","Relic","Card","Relic","Relic","Relic","Relic","Card","Card","Relic","Relic","Relic","Card","Card"],"build_version":"2020-12-22","purchased_purges":19,"victory":true,"max_hp_per_floor":[100,100,100,100,100,100,100,100,100,100,100,100,100,100,100,100,105,105,105,105,105,105,105,105,105,105,105,105,105,105,105,105,105,105,105,105,103,103,103,101,101,101,99,99,99,97,97,97,95,95,95,95],"card_choices":[{"not_picked":["Sword Boomerang","Clash"],"picked":"Shrug It Off","floor":1},{"not_picked":["Clothesline","Ghostly Armor"],"picked":"Headbutt","floor":2},{"not_picked":["Secret Weapon+1","Replay:Bootleg Shield Generator+1"],"picked":"Replay:SS_fish_2+1","floor":5},{"not_picked":["hubris:ReadiedAction","Wild Strike"],"picked":"Rampage","floor":5},{"not_picked":["Clothesline","hubris:SharpeningStone","Headbutt"],"picked":"ReplayTheSpireMod:Limb From Limb","floor":10},{"not_picked":["Havoc","Replay:Undeath\u0027s Touch","Protect"],"picked":"Carnage","floor":11},{"not_picked":["hubris:ReadiedAction","ThirdEye","Headbutt"],"picked":"WaveOfTheHand","floor":13},{"not_picked":["Impervious","Barricade","DeusExMachina"],"picked":"DevaForm","floor":16},{"not_picked":["PathToVictory+1","Prostrate","CrushJoints"],"picked":"Worship+1","floor":18},{"not_picked":["Pommel Strike","Armaments","ClearTheMind"],"picked":"Worship","floor":20},{"not_picked":["SandsOfTime+1","Replay:AtTheReady","Warcry"],"picked":"Fasting2+1","floor":22},{"not_picked":["WindmillStrike+1","Havoc","Flex"],"picked":"Scrawl","floor":24},{"not_picked":["EmptyMind","WheelKick","Crescendo","Thunderclap"],"picked":"SKIP","floor":27},{"not_picked":["EmptyMind","WheelKick","Crescendo","Thunderclap"],"picked":"SKIP","floor":27},{"not_picked":["FlurryOfBlows","CrushJoints","infinitespire:OneForAll","Clash"],"picked":"SKIP","floor":29},{"not_picked":["Flex","Corruption","Replay:Undeath\u0027s Touch","Shrug It Off+1"],"picked":"SKIP","floor":32},{"not_picked":["Devotion","Wish","Judgement"],"picked":"Barricade","floor":35},{"not_picked":["Regret","sneckomod:Bewildered","Spreading Infection"],"picked":"Writhe","floor":36},{"not_picked":["Overencumbered","conspire:Blindness","ReplayTheSpireMod:Doomed"],"picked":"Decay","floor":36},{"not_picked":["hubris:Greed","Languid","hubris:Disease"],"picked":"Doubt","floor":36},{"not_picked":["ThirdEye","FearNoEvil","Evaluate"],"picked":"Pray+1","floor":37},{"not_picked":["Replay:ManipulateFuture","FlyingSleeves+1","StuffTheSpire:RockThrow"],"picked":"Prostrate","floor":43},{"not_picked":["Battle Trance","SashWhip","MentalFortress+1","Warcry"],"picked":"SKIP","floor":47},{"not_picked":["Havoc","Replay:Many Hands","SashWhip+1"],"picked":"Metallicize","floor":48},{"not_picked":["CutThroughFate","WaveOfTheHand+1","Replay:BluntJabs+1","Halt"],"picked":"SKIP","floor":50}],"player_experience":329488,"relics_obtained":[{"floor":13,"key":"Sundial"},{"floor":24,"key":"Bottled Flame"},{"floor":26,"key":"Letter Opener"},{"floor":33,"key":"Ring of Panic"},{"floor":33,"key":"ReplayTheSpireMod:Ring of Addiction"},{"floor":33,"key":"Toy Ornithopter"},{"floor":33,"key":"White Beast Statue"},{"floor":40,"key":"hubris:BundleOfHerbs"},{"floor":41,"key":"Charon\u0027s Ashes"},{"floor":45,"key":"Replay:Baseball"}],"event_choices":[{"damage_healed":0,"gold_gain":0,"player_choice":"Upgraded","damage_taken":0,"max_hp_gain":0,"max_hp_loss":0,"event_name":"Upgrade Shrine","floor":14,"gold_loss":0,"cards_upgraded":["expansioncontent:CaCaw"]},{"damage_healed":0,"gold_gain":0,"player_choice":"Bought 0 Potions","damage_taken":0,"max_hp_gain":0,"max_hp_loss":0,"event_name":"The Woman in Blue","floor":21,"gold_loss":0},{"damage_healed":0,"gold_gain":99,"player_choice":"Stole From Cult","damage_taken":0,"max_hp_gain":0,"max_hp_loss":0,"event_name":"Nest","floor":28,"gold_loss":0},{"damage_healed":0,"gold_gain":0,"player_choice":"Fight","damage_taken":0,"max_hp_gain":0,"max_hp_loss":0,"event_name":"MindBloom","floor":40,"gold_loss":0},{"damage_healed":0,"gold_gain":0,"player_choice":"Fight","damage_taken":0,"max_hp_gain":0,"max_hp_loss":0,"event_name":"Mysterious Sphere","floor":41,"gold_loss":0}],"is_beta":false,"boss_relics":[{"not_picked":["Pandora\u0027s Box","Runic Dome"],"picked":"Tiny House"},{"not_picked":["hubris:GrandSneckoEye","Ooze Armor"],"picked":"Replay:Ancient Bell"},{"not_picked":["MawBank","aspiration:ChemicalBlood"],"picked":"aspiration:TomeofQuesting"},{"not_picked":["Mercury Hourglass","StuffTheSpire:RubySignet"],"picked":"hubris:Metronome"},{"not_picked":["CCEMRelics:WarHorn","CCEMRelics:OrganicArmor"],"picked":"StuffTheSpire:Expresso"}],"items_purged_floors":[4,4,4,4,4,4,6,6,38,38,38,38,38,38,38,38,44,44,44],"is_endless":false,"potions_floor_spawned":[1,11,13,18,20,24,32,35,37,40,41,43,47,48,50],"ascension_level":0}}