{"host":"kzpuingyul43kz0j","time":1609011784,"event":{"mods":["2.2 Compatiblity","BaseMod","Bestiary","Better Skull","BetterRewards","Colored Map","Colored Powertips","Downfall","Highlight Path","Keyboard Shortcuts","Minty Spire (QoL Compilation)","Relic Stats","StSLib","Uncapped"],"gold_per_floor":[111,11,24,40,40,54,86,86,86,86,96,96,96,115,115,115,115],"floor_reached":16,"playtime":560,"items_purged":["Defend_B"],"score":102,"play_id":"e31d8e5d-dab6-41f7-a068-b3f3cc0b9fc1","local_time":"20201226204304","is_ascension_mode":false,"campfire_choices":[{"data":"Zap","floor":8,"key":"SMITH"},{"data":"Fusion","floor":12,"key":"SMITH"},{"data":"Hello World","floor":15,"key":"SMITH"}],"circlet_count":0,"master_deck":["Strike_B","Strike_B","Strike_B","Defend_B","Defend_B","Defend_B","Zap+1","Dualcast","Hello World+1","Leap","Fusion+1","Melter","Heatsinks","Gash","Cold Snap","Leap"],"relics":["Cracked Core","NeowsBlessing","Bottled Lightning","Incense Burner"],"acts_visited":["Exordium"],"potions_floor_usage":[7,7,16,16],"damage_taken":[{"damage":0,"enemies":"Cultist","floor":1,"turns":1},{"damage":0,"enemies":"Jaw Worm","floor":3,"turns":1},{"damage":0,"enemies":"2 Louse","floor":4,"turns":1},{"damage":18,"enemies":"2 Fungi Beasts","floor":6,"turns":4},{"damage":35,"enemies":"3 Sentries","floor":7,"turns":7},{"damage":18,"enemies":"Large Slime","floor":11,"turns":5},{"damage":10,"enemies":"Looter","floor":14,"turns":3},{"damage":25,"enemies":"The Guardian","floor":16,"turns":8}],"seed_played":"-4112813444861000634","potions_obtained":[{"floor":3,"key":"Swift Potion"},{"floor":6,"key":"sneckomod:MuddlingPotion"},{"floor":7,"key":"Block Potion"},{"floor":14,"key":"Explosive Potion"}],"is_trial":false,"path_per_floor":["M","$","M","M","$","M","E","R","T","?","M","R","?","M","R","B"],"character_chosen":"DEFECT","items_purchased":["Leap"],"campfire_rested":0,"item_purchase_floors":[2],"current_hp_per_floor":[75,75,75,75,75,57,22,22,22,22,4,4,29,19,19,0,0],"gold":115,"neow_bonus":"THREE_ENEMY_KILL","is_daily":false,"chose_seed":false,"campfire_upgraded":3,"win_rate":0.0,"timestamp":1609011784,"path_taken":["M","?","?","M","$","M","E","R","T","?","M","R","?","M","R","BOSS"],"items_purchased_type":["Card"],"build_version":"2020-12-22","purchased_purges":1,"victory":false,"max_hp_per_floor":[75,75,75,75,75,75,75,75,75,75,75,75,75,75,75,75,75],"relic_stats":{"counters":[8,30],"obtain_stats":[{"NeowsBlessing":0,"Incense Burner":9,"Bottled Lightning":7,"Cracked Core":0},{"NeowsBlessing":0,"Incense Burner":5,"Bottled Lightning":5,"Cracked Core":0},{"NeowsBlessing":0,"Incense Burner":14,"Bottled Lightning":14,"Cracked Core":0}]},"card_choices":[{"not_picked":["Leap","Double Energy"],"picked":"Hello World","floor":1},{"not_picked":["Compile Driver","Stack"],"picked":"Fusion","floor":3},{"not_picked":["Beam Cell","Compile Driver"],"picked":"Melter","floor":4},{"not_picked":["Barrage","Sweeping Beam"],"picked":"Heatsinks","floor":6},{"not_picked":["Hologram","Cold Snap"],"picked":"Gash","floor":7},{"not_picked":["Compile Driver","Coolheaded"],"picked":"Cold Snap","floor":11},{"not_picked":["Hello World","Blizzard"],"picked":"Leap","floor":14}],"player_experience":63060,"relics_obtained":[{"floor":7,"key":"Bottled Lightning"},{"floor":9,"key":"Incense Burner"}],"event_choices":[{"cards_removed":["Strike_B"],"damage_healed":0,"gold_gain":0,"player_choice":"Forget","damage_taken":0,"max_hp_gain":0,"max_hp_loss":0,"event_name":"Living Wall","floor":10,"gold_loss":0},{"damage_healed":25,"gold_gain":0,"player_choice":"Banana","damage_taken":0,"max_hp_gain":0,"max_hp_loss":0,"event_name":"Big Fish","floor":13,"gold_loss":0}],"is_beta":false,"boss_relics":[],"items_purged_floors":[2],"is_endless":false,"potions_floor_spawned":[3,6,7,14],"killed_by":"The Guardian","ascension_level":0}}