{"host":"x8sop9v6zw8yitbt","time":1609010166,"event":{"mods":["BaseMod","Block Reminder","Colored Powertips","DeckTracker","Minty Spire (QoL Compilation)","Permanent Neow","Quick Restart","Relic Stats","Slay-I","StSLib"],"gold_per_floor":[112,112,128,128,141,141,169,188,188,188,223,148,48,129,129,129,129],"floor_reached":16,"playtime":352,"items_purged":["Strike_R","Strike_R"],"score":113,"play_id":"b9be9b18-36ba-44a4-b714-61b40490608c","local_time":"20201226141606","is_ascension_mode":true,"campfire_choices":[{"data":"Spot Weakness","floor":6,"key":"SMITH"},{"floor":15,"key":"REST"}],"circlet_count":0,"master_deck":["Strike_R","Strike_R","Strike_R+1","Defend_R","Defend_R","Defend_R","Defend_R","Bash","Shrug It Off","Spot Weakness+1","Spot Weakness","Sword Boomerang+1","Offering"],"relics":["Burning Blood","Bag of Marbles","White Beast Statue","Champion Belt","CaptainsWheel","Shuriken"],"acts_visited":["Exordium"],"potions_floor_usage":[11,16],"damage_taken":[{"damage":6,"enemies":"Cultist","floor":1,"turns":4},{"damage":2,"enemies":"Small Slimes","floor":3,"turns":4},{"damage":0,"enemies":"Jaw Worm","floor":5,"turns":4},{"damage":31,"enemies":"Gremlin Nob","floor":7,"turns":5},{"damage":10,"enemies":"Exordium Wildlife","floor":8,"turns":4},{"damage":9,"enemies":"Lagavulin","floor":11,"turns":5},{"damage":50,"enemies":"Slime Boss","floor":16,"turns":11}],"seed_played":"-923356709382254612","potions_obtained":[{"floor":1,"key":"PowerPotion"},{"floor":3,"key":"Explosive Potion"},{"floor":7,"key":"LiquidBronze"},{"floor":8,"key":"Block Potion"},{"floor":11,"key":"HeartOfIron"}],"is_trial":false,"path_per_floor":["M","?","M","?","M","R","E","M","T","?","E","$","$","T","R","B"],"character_chosen":"IRONCLAD","items_purchased":[],"campfire_rested":1,"item_purchase_floors":[],"current_hp_per_floor":[80,80,80,80,80,80,55,51,51,35,32,32,32,32,56,6,6],"gold":129,"neow_bonus":"RANDOM_COMMON_RELIC","is_daily":false,"chose_seed":false,"campfire_upgraded":1,"win_rate":0.0,"timestamp":1609010166,"path_taken":["M","?","?","?","M","R","E","M","T","?","E","?","$","?","R","BOSS"],"items_purchased_type":[],"build_version":"2020-12-22","purchased_purges":2,"victory":false,"max_hp_per_floor":[80,80,80,80,80,80,80,80,80,80,80,80,80,80,80,80,80],"relic_stats":{"counters":[7,37],"Shuriken":[2],"Champion Belt":[5],"obtain_stats":[{"CaptainsWheel":11,"Shuriken":14,"Bag of Marbles":0,"Champion Belt":9,"Burning Blood":0,"White Beast Statue":7},{"CaptainsWheel":6,"Shuriken":6,"Bag of Marbles":0,"Champion Belt":5,"Burning Blood":0,"White Beast Statue":4},{"CaptainsWheel":26,"Shuriken":26,"Bag of Marbles":0,"Champion Belt":21,"Burning Blood":0,"White Beast Statue":17}],"Burning Blood":26},"card_choices":[{"not_picked":["Infernal Blade","Feel No Pain"],"picked":"Shrug It Off","floor":1},{"not_picked":["Burning Pact","Infernal Blade","Iron Wave"],"picked":"SKIP","floor":3},{"not_picked":["Flex","Intimidate","Wild Strike"],"picked":"SKIP","floor":5},{"not_picked":["Wild Strike","Clash"],"picked":"Spot Weakness","floor":7},{"not_picked":["Reckless Charge","Pommel Strike"],"picked":"Sword Boomerang","floor":8},{"not_picked":["True Grit","Clash"],"picked":"Offering","floor":11}],"player_experience":876822,"relics_obtained":[{"floor":7,"key":"White Beast Statue"},{"floor":9,"key":"Champion Belt"},{"floor":11,"key":"CaptainsWheel"},{"floor":14,"key":"Shuriken"}],"event_choices":[{"damage_healed":0,"gold_gain":0,"player_choice":"1 cards matched","damage_taken":0,"max_hp_gain":0,"max_hp_loss":0,"event_name":"Match and Keep!","floor":2,"gold_loss":0,"cards_obtained":["Spot Weakness"]},{"damage_healed":0,"gold_gain":0,"player_choice":"Ignored","damage_taken":0,"max_hp_gain":0,"max_hp_loss":0,"event_name":"Liars Game","floor":4,"gold_loss":0},{"damage_healed":0,"gold_gain":0,"player_choice":"Entered Light","damage_taken":16,"max_hp_gain":0,"max_hp_loss":0,"event_name":"Shining Light","floor":10,"gold_loss":0,"cards_upgraded":["Sword Boomerang","Strike_R"]}],"is_beta":false,"boss_relics":[],"items_purged_floors":[12,13],"is_endless":false,"potions_floor_spawned":[1,3,7,8,11],"killed_by":"Slime Boss","ascension_level":1}}