{"host":"qrbkigq52dd42dk0","time":1609020318,"event":{"mods":["AchievementEnabler","BaseMod","Colored Map","Colored Powertips","Downfall","Minty Spire (QoL Compilation)","Quick Restart","StSLib","SuperFastMode"],"gold_per_floor":[99,119,133,149,160,160,160,71,91,121,121,36,53,79,95,95,95,95],"floor_reached":16,"playtime":679,"items_purged":[],"score":102,"play_id":"bd00cf73-dde6-4e4d-abbc-703e30d9a297","local_time":"20201226230518","is_ascension_mode":false,"campfire_choices":[{"floor":1.0,"key":"RECALL"},{"data":"Guardian:EvasiveProtocol","floor":11,"key":"SMITH"}],"circlet_count":0,"master_deck":["Guardian:Strike_Guardian","Guardian:Strike_Guardian","Guardian:Strike_Guardian","Guardian:Strike_Guardian","Guardian:Defend_Guardian","Guardian:Defend_Guardian","Guardian:Defend_Guardian","Guardian:Defend_Guardian","Guardian:CurlUp","Guardian:TwinSlam","Guardian:Recover","Guardian:MultiBeam","Guardian:PiercingHide","Regret","Guardian:Suspension","Guardian:EvasiveProtocol+1","Guardian:Gem_Crimson","Guardian:Gem_Red","Guardian:Planning","Guardian:ExploitGems","Guardian:Gem_Green","Guardian:TimeCapacitor"],"relics":["Coffee Dripper","Calipers","Odd Mushroom","Pen Nib"],"acts_visited":["Exordium"],"potions_floor_usage":[16,16,16],"damage_taken":[{"damage":1.0,"enemies":"Jaw Worm","floor":2.0,"turns":3.0},{"damage":0.0,"enemies":"2 Louse","floor":3.0,"turns":3.0},{"damage":0.0,"enemies":"Small Slimes","floor":4.0,"turns":3.0},{"damage":0.0,"enemies":"Blue Slaver","floor":5.0,"turns":4.0},{"damage":1.0,"enemies":"downfall:FleeingMerchant","floor":8.0,"turns":4.0},{"damage":4.0,"enemies":"The Mushroom Lair","floor":9.0,"turns":3.0},{"damage":4,"enemies":"downfall:FleeingMerchant","floor":12,"turns":4},{"damage":7,"enemies":"Exordium Wildlife","floor":13,"turns":4},{"damage":32,"enemies":"3 Sentries","floor":14,"turns":4},{"damage":14,"enemies":"Exordium Thugs","floor":15,"turns":4},{"damage":19,"enemies":"downfall:Silent","floor":16,"turns":4}],"seed_played":"717899335933623512","potions_obtained":[{"floor":4.0,"key":"DuplicationPotion"},{"floor":13,"key":"Ancient Potion"},{"floor":14,"key":"AttackPotion"}],"is_trial":false,"path_per_floor":["R","M","M","M","M","?","T","$","?","?","R","$","M","E","M","B"],"character_chosen":"GUARDIAN","items_purchased":["Guardian:EvasiveProtocol","Guardian:Gem_Red","Guardian:Planning"],"campfire_rested":0,"item_purchase_floors":[8,12,12],"current_hp_per_floor":[80,79,79,79,79,79,79,78,74,74,74,70,63,31,17,0,0,0],"gold":95,"neow_bonus":"BOSS_RELIC","is_daily":false,"chose_seed":false,"campfire_upgraded":1,"win_rate":0.0,"timestamp":1609020318,"path_taken":["R","M","M","M","M","?","T","$","?","?","R","$","M","E","M","BOSS"],"items_purchased_type":["Card","Card","Card"],"build_version":"2020-12-22","purchased_purges":0,"victory":false,"max_hp_per_floor":[80,80,80,80,80,80,80,80,80,80,80,80,80,80,80,80,80,80],"card_choices":[{"not_picked":["Guardian:ShieldCharger","Guardian:Suspension"],"picked":"Guardian:Recover","floor":2.0},{"not_picked":["Guardian:Gem_Lightblue","Guardian:VentSteam"],"picked":"Guardian:MultiBeam","floor":3.0},{"not_picked":["Guardian:Recover","Guardian:RollAttack"],"picked":"Guardian:Gem_Cyan","floor":4.0},{"not_picked":["Guardian:Gem_Blue","Guardian:Gem_Lightblue"],"picked":"Guardian:PiercingHide","floor":5.0},{"not_picked":["Guardian:PrimingBeam","Guardian:Emergency"],"picked":"Guardian:Suspension","floor":8.0},{"not_picked":["Guardian:TimeBomb","Guardian:SentryBeam"],"picked":"Guardian:Gem_Crimson","floor":12},{"not_picked":["Guardian:TemporalStrike","Guardian:VentSteam"],"picked":"Guardian:ExploitGems","floor":13},{"not_picked":["Guardian:PiercingHide","Guardian:RefractedBeam"],"picked":"Guardian:Gem_Green","floor":14},{"not_picked":["Guardian:PiercingHide","Guardian:Incinerate"],"picked":"Guardian:TimeCapacitor","floor":15}],"player_experience":80597,"relics_obtained":[{"floor":9.0,"key":"Odd Mushroom"},{"floor":14,"key":"Pen Nib"}],"event_choices":[{"damage_healed":0.0,"max_hp_gain":0.0,"max_hp_loss":0.0,"gold_gain":0.0,"event_name":"Big Fish","player_choice":"Box","floor":6.0,"gold_loss":0.0,"damage_taken":0.0,"relics_obtained":["Calipers"],"cards_obtained":["Regret"]},{"damage_healed":0.0,"max_hp_gain":0.0,"max_hp_loss":0.0,"gold_gain":0.0,"event_name":"Mushrooms","player_choice":"Fought Mushrooms","floor":9.0,"gold_loss":0.0,"damage_taken":0.0}],"is_beta":false,"boss_relics":[],"items_purged_floors":[],"is_endless":false,"potions_floor_spawned":[4,13,14],"killed_by":"downfall:Silent","ascension_level":0}}