{"host":"ovxa65d68iy9l57e","time":1609002540,"event":{"mods":["AchievementEnabler","BaseMod","Better Vampires","Colored Map","Curses Come First","Minty Spire (QoL Compilation)","Relic Stats","StSLib","The Alterego"],"gold_per_floor":[113,124,36,49,49,82,82,100,124,153,163,182,182,194,194,290,290,290,290],"floor_reached":18,"playtime":996,"items_purged":[],"score":191,"play_id":"6790e62c-d4b3-4424-b500-5b9954098799","local_time":"20201226180900","is_ascension_mode":true,"campfire_choices":[{"data":"Bane","floor":7.0,"key":"SMITH"},{"data":"Noxious Fumes","floor":13.0,"key":"SMITH"},{"floor":15.0,"key":"REST"}],"circlet_count":0,"master_deck":["Strike_G","Strike_G","Strike_G+1","Strike_G","Strike_G","Defend_G","Defend_G","Defend_G","Defend_G","Defend_G","Survivor","Neutralize","Dagger Spray","Bane+1","Noxious Fumes+1","Deadly Poison","Calculated Gamble","Backstab+1","Acrobatics","PiercingWail","Terror","Bouncing Flask","Night Terror"],"relics":["Ring of the Snake","Orichalcum","Whetstone","PreservedInsect","SacredBark"],"acts_visited":["Exordium","TheCity"],"potions_floor_usage":[],"damage_taken":[{"damage":0.0,"enemies":"Small Slimes","floor":1.0,"turns":4.0},{"damage":10.0,"enemies":"Jaw Worm","floor":2.0,"turns":4.0},{"damage":0.0,"enemies":"Cultist","floor":4.0,"turns":3.0},{"damage":34.0,"enemies":"Lagavulin","floor":6.0,"turns":6.0},{"damage":8.0,"enemies":"Exordium Thugs","floor":8.0,"turns":5.0},{"damage":6.0,"enemies":"3 Sentries","floor":10.0,"turns":5.0},{"damage":6.0,"enemies":"Large Slime","floor":11.0,"turns":3.0},{"damage":0.0,"enemies":"Lots of Slimes","floor":12.0,"turns":3.0},{"damage":2.0,"enemies":"Exordium Thugs","floor":14.0,"turns":3.0},{"damage":18.0,"enemies":"The Guardian","floor":16.0,"turns":6.0},{"damage":0,"enemies":"3 Byrds","floor":18,"turns":1}],"seed_played":"4596525526620778093","potions_obtained":[{"floor":6.0,"key":"BlessingOfTheForge"},{"floor":8.0,"key":"GamblersBrew"},{"floor":10.0,"key":"Regen Potion"},{"floor":12.0,"key":"Poison Potion"}],"is_trial":false,"path_per_floor":["M","M","$","M","$","E","R","M","T","E","M","M","R","M","R","B",null,"M"],"character_chosen":"THE_SILENT","items_purchased":["Noxious Fumes","Deadly Poison"],"campfire_rested":1,"item_purchase_floors":[3,3],"current_hp_per_floor":[77,67,67,67,67,33,33,25,25,19,25,25,25,23,46,28,77,77,77],"gold":290,"neow_bonus":"TEN_PERCENT_HP_BONUS","is_daily":false,"chose_seed":false,"campfire_upgraded":2,"win_rate":0.0,"timestamp":1609002540,"path_taken":["M","M","$","M","$","E","R","M","T","E","M","M","R","M","R","BOSS","M"],"items_purchased_type":["Card","Card"],"build_version":"2020-12-22","purchased_purges":0,"victory":false,"max_hp_per_floor":[77,77,77,77,77,77,77,77,77,77,77,77,77,77,77,77,77,77,77],"relic_stats":{"counters":[11,43],"PreservedInsect":0,"Whetstone":["Backstab","Strike_G"],"Orichalcum":[84],"obtain_stats":[{"SacredBark":17,"PreservedInsect":10,"Whetstone":9,"Orichalcum":6,"Ring of the Snake":0},{"SacredBark":10,"PreservedInsect":6,"Whetstone":5,"Orichalcum":4,"Ring of the Snake":0},{"SacredBark":42,"PreservedInsect":27,"Whetstone":22,"Orichalcum":17,"Ring of the Snake":0}],"Ring of the Snake":[22]},"card_choices":[{"not_picked":["Dodge and Roll","Caltrops"],"picked":"Dagger Spray","floor":1.0},{"not_picked":["Cloak And Dagger","Dodge and Roll"],"picked":"Bane","floor":2.0},{"not_picked":["Masterful Stab","Deadly Poison"],"picked":"Calculated Gamble","floor":4.0},{"not_picked":["All Out Attack","Dodge and Roll","Skewer"],"picked":"SKIP","floor":6.0},{"not_picked":["Slice","Deflect"],"picked":"Backstab","floor":8.0},{"not_picked":["Endless Agony","Dodge and Roll"],"picked":"Acrobatics","floor":10.0},{"not_picked":["Terror","Infinite Blades"],"picked":"PiercingWail","floor":11.0},{"not_picked":["Underhanded Strike","Caltrops"],"picked":"Terror","floor":12.0},{"not_picked":["Blade Dance","Infinite Blades"],"picked":"Bouncing Flask","floor":14.0},{"not_picked":["Malaise","Corpse Explosion"],"picked":"Night Terror","floor":16.0}],"player_experience":224108,"relics_obtained":[{"floor":6.0,"key":"Orichalcum"},{"floor":9.0,"key":"Whetstone"},{"floor":10.0,"key":"PreservedInsect"}],"event_choices":[],"is_beta":false,"boss_relics":[{"not_picked":["Runic Dome","Velvet Choker"],"picked":"SacredBark"}],"items_purged_floors":[],"is_endless":false,"potions_floor_spawned":[6,8,10,12],"killed_by":"3 Byrds","ascension_level":2}}