{"host":"naykp6d9ulahlwib","time":1609016129,"event":{"mods":["BaseMod","Highlight Path","Minty Spire (QoL Compilation)","Shop Mod","StSLib"],"gold_per_floor":[109,119,119,119,37,37,112,153,153,169,208,222,222,300,300,398,398,421,299,299,314,314,239,239,312,312,327,327,348,371,21,21,117,117,142,142,32,365,375,375,404,404,431,446,446,457,468,61,61,61,61],"floor_reached":50,"playtime":4636,"items_purged":["Strike_G","Strike_G","Writhe"],"score":946,"play_id":"fb38557b-e6aa-4d7a-84a1-6336523f8dde","local_time":"20201226145529","is_ascension_mode":true,"campfire_choices":[{"floor":6.0,"key":"REST"},{"data":"Footwork","floor":15.0,"key":"SMITH"},{"data":"Night Terror","floor":24.0,"key":"SMITH"},{"floor":28.0,"key":"REST"},{"floor":32.0,"key":"REST"},{"data":"Burst","floor":40.0,"key":"SMITH"},{"data":"Burst","floor":45.0,"key":"SMITH"},{"floor":49.0,"key":"REST"}],"circlet_count":0,"master_deck":["AscendersBane","Strike_G","Strike_G","Strike_G","Defend_G","Defend_G","Defend_G","Defend_G","Survivor","Neutralize","Blade Dance","Noxious Fumes","Footwork+1","Blur","Escape Plan+1","Dodge and Roll","All Out Attack","Burst+1","Dodge and Roll","Burst+1","Night Terror+1","Good Instincts","PiercingWail+1","Cloak And Dagger","Blade Dance","Finisher","Footwork","Adrenaline","Bullet Time","Adrenaline","Prepared+1","Accuracy","Accuracy","Blade Dance+1","Dodge and Roll","Parasite","Infinite Blades+1","Accuracy","Footwork","Finisher","Noxious Fumes","Infinite Blades"],"relics":["Ring of the Snake","NeowsBlessing","Letter Opener","Peace Pipe","The Courier","Art of War","Shuriken","SacredBark","Shovel","Question Card","Darkstone Periapt","Philosopher\u0027s Stone","War Paint","Anchor"],"acts_visited":["Exordium","TheCity","TheBeyond"],"potions_floor_usage":[50],"damage_taken":[{"damage":0.0,"enemies":"2 Louse","floor":1.0,"turns":1.0},{"damage":0.0,"enemies":"Small Slimes","floor":2.0,"turns":1.0},{"damage":0.0,"enemies":"3 Sentries","floor":8.0,"turns":1.0},{"damage":0.0,"enemies":"Jaw Worm","floor":10.0,"turns":5.0},{"damage":6.0,"enemies":"Lagavulin","floor":11.0,"turns":10.0},{"damage":10.0,"enemies":"2 Fungi Beasts","floor":12.0,"turns":5.0},{"damage":34.0,"enemies":"Slime Boss","floor":16.0,"turns":11.0},{"damage":8.0,"enemies":"3 Byrds","floor":18.0,"turns":4.0},{"damage":12.0,"enemies":"Chosen","floor":21.0,"turns":8.0},{"damage":20.0,"enemies":"Sentry and Sphere","floor":27.0,"turns":6.0},{"damage":7.0,"enemies":"Centurion and Healer","floor":29.0,"turns":11.0},{"damage":6.0,"enemies":"3 Cultists","floor":30.0,"turns":4.0},{"damage":43.0,"enemies":"Collector","floor":33.0,"turns":17.0},{"damage":9.0,"enemies":"Orb Walker","floor":35.0,"turns":3.0},{"damage":9.0,"enemies":"3 Darklings","floor":39.0,"turns":5.0},{"damage":0.0,"enemies":"Giant Head","floor":41.0,"turns":8.0},{"damage":0.0,"enemies":"Spire Growth","floor":44.0,"turns":4.0},{"damage":13.0,"enemies":"Writhing Mass","floor":46.0,"turns":8.0},{"damage":0.0,"enemies":"Sphere and 2 Shapes","floor":47.0,"turns":5.0},{"damage":76,"enemies":"Time Eater","floor":50,"turns":5}],"seed_played":"-7932357207846555588","potions_obtained":[{"floor":1.0,"key":"LiquidBronze"},{"floor":8.0,"key":"SteroidPotion"},{"floor":12.0,"key":"Weak Potion"},{"floor":27.0,"key":"Weak Potion"},{"floor":30.0,"key":"Energy Potion"},{"floor":39.0,"key":"FearPotion"},{"floor":41.0,"key":"Energy Potion"},{"floor":44.0,"key":"Block Potion"},{"floor":47.0,"key":"Strength Potion"}],"is_trial":false,"path_per_floor":["M","M","?","?","$","R","?","E","T","M","E","M","?","T","R","B",null,"M","$","?","M","?","?","R","T","T","M","R","M","M","$","R","B",null,"M","?","$","?","M","R","E","?","T","M","R","M","M","$","R","B"],"character_chosen":"THE_SILENT","items_purchased":["Footwork","Burst","Footwork","Adrenaline","Bullet Time","Accuracy","Accuracy","Accuracy","Footwork","Finisher","Noxious Fumes","Infinite Blades"],"campfire_rested":4,"item_purchase_floors":[5,19,31,31,31,37,37,48,48,48,48,48],"current_hp_per_floor":[63,63,46,34,34,55,44,44,44,44,38,28,51,51,51,17,57,49,49,49,37,37,37,37,37,37,17,38,31,25,25,46,3,53,44,68,68,68,59,59,59,59,59,59,59,52,52,52,76,0,0],"gold":61,"neow_bonus":"THREE_ENEMY_KILL","is_daily":false,"chose_seed":false,"campfire_upgraded":4,"win_rate":0.0,"timestamp":1609016129,"path_taken":["M","M","?","?","$","R","?","E","T","M","E","?","?","?","R","BOSS","M","?","?","?","?","?","R","?","T","M","R","M","M","$","R","BOSS","M","?","$","?","M","R","E","?","T","M","R","M","M","$","R","BOSS"],"items_purchased_type":["Card","Card","Card","Card","Card","Card","Card","Card","Card","Card","Card","Card"],"build_version":"2020-12-22","purchased_purges":3,"victory":false,"max_hp_per_floor":[70,70,70,70,70,70,70,70,70,70,70,70,70,70,70,70,70,70,70,70,70,70,70,70,70,70,70,70,70,70,70,70,70,70,70,76,76,76,76,76,76,76,76,76,76,82,82,82,82,82,82],"card_choices":[{"not_picked":["Crippling Poison","Acrobatics"],"picked":"Blade Dance","floor":1.0},{"not_picked":["Deflect","Cloak And Dagger"],"picked":"Noxious Fumes","floor":2.0},{"not_picked":["Acrobatics","Poisoned Stab"],"picked":"Blur","floor":8.0},{"not_picked":["Terror","Distraction"],"picked":"Escape Plan","floor":10.0},{"not_picked":["Slice","Dagger Throw"],"picked":"Dodge and Roll","floor":11.0},{"not_picked":["Cloak And Dagger","Terror"],"picked":"All Out Attack","floor":12.0},{"not_picked":["Glass Knife","Malaise"],"picked":"Burst","floor":16.0},{"not_picked":["Dagger Spray+1","PiercingWail"],"picked":"Dodge and Roll","floor":18.0},{"not_picked":["Deadly Poison","Distraction"],"picked":"PiercingWail+1","floor":21.0},{"not_picked":["Dagger Spray","Caltrops","Underhanded Strike+1"],"picked":"Cloak And Dagger","floor":27.0},{"not_picked":["Acrobatics","Tactician","Dagger Spray"],"picked":"Blade Dance","floor":29.0},{"not_picked":["Blade Dance","Sucker Punch","Dagger Spray"],"picked":"Finisher","floor":30.0},{"not_picked":["Phantasmal Killer","Burst","Unload"],"picked":"Adrenaline","floor":33.0},{"not_picked":["Deflect+1","Well Laid Plans","Terror"],"picked":"Prepared","floor":35.0},{"not_picked":["Poisoned Stab","Backflip","Underhanded Strike"],"picked":"Blade Dance+1","floor":39.0},{"not_picked":["Poisoned Stab","Backflip","Calculated Gamble"],"picked":"Dodge and Roll","floor":41.0},{"not_picked":["Poisoned Stab","Riddle With Holes","Acrobatics","Quick Slash"],"picked":"SKIP","floor":44.0},{"not_picked":["Heel Hook","Backstab","Acrobatics","Deflect"],"picked":"SKIP","floor":46.0},{"not_picked":["Quick Slash","Dagger Throw","Poisoned Stab"],"picked":"Infinite Blades+1","floor":47.0}],"player_experience":904447,"relics_obtained":[{"floor":8.0,"key":"Peace Pipe"},{"floor":9.0,"key":"The Courier"},{"floor":11.0,"key":"Art of War"},{"floor":14.0,"key":"Shuriken"},{"floor":25.0,"key":"Question Card"},{"floor":26.0,"key":"Darkstone Periapt"},{"floor":41.0,"key":"War Paint"},{"floor":43.0,"key":"Anchor"}],"event_choices":[{"damage_healed":0.0,"max_hp_gain":0.0,"max_hp_loss":0.0,"gold_gain":0.0,"event_name":"Golden Idol","player_choice":"Take Damage","floor":3.0,"gold_loss":0.0,"damage_taken":17.0,"relics_obtained":["Golden Idol"]},{"damage_healed":0.0,"max_hp_gain":0.0,"max_hp_loss":0.0,"gold_gain":0.0,"event_name":"Scrap Ooze","player_choice":"Success","floor":4.0,"gold_loss":0.0,"damage_taken":12.0,"relics_obtained":["Letter Opener"]},{"damage_healed":0.0,"max_hp_gain":0.0,"max_hp_loss":0.0,"gold_gain":75.0,"event_name":"World of Goop","player_choice":"Gather Gold","floor":7.0,"gold_loss":0.0,"damage_taken":11.0},{"damage_healed":23.0,"max_hp_gain":0.0,"max_hp_loss":0.0,"gold_gain":0.0,"event_name":"Big Fish","player_choice":"Banana","floor":13.0,"gold_loss":0.0,"damage_taken":0.0},{"damage_healed":0.0,"max_hp_gain":0.0,"max_hp_loss":0.0,"gold_gain":0.0,"event_name":"Match and Keep!","player_choice":"2 cards matched","floor":20.0,"gold_loss":0.0,"damage_taken":0.0,"cards_obtained":["Night Terror","Good Instincts"]},{"damage_healed":0.0,"max_hp_gain":0.0,"max_hp_loss":0.0,"gold_gain":0.0,"event_name":"The Mausoleum","player_choice":"Opened","floor":22.0,"gold_loss":0.0,"damage_taken":0.0,"relics_obtained":["Shovel"]},{"cards_removed":["Defend_G"],"damage_healed":0.0,"max_hp_gain":0.0,"max_hp_loss":0.0,"gold_gain":0.0,"event_name":"Beggar","player_choice":"Gave Gold","floor":23.0,"gold_loss":75.0,"damage_taken":0.0},{"damage_healed":18.0,"max_hp_gain":0.0,"max_hp_loss":0.0,"gold_gain":0.0,"event_name":"Winding Halls","player_choice":"Writhe","floor":36.0,"gold_loss":0.0,"damage_taken":0.0,"cards_obtained":["Writhe"]},{"damage_healed":0.0,"max_hp_gain":0.0,"max_hp_loss":0.0,"gold_gain":333.0,"event_name":"The Moai Head","player_choice":"Gave Idol","floor":38.0,"relics_lost":["Golden Idol"],"gold_loss":0.0,"damage_taken":0.0},{"damage_healed":0.0,"max_hp_gain":0.0,"max_hp_loss":0.0,"gold_gain":0.0,"event_name":"Mysterious Sphere","player_choice":"Ignored","floor":42.0,"gold_loss":0.0,"damage_taken":0.0}],"is_beta":false,"boss_relics":[{"not_picked":["Busted Crown","HoveringKite"],"picked":"SacredBark"},{"not_picked":["SlaversCollar","Snecko Eye"],"picked":"Philosopher\u0027s Stone"}],"items_purged_floors":[19,31,48],"is_endless":false,"potions_floor_spawned":[1,8,12,27,30,39,41,44,47],"killed_by":"Time Eater","ascension_level":13}}