{"host":"w2kjv12xyhtt0cv2","time":1609005271,"event":{"mods":["10 clothes from DAL","Act Like it!","BaseMod","Colored Map","Conspire","Friendly Minions","Gensokyo","Highlight Path","Hubris","Marisa（F雨　魔理沙）","Minty Spire (QoL Compilation)","Quick Restart","Reimu（博丽灵梦）","Relic Stats","Replay The Spire","RumiaBox-露米娅的神秘盒子","Spicy Shops","StSLib","The Servant 0.9.4","UnlockEverythingMod","Waifu the Spire","[功能]功能增强和修复MOD","vexMod","【功能Mod】Neow奖励","【功能Mod】混沌之环修复补丁","【遗物卡牌】REMEMod","没有小屋子和绿帽子啦"],"gold_per_floor":[114,114,114,133,133,59,84,103,156,186,266,299,315,155,155,252,252,271,310,324,335,335,335,360,360,385,405,432,432,466,477,477,574,574,590,607,366,410,427,460,460,181,207,222,32,61,76,86,86,86],"floor_reached":51,"playtime":4805,"items_purged":["Defend_Lin:ReiMu"],"score":862,"play_id":"94d86321-7c43-4a3e-a1e3-88ee9b7d0d0c","local_time":"20201227015431","is_ascension_mode":false,"campfire_choices":[{"data":"REME_BattleFury","floor":15,"key":"SMITH"},{"data":"Night Terror","floor":23,"key":"SMITH"},{"data":"MountainWay:ReiMu","floor":25,"key":"SMITH"},{"data":"LovePray:ReiMu","floor":29,"key":"SMITH"},{"data":"Determination:ReiMu","floor":32,"key":"SMITH"},{"data":"GravityBeat","floor":49,"key":"SMITH"}],"circlet_count":0,"master_deck":["Strike_Lin:ReiMu","Strike_Lin:ReiMu","Strike_Lin:ReiMu","Strike_Lin:ReiMu","Defend_Lin:ReiMu","Defend_Lin:ReiMu","Defend_Lin:ReiMu","NB:ReiMu","Stagnation:ReiMu","REME_BattleFury+1","ManaGlint:ReiMu","EmergencyTakeOff:ReiMu","Conquer:ReiMu","RainPray2:ReiMu","ShadowOfCrow2:ReiMu","Revelation:ReiMu","LovePray:ReiMu+1","UniversalSpiritual:ReiMu","PayForSelf:ReiMu","Dreaming:ReiMu","MountainWay:ReiMu+1","OrbThrow:ReiMu+1","FoulBorder2:ReiMu","SubAcupoint:ReiMu+1","Night Terror+1","YinYang:ReiMu","BarrageOfMoneybags:ReiMu+1","UpKicking:ReiMu","Determination:ReiMu+1","SubcavityFantasy:ReiMu","YinYangSign:ReiMu","LovePray:ReiMu","LearningPray:ReiMu","ForcedLanding:ReiMu","Thinking Ahead","CollectionFlower2:ReiMu+1","LovePray:ReiMu+1","Entrench","BowlingBash+1","GravityBeat+1","conspire:ExplosiveBarrier+1","PulseMagic+1","Worship"],"relics":["FlyPower:ReiMu","REME_ComplimentaryCards","hubris:Towel","Strawberry","Gensokyo:CelestialsFlawlessClothing","Toy Ornithopter","Ccalipers","vexMod:MemoryStick","Pocketwatch","GodSword1","Enchiridion","Painkiller Herb","vexMod:Dragonfruit","Pet Ghost","Potion Belt","FossilizedHelix","hubris:Stopwatch","BargainBundle","hubris:PeanutButter","PrismaticShard","conspire:TreasureMap","Centennial Puzzle","Orrery","Akabeko","FadedRune:ReiMu"],"acts_visited":["Gensokyo:Gensokyo","Gensokyo:Gensokyoer","Gensokyo:Gensokyoest"],"potions_floor_usage":[16,16,16,16,16,24,30,30,30,30,30,33,33,33,33,35,38,39,39,39,40,40,46,50],"damage_taken":[{"damage":0.0,"enemies":"Gensokyo:3_Fairies","floor":1.0,"turns":4.0},{"damage":3.0,"enemies":"Gensokyo:2_Kodama","floor":4.0,"turns":2.0},{"damage":0,"enemies":"Gensokyo:Cirno","floor":7,"turns":5},{"damage":1,"enemies":"Gensokyo:Gryphon","floor":8,"turns":5},{"damage":15,"enemies":"Gensokyo:Aya","floor":10,"turns":6},{"damage":14,"enemies":"Gensokyo:Cirno","floor":12,"turns":5},{"damage":0,"enemies":"Gensokyo:3_Kodama","floor":13,"turns":2},{"damage":19,"enemies":"Gensokyo:Yukari","floor":16,"turns":7},{"damage":0,"enemies":"Gensokyo:Chomper","floor":18,"turns":2},{"damage":13,"enemies":"Gensokyo:3_Dogs","floor":20,"turns":4},{"damage":8,"enemies":"Gensokyo:Wraith","floor":21,"turns":5},{"damage":21,"enemies":"Gensokyo:Koishi","floor":24,"turns":6},{"damage":19,"enemies":"Gensokyo:Monolith_and_Dog","floor":27,"turns":5},{"damage":18,"enemies":"Gensokyo:Tenshi","floor":28,"turns":5},{"damage":21,"enemies":"Gensokyo:Reisen","floor":30,"turns":3},{"damage":12,"enemies":"Gensokyo:Slime_Group","floor":31,"turns":4},{"damage":15,"enemies":"Gensokyo:Eiki","floor":33,"turns":7},{"damage":6,"enemies":"Gensokyo:3_Boulders","floor":35,"turns":4},{"damage":7,"enemies":"Gensokyo:3_Bats","floor":36,"turns":2},{"damage":26,"enemies":"Gensokyo:3_Boulders","floor":38,"turns":7},{"damage":31,"enemies":"Gensokyo:Sharpion","floor":39,"turns":5},{"damage":17,"enemies":"Gensokyo:Doremy","floor":40,"turns":5},{"damage":0,"enemies":"Gensokyo:AtlasGolem","floor":44,"turns":5},{"damage":0,"enemies":"Gensokyo:Marisa","floor":46,"turns":4},{"damage":6,"enemies":"Gensokyo:SeedOfUnknown","floor":47,"turns":7},{"damage":0,"enemies":"Gensokyo:Sharpion","floor":48,"turns":5},{"damage":2,"enemies":"Gensokyo:Shinki","floor":50,"turns":8}],"seed_played":"-5855225584217099430","potions_obtained":[{"floor":8,"key":"Strength Potion"},{"floor":10,"key":"GrandPatriotsElixir:ReiMu"},{"floor":12,"key":"EntropicBrew"},{"floor":13,"key":"LiquidFlight:ReiMu"},{"floor":16,"key":"Adrenaline Potion"},{"floor":18,"key":"LiquidBronze"},{"floor":19,"key":"EntropicBrew"},{"floor":24,"key":"AttackPotion"},{"floor":31,"key":"LiquidFlight:ReiMu"},{"floor":31,"key":"GrandPatriotsElixir:ReiMu"},{"floor":33,"key":"Energy Potion"},{"floor":36,"key":"EntropicBrew"},{"floor":39,"key":"EssenceOfSteel"},{"floor":40,"key":"SteroidPotion"},{"floor":44,"key":"ZuzhouPotion:ReiMu"}],"is_trial":false,"path_per_floor":["M","?","?","M","?","COS","E","M","T","E","?","E","M","?","R","B",null,"?","?","?","?","?","T","E","T","T","?","E","T","E","?","T","B",null,"?","?","T","?","?","E","?","T","T","?","COS","E","?","?","T","B",null],"character_chosen":"REIMU","items_purchased":["BargainBundle","REME_GoldPotion","DuplicationPotion","Dexterity Potion","LovePray:ReiMu","LearningPray:ReiMu","ForcedLanding:ReiMu","Thinking Ahead","PrismaticShard","conspire:TreasureMap"],"campfire_rested":0,"item_purchase_floors":[37,37,37,37,37,37,37,37,42,42],"current_hp_per_floor":[65,65,62,59,41,41,41,40,40,25,25,11,11,11,11,17,72,72,44,31,23,16,16,77,77,77,58,40,40,44,32,32,37,77,71,64,64,43,27,20,20,20,20,20,20,25,19,19,19,22],"gold":86,"neow_bonus":"RANDOM_EVENT","is_daily":false,"chose_seed":false,"campfire_upgraded":6,"win_rate":0.0,"timestamp":1609005271,"path_taken":["M","?","?","?","?","COS","E","?","T","E","?","E","M","?","R","BOSS","?","?","?","?","?","T","E","T","T","?","E","T","E","?","T","BOSS","?","?","T","?","?","E","?","?","T","?","COS","E","?","?","T","BOSS"],"items_purchased_type":["Relic","Potion","Potion","Potion","Card","Card","Card","Card","Relic","Relic"],"build_version":"2020-12-22","purchased_purges":1,"victory":true,"max_hp_per_floor":[65,65,72,72,72,72,72,72,72,72,72,72,72,72,72,72,72,72,72,72,72,72,72,77,77,77,77,77,77,77,77,77,77,77,77,77,77,77,77,77,77,77,77,77,77,77,77,77,77,77],"relic_stats":{"Centennial Puzzle":[6],"counters":[27,128],"obtain_stats":[{"vexMod:MemoryStick":10,"Enchiridion":14,"Painkiller Herb":17,"PrismaticShard":42,"Pet Ghost":26,"Frozen Eye":24,"Centennial Puzzle":43,"FadedRune:ReiMu":50,"Ccalipers":9,"Strawberry":3,"hubris:Stopwatch":34,"Potion Belt":28,"BargainBundle":37,"conspire:TreasureMap":42,"hubris:Towel":2,"Gensokyo:CelestialsFlawlessClothing":5,"Akabeko":46,"vexMod:Dragonfruit":24,"Orrery":45,"hubris:PeanutButter":40,"FlyPower:ReiMu":0,"Toy Ornithopter":7,"FossilizedHelix":30,"REME_ComplimentaryCards":0,"Pocketwatch":12,"GodSword1":12},{"vexMod:MemoryStick":5,"Enchiridion":7,"Painkiller Herb":8,"PrismaticShard":22,"Pet Ghost":12,"Frozen Eye":11,"Centennial Puzzle":22,"FadedRune:ReiMu":27,"Ccalipers":4,"Strawberry":1,"hubris:Stopwatch":17,"Potion Belt":14,"BargainBundle":19,"conspire:TreasureMap":22,"hubris:Towel":1,"Gensokyo:CelestialsFlawlessClothing":2,"Akabeko":24,"vexMod:Dragonfruit":12,"Orrery":23,"hubris:PeanutButter":22,"FlyPower:ReiMu":0,"Toy Ornithopter":3,"FossilizedHelix":15,"REME_ComplimentaryCards":0,"Pocketwatch":6,"GodSword1":6},{"vexMod:MemoryStick":22,"Enchiridion":29,"Painkiller Herb":36,"PrismaticShard":99,"Pet Ghost":53,"Frozen Eye":47,"Centennial Puzzle":99,"FadedRune:ReiMu":125,"Ccalipers":16,"Strawberry":4,"hubris:Stopwatch":77,"Potion Belt":63,"BargainBundle":83,"conspire:TreasureMap":99,"hubris:Towel":4,"Gensokyo:CelestialsFlawlessClothing":6,"Akabeko":108,"vexMod:Dragonfruit":53,"Orrery":104,"hubris:PeanutButter":99,"FlyPower:ReiMu":0,"Toy Ornithopter":11,"FossilizedHelix":66,"REME_ComplimentaryCards":0,"Pocketwatch":24,"GodSword1":27}],"Toy Ornithopter":115,"Pocketwatch":[17]},"card_choices":[{"not_picked":["Gathering:ReiMu","CareerPray:ReiMu"],"picked":"ManaGlint:ReiMu","floor":0.0},{"not_picked":["Intuition:ReiMu","CareerPray:ReiMu"],"picked":"EmergencyTakeOff:ReiMu","floor":0.0},{"not_picked":["MountainWay:ReiMu","DoubleButterfly:ReiMu"],"picked":"Conquer:ReiMu","floor":1.0},{"not_picked":["PayForSelf:ReiMu","SubcavityInstant:ReiMu"],"picked":"RainPray2:ReiMu","floor":4.0},{"not_picked":["RainPray2:ReiMu","TightArray:ReiMu"],"picked":"ShadowOfCrow2:ReiMu","floor":7},{"not_picked":["EmergencyTakeOff:ReiMu","Enchanting:ReiMu"],"picked":"Revelation:ReiMu","floor":8},{"not_picked":["UpKicking:ReiMu","Conquer:ReiMu"],"picked":"LovePray:ReiMu","floor":10},{"not_picked":["OrbThrow:ReiMu","DoubleButterfly:ReiMu"],"picked":"UniversalSpiritual:ReiMu","floor":12},{"not_picked":["FoulBorder2:ReiMu","AirStrike:ReiMu"],"picked":"PayForSelf:ReiMu","floor":13},{"not_picked":["KamiRite:ReiMu","Authority:ReiMu"],"picked":"Dreaming:ReiMu","floor":16},{"not_picked":["NineCharacters:ReiMu","Intuition:ReiMu"],"picked":"MountainWay:ReiMu","floor":18},{"not_picked":["RainPray2:ReiMu","EmergencyTakeOff:ReiMu"],"picked":"OrbThrow:ReiMu+1","floor":19},{"not_picked":["SafetyPray:ReiMu","Intuition:ReiMu+1"],"picked":"FoulBorder2:ReiMu","floor":20},{"not_picked":["EmergencyTakeOff:ReiMu","SafetyPray:ReiMu"],"picked":"SubAcupoint:ReiMu+1","floor":21},{"not_picked":["OrbThrow:ReiMu","SpringWay:ReiMu"],"picked":"YinYang:ReiMu","floor":24},{"not_picked":["AlertArray:ReiMu","FoulBorder2:ReiMu","Amulet:ReiMu"],"picked":"SKIP","floor":27},{"not_picked":["CollectionFlower2:ReiMu","TightArray:ReiMu"],"picked":"BarrageOfMoneybags:ReiMu+1","floor":28},{"not_picked":["AirStrike:ReiMu","TightArray:ReiMu"],"picked":"UpKicking:ReiMu","floor":30},{"not_picked":["FantasyMoon:ReiMu","AlertArray:ReiMu+1"],"picked":"Determination:ReiMu","floor":31},{"not_picked":["HakureiPhantom:ReiMu","KyokaiOfKami:ReiMu"],"picked":"SubcavityFantasy:ReiMu","floor":33},{"not_picked":["Conquer:ReiMu","SubcavityInstant:ReiMu+1"],"picked":"YinYangSign:ReiMu","floor":35},{"not_picked":["SubAcupoint:ReiMu+1","Meditation:ReiMu","Amulet:ReiMu"],"picked":"SKIP","floor":36},{"not_picked":["Mountainwind:ReiMu","AirStrike:ReiMu+1","Enchanting:ReiMu"],"picked":"SKIP","floor":38},{"not_picked":["Conquer:ReiMu","AlertArray:ReiMu+1"],"picked":"CollectionFlower2:ReiMu+1","floor":39},{"not_picked":["AlertArray:ReiMu+1","AirStrike:ReiMu+1"],"picked":"LovePray:ReiMu+1","floor":40},{"not_picked":["SubcavityInstant:ReiMu+1","Barrage+1","Replay:BluntJabs"],"picked":"SKIP","floor":44},{"not_picked":["ReachHeaven+1","PanicButton"],"picked":"Entrench","floor":45},{"not_picked":["Noxious Fumes","FollowUp"],"picked":"BowlingBash+1","floor":45},{"not_picked":["Replay:Undeath\u0027s Touch","Replay:Sssssssssshield+1"],"picked":"GravityBeat","floor":45},{"not_picked":["MentalFortress+1","Consecrate"],"picked":"conspire:ExplosiveBarrier+1","floor":45},{"not_picked":["SubcavityInstant:ReiMu","hubris:Ukulele+1","Misdirection"],"picked":"SKIP","floor":46},{"not_picked":["Gouge","Havoc"],"picked":"PulseMagic+1","floor":47},{"not_picked":["NonDirectionalLaser+1","Sweeping Beam"],"picked":"Worship","floor":48}],"player_experience":10462,"relics_obtained":[{"floor":7,"key":"Toy Ornithopter"},{"floor":9,"key":"Ccalipers"},{"floor":10,"key":"vexMod:MemoryStick"},{"floor":12,"key":"GodSword1"},{"floor":24,"key":"vexMod:Dragonfruit"},{"floor":26,"key":"Pet Ghost"},{"floor":28,"key":"Potion Belt"},{"floor":30,"key":"FossilizedHelix"},{"floor":40,"key":"hubris:PeanutButter"},{"floor":43,"key":"Centennial Puzzle"},{"floor":46,"key":"Akabeko"}],"event_choices":[],"is_beta":false,"boss_relics":[{"not_picked":["SacredBark","Velvet Choker"],"picked":"Painkiller Herb"},{"not_picked":["Coffee Dripper","REME_ChargedStone"],"picked":"hubris:Stopwatch"}],"items_purged_floors":[37],"is_endless":false,"potions_floor_spawned":[8,10,12,13,16,18,24,24,31,31,33,36,39,40,44],"ascension_level":0}}