{"host":"z4j51vjvl4ssilsu","time":1609018441,"event":{"mods":["AchievementEnabler","Act Like it!","Aspiration","BaseMod","Better Altar","Better Match","Better Note","Better Sensory Stone","Better Silent Start","Better Skull","Better Synergies","Better Third Choice","Better Vampires","Better-Laid Plans","BetterRewards","Block Reminder","CapriCore","Colored Powertips","Conspire","DeckTracker","Disable Question Mark Monsters","Elementarium","Emptier Cage","Energized Spire","Gensokyo","GifTheSpireLib","Gold Saver","Halation","Hallownest","Hubris","Infinite Spire","Ironclad Rager","Lobotomy","LobotomyExtend","Marisa????????","Minty Spire (QoL Compilation)","MostiFishMod","Permanent Neow","Quick Restart","RRrroohrrRGHHhhh!!","Replay The Spire","SCP261 Mod","SacredBarkPlus","Spicy Shops","StSLib","Stuff the Spire","The Servant 0.9.4","Transform Curses","Unceasing Turn Reminder"],"gold_per_floor":[116,43,61,76,76,257,272,272,272],"floor_reached":8,"playtime":850,"items_purged":[],"score":65,"play_id":"d403d3d6-ef59-4e1c-8736-b80c63a21994","local_time":"20201226183401","is_ascension_mode":true,"campfire_choices":[],"circlet_count":0,"master_deck":["Strike_G","Strike_G","Strike_G","Strike_G","Defend_G","Defend_G","Defend_G","Defend_G","Survivor","Neutralize","Infinite Blades","Scorched","SingingMachine","Draining Mist","conspire:DoublingDagger","MHz","MostiFishMod:ShivMaster","Sadistic Nature","Bloodbath","MostiFishMod:GrandStart"],"relics":["Ring of the Snake","DaveBox","CogitoBucket","SynthV:TestCard","LetterFromLob","PreservedInsect","EGODaCapo"],"acts_visited":["Gensokyo:Gensokyo"],"potions_floor_usage":[6,8,8],"damage_taken":[{"damage":0,"enemies":"Gensokyo:Python","floor":1,"turns":4},{"damage":4,"enemies":"Gensokyo:3_Fairies","floor":3,"turns":3},{"damage":37,"enemies":"Gensokyo:Gryphon","floor":4,"turns":4},{"damage":5,"enemies":"Gensokyo:Mamizou","floor":6,"turns":7},{"damage":10,"enemies":"Gensokyo:3_Kodama","floor":7,"turns":3},{"damage":18,"enemies":"Gensokyo:Cirno","floor":8,"turns":3}],"seed_played":"1748790861326961496","potions_obtained":[{"floor":1,"key":"Adrenaline Potion"},{"floor":3,"key":"AttackPotion"},{"floor":7,"key":"AttackPotion"}],"is_trial":false,"path_per_floor":["M","COS","M","M","?","E","M","E"],"character_chosen":"THE_SILENT","items_purchased":[],"campfire_rested":0,"item_purchase_floors":[],"current_hp_per_floor":[70,70,66,29,29,24,15,0,0],"gold":272,"neow_bonus":"","is_daily":false,"chose_seed":false,"campfire_upgraded":0,"win_rate":0.0,"timestamp":1609018441,"path_taken":["M","COS","M","M","?","E","M","E"],"items_purchased_type":[],"build_version":"2020-12-22","purchased_purges":0,"victory":false,"max_hp_per_floor":[70,70,70,70,70,70,70,70,70],"card_choices":[{"not_picked":["Flying Knee","Quick Slash"],"picked":"Infinite Blades","floor":1},{"not_picked":["Wellcheers","WhitesApple"],"picked":"Scorched","floor":1},{"not_picked":["Wellcheers","SpiderBud"],"picked":"SingingMachine","floor":3},{"not_picked":["Poisoned Stab","Deadly Poison","Dagger Spray","hubris:TrickCloak"],"picked":"Draining Mist","floor":3},{"not_picked":["Riddle With Holes","Outmaneuver","Leg Sweep","Endless Agony"],"picked":"conspire:DoublingDagger","floor":4},{"not_picked":["PunishingBird","FairyFestival"],"picked":"MHz","floor":4},{"not_picked":["rorgmod:Wraith Form","Night Terror","MostiFishMod:Listen","MostiFishMod:Wind"],"picked":"MostiFishMod:ShivMaster","floor":6},{"not_picked":["Cloak And Dagger","PiercingWail","rorgmod:Slice","Toxin Wave"],"picked":"Sadistic Nature","floor":6},{"not_picked":["LittleHelper","Murderer"],"picked":"Bloodbath","floor":6},{"not_picked":["Hidden Blade","PiercingWail","StuffTheSpire:Shiver","hubris:SlightOfHand"],"picked":"MostiFishMod:GrandStart","floor":7}],"player_experience":261406,"relics_obtained":[{"floor":1,"key":"SynthV:TestCard"},{"floor":1,"key":"LetterFromLob"},{"floor":6,"key":"PreservedInsect"}],"event_choices":[],"is_beta":false,"boss_relics":[],"items_purged_floors":[],"is_endless":false,"potions_floor_spawned":[1,3,7],"killed_by":"Gensokyo:Cirno","ascension_level":3}}