{"host":"fhwr1fuluf6086fh","time":1609003583,"event":{"mods":["2.2 Compatiblity","Act Like it!","BaseMod","Elementarium","Hermit","Minty Spire (QoL Compilation)","Robot Space Explorer","StSLib","The Blue Laboratory","The Dragon Tamer","The Factory","The Hierophant","TheLocksmith"],"gold_per_floor":[108,120,143,144,172,172,189,6,31,31,94,11,49,105,105,29,29],"floor_reached":16,"playtime":1957,"items_purged":["hierophant:Strike_Hierophant"],"score":145,"play_id":"0e9979be-1e9f-41c8-b270-fd5cbe61940f","local_time":"20201226122623","is_ascension_mode":true,"campfire_choices":[{"data":"hierophant:Dazzle","floor":6,"key":"SMITH"},{"data":"hierophant:CursedGold","floor":10,"key":"SMITH"},{"data":"hierophant:RepressedViolence","floor":15,"key":"SMITH"}],"circlet_count":0,"master_deck":["hierophant:Strike_Hierophant","hierophant:Strike_Hierophant","hierophant:Punish","hierophant:Defend_Hierophant+1","hierophant:Defend_Hierophant","hierophant:Defend_Hierophant","hierophant:Defend_Hierophant+1","hierophant:ChurchCoffers","hierophant:Dazzle+1","hierophant:Doubloon","hierophant:ThreeLashes","hierophant:Doubloon","hierophant:Remorse","hierophant:Purify","hierophant:Shelter","hierophant:Doubloon","hierophant:Remorse","hierophant:Doubloon","hierophant:CursedGold+1","hierophant:Refuge","hierophant:Doubloon","hierophant:ConvertCurrency","hierophant:Doubloon","hierophant:RepressedViolence","Finesse","hierophant:RepressedViolence+1","hierophant:Doubloon","hierophant:Dazzle"],"relics":["hierophant:PropheticMaskRelic","War Paint","Regal Pillow","Bag of Marbles"],"acts_visited":["Exordium"],"potions_floor_usage":[7,16,16],"damage_taken":[{"damage":1,"enemies":"Cultist","floor":1,"turns":4},{"damage":6,"enemies":"Jaw Worm","floor":2,"turns":2},{"damage":0,"enemies":"2 Louse","floor":3,"turns":1},{"damage":1,"enemies":"Exordium Thugs","floor":4,"turns":4},{"damage":2,"enemies":"Looter","floor":5,"turns":2},{"damage":1,"enemies":"3 Sentries","floor":7,"turns":5},{"damage":0,"enemies":"2 Fungi Beasts","floor":11,"turns":4},{"damage":5,"enemies":"Lagavulin","floor":13,"turns":6},{"damage":0,"enemies":"Blue Slaver","floor":14,"turns":5},{"damage":60,"enemies":"Hexaghost","floor":16,"turns":16}],"seed_played":"4808278858643046762","potions_obtained":[{"floor":2,"key":"blueLaboratory:RecallPotion"},{"floor":3,"key":"ColorlessPotion"},{"floor":5,"key":"blueLaboratory:Moonshine"},{"floor":13,"key":"Weak Potion"}],"is_trial":false,"path_per_floor":["M","M","M","M","M","R","E","$","T","R","M","$","E","M","R","B"],"character_chosen":"HIEROPHANT","items_purchased":["hierophant:Refuge","hierophant:ConvertCurrency","Finesse"],"campfire_rested":0,"item_purchase_floors":[8,8,12],"current_hp_per_floor":[74,68,68,67,65,65,64,64,64,64,64,64,59,59,59,0,0],"gold":29,"neow_bonus":"TRANSFORM_CARD","is_daily":false,"chose_seed":false,"campfire_upgraded":3,"win_rate":0.0,"timestamp":1609003583,"path_taken":["M","M","M","M","M","R","E","$","T","R","?","$","E","M","R","BOSS"],"items_purchased_type":["Card","Card","Card"],"build_version":"2020-12-22","purchased_purges":1,"victory":false,"max_hp_per_floor":[75,75,75,75,75,75,75,75,75,75,75,75,75,75,75,75,75],"card_choices":[{"not_picked":["hierophant:PassingBell","hierophant:Sermon"],"picked":"hierophant:ThreeLashes","floor":1},{"not_picked":["hierophant:Chorus","hierophant:Determination"],"picked":"hierophant:Remorse","floor":2},{"not_picked":["hierophant:SealAway","hierophant:DisplayOfPower"],"picked":"hierophant:Purify","floor":3},{"not_picked":["hierophant:AuricBeam","hierophant:Encroach"],"picked":"hierophant:Shelter","floor":4},{"not_picked":["hierophant:SolarFlare","hierophant:Encroach"],"picked":"hierophant:Remorse","floor":5},{"not_picked":["hierophant:LocustPlague","hierophant:PristineSoul"],"picked":"hierophant:CursedGold","floor":7},{"not_picked":["hierophant:Shelter","hierophant:Encroach"],"picked":"hierophant:RepressedViolence","floor":11},{"not_picked":["hierophant:Alms","hierophant:Levitation"],"picked":"hierophant:RepressedViolence","floor":13},{"not_picked":["hierophant:Sermon","hierophant:HolyVerse"],"picked":"hierophant:Dazzle","floor":14}],"player_experience":823873,"relics_obtained":[{"floor":7,"key":"War Paint"},{"floor":9,"key":"Regal Pillow"},{"floor":13,"key":"Bag of Marbles"}],"event_choices":[],"is_beta":false,"boss_relics":[],"items_purged_floors":[8],"is_endless":false,"potions_floor_spawned":[2,3,5,13],"killed_by":"Hexaghost","ascension_level":1}}