{"host":"vc42n08di9czm3e7","time":1609010581,"event":{"mods":["AchievementEnabler","Act Like it!","BaseMod","Colored Powertips","Downfall","Friendly Minions","GifTheSpireLib","Minty Spire (QoL Compilation)","Rare Cards Sparkle","StSLib"],"gold_per_floor":[99,144,189,234,279,204,204,249,339,339,384,429,212,257,302,602,602,602,647,692,737,180,180,205,205,250,295,340,385,430,430,475,775,775,775,820,865,544,589,589,614,659,659,749,794,794,839,289,334,334],"floor_reached":51,"playtime":3739,"items_purged":["hexamod:Strike","hexamod:Strike","hexamod:Defend","hexamod:Defend"],"score":770,"play_id":"822ac47d-b902-446c-9c85-bb626dfbc85c","local_time":"20201226142301","daily_mods":["Cursed Run","Purple Cards","Midas"],"is_ascension_mode":false,"campfire_choices":[{"floor":1,"key":"RECALL"},{"floor":6,"key":"REST"},{"floor":18,"key":"REST"},{"floor":35,"key":"REST"},{"floor":40,"key":"REST"}],"circlet_count":0,"master_deck":["hexamod:Strike+1","hexamod:Strike+1","hexamod:Sear","hexamod:Float","hexamod:NightmareStrike","InnerPeace","SandsOfTime","Normality","Prostrate","hexamod:ApocalypticArmor","JustLucky","hexamod:HauntingEcho","EmptyFist","Brilliance","Crescendo","Decay","hexamod:WildfireWeapon","hexamod:EtherealExpedition+1","hexamod:StepThrough+1","hexamod:StepThrough","ForeignInfluence","Apotheosis","Tantrum+1","hexamod:FastForward+1","Prostrate","hexamod:SpectersWail+1","Prostrate+1","hexamod:UnlimitedPower","Prostrate+1","Evaluate+1","Study","Guardian:Aged","hexamod:UnlimitedPower","Doubt"],"relics":["Cursed Key","Darkstone Periapt","Du-Vu Doll","downfall:HeartBlessingRed","HornCleat","Whetstone","sneckomod:SneckoTalon","Pantograph","Omamori","Centennial Puzzle","Snecko Eye","Oddly Smooth Stone","Prayer Wheel","sneckomod:BlankCard","hexamod:SoulOfChaos","Gremlin Horn","MealTicket"],"acts_visited":["Exordium","TheCity","TheBeyond"],"potions_floor_usage":[9,9,11,16,27,33,39,44,47,47,50,50],"damage_taken":[{"damage":1,"enemies":"Cultist","floor":2,"turns":4},{"damage":0,"enemies":"Small Slimes","floor":3,"turns":4},{"damage":0,"enemies":"2 Louse","floor":4,"turns":2},{"damage":6,"enemies":"Large Slime","floor":5,"turns":5},{"damage":11,"enemies":"Gremlin Gang","floor":8,"turns":4},{"damage":8,"enemies":"Lagavulin","floor":9,"turns":5},{"damage":0,"enemies":"2 Fungi Beasts","floor":11,"turns":3},{"damage":0,"enemies":"Exordium Thugs","floor":12,"turns":3},{"damage":0,"enemies":"downfall:FleeingMerchant","floor":13,"turns":4},{"damage":0,"enemies":"Exordium Wildlife","floor":14,"turns":2},{"damage":16,"enemies":"Large Slime","floor":15,"turns":2},{"damage":34,"enemies":"downfall:Silent","floor":16,"turns":7},{"damage":7,"enemies":"Chosen","floor":19,"turns":3},{"damage":0,"enemies":"Shell Parasite","floor":20,"turns":3},{"damage":8,"enemies":"Chosen and Byrds","floor":21,"turns":3},{"damage":1,"enemies":"downfall:FleeingMerchant","floor":22,"turns":4},{"damage":10,"enemies":"Centurion and Healer","floor":26,"turns":5},{"damage":14,"enemies":"Shelled Parasite and Fungi","floor":27,"turns":5},{"damage":16,"enemies":"Snake Plant","floor":28,"turns":3},{"damage":0,"enemies":"Chosen and Byrds","floor":29,"turns":5},{"damage":0,"enemies":"3 Cultists","floor":30,"turns":3},{"damage":0,"enemies":"Snecko","floor":32,"turns":2},{"damage":37,"enemies":"downfall:Watcher","floor":33,"turns":6},{"damage":17,"enemies":"3 Darklings","floor":36,"turns":3},{"damage":8,"enemies":"Orb Walker","floor":37,"turns":3},{"damage":2,"enemies":"downfall:FleeingMerchant","floor":38,"turns":4},{"damage":19,"enemies":"Maw","floor":39,"turns":6},{"damage":19,"enemies":"Sphere and 2 Shapes","floor":42,"turns":4},{"damage":32,"enemies":"Giant Head","floor":44,"turns":7},{"damage":15,"enemies":"Writhing Mass","floor":45,"turns":3},{"damage":2,"enemies":"Transient","floor":47,"turns":6},{"damage":9,"enemies":"Spire Growth","floor":49,"turns":4},{"damage":28,"enemies":"downfall:Defect","floor":50,"turns":5}],"seed_played":"5451747836825439005","potions_obtained":[{"floor":4,"key":"FearPotion"},{"floor":5,"key":"DuplicationPotion"},{"floor":9,"key":"Fire Potion"},{"floor":10,"key":"downfall:CursedFountainPotion"},{"floor":11,"key":"AttackPotion"},{"floor":12,"key":"SteroidPotion"},{"floor":15,"key":"FairyPotion"},{"floor":19,"key":"PowerPotion"},{"floor":28,"key":"Strength Potion"},{"floor":36,"key":"Swift Potion"},{"floor":42,"key":"champ:CounterPotion"},{"floor":45,"key":"SteroidPotion"},{"floor":47,"key":"PowerPotion"},{"floor":49,"key":"champ:CounterPotion"}],"is_trial":false,"path_per_floor":["R","M","M","M","M","R","T","M","E","?","M","M","$","M","M","B",null,"R","M","M","M","$","?","T","?","M","M","M","M","M","?","M","B",null,"R","M","M","$","M","R","T","M","?","E","M","?","M","$","M","B",null],"character_chosen":"THE_SPIRIT","items_purchased":["EmptyFist","Brilliance","Apotheosis","Pantograph","Oddly Smooth Stone","Prayer Wheel","Study","Gremlin Horn","MealTicket"],"campfire_rested":4,"item_purchase_floors":[13,13,22,22,38,38,38,48,48],"current_hp_per_floor":[70,69,69,69,63,70,76,65,57,57,57,57,57,57,41,13,82,82,75,75,67,66,66,66,66,56,42,26,26,26,26,26,14,82,82,65,57,55,36,60,66,47,39,7,19,19,17,17,8,11],"gold":334,"neow_bonus":"","is_daily":true,"chose_seed":false,"campfire_upgraded":0,"win_rate":0.0,"timestamp":1609010581,"path_taken":["R","M","M","M","?","R","T","M","E","?","M","M","$","M","M","BOSS","R","M","M","M","$","?","T","?","M","M","M","M","M","?","M","BOSS","R","M","M","$","M","R","T","M","?","E","?","?","M","?","M","BOSS"],"items_purchased_type":["Card","Card","Card","Relic","Relic","Relic","Card","Relic","Relic"],"build_version":"2020-12-22","purchased_purges":4,"victory":true,"max_hp_per_floor":[70,70,70,70,70,70,76,76,76,76,76,76,76,76,76,82,82,82,82,82,82,82,82,82,82,82,82,82,82,82,82,82,82,82,82,82,82,82,82,82,88,88,88,88,88,88,88,88,88,94],"card_choices":[{"not_picked":["FlyingSleeves","CarveReality"],"picked":"hexamod:NightmareStrike","floor":2},{"not_picked":["ClearTheMind","CarveReality"],"picked":"InnerPeace","floor":3},{"not_picked":["hexamod:EmpoweredFlame","Protect"],"picked":"SandsOfTime","floor":4},{"not_picked":["TalkToTheHand","ReachHeaven","hexamod:BacktrackSmack"],"picked":"SKIP","floor":5},{"not_picked":["MentalFortress","Nirvana"],"picked":"Prostrate","floor":8},{"not_picked":["PathToVictory","hexamod:NightmareGuise"],"picked":"hexamod:ApocalypticArmor","floor":9},{"not_picked":["CrushJoints","Protect"],"picked":"JustLucky","floor":11},{"not_picked":["CrushJoints","Protect"],"picked":"hexamod:HauntingEcho","floor":12},{"not_picked":["Adaptation","hexamod:BacktrackSmack","WreathOfFlame"],"picked":"SKIP","floor":13},{"not_picked":["DeceiveReality","Adaptation"],"picked":"Crescendo","floor":14},{"not_picked":["FlyingSleeves","hexamod:HeatMetal","FollowUp"],"picked":"SKIP","floor":15},{"not_picked":["Vault","Omniscience"],"picked":"hexamod:WildfireWeapon","floor":16},{"not_picked":["hexamod:RainOfEmbers+1","hexamod:Haunt"],"picked":"hexamod:EtherealExpedition+1","floor":19},{"not_picked":["hexamod:Hexaguard+1","Vengeance"],"picked":"hexamod:StepThrough+1","floor":20},{"not_picked":["hexamod:BacktrackSmack","DeceiveReality"],"picked":"hexamod:StepThrough","floor":21},{"not_picked":["hexamod:GhostflameBarrier","CarveReality"],"picked":"ForeignInfluence","floor":22},{"not_picked":["hexamod:Incineration","hexamod:NightmareGuise"],"picked":"Tantrum+1","floor":26},{"not_picked":["CrushJoints","EmptyMind"],"picked":"hexamod:FastForward+1","floor":27},{"not_picked":["Protect","Halt"],"picked":"Prostrate","floor":28},{"not_picked":["hexamod:ChargedBarrage","hexamod:ShieldOfDarkness"],"picked":"hexamod:SpectersWail+1","floor":29},{"not_picked":["JustLucky+1","hexamod:InspiringFlames","Study"],"picked":"SKIP","floor":30},{"not_picked":["MasterReality","FollowUp"],"picked":"Prostrate","floor":32},{"not_picked":["Establishment","hexamod:HexaLevel"],"picked":"hexamod:UnlimitedPower","floor":33},{"not_picked":["hexamod:Firestarter+1","Halt","hexamod:SecondSeal"],"picked":"SKIP","floor":36},{"not_picked":["ThirdEye","EmptyFist+1"],"picked":"Prostrate+1","floor":37},{"not_picked":["hexamod:NightmareGuise","Wallop+1"],"picked":"Evaluate+1","floor":38},{"not_picked":["hexamod:AdvancingGuard+1","EmptyBody","hexamod:DynamicBlow+1"],"picked":"SKIP","floor":39},{"not_picked":["hexamod:GhostShield+1","hexamod:SuperheatedStrike","hexamod:BacktrackSmack"],"picked":"SKIP","floor":39},{"not_picked":["Nirvana","hexamod:FirstSeal"],"picked":"hexamod:UnlimitedPower","floor":42},{"not_picked":["Weave","FlurryOfBlows+1","PathToVictory"],"picked":"SKIP","floor":42},{"not_picked":["WindmillStrike+1","ClearTheMind","Consecrate"],"picked":"SKIP","floor":44},{"not_picked":["EmptyFist+1","Halt","hexamod:GhostShield+1"],"picked":"SKIP","floor":45},{"not_picked":["EmptyBody","hexamod:GhostLash","hexamod:PhantomCloak"],"picked":"SKIP","floor":45},{"not_picked":["Worship","Wallop","hexamod:ShieldOfDarkness+1"],"picked":"SKIP","floor":47},{"not_picked":["WaveOfTheHand","PathToVictory","FollowUp+1"],"picked":"SKIP","floor":47},{"not_picked":["hexamod:GhostOfSpireFuture","EmptyFist","hexamod:ShieldOfDarkness"],"picked":"SKIP","floor":49},{"not_picked":["hexamod:GhostLash+1","hexamod:PhantomCloak+1","FollowUp"],"picked":"SKIP","floor":49}],"player_experience":245562,"relics_obtained":[{"floor":7,"key":"HornCleat"},{"floor":9,"key":"Whetstone"},{"floor":24,"key":"Centennial Puzzle"},{"floor":41,"key":"sneckomod:BlankCard"},{"floor":44,"key":"hexamod:SoulOfChaos"}],"event_choices":[],"is_beta":false,"boss_relics":[{"not_picked":["Philosopher\u0027s Stone","SlaversCollar"],"picked":"sneckomod:SneckoTalon"},{"not_picked":["Velvet Choker","Runic Pyramid"],"picked":"Snecko Eye"}],"items_purged_floors":[13,22,38,48],"is_endless":false,"potions_floor_spawned":[4,5,9,11,12,14,15,19,26,28,29,32,36,42,45,47,49],"ascension_level":0}}