{"host":"86c6vgocyjlprmyx","time":1609015375,"event":{"mods":["BaseMod","Downfall","Hermit","Minty Spire (QoL Compilation)","Replay The Spire","Shade Mod","StSLib","The Cursed","The Hierophant","The Necromancer","The Servant 0.9.4"],"gold_per_floor":[16,33,52,127,142,142,156,156,227,255,274,292,292,312,312,312,312],"floor_reached":16,"playtime":876,"items_purged":[],"score":106,"play_id":"bdbe8683-79c9-4740-9328-4a20c7c4c1b4","local_time":"20201226214255","is_ascension_mode":false,"campfire_choices":[{"data":"hermit:Malice","floor":6,"key":"SMITH"},{"floor":13,"key":"REST"},{"data":"hermit:Snapshot","floor":15,"key":"SMITH"}],"circlet_count":0,"master_deck":["hermit:Strike_Hermit","hermit:Strike_Hermit","hermit:Strike_Hermit","hermit:Strike_Hermit","hermit:Defend_Hermit","hermit:Defend_Hermit","hermit:Defend_Hermit","hermit:Defend_Hermit","hermit:Snapshot+1","hermit:Covet","hermit:SprayPray","hermit:Snipe","hermit:PistolWhip","hermit:Malice+1","hermit:WideOpen","Amnesia","hermit:Headshot","hermit:Dissolve","hermit:Headshot"],"relics":["hermit:Momento","Replay:Bottled Snecko","Ice Cream"],"acts_visited":["Exordium"],"potions_floor_usage":[14],"damage_taken":[{"damage":6,"enemies":"Jaw Worm","floor":1,"turns":3},{"damage":5,"enemies":"Small Slimes","floor":2,"turns":4},{"damage":6,"enemies":"2 Louse","floor":3,"turns":3},{"damage":16,"enemies":"Large Slime","floor":5,"turns":5},{"damage":6,"enemies":"Red Slaver","floor":7,"turns":3},{"damage":40,"enemies":"Lagavulin","floor":10,"turns":6},{"damage":3,"enemies":"3 Louse","floor":11,"turns":3},{"damage":11,"enemies":"Exordium Thugs","floor":12,"turns":5},{"damage":21,"enemies":"Gremlin Gang","floor":14,"turns":4},{"damage":44,"enemies":"The Guardian","floor":16,"turns":7}],"seed_played":"1116999718844745916","potions_obtained":[{"floor":1,"key":"SkillPotion"},{"floor":3,"key":"Toxic Potion"},{"floor":11,"key":"DuplicationPotion"}],"is_trial":false,"path_per_floor":["M","M","M","?","M","R","M","?","T","E","M","M","R","M","R","B"],"character_chosen":"HERMIT","items_purchased":[],"campfire_rested":1,"item_purchase_floors":[],"current_hp_per_floor":[83,78,72,61,45,45,39,89,89,49,46,35,61,40,40,0,0],"gold":312,"neow_bonus":"TWENTY_PERCENT_HP_BONUS","is_daily":false,"chose_seed":false,"campfire_upgraded":2,"win_rate":0.0,"timestamp":1609015375,"path_taken":["M","M","M","?","M","R","M","?","T","E","M","M","R","M","R","BOSS"],"items_purchased_type":[],"build_version":"2020-12-22","purchased_purges":0,"victory":false,"max_hp_per_floor":[89,89,89,89,89,89,89,89,89,89,89,89,89,89,89,89,89],"card_choices":[{"not_picked":["hermit:Malice","hermit:Glare"],"picked":"hermit:SprayPray","floor":1},{"not_picked":["hermit:Vantage","hermit:ItchyTrigger"],"picked":"hermit:Snipe","floor":2},{"not_picked":["hermit:Adapt","hermit:Vantage"],"picked":"hermit:PistolWhip","floor":3},{"not_picked":["hermit:SprayPray","hermit:Feint"],"picked":"hermit:Malice","floor":5},{"not_picked":["hermit:Maintenance","hermit:PistolWhip"],"picked":"hermit:WideOpen","floor":7},{"not_picked":["hermit:LuckOfTheDraw","hermit:SprayPray"],"picked":"hermit:Headshot","floor":10},{"not_picked":["hermit:CalledShot","hermit:Enervate"],"picked":"hermit:Dissolve","floor":11},{"not_picked":["hermit:Desperado","hermit:CalledShot","hermit:Showdown"],"picked":"SKIP","floor":12},{"not_picked":["hermit:Snipe","hermit:Virtue"],"picked":"hermit:Headshot","floor":14}],"player_experience":183569,"relics_obtained":[{"floor":9,"key":"Replay:Bottled Snecko"},{"floor":10,"key":"Ice Cream"}],"event_choices":[{"damage_healed":0,"gold_gain":75,"player_choice":"Gather Gold","damage_taken":11,"max_hp_gain":0,"max_hp_loss":0,"event_name":"World of Goop","floor":4,"gold_loss":0}],"is_beta":false,"boss_relics":[],"items_purged_floors":[],"is_endless":false,"potions_floor_spawned":[1,3,11,12],"killed_by":"The Guardian","ascension_level":0}}