{"host":"Jinnai","time":1609021657,"event":{"mods":["BaseMod","Bestiary","Block Reminder","Colored Map","Colored Powertips","Highlight Path","Keyboard Shortcuts","Minty Spire (QoL Compilation)","Quick Restart","Relic Stats"],"gold_per_floor":[113,113,113,126,147,147,186,186,186,26,79,101,101,130,130,232,304,328,243,288,56,56,56,42,42,42,69,69,69,69,93,93,192,192,214,69,402,402,402],"floor_reached":38,"playtime":1730,"items_purged":["Parasite","Defend_G"],"score":753,"play_id":"61ba9507-470c-4cec-82a1-f1e32f48a802","local_time":"20201226172737","is_ascension_mode":true,"campfire_choices":[{"data":"Adrenaline","floor":6,"key":"SMITH"},{"floor":13,"key":"REST"},{"data":"Caltrops","floor":15,"key":"SMITH"},{"floor":23,"key":"REST"},{"data":"Well Laid Plans","floor":25,"key":"SMITH"},{"data":"Noxious Fumes","floor":30,"key":"SMITH"},{"floor":32,"key":"REST"}],"circlet_count":0,"master_deck":["AscendersBane","Defend_G","Defend_G","Defend_G","Defend_G+1","Survivor","Neutralize","Adrenaline+1","Crippling Poison","Quick Slash","Caltrops+1","Flechettes","Noxious Fumes+1","Acrobatics","Blade Dance","Backflip","A Thousand Cuts","Backflip","Cloak And Dagger","Bite","Bite","Bite","Bite","Bite","Blur","Well Laid Plans+1","Blade Dance","Infinite Blades","After Image","Caltrops+1","Bane"],"relics":["Ring of the Snake","Incense Burner","Bottled Lightning","CeramicFish","Tiny House","Bag of Marbles","ClockworkSouvenir","Art of War","Lizard Tail","HoveringKite"],"acts_visited":["Exordium","TheCity","TheBeyond"],"potions_floor_usage":[8,11,16,16,27,38,38],"damage_taken":[{"damage":1,"enemies":"Small Slimes","floor":1,"turns":4},{"damage":4,"enemies":"Jaw Worm","floor":4,"turns":4},{"damage":10,"enemies":"2 Louse","floor":5,"turns":2},{"damage":33,"enemies":"Gremlin Nob","floor":7,"turns":4},{"damage":14,"enemies":"3 Sentries","floor":11,"turns":6},{"damage":1,"enemies":"Large Slime","floor":12,"turns":5},{"damage":8,"enemies":"Looter","floor":14,"turns":3},{"damage":15,"enemies":"Hexaghost","floor":16,"turns":9},{"damage":36,"enemies":"Shell Parasite","floor":18,"turns":7},{"damage":25,"enemies":"2 Thieves","floor":24,"turns":5},{"damage":19,"enemies":"Shelled Parasite and Fungi","floor":27,"turns":7},{"damage":8,"enemies":"Snecko","floor":31,"turns":6},{"damage":93,"enemies":"Automaton","floor":33,"turns":13},{"damage":16,"enemies":"3 Shapes","floor":35,"turns":6},{"damage":37,"enemies":"3 Darklings","floor":38,"turns":2}],"seed_played":"-4700424498775465768","potions_obtained":[{"floor":1,"key":"BlessingOfTheForge"},{"floor":5,"key":"Fruit Juice"},{"floor":11,"key":"FearPotion"},{"floor":12,"key":"GamblersBrew"},{"floor":17,"key":"GhostInAJar"},{"floor":22,"key":"FairyPotion"},{"floor":33,"key":"Weak Potion"},{"floor":35,"key":"LiquidMemories"}],"is_trial":false,"path_per_floor":["M","?","?","M","M","R","E","?","T","$","E","M","R","M","R","B",null,"M","?","?","$","?","R","M","R","T","M","T","?","R","M","R","B",null,"M","$","?","M"],"character_chosen":"THE_SILENT","items_purchased":["Noxious Fumes","ClockworkSouvenir","Blur","Bane"],"campfire_rested":3,"item_purchase_floors":[10,21,21,36],"current_hp_per_floor":[58,63,59,55,45,45,12,33,33,33,19,18,36,28,28,13,54,18,18,18,18,18,31,20,20,20,11,11,11,11,17,30,13,38,28,28,28,0,0],"gold":402,"neow_bonus":"THREE_RARE_CARDS","is_daily":false,"chose_seed":false,"campfire_upgraded":4,"win_rate":0.0,"timestamp":1609021657,"path_taken":["M","?","?","M","M","R","E","?","T","$","E","M","R","M","R","BOSS","M","?","?","$","?","R","M","R","T","?","?","?","R","M","R","BOSS","M","$","?","M"],"items_purchased_type":["Card","Relic","Card","Card"],"build_version":"2020-12-18","purchased_purges":2,"victory":false,"max_hp_per_floor":[60,65,59,59,59,59,59,64,64,61,61,61,61,61,61,61,66,66,66,46,46,46,46,46,46,46,46,46,46,46,46,46,46,46,46,46,46,46,46],"relic_stats":{"Lizard Tail":23,"counters":[15,83],"CeramicFish":162,"HoveringKite":[2],"Art of War":[5],"obtain_stats":[{"Lizard Tail":28,"Tiny House":17,"Golden Idol":3,"CeramicFish":11,"HoveringKite":34,"Incense Burner":7,"Bag of Marbles":19,"Art of War":26,"Bottled Lightning":9,"Ring of the Snake":0,"ClockworkSouvenir":21},{"Lizard Tail":11,"Tiny House":8,"Golden Idol":1,"CeramicFish":5,"HoveringKite":13,"Incense Burner":4,"Bag of Marbles":9,"Art of War":10,"Bottled Lightning":4,"Ring of the Snake":0,"ClockworkSouvenir":9},{"Lizard Tail":56,"Tiny House":37,"Golden Idol":4,"CeramicFish":20,"HoveringKite":75,"Incense Burner":14,"Bag of Marbles":44,"Art of War":49,"Bottled Lightning":14,"Ring of the Snake":0,"ClockworkSouvenir":44}],"Ring of the Snake":[30]},"card_choices":[{"not_picked":["Night Terror","Burst"],"picked":"Adrenaline","floor":0},{"not_picked":["Backflip","Caltrops"],"picked":"Crippling Poison","floor":1},{"not_picked":["Acrobatics","Dodge and Roll"],"picked":"Quick Slash","floor":4},{"not_picked":["Skewer","Heel Hook"],"picked":"Caltrops","floor":5},{"not_picked":["Flying Knee","Finisher"],"picked":"Flechettes","floor":7},{"not_picked":["Flechettes","Bane"],"picked":"Acrobatics","floor":11},{"not_picked":["Dagger Throw","Flying Knee"],"picked":"Blade Dance","floor":12},{"not_picked":["Unload","Cloak And Dagger"],"picked":"Backflip","floor":14},{"not_picked":["Venomology","Envenom"],"picked":"A Thousand Cuts","floor":16},{"not_picked":["Slice","Escape Plan"],"picked":"Backflip","floor":17},{"not_picked":["Grand Finale","Dodge and Roll"],"picked":"Cloak And Dagger","floor":18},{"not_picked":["Heel Hook","Deadly Poison"],"picked":"Well Laid Plans","floor":24},{"not_picked":["Outmaneuver+1","Finisher"],"picked":"Blade Dance","floor":27},{"not_picked":["PiercingWail","Skewer"],"picked":"Infinite Blades","floor":31},{"not_picked":["Night Terror","Venomology"],"picked":"After Image","floor":33},{"not_picked":["Poisoned Stab","Quick Slash"],"picked":"Caltrops+1","floor":35}],"player_experience":1492014,"relics_obtained":[{"floor":7,"key":"Incense Burner"},{"floor":9,"key":"Bottled Lightning"},{"floor":11,"key":"CeramicFish"},{"floor":26,"key":"Art of War"},{"floor":28,"key":"Lizard Tail"}],"event_choices":[{"damage_healed":0,"gold_gain":0,"player_choice":"Donut","damage_taken":0,"max_hp_gain":5,"max_hp_loss":0,"event_name":"Big Fish","floor":2,"gold_loss":0},{"damage_healed":0,"gold_gain":0,"player_choice":"Lose Max HP","damage_taken":0,"relics_obtained":["Golden Idol"],"max_hp_gain":0,"max_hp_loss":6,"event_name":"Golden Idol","floor":3,"gold_loss":0},{"damage_healed":16,"gold_gain":0,"player_choice":"Healed and dodged fight","damage_taken":0,"max_hp_gain":0,"max_hp_loss":0,"event_name":"Mushrooms","floor":8,"gold_loss":0,"cards_obtained":["Parasite"]},{"damage_healed":0,"gold_gain":0,"player_choice":"Obtained Relic","damage_taken":0,"relics_obtained":["Bag of Marbles"],"max_hp_gain":0,"max_hp_loss":0,"event_name":"Addict","floor":19,"gold_loss":85},{"damage_healed":0,"gold_gain":0,"player_choice":"Became a vampire","damage_taken":0,"max_hp_gain":0,"max_hp_loss":20,"event_name":"Vampires","floor":20,"gold_loss":0,"cards_obtained":["Bite","Bite","Bite","Bite","Bite"]},{"damage_healed":0,"gold_gain":0,"player_choice":"Got Potions","damage_taken":0,"max_hp_gain":0,"max_hp_loss":0,"event_name":"Lab","floor":22,"gold_loss":0},{"damage_healed":0,"gold_gain":0,"player_choice":"Ignored","damage_taken":0,"max_hp_gain":0,"max_hp_loss":0,"event_name":"The Mausoleum","floor":29,"gold_loss":0},{"damage_healed":0,"gold_gain":333,"player_choice":"Gave Idol","damage_taken":0,"max_hp_gain":0,"max_hp_loss":0,"event_name":"The Moai Head","floor":37,"relics_lost":["Golden Idol"],"gold_loss":0}],"is_beta":true,"boss_relics":[{"not_picked":["Sozu","SacredBark"],"picked":"Tiny House"},{"not_picked":["Empty Cage","SlaversCollar"],"picked":"HoveringKite"}],"items_purged_floors":[10,36],"is_endless":false,"potions_floor_spawned":[1,5,11,12,33,35],"killed_by":"3 Darklings","ascension_level":17}}