{"host":"8by3m8mve9y2rhh4","time":1609023420,"event":{"mods":["BaseMod","Minty Spire (QoL Compilation)","Quick Restart"],"gold_per_floor":[116,128,147,163,163,197,197,216,243,261,280,315,326,356,356,356,356],"floor_reached":16,"playtime":669,"items_purged":[],"score":132,"play_id":"382f353d-97b3-45c1-ad7a-b00974a61fff","local_time":"20201226225700","is_ascension_mode":true,"campfire_choices":[{"floor":7,"key":"REST"},{"floor":15,"key":"REST"}],"circlet_count":0,"master_deck":["Strike_G","Strike_G","Strike_G","Strike_G","Defend_G","Defend_G","Defend_G","Defend_G","Defend_G","Survivor","Neutralize","Dagger Throw","Poisoned Stab","Deflect","Deadly Poison","Crippling Poison","Dagger Spray","Acrobatics","Poisoned Stab","Deadly Poison","PiercingWail"],"relics":["Ring of the Snake","Happy Flower","Bottled Lightning","Ancient Tea Set","Bag of Marbles","Oddly Smooth Stone"],"acts_visited":["Exordium"],"potions_floor_usage":[6,6,14,14,16],"damage_taken":[{"damage":1,"enemies":"Cultist","floor":1,"turns":4},{"damage":0,"enemies":"2 Louse","floor":2,"turns":3},{"damage":0,"enemies":"Jaw Worm","floor":3,"turns":3},{"damage":0,"enemies":"Large Slime","floor":4,"turns":5},{"damage":25,"enemies":"Lagavulin","floor":6,"turns":8},{"damage":18,"enemies":"Exordium Thugs","floor":8,"turns":6},{"damage":3,"enemies":"3 Louse","floor":10,"turns":3},{"damage":0,"enemies":"Exordium Wildlife","floor":11,"turns":2},{"damage":20,"enemies":"Gremlin Nob","floor":12,"turns":5},{"damage":7,"enemies":"Exordium Thugs","floor":13,"turns":3},{"damage":8,"enemies":"Lagavulin","floor":14,"turns":4},{"damage":30,"enemies":"Slime Boss","floor":16,"turns":9}],"seed_played":"2594350299256883016","potions_obtained":[{"floor":1,"key":"Explosive Potion"},{"floor":4,"key":"Energy Potion"},{"floor":10,"key":"PowerPotion"},{"floor":13,"key":"DistilledChaos"},{"floor":14,"key":"Weak Potion"}],"is_trial":false,"path_per_floor":["M","M","M","M","?","E","R","M","T","M","M","E","M","E","R","B"],"character_chosen":"THE_SILENT","items_purchased":[],"campfire_rested":2,"item_purchase_floors":[],"current_hp_per_floor":[69,69,69,69,62,37,58,40,40,37,37,17,10,2,23,0,0],"gold":356,"neow_bonus":"RANDOM_COMMON_RELIC","is_daily":false,"chose_seed":false,"campfire_upgraded":0,"win_rate":0.0,"timestamp":1609023420,"path_taken":["M","?","M","M","?","E","R","M","T","M","M","E","M","E","R","BOSS"],"items_purchased_type":[],"build_version":"2020-12-22","purchased_purges":0,"victory":false,"max_hp_per_floor":[70,70,70,70,70,70,70,70,70,70,70,70,70,70,70,70,70],"card_choices":[{"not_picked":["Outmaneuver","Backflip"],"picked":"Dagger Throw","floor":1},{"not_picked":["All Out Attack","Predator"],"picked":"Poisoned Stab","floor":2},{"not_picked":["Finisher","Cloak And Dagger"],"picked":"Deflect","floor":3},{"not_picked":["Finisher","Distraction","Tactician"],"picked":"SKIP","floor":4},{"not_picked":["Deflect","Quick Slash"],"picked":"Deadly Poison","floor":6},{"not_picked":["Outmaneuver","Slice"],"picked":"Crippling Poison","floor":8},{"not_picked":["Blade Dance","Slice"],"picked":"Dagger Spray","floor":10},{"not_picked":["Dagger Throw","Prepared"],"picked":"Acrobatics","floor":11},{"not_picked":["Unload","Dodge and Roll"],"picked":"Poisoned Stab","floor":12},{"not_picked":["Dodge and Roll","Slice"],"picked":"Deadly Poison","floor":13},{"not_picked":["Dagger Throw","Outmaneuver"],"picked":"PiercingWail","floor":14}],"player_experience":611226,"relics_obtained":[{"floor":6,"key":"Bottled Lightning"},{"floor":9,"key":"Ancient Tea Set"},{"floor":12,"key":"Bag of Marbles"},{"floor":14,"key":"Oddly Smooth Stone"}],"event_choices":[{"cards_removed":["Strike_G"],"damage_healed":0,"gold_gain":0,"player_choice":"Card Removal","damage_taken":7,"max_hp_gain":0,"max_hp_loss":0,"event_name":"Golden Wing","floor":5,"gold_loss":0}],"is_beta":false,"boss_relics":[],"items_purged_floors":[],"is_endless":false,"potions_floor_spawned":[1,4,10,13,14],"killed_by":"Slime Boss","ascension_level":1}}