{"host":"y9jgkjnf95sujozk","time":1609003655,"event":{"mods":["2.2 Compatiblity","AchievementEnabler","Act Like it!","BaseMod","Block Reminder","Colored Map","Colored Powertips","Downfall","Friendly Minions","Gensokyo","GifTheSpireLib","Hermit","Highlight Path","HololiveMod","MarisaÅiñ∂âJÅ@ñÇóùçπÅj","Minty Spire (QoL Compilation)","Random Character Button","Rare Cards Sparkle","Replay The Spire","StSLib","SuperFastMode","The Animator","The Bug Knight","The Cursed","The Servant 0.9.4"],"gold_per_floor":[119,137,26,37,84,84,32,32,32,47,47,57,72,72,72,72,72],"floor_reached":16,"playtime":395,"items_purged":[],"score":92,"play_id":"c5ccb7d2-0994-40bc-bcfc-8036846a41dd","local_time":"20201226182735","is_ascension_mode":false,"campfire_choices":[{"floor":6,"key":"REST"},{"floor":8,"key":"REST"},{"data":"Fission","floor":15,"key":"SMITH"}],"circlet_count":0,"master_deck":["Strike_B","Strike_B","Strike_B","Defend_B","Defend_B","Defend_B","Defend_B","Zap","Dualcast","Gensokyo:CrescentMoonSlash","Compile Driver","Leap","Cold Snap+1","Capacitor","Beam Cell","Consume","Barrage","Doom and Gloom","Steam","Fission+1"],"relics":["Cracked Core","Meat on the Bone","Darkstone Periapt"],"acts_visited":["Exordium"],"potions_floor_usage":[16,16],"damage_taken":[{"damage":0,"enemies":"Gensokyo:3_Fairies","floor":1,"turns":3},{"damage":1,"enemies":"Gensokyo:Python","floor":2,"turns":3},{"damage":2,"enemies":"Gensokyo:Gryphon","floor":4,"turns":4},{"damage":3,"enemies":"Gensokyo:VengefulSpirit","floor":10,"turns":4},{"damage":5,"enemies":"Gensokyo:2_Rabbits","floor":12,"turns":4},{"damage":0,"enemies":"Gensokyo:LivingMonolith","floor":13,"turns":3},{"damage":81,"enemies":"Gensokyo:Reimu","floor":16,"turns":18}],"seed_played":"4072747982551697835","potions_obtained":[{"floor":5,"key":"DuplicationPotion"},{"floor":12,"key":"Elixir"}],"is_trial":false,"path_per_floor":["M","M","$","M","?","R","$","R","T","M","?","M","M","?","R","B"],"character_chosen":"DEFECT","items_purchased":["Cold Snap+1","Capacitor","Barrage"],"campfire_rested":2,"item_purchase_floors":[3,3,7],"current_hp_per_floor":[64,63,63,61,31,53,53,75,75,72,72,67,67,67,67,0,0],"gold":72,"neow_bonus":"RANDOM_EVENT","is_daily":false,"chose_seed":false,"campfire_upgraded":1,"win_rate":0.0,"timestamp":1609003655,"path_taken":["M","M","$","M","?","R","$","R","T","M","?","M","?","?","R","BOSS"],"items_purchased_type":["Card","Card","Card"],"build_version":"2020-12-22","purchased_purges":0,"victory":false,"max_hp_per_floor":[75,75,75,75,75,75,75,75,75,75,75,75,75,75,75,75,75],"card_choices":[{"not_picked":["Conserve Battery","Panic Button"],"picked":"Compile Driver","floor":1},{"not_picked":["Gash","Aggregate"],"picked":"Leap","floor":2},{"not_picked":["Stack","Self Repair"],"picked":"Beam Cell","floor":4},{"not_picked":["White Noise","Scrape"],"picked":"Consume","floor":5},{"not_picked":["ReplaySolidLightProjector","Leap"],"picked":"Doom and Gloom","floor":10},{"not_picked":["ReplayGash","Stack"],"picked":"Steam","floor":12},{"not_picked":["Sweeping Beam","Panic Button"],"picked":"Fission","floor":13}],"player_experience":124061,"relics_obtained":[{"floor":5,"key":"Meat on the Bone"},{"floor":9,"key":"Darkstone Periapt"}],"event_choices":[],"is_beta":false,"boss_relics":[],"items_purged_floors":[],"is_endless":false,"potions_floor_spawned":[12],"killed_by":"Gensokyo:Reimu","ascension_level":0}}