{"host":"12piqfhmdln9x2la","time":1609003121,"event":{"mods":["2.2 Compatiblity","AchievementEnabler","BaseMod","BetterRewards","Colored Powertips","Minty Spire (QoL Compilation)","Quick Restart","SuperFastMode"],"gold_per_floor":[118,68,143,158,10,43,43,73,99,126,144,154,154,154],"floor_reached":13,"playtime":245,"items_purged":[],"score":134,"play_id":"ad6a369c-acf7-49d1-84bd-7ccde8fb1c8f","local_time":"20201227021841","is_ascension_mode":true,"campfire_choices":[{"data":"Poisoned Stab","floor":7,"key":"SMITH"}],"circlet_count":0,"master_deck":["Strike_G","Strike_G","Strike_G","Strike_G","Defend_G","Defend_G","Defend_G","Defend_G","Defend_G","Survivor","Neutralize","PiercingWail","Terror","Escape Plan","Noxious Fumes","Catalyst","Deflect","Noxious Fumes","Poisoned Stab+1","Flying Knee","Deadly Poison","Tactician","Prepared"],"relics":["Ring of the Snake","NeowsBlessing","Orrery","Toy Ornithopter","Orichalcum","Omamori"],"acts_visited":["Exordium"],"potions_floor_usage":[10,13,13],"damage_taken":[{"damage":0,"enemies":"Jaw Worm","floor":1,"turns":1},{"damage":0,"enemies":"2 Louse","floor":4,"turns":1},{"damage":0,"enemies":"Lagavulin","floor":6,"turns":1},{"damage":25,"enemies":"Gremlin Nob","floor":8,"turns":4},{"damage":22,"enemies":"Lagavulin","floor":10,"turns":5},{"damage":8,"enemies":"Small Slimes","floor":11,"turns":3},{"damage":0,"enemies":"2 Fungi Beasts","floor":12,"turns":3},{"damage":38,"enemies":"Gremlin Nob","floor":13,"turns":4}],"seed_played":"-1285784843428757206","potions_obtained":[{"floor":6,"key":"LiquidBronze"},{"floor":8,"key":"DuplicationPotion"},{"floor":10,"key":"Dexterity Potion"},{"floor":12,"key":"DuplicationPotion"}],"is_trial":false,"path_per_floor":["M","?","?","M","$","E","R","E","T","E","M","M","E"],"character_chosen":"THE_SILENT","items_purchased":["Orrery"],"campfire_rested":0,"item_purchase_floors":[5],"current_hp_per_floor":[70,70,59,59,59,59,59,34,34,17,9,9,0,0],"gold":154,"neow_bonus":"THREE_ENEMY_KILL","is_daily":false,"chose_seed":false,"campfire_upgraded":1,"win_rate":0.0,"timestamp":1609003121,"path_taken":["M","?","?","M","?","E","R","E","T","E","M","M","E"],"items_purchased_type":["Relic"],"build_version":"2020-12-22","purchased_purges":0,"victory":false,"max_hp_per_floor":[70,70,70,70,70,70,70,70,70,70,70,70,70,70],"card_choices":[{"not_picked":["Quick Slash","Bane"],"picked":"PiercingWail","floor":1},{"not_picked":["Predator","Setup"],"picked":"Terror","floor":4},{"not_picked":["Expertise","Underhanded Strike"],"picked":"Escape Plan","floor":5},{"not_picked":["Finisher","Blur"],"picked":"Noxious Fumes","floor":5},{"not_picked":["Bane","Underhanded Strike"],"picked":"Catalyst","floor":5},{"not_picked":["Dodge and Roll","Endless Agony"],"picked":"Deflect","floor":5},{"not_picked":["Bane","Doppelganger"],"picked":"Noxious Fumes","floor":5},{"not_picked":["Setup","Heel Hook"],"picked":"Poisoned Stab","floor":6},{"not_picked":["Leg Sweep","Slice"],"picked":"Flying Knee","floor":8},{"not_picked":["Tactician","Dagger Throw"],"picked":"Deadly Poison","floor":10},{"not_picked":["Bane","Acrobatics"],"picked":"Tactician","floor":11},{"not_picked":["Skewer","Dash"],"picked":"Prepared","floor":12}],"player_experience":126679,"relics_obtained":[{"floor":6,"key":"Toy Ornithopter"},{"floor":8,"key":"Orichalcum"},{"floor":10,"key":"Omamori"}],"event_choices":[{"cards_removed":["Strike_G"],"damage_healed":0,"gold_gain":0,"player_choice":"Card Removal","damage_taken":0,"max_hp_gain":0,"max_hp_loss":0,"event_name":"The Cleric","floor":2,"gold_loss":50},{"damage_healed":0,"gold_gain":75,"player_choice":"Gather Gold","damage_taken":11,"max_hp_gain":0,"max_hp_loss":0,"event_name":"World of Goop","floor":3,"gold_loss":0}],"is_beta":false,"boss_relics":[],"items_purged_floors":[],"is_endless":false,"potions_floor_spawned":[6,8,10,12],"killed_by":"Gremlin Nob","ascension_level":1}}