{"host":"yvb207ks1sg3cxef","time":1609009640,"event":{"mods":["2.2 Compatiblity","BaseMod","Bestiary","Colored Powertips","Minty Spire (QoL Compilation)","Permanent Neow","Quick Restart","Relic Stats","StSLib"],"gold_per_floor":[118,134,134,134,29,58,58,58,58],"floor_reached":8,"playtime":378,"items_purged":[],"score":100,"play_id":"421fe08f-6c23-44f9-945a-08976703432f","local_time":"20201227003720","is_ascension_mode":true,"campfire_choices":[{"data":"Burst","floor":7,"key":"SMITH"}],"circlet_count":0,"master_deck":["AscendersBane","Strike_G","Strike_G","Strike_G","Strike_G","Defend_G","Defend_G","Defend_G","Defend_G","Defend_G","Survivor","Neutralize","Dagger Spray","Blade Dance","Noxious Fumes","Sucker Punch","Burst+1"],"relics":["SlaversCollar","Matryoshka","Frozen Egg 2"],"acts_visited":["Exordium"],"potions_floor_usage":[],"damage_taken":[{"damage":3,"enemies":"Small Slimes","floor":1,"turns":6},{"damage":3,"enemies":"2 Louse","floor":2,"turns":3},{"damage":7,"enemies":"3 Sentries","floor":6,"turns":6},{"damage":54,"enemies":"Gremlin Nob","floor":8,"turns":5}],"seed_played":"2760281802600518051","potions_obtained":[{"floor":2,"key":"Dexterity Potion"}],"is_trial":false,"path_per_floor":["M","M","?","?","$","E","R","E"],"character_chosen":"THE_SILENT","items_purchased":["Noxious Fumes","Sucker Punch"],"campfire_rested":0,"item_purchase_floors":[5,5],"current_hp_per_floor":[56,53,46,28,28,21,21,0,0],"gold":58,"neow_bonus":"BOSS_RELIC","is_daily":false,"chose_seed":false,"campfire_upgraded":1,"win_rate":0.0,"timestamp":1609009640,"path_taken":["M","M","?","?","$","E","R","E"],"items_purchased_type":["Card","Card"],"build_version":"2020-12-22","purchased_purges":0,"victory":false,"max_hp_per_floor":[66,66,66,66,66,66,66,66,66],"relic_stats":{"counters":[4,20],"obtain_stats":[{"SlaversCollar":0,"Matryoshka":4,"Frozen Egg 2":6,"Ring of the Snake":0},{"SlaversCollar":0,"Matryoshka":2,"Frozen Egg 2":3,"Ring of the Snake":0},{"SlaversCollar":0,"Matryoshka":9,"Frozen Egg 2":15,"Ring of the Snake":0}]},"card_choices":[{"not_picked":["Sucker Punch","Expertise"],"picked":"Dagger Spray","floor":1},{"not_picked":["PiercingWail","Reflex"],"picked":"Blade Dance","floor":2},{"not_picked":["Concentrate","Expertise"],"picked":"Burst","floor":6}],"player_experience":221232,"relics_obtained":[{"floor":6,"key":"Frozen Egg 2"}],"event_choices":[{"cards_removed":["Strike_G"],"damage_healed":0,"gold_gain":0,"player_choice":"Card Removal","damage_taken":7,"max_hp_gain":0,"max_hp_loss":0,"event_name":"Golden Wing","floor":3,"gold_loss":0},{"damage_healed":0,"gold_gain":0,"player_choice":"Success","damage_taken":18,"relics_obtained":["Matryoshka"],"max_hp_gain":0,"max_hp_loss":0,"event_name":"Scrap Ooze","floor":4,"gold_loss":0}],"is_beta":false,"boss_relics":[],"items_purged_floors":[],"is_endless":false,"potions_floor_spawned":[2],"killed_by":"Gremlin Nob","ascension_level":17}}