{"host":"h7xtspmc2x3i8s2i","time":1609023470,"event":{"mods":["2.2 Compatiblity","AchievementEnabler","Act Like it!","AlwaysNeverKeys","Aspiration","Astrologer","BaseMod","Beaked The Cultist","Bestiary","Better Altar","Better Match","Better Note","Better Sensory Stone","Better Skull","Better Third Choice","Better Vampires","Better-Laid Plans","BetterRewards","Challenge The Spire","Colored Map","Colored Powertips","Colorless Booster Pack","Curses Come First","Defuse TimeMaze Blight","Dio Mod","Disable Question Mark Monsters","Downfall","Duelist Mod","EXCEPTION","Emptier Cage","Energized Spire","Friendly Minions","GifTheSpireLib","Gold Saver","Gremlin Skip","Halation","Hubris","Ironclad Rager","Jedi Mod","Key Reminder","Marked Mod","Minty Spire (QoL Compilation)","Permanent Neow","Potion Indicator Mod","Quick Restart","Random Character Button","Random Character Mod","Rare Cards Sparkle","Relic Filter","Relic Stats","Replay The Spire","SacredBarkPlus","Shop Mod","Somnambulant","Spicy Shops","Spikes Relics","Spire Birthday Party","StSLib","Steal the Spire","Stuff the Spire","SuperFastMode","The Awakened One except there are too many feathers","The Blue Laboratory","The Cursed","The Death Knight","The Dragon Tamer","The Edgeheg","The Hierophant","The Problem Sleuth","The Runesmith","The Wild Card","TheVelvet","Transform Curses","Uncapped","Unceasing Turn Reminder","Virulent Crown","everything is the same but u backflip on backflip","slay the spire mod where everything is the same but ironclad has a cowboy hat","vexMod"],"gold_per_floor":[138,149,149,149,162,188,188,188,188,188,6,6,24,39,39,143,143,158,169,241,20,20,354,354,372,372,372,10,22,41,57,57,162,162,173,8,8,8,8,28,46,60,84,84,109,109,122,122,122,122,122,122,12,44,44],"floor_reached":56,"playtime":3483,"items_purged":["hadesmod:Xactivate"],"score":1322,"play_id":"5d0fc969-0256-4ea4-9299-4c68e9f1cad5","local_time":"20201226175750","is_ascension_mode":false,"campfire_choices":[{"floor":7,"key":"REST"},{"floor":12,"key":"RECALL"},{"floor":15,"key":"DIG"},{"floor":24,"key":"REST"},{"floor":27,"key":"REST"},{"data":"hadesmod:CutDust","floor":32,"key":"SMITH"},{"floor":44,"key":"REST"},{"data":"hadesmod:RuyiJinguBang","floor":49,"key":"SMITH"},{"data":"hadesmod:Velvet","floor":52,"key":"SMITH"}],"circlet_count":0,"master_deck":["hadesmod:Strike","hadesmod:Strike","hadesmod:Strike","hadesmod:SwapStrike","hadesmod:Defend","hadesmod:Defend","hadesmod:Dash+1","hadesmod:RuyiJinguBang+","hadesmod:SwapTrick","theWildCard:Odin+1","hadesmod:MailBomb","hadesmod:CameraSmack","hadesmod:Slide","hadesmod:CrescentStrike","hadesmod:MiloAndAkouo","hadesmod:ExposeShot+","hadesmod:AlternateAnesidora+1","hadesmod:DeepPull+1","hadesmod:MailBomb","hadesmod:CutDust+","hadesmod:CrescentStrike+","hadesmod:ArraysEmbrace","hadesmod:CrescentStrike","hadesmod:QuickActivate","hadesmod:WepSpamm","hadesmod:CrescentStrike+1","hadesmod:Velvet+","Madness+1","Madness+1","hadesmod:CrescentStrike","hadesmod:QuickActivate+","hadesmod:FierceCry+","hadesmod:ArrayBlast"],"relics":["hadesmod:WeaponCharger","dioMod:VampireBlood","Replay:Bottled Eggs","Chameleon Ring","hubris:Towel","MerchantsRug","hubris:ToyBattleship","Mercury Hourglass","DeathKnight:PutricidesVial","aspiration:RunicSpoon","hubris:Icosahedron","Happy Flower","vexMod:BarristanHead","StuffTheSpire:CocoNut","theSleuth:Tectrixcalibur","Toolbox","aspiration:SeaSaltIceCream","Juzu Bracelet"],"acts_visited":["Exordium","TheCity","TheBeyond","TheEnding"],"potions_floor_usage":[5,14,23,23,25,45,50,50,55],"damage_taken":[{"damage":2,"enemies":"2 Louse","floor":1,"turns":3},{"damage":3,"enemies":"Jaw Worm","floor":2,"turns":6},{"damage":0,"enemies":"Small Slimes","floor":5,"turns":3},{"damage":34,"enemies":"Lagavulin","floor":6,"turns":8},{"damage":0,"enemies":"3 Louse","floor":13,"turns":3},{"damage":0,"enemies":"Exordium Thugs","floor":14,"turns":4},{"damage":32,"enemies":"The Guardian","floor":16,"turns":12},{"damage":2,"enemies":"Shell Parasite","floor":18,"turns":5},{"damage":20,"enemies":"Chosen","floor":19,"turns":7},{"damage":30,"enemies":"Slavers","floor":23,"turns":8},{"damage":11,"enemies":"Centurion and Healer","floor":25,"turns":11},{"damage":0,"enemies":"Cultist and Chosen","floor":29,"turns":8},{"damage":0,"enemies":"Chosen and Byrds","floor":30,"turns":5},{"damage":6,"enemies":"Snake Plant","floor":31,"turns":6},{"damage":16,"enemies":"Champ","floor":33,"turns":12},{"damage":16,"enemies":"Orb Walker","floor":35,"turns":6},{"damage":7,"enemies":"3 Shapes","floor":40,"turns":4},{"damage":8,"enemies":"Spire Growth","floor":41,"turns":5},{"damage":2,"enemies":"3 Darklings","floor":42,"turns":5},{"damage":27,"enemies":"Reptomancer","floor":45,"turns":9},{"damage":16,"enemies":"4 Shapes","floor":47,"turns":4},{"damage":4,"enemies":"Jotaro","floor":50,"turns":4},{"damage":7,"enemies":"Shield and Spear","floor":54,"turns":3},{"damage":56,"enemies":"Kars","floor":55,"turns":7}],"seed_played":"8765121729166504664","potions_obtained":[{"floor":2,"key":"blueLaboratory:FruitPunch"},{"floor":13,"key":"Weak Potion"},{"floor":18,"key":"blueLaboratory:LouseDecoction"},{"floor":23,"key":"Flashbang"},{"floor":30,"key":"blueLaboratory:SavagePotion"},{"floor":35,"key":"Venom Potion"},{"floor":42,"key":"blueLaboratory:HeartbeatPotion"},{"floor":47,"key":"blueLaboratory:FruitPunch"},{"floor":54,"key":"blueLaboratory:HeartbeatPotion"}],"is_trial":false,"path_per_floor":["M","M","?","?","M","E","R","?","T","?","$","R","M","M","R_BF","B",null,"M","M","T","$","?","E","R","M","T","R","$","M","M","M","R","B",null,"M","$","?","?","?","M","M","M","T","R","E","T","M","?","R","B",null,"R","$","E","B",null],"character_chosen":"THE_HUNTRESS","items_purchased":["MerchantsRug","hadesmod:Slide","hadesmod:CrescentStrike+","StuffTheSpire:Mouthbags","blueLaboratory:EmptyBottle","hadesmod:Xactivate","DeathKnight:PutricidesVial","hadesmod:Velvet","Toolbox"],"campfire_rested":4,"item_purchase_floors":[11,11,11,21,21,28,28,36,53],"current_hp_per_floor":[60,60,60,60,62,31,49,55,55,55,55,55,62,62,62,33,62,62,45,45,45,45,24,42,37,37,55,55,61,62,59,59,46,62,49,49,41,41,23,25,20,36,36,54,51,58,54,54,54,56,72,72,72,68,15],"gold":44,"neow_bonus":"NOSTALGIA","is_daily":false,"chose_seed":false,"campfire_upgraded":3,"win_rate":0.0,"timestamp":1609023470,"path_taken":["M","M","?","?","M","E","R","?","T","?","?","R","M","?","R_BF","BOSS","M","M","?","?","?","E","R","?","T","R","?","M","M","M","R","BOSS","M","$","?","?","?","M","M","M","T","R","E","?","?","?","R","BOSS","R","$","E","BOSS"],"items_purchased_type":["Relic","Card","Undefined","Relic","Potion","Card","Relic","Card","Relic"],"build_version":"2020-12-22","purchased_purges":1,"victory":true,"max_hp_per_floor":[60,60,60,60,62,62,62,62,62,62,62,62,62,62,62,62,62,62,62,62,62,62,62,62,62,62,62,62,62,62,62,62,62,62,62,62,62,62,62,62,62,62,62,62,62,69,69,69,69,72,72,72,72,72,72],"relic_stats":{"Happy Flower":[9],"counters":[24,148],"aspiration:RunicSpoon":[122],"Juzu Bracelet":0,"obtain_stats":[{"MerchantsRug":11,"Happy Flower":43,"aspiration:Nostalgia":0,"Astrolabe":17,"aspiration:RunicSpoon":34,"Juzu Bracelet":54,"aspiration:SeaSaltIceCream":54,"hubris:Towel":10,"Old Coin":23,"Mercury Hourglass":26,"keyreminder:keyreminder":6,"hadesmod:WeaponCharger":0,"Chameleon Ring":9,"hubris:Icosahedron":38,"vexMod:BarristanHead":45,"theSleuth:Tectrixcalibur":48,"StuffTheSpire:Mouthbags":21,"dioMod:VampireBlood":0,"DeathKnight:PutricidesVial":28,"Toolbox":53,"StuffTheSpire:CocoNut":46,"hubris:ToyBattleship":15,"Replay:Bottled Eggs":6},{"MerchantsRug":4,"Happy Flower":19,"aspiration:Nostalgia":0,"Astrolabe":7,"aspiration:RunicSpoon":15,"Juzu Bracelet":23,"aspiration:SeaSaltIceCream":23,"hubris:Towel":4,"Old Coin":10,"Mercury Hourglass":11,"keyreminder:keyreminder":4,"hadesmod:WeaponCharger":0,"Chameleon Ring":4,"hubris:Icosahedron":16,"vexMod:BarristanHead":20,"theSleuth:Tectrixcalibur":21,"StuffTheSpire:Mouthbags":9,"dioMod:VampireBlood":0,"DeathKnight:PutricidesVial":11,"Toolbox":22,"StuffTheSpire:CocoNut":20,"hubris:ToyBattleship":6,"Replay:Bottled Eggs":4},{"MerchantsRug":20,"Happy Flower":121,"aspiration:Nostalgia":0,"Astrolabe":39,"aspiration:RunicSpoon":101,"Juzu Bracelet":141,"aspiration:SeaSaltIceCream":141,"hubris:Towel":20,"Old Coin":59,"Mercury Hourglass":70,"keyreminder:keyreminder":20,"hadesmod:WeaponCharger":0,"Chameleon Ring":20,"hubris:Icosahedron":107,"vexMod:BarristanHead":130,"theSleuth:Tectrixcalibur":134,"StuffTheSpire:Mouthbags":51,"dioMod:VampireBlood":0,"DeathKnight:PutricidesVial":70,"Toolbox":138,"StuffTheSpire:CocoNut":130,"hubris:ToyBattleship":27,"Replay:Bottled Eggs":20}],"Mercury Hourglass":[285]},"card_choices":[{"not_picked":["hadesmod:CerberusStrike","hadesmod:PrepareAttack"],"picked":"hadesmod:SwapTrick","floor":1},{"not_picked":["hadesmod:CerberusStrike","hadesmod:GunCamera","hadesmod:Restrikeler"],"picked":"SKIP","floor":2},{"not_picked":["hadesmod:CameraSpamma","hadesmod:PrepareAttack"],"picked":"hadesmod:MailBomb","floor":5},{"not_picked":["hadesmod:HitDrawBurn","hadesmod:Claws"],"picked":"hadesmod:CameraSmack","floor":6},{"not_picked":["hadesmod:GunCamera","hadesmod:CerberusStrike"],"picked":"hadesmod:CrescentStrike","floor":13},{"not_picked":["hadesmod:CerberusStrike","hadesmod:HeroMode"],"picked":"hadesmod:CrescentStrike","floor":14},{"not_picked":["hadesmod:PotionSlam","hadesmod:ArrayStrike"],"picked":"hadesmod:MiloAndAkouo","floor":16},{"not_picked":["hadesmod:SpookySplit","hadesmod:Snipe"],"picked":"hadesmod:MailBomb","floor":18},{"not_picked":["hadesmod:FulcrumStrike","hadesmod:YatsuhashisDefence+1"],"picked":"hadesmod:CutDust","floor":19},{"not_picked":["hadesmod:ExposeShot","hadesmod:CrescentDexterity+"],"picked":"hadesmod:ArraysEmbrace","floor":23},{"not_picked":["hadesmod:HitDrawBurn","hadesmod:IThinkEyePatchesAreHot"],"picked":"hadesmod:CrescentStrike","floor":25},{"not_picked":["hadesmod:CerberusStrike+","hadesmod:Bloodsight","hadesmod:JinnsKnowledge"],"picked":"SKIP","floor":29},{"not_picked":["hadesmod:IThinkEyePatchesAreHot+1","hadesmod:Strikeshield"],"picked":"hadesmod:QuickActivate","floor":30},{"not_picked":["hadesmod:SickeningStrength","hadesmod:CrescentDexterity+","hadesmod:Flamesmash"],"picked":"SKIP","floor":31},{"not_picked":["hadesmod:BestAngle","hadesmod:DrawDamage"],"picked":"hadesmod:WepSpamm","floor":33},{"not_picked":["hadesmod:CerberusStrike","hadesmod:YatsuhashisDefence"],"picked":"hadesmod:CrescentStrike+1","floor":35},{"not_picked":["hadesmod:Strikeshield","hadesmod:PrepareAttack","hadesmod:Flamesmash+"],"picked":"SKIP","floor":40},{"not_picked":["hadesmod:Slide+1","hadesmod:MiloAndAkouo"],"picked":"hadesmod:CrescentStrike","floor":41},{"not_picked":["hadesmod:Restrikeler","hadesmod:Slide+1"],"picked":"hadesmod:QuickActivate+","floor":42},{"not_picked":["hadesmod:BestLaidPlans","hadesmod:HitDrawBurn"],"picked":"hadesmod:FierceCry+","floor":45},{"not_picked":["hadesmod:BitByBit","hadesmod:CameraSmack+1","hadesmod:StrengthOfAlistar"],"picked":"SKIP","floor":47},{"not_picked":["hadesmod:DrawHit","hadesmod:CameraSmack+1"],"picked":"hadesmod:ArrayBlast","floor":54}],"player_experience":590736,"relics_obtained":[{"floor":6,"key":"Replay:Bottled Eggs"},{"floor":9,"key":"Chameleon Ring"},{"floor":15,"key":"hubris:ToyBattleship"},{"floor":23,"key":"Old Coin"},{"floor":26,"key":"Mercury Hourglass"},{"floor":43,"key":"Happy Flower"},{"floor":45,"key":"vexMod:BarristanHead"},{"floor":46,"key":"StuffTheSpire:CocoNut"},{"floor":54,"key":"aspiration:SeaSaltIceCream"}],"event_choices":[{"damage_healed":0,"gold_gain":0,"player_choice":"Ignored","damage_taken":0,"max_hp_gain":0,"max_hp_loss":0,"event_name":"betterNote:BetterNote","floor":22,"gold_loss":0,"cards_obtained":["Noxious Fumes"]},{"damage_healed":0,"gold_gain":0,"player_choice":"Embrace Madness","damage_taken":8,"max_hp_gain":0,"max_hp_loss":0,"event_name":"Winding Halls","floor":37,"gold_loss":0,"cards_obtained":["Madness","Madness"]}],"is_beta":false,"boss_relics":[{"not_picked":["hubris:BlackHole","Coffee Dripper"],"picked":"Astrolabe"},{"not_picked":["halation:Risk","vexMod:DeviousBotling"],"picked":"aspiration:RunicSpoon"}],"items_purged_floors":[36],"is_endless":false,"potions_floor_spawned":[2,13,18,23,30,35,42,47,54],"ascension_level":0}}