{"host":"Fun","time":1609024995,"event":{"mods":["BaseMod","Colored Map","Filter the Spire","Minty Spire (QoL Compilation)","Relic Stats","StSLib"],"gold_per_floor":[13,13,188,198,97,97,124,137,137,172,247,263,263,11,11,85,85,99,10,0,0,0,0,25,25,25,55,55,55,55,87,87,165,165,185,197,27,43,62,62,91,111,183,183,4,4,0,0,0,0],"floor_reached":51,"playtime":2020,"items_purged":["Doubt","Spot Weakness","Shame"],"score":1265,"play_id":"134ccb08-4186-41ed-965e-0549142e35bc","local_time":"20201226182315","is_ascension_mode":true,"campfire_choices":[{"data":"Anger","floor":6.0,"key":"SMITH"},{"data":"Combust","floor":13.0,"key":"SMITH"},{"floor":15,"key":"REST"},{"data":"Feel No Pain","floor":23,"key":"SMITH"},{"floor":25,"key":"REST"},{"data":"Metallicize","floor":28,"key":"SMITH"},{"floor":30,"key":"REST"},{"floor":32,"key":"REST"},{"data":"Metallicize","floor":40,"key":"SMITH"},{"floor":46,"key":"REST"},{"floor":49,"key":"REST"}],"circlet_count":0,"master_deck":["AscendersBane","Bash","Fiend Fire+1","Cleave","Anger+1","Clothesline","Spot Weakness","Power Through","Shrug It Off","Combust+1","Flame Barrier","Offering","Whirlwind","Infernal Blade","Fire Breathing","Bloodletting","Intimidate","Spot Weakness","Rampage","Metallicize+1","Feel No Pain+1","Shrug It Off","Disarm+1","Shockwave+1","Berserk","True Grit+1","Metallicize+1","Evolve","Armaments+1","Feel No Pain+1","Feel No Pain","Sentinel+1","Madness+1","Madness+1","Dual Wield+1","Feel No Pain"],"relics":["Burning Blood","WarpedTongs","Boot","StrikeDummy","The Courier","Membership Card","Meat on the Bone","Pandora\u0027s Box","Orichalcum","Akabeko","Calipers","Toxic Egg 2","Shuriken","Cursed Key","Anchor","Unceasing Top","Darkstone Periapt","Medical Kit","Red Mask"],"acts_visited":["Exordium","TheCity","TheBeyond"],"potions_floor_usage":[24,24,42,50],"damage_taken":[{"damage":4.0,"enemies":"Jaw Worm","floor":1.0,"turns":3.0},{"damage":12.0,"enemies":"Small Slimes","floor":4.0,"turns":3.0},{"damage":18.0,"enemies":"Gremlin Nob","floor":7.0,"turns":4.0},{"damage":0.0,"enemies":"2 Louse","floor":8.0,"turns":2.0},{"damage":20.0,"enemies":"Lagavulin","floor":10.0,"turns":8.0},{"damage":6.0,"enemies":"Blue Slaver","floor":12.0,"turns":3.0},{"damage":33,"enemies":"Slime Boss","floor":16,"turns":8},{"damage":11,"enemies":"Shell Parasite","floor":18,"turns":4},{"damage":44,"enemies":"Book of Stabbing","floor":24,"turns":5},{"damage":23,"enemies":"Slavers","floor":27,"turns":5},{"damage":15,"enemies":"Book of Stabbing","floor":31,"turns":6},{"damage":29,"enemies":"Champ","floor":33,"turns":11},{"damage":11,"enemies":"Orb Walker","floor":35,"turns":3},{"damage":6,"enemies":"3 Shapes","floor":36,"turns":6},{"damage":14,"enemies":"Maw","floor":38,"turns":9},{"damage":20,"enemies":"Transient","floor":39,"turns":5},{"damage":32,"enemies":"Giant Head","floor":41,"turns":10},{"damage":18,"enemies":"Sphere and 2 Shapes","floor":42,"turns":8},{"damage":36,"enemies":"Donu and Deca","floor":50,"turns":14}],"seed_played":"6744734891276378539","potions_obtained":[{"floor":1.0,"key":"SkillPotion"},{"floor":4.0,"key":"LiquidBronze"},{"floor":8.0,"key":"Weak Potion"},{"floor":27,"key":"ElixirPotion"},{"floor":33,"key":"Ancient Potion"},{"floor":38,"key":"PowerPotion"}],"is_trial":false,"path_per_floor":["M","?","?","M","$","R","E","M","T","E","?","M","R","$","R","B",null,"M","$","?","?","?","R","E","R","T","E","R","T","R","E","R","B",null,"M","M","$","M","M","R","E","M","T","?","$","R","?","?","R","B",null],"character_chosen":"IRONCLAD","items_purchased":["Clothesline","Membership Card","Meat on the Bone","Flame Barrier","Orichalcum","Feel No Pain","Anchor","Metallicize","Evolve","Medical Kit","Dual Wield+1","Feel No Pain"],"campfire_rested":6,"item_purchase_floors":[5,14,14,14,19,19,37,37,37,45,45,45],"current_hp_per_floor":[70,70,70,64,64,64,52,58,58,44,33,33,33,33,55,40,66,61,61,61,61,47,47,21,45,45,40,40,40,64,55,79,56,74,69,69,69,61,47,47,33,33,33,23,23,47,47,47,71,53],"gold":0,"neow_bonus":"THREE_RARE_CARDS","is_daily":false,"chose_seed":false,"campfire_upgraded":5,"win_rate":0.0,"timestamp":1609024995,"path_taken":["M","?","?","?","$","R","E","M","T","E","?","M","R","?","R","BOSS","M","$","?","?","?","R","E","R","T","E","R","?","R","E","R","BOSS","M","M","$","M","M","R","E","M","T","?","?","R","?","?","R","BOSS"],"items_purchased_type":["Card","Relic","Relic","Card","Relic","Card","Relic","Card","Card","Relic","Card","Card"],"build_version":"2020-12-18","purchased_purges":3,"victory":true,"max_hp_per_floor":[75,75,75,75,75,75,75,75,75,75,75,75,75,75,75,75,75,75,75,75,75,80,80,80,80,80,80,80,80,80,80,80,80,80,80,80,80,80,80,80,80,80,80,80,80,80,80,80,80,80],"relic_stats":{"Darkstone Periapt":0,"counters":[19,117],"Orichalcum":[66],"Boot":[28],"Cursed Key":1,"Medical Kit":[5],"Burning Blood":114,"WarpedTongs":[114],"Shuriken":[4],"Pandora\u0027s Box":["Whirlwind","Infernal Blade","Fire Breathing","Bloodletting","Intimidate","Spot Weakness","Spot Weakness","Rampage","Metallicize"],"obtain_stats":[{"Darkstone Periapt":43,"Calipers":26,"The Courier":10,"Orichalcum":19,"Boot":7,"Cursed Key":34,"Medical Kit":45,"Burning Blood":0,"Akabeko":24,"WarpedTongs":0,"Anchor":37,"Shuriken":31,"Pandora\u0027s Box":17,"Red Mask":47,"Membership Card":14,"Toxic Egg 2":29,"StrikeDummy":9,"Unceasing Top":41,"Meat on the Bone":14},{"Darkstone Periapt":18,"Calipers":9,"The Courier":5,"Orichalcum":8,"Boot":3,"Cursed Key":12,"Medical Kit":18,"Burning Blood":0,"Akabeko":9,"WarpedTongs":0,"Anchor":14,"Shuriken":11,"Pandora\u0027s Box":7,"Red Mask":18,"Membership Card":6,"Toxic Egg 2":10,"StrikeDummy":4,"Unceasing Top":17,"Meat on the Bone":6},{"Darkstone Periapt":103,"Calipers":40,"The Courier":20,"Orichalcum":35,"Boot":10,"Cursed Key":62,"Medical Kit":103,"Burning Blood":0,"Akabeko":40,"WarpedTongs":0,"Anchor":71,"Shuriken":51,"Pandora\u0027s Box":31,"Red Mask":103,"Membership Card":23,"Toxic Egg 2":45,"StrikeDummy":12,"Unceasing Top":95,"Meat on the Bone":23}],"Unceasing Top":[2],"Meat on the Bone":72},"card_choices":[{"not_picked":["Juggernaut","Offering"],"picked":"Fiend Fire","floor":0.0},{"not_picked":["Dual Wield","Shrug It Off"],"picked":"Cleave","floor":1.0},{"not_picked":["Armaments","True Grit"],"picked":"Anger","floor":4.0},{"not_picked":["Shrug It Off","Wild Strike"],"picked":"Spot Weakness","floor":7.0},{"not_picked":["Dark Embrace","Body Slam"],"picked":"Power Through","floor":8.0},{"not_picked":["Disarm","Corruption"],"picked":"Shrug It Off","floor":10.0},{"not_picked":["Twin Strike","Hemokinesis"],"picked":"Combust","floor":12.0},{"not_picked":["Bludgeon","Fiend Fire"],"picked":"Offering","floor":16},{"not_picked":["Fire Breathing","Havoc","Hemokinesis"],"picked":"SKIP","floor":18},{"not_picked":["Spot Weakness","Perfected Strike"],"picked":"Shrug It Off","floor":24},{"not_picked":["Power Through","Searing Blow"],"picked":"Disarm+1","floor":27},{"not_picked":["Heavy Blade","Flame Barrier+1"],"picked":"Shockwave+1","floor":31},{"not_picked":["Fiend Fire","Bludgeon"],"picked":"Berserk","floor":33},{"not_picked":["Perfected Strike","Wild Strike"],"picked":"True Grit+1","floor":35},{"not_picked":["Anger+1","Pommel Strike","Clothesline"],"picked":"SKIP","floor":36},{"not_picked":["Flame Barrier+1","Offering+1"],"picked":"Armaments+1","floor":38},{"not_picked":["Sword Boomerang","Anger"],"picked":"Feel No Pain+1","floor":39},{"not_picked":["Wild Strike","Anger"],"picked":"Feel No Pain","floor":41},{"not_picked":["Searing Blow","Infernal Blade+1"],"picked":"Sentinel+1","floor":42}],"player_experience":118264,"relics_obtained":[{"floor":7.0,"key":"Boot"},{"floor":9.0,"key":"StrikeDummy"},{"floor":10.0,"key":"The Courier"},{"floor":24,"key":"Akabeko"},{"floor":26,"key":"Calipers"},{"floor":29,"key":"Toxic Egg 2"},{"floor":31,"key":"Shuriken"},{"floor":41,"key":"Unceasing Top"},{"floor":43,"key":"Darkstone Periapt"}],"event_choices":[{"damage_healed":0.0,"max_hp_gain":0.0,"max_hp_loss":0.0,"gold_gain":0.0,"event_name":"Living Wall","player_choice":"Grow","floor":2.0,"gold_loss":0.0,"damage_taken":0.0,"cards_upgraded":["Fiend Fire"]},{"damage_healed":0.0,"max_hp_gain":0.0,"max_hp_loss":0.0,"gold_gain":175.0,"event_name":"Liars Game","player_choice":"AGREE","floor":3.0,"gold_loss":0.0,"damage_taken":0.0,"cards_obtained":["Doubt"]},{"damage_healed":0.0,"max_hp_gain":0.0,"max_hp_loss":0.0,"gold_gain":75.0,"event_name":"World of Goop","player_choice":"Gather Gold","floor":11.0,"gold_loss":0.0,"damage_taken":11.0},{"damage_healed":0,"gold_gain":0,"player_choice":"Paid Fearfully","damage_taken":0,"max_hp_gain":0,"max_hp_loss":0,"event_name":"Masked Bandits","floor":20,"gold_loss":10},{"damage_healed":0,"gold_gain":0,"player_choice":"Shed Blood","damage_taken":19,"max_hp_gain":5,"max_hp_loss":0,"event_name":"Forgotten Altar","floor":22,"gold_loss":0},{"damage_healed":0,"gold_gain":0,"player_choice":"Embrace Madness","damage_taken":10,"max_hp_gain":0,"max_hp_loss":0,"event_name":"Winding Halls","floor":44,"gold_loss":0,"cards_obtained":["Madness","Madness"]},{"damage_healed":0,"gold_gain":0,"player_choice":"Paid","damage_taken":0,"relics_obtained":["Red Mask"],"max_hp_gain":0,"max_hp_loss":0,"event_name":"Tomb of Lord Red Mask","floor":47,"gold_loss":4},{"damage_healed":0,"gold_gain":0,"player_choice":"Ignored","damage_taken":0,"max_hp_gain":0,"max_hp_loss":0,"event_name":"Mysterious Sphere","floor":48,"gold_loss":0}],"is_beta":true,"boss_relics":[{"not_picked":["SlaversCollar","Black Star"],"picked":"Pandora\u0027s Box"},{"not_picked":["Empty Cage","Astrolabe"],"picked":"Cursed Key"}],"items_purged_floors":[5,37,45],"is_endless":false,"potions_floor_spawned":[1,4,8,12,18,27,33,35,38,41],"ascension_level":14}}