{"host":"kev6uqotw4tlyx8l","time":1609025448,"event":{"mods":["Act Like it!","Aspiration","BaseMod","Colored Powertips","Dota2Spire","Downfall","Hallownest","Infinite Spire","Marisa????????","Minty Spire (QoL Compilation)","Quick Restart","Remilia??????","Replay The Spire","StSLib","The Cursed","The Jungle","The Marked","The Mystic","The Servant 0.9.4"],"gold_per_floor":[110,110,12,23,43,75,75,89,163,163,163,176,176,189,189,287,287,300,300,300,314,314,314,348,348,423,441,441,452,452,486,486,693,693,758,768,768,848,117,135,135],"floor_reached":40,"playtime":1734,"items_purged":["Sloth_TH","Slimebound:Icky"],"score":583,"play_id":"66b90461-8474-40b1-921a-01090222163f","local_time":"20201227063048","is_ascension_mode":false,"campfire_choices":[{"data":"Replay:Undeath\u0027s Touch","floor":10,"key":"SMITH"},{"floor":15,"key":"REST"},{"floor":23,"key":"REST"},{"floor":25,"key":"REST"},{"floor":28,"key":"REST"},{"floor":32,"key":"REST"}],"circlet_count":0,"master_deck":["Strike_R","Strike_R","Strike_R","Strike_R","Strike_R","Defend_R","Defend_R","Defend_R","Defend_R","Bash","Clash","Replay:Undeath\u0027s Touch","Replay:Undeath\u0027s Touch+1","Armaments","Ghostly Armor","ReplayTheSpireMod:Stacked+1","Replay:Undeath\u0027s Touch","Pommel Strike","Infernal Blade","Brutality","ReplayTheSpireMod:Faulty Equipment","Twin Strike","Headbutt","Perfected Strike","Slimebound:SlimeSpikes","mysticmod:Shield","EndlessAdversity","aspiration:Lunge","Guardian:Gem_Cyan","IllusionStar","Thinking Ahead","Swift Strike"],"relics":["Burning Blood","aspiration:DSix","Bag of Marbles","Replay:Ringing Soul","infinitespire:ShieldingShard","Lizard Tail","Replay:Ancient Bell","Dota2Spire:PowerTreads","Paper Frog","infinitespire:Lychee Nut","PrismaticShard","Medical Kit","Orichalcum","aspiration:ChemicalBlood","infinitespire:Midas Blood","infinitespire:EvilPickle","SlaversCollar","Mirror","Toolbox"],"acts_visited":["Exordium","TheCity","Hallownest:KingdomsEdge"],"potions_floor_usage":[6,16,24,27,29,31,31,33,33,33,36,36,38,38,40,40,40],"damage_taken":[{"damage":6,"enemies":"2 Louse","floor":1,"turns":3},{"damage":0,"enemies":"Cultist","floor":4,"turns":2},{"damage":3,"enemies":"Jaw Worm","floor":5,"turns":3},{"damage":58,"enemies":"Gremlin Nob","floor":6,"turns":6},{"damage":3,"enemies":"Looter","floor":8,"turns":3},{"damage":0,"enemies":"Blue Slaver","floor":12,"turns":3},{"damage":4,"enemies":"Exordium Thugs","floor":14,"turns":7},{"damage":56,"enemies":"The Guardian","floor":16,"turns":14},{"damage":26,"enemies":"Chosen","floor":18,"turns":5},{"damage":44,"enemies":"Spheric Guardian","floor":21,"turns":7},{"damage":43,"enemies":"Replay:Snechameleon","floor":24,"turns":7},{"damage":25,"enemies":"Centurion and Healer","floor":27,"turns":8},{"damage":22,"enemies":"Snake Plant","floor":29,"turns":5},{"damage":31,"enemies":"Cultist and Chosen","floor":31,"turns":6},{"damage":90,"enemies":"Pondfish","floor":33,"turns":12},{"damage":0,"enemies":"Hallownest:Shield_Heavy","floor":35,"turns":3},{"damage":30,"enemies":"Hallownest:3_Siblings","floor":36,"turns":6},{"damage":48,"enemies":"Hallownest:monsterPrimalAspid","floor":38,"turns":5},{"damage":60,"enemies":"Nightmare","floor":40,"turns":7}],"seed_played":"4343448925701737303","potions_obtained":[{"floor":4,"key":"sneckomod:MuddlingPotion"},{"floor":14,"key":"infinitespire:BlackPotion"},{"floor":21,"key":"Block Potion"},{"floor":27,"key":"Dota2Spire:Clarity"},{"floor":38,"key":"Explosive Potion"}],"is_trial":false,"path_per_floor":["M","?","$","M","M","E","?","M","T","R","?","M","T","M","R","B",null,"M","?","?","M","AVR","R","E","R","T","M","R","M","T","M","R","B",null,"M","M","?","M","$","NM"],"character_chosen":"IRONCLAD","items_purchased":["Replay:Undeath\u0027s Touch","Shrug It Off","Mirror","Thinking Ahead","Swift Strike","Toolbox"],"campfire_rested":5,"item_purchase_floors":[3,3,39,39,39,39],"current_hp_per_floor":[72,72,72,72,72,23,26,32,32,32,32,41,41,46,72,25,70,53,48,48,16,16,38,10,33,33,23,47,40,40,24,50,39,91,94,70,79,46,49,0,0],"gold":135,"neow_bonus":"ONE_RARE_RELIC","is_daily":false,"chose_seed":false,"campfire_upgraded":1,"win_rate":0.0,"timestamp":1609025448,"path_taken":["M","?","$","M","M","E","?","M","T","R","?","?","?","M","R","BOSS","M","?","?","M","AVR","R","E","R","T","M","R","M","?","?","R","BOSS","M","M","?","M","$","NM"],"items_purchased_type":["Card","Card","Relic","Card","Card","Relic"],"build_version":"2020-12-22","purchased_purges":2,"victory":false,"max_hp_per_floor":[72,72,72,72,72,75,78,81,81,81,81,84,84,87,87,90,70,73,76,76,76,76,76,79,79,79,82,82,85,85,88,88,91,91,94,94,94,97,100,100,100],"card_choices":[{"not_picked":["Dark Embrace","Intimidate"],"picked":"Clash","floor":1},{"not_picked":["ReplayTheSpireMod:Strike From Hell","Reckless Charge"],"picked":"Replay:Undeath\u0027s Touch","floor":4},{"not_picked":["Bloodletting","Sword Boomerang"],"picked":"Armaments","floor":5},{"not_picked":["Burning Pact","Iron Wave"],"picked":"Ghostly Armor","floor":6},{"not_picked":["Thunderclap","Ghostly Armor"],"picked":"Replay:Undeath\u0027s Touch","floor":8},{"not_picked":["Disarm","Rampage"],"picked":"Pommel Strike","floor":12},{"not_picked":["True Grit","Corruption"],"picked":"Infernal Blade","floor":14},{"not_picked":["Limit Break","Fiend Fire"],"picked":"Brutality","floor":16},{"not_picked":["Replay:Hysterical Blindness","Decay"],"picked":"Sloth_TH","floor":17},{"not_picked":["Greed_TH","Shame"],"picked":"ReplayTheSpireMod:Faulty Equipment","floor":17},{"not_picked":["ReplayTheSpireMod:Restless Dread","ReplayTheSpireMod:IOU"],"picked":"Slimebound:Icky","floor":17},{"not_picked":["Metallicize","Pommel Strike"],"picked":"Twin Strike","floor":18},{"not_picked":["True Grit","Pommel Strike+1"],"picked":"Headbutt","floor":19},{"not_picked":["Slimebound:WasteNot","hexamod:DynamicBlow","sneckomod:RainOfDice"],"picked":"SKIP","floor":21},{"not_picked":["champ:GutPunch","BasicCrystalCard"],"picked":"Perfected Strike","floor":24},{"not_picked":["DC","Stack+1"],"picked":"Slimebound:SlimeSpikes","floor":27},{"not_picked":["BlasphemousPunishment","TheCursedMod:Stretching"],"picked":"mysticmod:Shield","floor":29},{"not_picked":["ReplayTheSpireMod:Shiv Toss+1","TheCursedMod:CircleOfFlame"],"picked":"EndlessAdversity","floor":31},{"not_picked":["ManaRampage","Rainbow"],"picked":"aspiration:Lunge","floor":33},{"not_picked":["Calculated Gamble+1","MoonPhase"],"picked":"Guardian:Gem_Cyan","floor":35},{"not_picked":["mysticmod:Sideswipe+1","mysticmod:StyleChange"],"picked":"IllusionStar","floor":38}],"player_experience":10977,"relics_obtained":[{"floor":6,"key":"Replay:Ringing Soul"},{"floor":9,"key":"infinitespire:ShieldingShard"},{"floor":13,"key":"Lizard Tail"},{"floor":19,"key":"PrismaticShard"},{"floor":24,"key":"Orichalcum"},{"floor":26,"key":"aspiration:ChemicalBlood"},{"floor":30,"key":"infinitespire:Midas Blood"}],"event_choices":[{"damage_healed":0,"gold_gain":0,"player_choice":"Box","damage_taken":0,"relics_obtained":["Bag of Marbles"],"max_hp_gain":0,"max_hp_loss":0,"event_name":"Big Fish","floor":2,"gold_loss":0,"cards_obtained":["Regret"]},{"cards_removed":["Regret"],"damage_healed":0,"gold_gain":0,"player_choice":"Removed Curses","damage_taken":0,"max_hp_gain":0,"max_hp_loss":0,"event_name":"Fountain of Cleansing","floor":11,"gold_loss":0},{"damage_healed":0,"gold_gain":0,"player_choice":"Ignored","damage_taken":0,"max_hp_gain":0,"max_hp_loss":0,"event_name":"Cursed Tome","floor":20,"gold_loss":0}],"is_beta":false,"boss_relics":[{"not_picked":["infinitespire:Burning Sword","Electric Blood"],"picked":"Replay:Ancient Bell"},{"not_picked":["Replay:Mystery Machine","PreservedInsect"],"picked":"Dota2Spire:PowerTreads"},{"not_picked":["Chameleon Ring","Dota2Spire:EtherealBlade"],"picked":"Paper Frog"},{"not_picked":["Ice Cream","Mango"],"picked":"infinitespire:Lychee Nut"},{"not_picked":["Philosopher\u0027s Stone","aspiration:PoetsPen_weak"],"picked":"SlaversCollar"}],"items_purged_floors":[22,39],"is_endless":false,"potions_floor_spawned":[4,14,21,27,38],"killed_by":"Nightmare","ascension_level":0}}