{"host":"wt4gsh4yx7a4x1fv","time":1609005022,"event":{"mods":["AchievementEnabler","Aspiration","BaseMod","Better Altar","Better Match","Better Note","Better Sensory Stone","Better Skull","Better Third Choice","BetterRewards","CCEM","Clawfect","Colored Map","Conspire","Downfall","Googly Eyes","Halation","Hermit","Highlight Path","Hubris","Hunter ??","Infinite Spire","Mimic Mod","Minty Spire (QoL Compilation)","Permanent Neow","Replay The Spire","Shade Mod","Spicy Shops","StSLib","The Construct","The Cursed","The Disciple","Unceasing Turn Reminder","[IsaacMod]????","everything is the same but u backflip on backflip"],"gold_per_floor":[115,125,125,144,1,28,28,55,123,136,136,164,164,182,182,251,251,265,277,291,456,474,508,508,539,608,625,625,637,656,694,694,802,802,819,819,819,819,819,855,866,1163,1163,1189,1220,1238,1256,1275,1275,1384,1384,1392,1392,1392,1392,1388,1388,1388,1400,1468,1473,1485,1485,1485,1492,1492,1450,1450],"floor_reached":67,"playtime":15213,"items_purged":["construct:HeatedStrike","SuicideKing"],"score":1468,"play_id":"c497337e-0d9e-4800-b181-fd146850c2a2","local_time":"20201226185022","is_ascension_mode":true,"campfire_choices":[{"data":"Shade:LichForm","floor":7,"key":"SMITH"},{"data":"Shade:FreshBones","floor":11,"key":"SMITH"},{"data":"Shade:AnimateDead","floor":13,"key":"SMITH"},{"data":"Shade:GraveStillness","floor":15,"key":"SMITH"},{"data":"Replay:BasicMightCard","floor":24,"key":"SMITH"},{"data":"Shade:Brains","floor":32,"key":"SMITH"},{"data":"Pot Of Greed","floor":49,"key":"SMITH"},{"data":"Demonic Infusion","floor":57,"key":"SMITH"},{"data":"Shade:Frenzy","floor":63,"key":"SMITH"},{"data":"Shade:OpenGraves","floor":66,"key":"SMITH"}],"circlet_count":0,"master_deck":["Shade:Strike_Shade","Shade:Strike_Shade","Shade:Strike_Shade","Shade:Defend_Shade","Shade:Defend_Shade","Shade:AnimateDead+1","Shade:CarefulCut","sneckomod:Defend","Shade:LichForm+1","Shade:FreshBones+1","Shade:Premonition","Shade:OpenGraves+1","Shade:Frenzy","Shade:Brains+1","Shade:Frenzy+1","Shade:GraveStillness+1","Shade:UnbarTheGrave","Shade:PressTheAttack","Shade:FleshLikeOak","Shade:SkeletonArmy+1","Replay:BasicMightCard+1","Shade:Awaken","Pot Of Greed+1","Pot Of Greed","Shade:Premonition","Shade:SkeletonArmy+1","Shade:GraveStillness","Shade:FreshBones","Hallucinations","Shade:LichForm+1","Shade:AuraOfUnlife+1","Shade:Premonition+1","Pot Of Greed","Demonic Infusion+1","Shade:OneIsEnough+1"],"relics":["Shade:YorickSkull","HushsDoor","GuppysTail","Pet Ghost","Sling","The Courier","Happy Flower","Replay:Bottled Flurry","TuHaoJin","MagicMushroom","hubris:NiceRug","halation:Jellyphish","ReplayTheSpireMod:Lightbulb","conspire:Flyswatter","Bottled Lightning","Replay:Lucky Slots","Grinning Jar","Singing Bowl","aspiration:StickyExplosives_weak","aspiration:FrozenJewel","Replay:Drink Me","halation:BottledLove","aspiration:RitualDagger","ReplayTheSpireMod:Ring of Addiction","Ring of Hypnosis","Toy Ornithopter","hubris:EmptyBottle","Thread and Needle","StoneCalendar","Centennial Puzzle","hubris:CrystalStatue","UnicornStump","Molten Egg 2","Gambling Chip","Replay:Towering Pillar of Hats","Replay:Ringing Soul","aspiration:RunicSpoon","Lantern","Boot","CCEMRelics:FryingPan","halation:PromiseList","hubris:ToyBattleship","ReplayTheSpireMod:TigerMarble"],"acts_visited":["Exordium","TheCity","TheBeyond","Exordium"],"potions_floor_usage":[8,14,16,19,23,23,40,40,50,50,50,50,50,50,67,67,67,67,67,67],"damage_taken":[{"damage":0,"enemies":"conspire:RoseBush","floor":1,"turns":4},{"damage":4,"enemies":"infinitespire:Voidling","floor":2,"turns":4},{"damage":0,"enemies":"Small Slimes","floor":4,"turns":3},{"damage":0,"enemies":"Lagavulin","floor":6,"turns":5},{"damage":13,"enemies":"Replay:BlueRogue","floor":8,"turns":4},{"damage":1,"enemies":"Exordium Wildlife","floor":10,"turns":4},{"damage":9,"enemies":"Gremlin Nob","floor":12,"turns":4},{"damage":2,"enemies":"Exordium Thugs","floor":14,"turns":5},{"damage":0,"enemies":"Fading Forest","floor":16,"turns":11},{"damage":0,"enemies":"Spheric Guardian","floor":18,"turns":3},{"damage":1,"enemies":"2 Thieves","floor":19,"turns":4},{"damage":0,"enemies":"Snake Plant","floor":20,"turns":4},{"damage":29,"enemies":"hubris:Merchant","floor":21,"turns":5},{"damage":0,"enemies":"Snecko","floor":22,"turns":3},{"damage":0,"enemies":"conspire:Head Lice","floor":23,"turns":5},{"damage":8,"enemies":"Nightmare","floor":25,"turns":7},{"damage":0,"enemies":"Shelled Parasite and Fungi","floor":27,"turns":4},{"damage":0,"enemies":"Snecko","floor":29,"turns":4},{"damage":0,"enemies":"Cultist and Chosen","floor":30,"turns":4},{"damage":0,"enemies":"conspire:Head Lice","floor":31,"turns":3},{"damage":0,"enemies":"Champ","floor":33,"turns":8},{"damage":15,"enemies":"3 Darklings","floor":35,"turns":5},{"damage":24,"enemies":"R_Hoarder","floor":40,"turns":8},{"damage":3,"enemies":"Orb Walker","floor":41,"turns":1},{"damage":100000023,"enemies":"Giant Head","floor":42,"turns":8},{"damage":9,"enemies":"4 Shapes","floor":44,"turns":3},{"damage":12,"enemies":"Reptomancer","floor":45,"turns":4},{"damage":12,"enemies":"Transient","floor":46,"turns":5},{"damage":12,"enemies":"Maw","floor":47,"turns":4},{"damage":9,"enemies":"Sphere and 2 Shapes","floor":48,"turns":3},{"damage":18,"enemies":"Awakened One","floor":50,"turns":6},{"damage":6,"enemies":"Jaw Worm","floor":52,"turns":2},{"damage":9,"enemies":"Cultist","floor":56,"turns":3},{"damage":15,"enemies":"3 Sentries","floor":59,"turns":5},{"damage":9,"enemies":"Gremlin Nob","floor":61,"turns":3},{"damage":6,"enemies":"2 Louse","floor":62,"turns":2},{"damage":6,"enemies":"Large Slime","floor":65,"turns":2},{"damage":157,"enemies":"LittleHush","floor":67,"turns":10}],"seed_played":"-4783867011178903815","potions_obtained":[{"floor":6,"key":"champ:CounterPotion"},{"floor":8,"key":"PowerPotion"},{"floor":10,"key":"Block Potion"},{"floor":18,"key":"SpeedPotion"},{"floor":21,"key":"Flashbang"},{"floor":21,"key":"Strength Potion"},{"floor":21,"key":"SkillPotion"},{"floor":25,"key":"Slimebound:ThreeZeroPotion"},{"floor":30,"key":"Dexterity Potion"},{"floor":36,"key":"PowerPotion"},{"floor":36,"key":"Strength Potion"},{"floor":41,"key":"construct:ShiftPotion"},{"floor":42,"key":"Energy Potion"},{"floor":42,"key":"Strength Potion"},{"floor":50,"key":"Adrenaline Potion"},{"floor":56,"key":"SteroidPotion"},{"floor":61,"key":"SteroidPotion"}],"is_trial":false,"path_per_floor":["M","M","?","M","$","E","R","E","T","M","R","E","R","M","R","B",null,"M","M","M","$","M","E","R","NM","T","M","M","M","M","E","R_BF","B",null,"M","?","$","?","AVR","E","M","E","T","M","E","M","M","M","R","B",null,"M","?","$","$","M","R","?","E","T","E","M","R","AVR","M","R","B"],"character_chosen":"SHADE","items_purchased":["Sling","Shade:PressTheAttack"],"campfire_rested":0,"item_purchase_floors":[5,17],"current_hp_per_floor":[65,61,46,46,46,46,46,33,33,32,32,23,23,21,21,45,64,64,63,64,35,36,37,37,32,32,33,33,34,37,40,40,43,56,44,44,44,44,44,39,38,76,76,76,70,72,72,74,74,75,75,77,62,62,62,67,67,70,80,78,80,79,79,79,82,80,0,0],"gold":1450,"neow_bonus":"THREE_RARE_CARDS","is_daily":false,"chose_seed":false,"campfire_upgraded":10,"win_rate":0.0,"timestamp":1609005022,"path_taken":["M","M","?","M","?","E","R","E","T","M","R","E","R","M","R","BOSS","M","M","M","$","M","E","R","NM","T","M","M","M","?","E","R_BF","BOSS","M","?","$","?","AVR","E","M","E","T","M","E","M","M","M","R","BOSS","M","?","?","$","M","R","?","E","T","E","M","R","AVR","M","R","BOSS"],"items_purchased_type":["Relic","Card"],"build_version":"2020-12-22","purchased_purges":2,"victory":false,"max_hp_per_floor":[65,65,65,65,65,65,65,65,65,65,65,65,65,65,65,65,64,64,64,64,64,64,64,64,66,66,66,50,50,52,54,54,56,56,58,58,58,58,58,64,66,76,76,76,70,72,72,74,74,75,75,77,77,75,75,77,75,78,80,78,80,82,80,80,82,80,80,80],"card_choices":[{"not_picked":[],"picked":"SuicideKing","floor":0},{"not_picked":["Shade:Putrefaction","Shade:Coordination"],"picked":"Shade:LichForm","floor":0},{"not_picked":["Shade:Bonestorm","Shade:AncientSpear"],"picked":"Shade:FreshBones","floor":1},{"not_picked":["Shade:CloudOfShrapnel","Shade:CallOfTheGrave"],"picked":"Shade:Premonition","floor":2},{"not_picked":["Shade:RitualOffering","Shade:AblativeArmor"],"picked":"Shade:OpenGraves","floor":4},{"not_picked":["Shade:ClawBack","Shade:GreyBargain"],"picked":"Shade:Frenzy","floor":6},{"not_picked":["Shade:LyeBath","Shade:CommandSoldier"],"picked":"Shade:Brains","floor":8},{"not_picked":["Shade:FuneraryArmor","Shade:FeralStrike"],"picked":"Shade:Frenzy","floor":10},{"not_picked":["Shade:SkeletonHug","Shade:FuneraryArmor","Shade:TouchOfTheGrave"],"picked":"SKIP","floor":12},{"not_picked":["Shade:SpontaneousRitual","Shade:CommandSoldier"],"picked":"Shade:GraveStillness","floor":14},{"not_picked":["Shade:LoseControl","Shade:Consume"],"picked":"Shade:UnbarTheGrave","floor":16},{"not_picked":["Shade:CallWraith","Shade:SkeletonHug","Shade:Trample"],"picked":"SKIP","floor":18},{"not_picked":["Shade:ExtraLimbs","Shade:SpontaneousRitual"],"picked":"Shade:FleshLikeOak","floor":19},{"not_picked":["Shade:GreyBargain+1","Shade:FreshBones"],"picked":"Shade:SkeletonArmy+1","floor":20},{"not_picked":[],"picked":"SuicideKing","floor":21},{"not_picked":[],"picked":"Replay:BasicMightCard","floor":21},{"not_picked":[],"picked":"Shade:Awaken","floor":21},{"not_picked":["Shade:ExtraLimbs"],"picked":"SKIP","floor":21},{"not_picked":["Shade:DangerousRitual"],"picked":"SKIP","floor":21},{"not_picked":["Shade:Brains"],"picked":"SKIP","floor":21},{"not_picked":["Shade:PotionOfRestlessness"],"picked":"SKIP","floor":21},{"not_picked":["Shade:SoulToxin","Shade:OfferingToTheBeyond"],"picked":"Shade:Premonition","floor":22},{"not_picked":["Shade:Doomsay","Shade:CommandSoldier+1"],"picked":"Shade:SkeletonArmy+1","floor":23},{"not_picked":["Shade:CloudOfShrapnel+1","Shade:FingerOfDeath","Shade:RitualOffering+1"],"picked":"Singing Bowl","floor":25},{"not_picked":["Shade:FleshToFlesh","Shade:Premonition"],"picked":"Shade:GraveStillness","floor":27},{"not_picked":["Shade:Bite_Shade","Shade:Trample"],"picked":"Shade:FreshBones","floor":29},{"not_picked":["Shade:FleshToFlesh","Shade:Tombstone","Shade:FuneraryArmor+1"],"picked":"Singing Bowl","floor":30},{"not_picked":["Shade:Awaken","Shade:GraveStillness","Shade:FingerOfDeath"],"picked":"Singing Bowl","floor":31},{"not_picked":["Shade:SoulPierce","Shade:OfferingToTheBeyond","Shade:Tombstone"],"picked":"Singing Bowl","floor":33},{"not_picked":["Shade:FleshToFlesh","Shade:CommandSoldier+1","Shade:ExtraLimbs+1"],"picked":"Singing Bowl","floor":35},{"not_picked":["Shade:Frenzy+1","Shade:LyeBath+1"],"picked":"Shade:AuraOfUnlife+1","floor":40},{"not_picked":["Shade:CommandSoldier+1","Shade:ScuttlingHand","Shade:CallWraith+1"],"picked":"Singing Bowl","floor":41},{"not_picked":["Shade:FleshOffering+1","Shade:AncientSpear+1"],"picked":"Shade:Premonition+1","floor":42},{"not_picked":["Shade:GoDigging+1","Shade:FingerOfDeath+1","Shade:OneIsEnough+1"],"picked":"Singing Bowl","floor":42},{"not_picked":["Anger+1","Shade:FreshBones","Second Wind+1"],"picked":"Singing Bowl","floor":44},{"not_picked":["Pummel+1","Shade:GreyBargain+1","Anger+1"],"picked":"Singing Bowl","floor":45},{"not_picked":["Impervious","Defy Death","ReplayTheSpireMod:Strike From Hell+1"],"picked":"Singing Bowl","floor":46},{"not_picked":["Shade:FreshBones","Run Through+1","Shade:GoDigging"],"picked":"Singing Bowl","floor":47},{"not_picked":["Infernal Blade+1","Massacre+1","Shade:Haruspicy"],"picked":"Singing Bowl","floor":48},{"not_picked":["Shade:OfferingToTheBeyond","Reaper+1"],"picked":"Demonic Infusion","floor":50},{"not_picked":["Shade:Brains","Shade:ExtraLimbs+1","Shade:CoffinDance+1"],"picked":"Singing Bowl","floor":52},{"not_picked":["Shade:FeralStrike+1","Shade:CommandSoldier","Shade:SpontaneousRitual+1"],"picked":"Singing Bowl","floor":56},{"not_picked":["Shade:AblativeArmor","Shade:Bite_Shade+1","Shade:FleshLikeOak"],"picked":"Singing Bowl","floor":59},{"not_picked":["Shade:BoneShards+1","Shade:ScuttlingHand+1","Shade:Awaken"],"picked":"Singing Bowl","floor":61},{"not_picked":["Shade:GraveStillness","Shade:FleshToFlesh","Shade:FuneraryArmor"],"picked":"Singing Bowl","floor":62},{"not_picked":["Shade:OneIsEnough+1","Shade:Premonition","Shade:FuneraryArmor"],"picked":"Singing Bowl","floor":65}],"player_experience":332571,"relics_obtained":[{"floor":6,"key":"The Courier"},{"floor":8,"key":"Happy Flower"},{"floor":9,"key":"Replay:Bottled Flurry"},{"floor":12,"key":"TuHaoJin"},{"floor":21,"key":"halation:Jellyphish"},{"floor":21,"key":"ReplayTheSpireMod:Lightbulb"},{"floor":21,"key":"conspire:Flyswatter"},{"floor":21,"key":"Bottled Lightning"},{"floor":21,"key":"Replay:Lucky Slots"},{"floor":21,"key":"Grinning Jar"},{"floor":23,"key":"Singing Bowl"},{"floor":25,"key":"aspiration:StickyExplosives_weak"},{"floor":26,"key":"aspiration:FrozenJewel"},{"floor":31,"key":"halation:BottledLove"},{"floor":36,"key":"ReplayTheSpireMod:Ring of Addiction"},{"floor":36,"key":"Ring of Hypnosis"},{"floor":36,"key":"Toy Ornithopter"},{"floor":36,"key":"hubris:EmptyBottle"},{"floor":40,"key":"hubris:Spice"},{"floor":42,"key":"StoneCalendar"},{"floor":42,"key":"Centennial Puzzle"},{"floor":42,"key":"hubris:CrystalStatue"},{"floor":42,"key":"UnicornStump"},{"floor":42,"key":"Molten Egg 2"},{"floor":42,"key":"hubris:Spice"},{"floor":42,"key":"Gambling Chip"},{"floor":43,"key":"Replay:Towering Pillar of Hats"},{"floor":45,"key":"Replay:Ringing Soul"},{"floor":59,"key":"Boot"},{"floor":60,"key":"CCEMRelics:FryingPan"},{"floor":61,"key":"halation:PromiseList"}],"event_choices":[{"damage_healed":0,"gold_gain":0,"player_choice":"Copied","damage_taken":0,"max_hp_gain":0,"max_hp_loss":0,"event_name":"Duplicator","floor":38,"gold_loss":0,"cards_obtained":["Shade:LichForm"]},{"damage_healed":0,"gold_gain":0,"cards_transformed":["Shade:Defend_Shade"],"player_choice":"Transformed","damage_taken":0,"max_hp_gain":0,"max_hp_loss":0,"event_name":"Transmorgrifier","floor":58,"gold_loss":0,"cards_obtained":["Shade:OneIsEnough"]}],"is_beta":false,"boss_relics":[{"not_picked":["CCEMRelics:TransientCore","Pandora\u0027s Box"],"picked":"MagicMushroom"},{"not_picked":[]},{"not_picked":["halation:Prosthetics","aspiration:SilentSkillbook"],"picked":"aspiration:RitualDagger"},{"not_picked":[]},{"not_picked":["Replay:Wanted Poster","Astrolabe"],"picked":"aspiration:RunicSpoon"},{"not_picked":[]}],"items_purged_floors":[17,39],"is_endless":true,"potions_floor_spawned":[6,8,10,18,22,25,30,33,41,44,47,50,56,61,65],"killed_by":"LittleHush","ascension_level":1}}