{"host":"wshh0nphwn6jv7vj","time":1609011949,"event":{"mods":["BaseMod","Bestiary","Minty Spire (QoL Compilation)"],"gold_per_floor":[110,128,2,21,21,21,53,53,80,106,119,119,131,141,141,215,215,232,232,243,243,72,105,105,133,204,204,217,242,242,273,273,345,345,387,22,62,138,183,238,283,283,283,331,376,432,432,480,480,510,510,510,18,46,46],"floor_reached":56,"playtime":3615,"items_purged":["Strike_P","Strike_P+1"],"score":2410,"play_id":"694dfbd0-c050-417d-a197-fad429129737","local_time":"20201226144549","is_ascension_mode":true,"campfire_choices":[{"data":"Wallop","floor":6,"key":"SMITH"},{"data":"Collect","floor":8,"key":"SMITH"},{"data":"WheelKick","floor":15,"key":"SMITH"},{"data":"WheelKick","floor":24,"key":"SMITH"},{"data":"Alpha","floor":27,"key":"SMITH"},{"floor":32,"key":"REST"},{"data":"Wish","floor":42,"key":"SMITH"},{"floor":47,"key":"RECALL"},{"data":"TalkToTheHand","floor":49,"key":"SMITH"},{"data":"TalkToTheHand","floor":52,"key":"SMITH"}],"circlet_count":0,"master_deck":["AscendersBane","Strike_P+1","Strike_P+1","Defend_P+1","Defend_P+1","Defend_P+1","Defend_P+1","Eruption+1","Vigilance","Wallop+1","FollowUp+1","SashWhip","Collect+1","WheelKick+1","WheelKick+1","CutThroughFate","Scrawl","BowlingBash+1","Alpha+1","TalkToTheHand+1","Necronomicurse","Wish+1","TalkToTheHand+1","CutThroughFate+1","FearNoEvil+1"],"relics":["Snecko Eye","Lantern","Ancient Tea Set","Potion Belt","SlaversCollar","Nunchaku","Incense Burner","Whetstone","InkBottle","Necronomicon","Bronze Scales","Busted Crown","White Beast Statue","Mango","Boot","Bottled Flame","Shuriken","Lee\u0027s Waffle","Pen Nib","Bag of Marbles","Toy Ornithopter"],"acts_visited":["Exordium","TheCity","TheBeyond","TheEnding"],"potions_floor_usage":[7,16,23,23,28,28,29,38,38,40,44,44,45,50,50,54,54,54,55,55,55],"damage_taken":[{"damage":5,"enemies":"Cultist","floor":1,"turns":6},{"damage":0,"enemies":"2 Louse","floor":2,"turns":4},{"damage":0,"enemies":"Jaw Worm","floor":4,"turns":4},{"damage":15,"enemies":"3 Sentries","floor":7,"turns":5},{"damage":11,"enemies":"Lagavulin","floor":10,"turns":4},{"damage":0,"enemies":"2 Fungi Beasts","floor":11,"turns":3},{"damage":0,"enemies":"Looter","floor":13,"turns":2},{"damage":0,"enemies":"Blue Slaver","floor":14,"turns":1},{"damage":0,"enemies":"Hexaghost","floor":16,"turns":4},{"damage":0,"enemies":"Chosen","floor":18,"turns":2},{"damage":0,"enemies":"Spheric Guardian","floor":20,"turns":2},{"damage":13,"enemies":"Book of Stabbing","floor":23,"turns":3},{"damage":0,"enemies":"Gremlin Leader","floor":25,"turns":3},{"damage":0,"enemies":"Snake Plant","floor":28,"turns":1},{"damage":0,"enemies":"Book of Stabbing","floor":29,"turns":2},{"damage":8,"enemies":"Gremlin Leader","floor":31,"turns":4},{"damage":0,"enemies":"Collector","floor":33,"turns":4},{"damage":0,"enemies":"3 Shapes","floor":35,"turns":2},{"damage":0,"enemies":"Orb Walker","floor":37,"turns":2},{"damage":29,"enemies":"2 Orb Walkers","floor":38,"turns":4},{"damage":2,"enemies":"Spire Growth","floor":39,"turns":4},{"damage":1,"enemies":"Giant Head","floor":40,"turns":3},{"damage":0,"enemies":"4 Shapes","floor":41,"turns":2},{"damage":0,"enemies":"Sphere and 2 Shapes","floor":44,"turns":3},{"damage":0,"enemies":"Transient","floor":45,"turns":5},{"damage":0,"enemies":"Reptomancer","floor":46,"turns":3},{"damage":0,"enemies":"Maw","floor":48,"turns":6},{"damage":25,"enemies":"Donu and Deca","floor":50,"turns":4},{"damage":12,"enemies":"Shield and Spear","floor":54,"turns":3},{"damage":55,"enemies":"The Heart","floor":55,"turns":8}],"seed_played":"2210180413512677932","potions_obtained":[{"floor":2,"key":"Fire Potion"},{"floor":11,"key":"BlessingOfTheForge"},{"floor":12,"key":"EssenceOfSteel"},{"floor":12,"key":"SkillPotion"},{"floor":14,"key":"Fire Potion"},{"floor":16,"key":"Swift Potion"},{"floor":20,"key":"Strength Potion"},{"floor":23,"key":"Energy Potion"},{"floor":25,"key":"SneckoOil"},{"floor":31,"key":"GamblersBrew"},{"floor":33,"key":"DuplicationPotion"},{"floor":37,"key":"Energy Potion"},{"floor":38,"key":"BottledMiracle"},{"floor":39,"key":"ColorlessPotion"},{"floor":40,"key":"SteroidPotion"},{"floor":41,"key":"EntropicBrew"},{"floor":44,"key":"SmokeBomb"},{"floor":45,"key":"GamblersBrew"},{"floor":46,"key":"EssenceOfSteel"},{"floor":48,"key":"Fire Potion"},{"floor":54,"key":"Block Potion"}],"is_trial":false,"path_per_floor":["M","M","$","M","$","R","E","R","T","E","M","?","M","M","R","B",null,"M","?","M","?","$","E","R","E","T","R","M","E","?","E","R","B",null,"M","$","M","?","M","E","M","R","T","M","M","E","R","M","R","B",null,"R","$","E","B",null],"character_chosen":"WATCHER","items_purchased":["FollowUp","Nunchaku","White Beast Statue","Lee\u0027s Waffle","Pen Nib","Bag of Marbles"],"campfire_rested":1,"item_purchase_floors":[3,22,36,53,53,53],"current_hp_per_floor":[56,56,56,56,56,56,41,41,41,30,30,30,30,30,30,30,59,59,68,68,68,68,55,55,55,55,55,55,55,34,26,46,46,63,63,63,63,48,46,45,45,45,45,45,45,45,45,45,45,20,67,67,89,77,34],"gold":46,"neow_bonus":"BOSS_RELIC","is_daily":false,"chose_seed":false,"campfire_upgraded":8,"win_rate":0.0,"timestamp":1609011949,"path_taken":["M","?","$","M","?","R","E","R","T","E","M","?","M","?","R","BOSS","M","?","M","?","$","E","R","E","T","R","M","E","?","E","R","BOSS","M","$","M","?","M","E","M","R","T","M","M","E","R","M","R","BOSS","R","$","E","BOSS"],"items_purchased_type":["Card","Relic","Relic","Relic","Relic","Relic"],"build_version":"2020-12-22","purchased_purges":2,"victory":true,"max_hp_per_floor":[68,68,68,68,68,68,68,68,68,68,68,68,68,68,68,68,68,68,68,68,68,68,68,68,68,68,68,68,68,68,68,68,68,68,68,68,68,82,82,82,82,82,82,82,82,82,82,82,82,82,82,82,89,89,89],"card_choices":[{"not_picked":["FlurryOfBlows","Worship"],"picked":"Wallop","floor":1},{"not_picked":["Crescendo","Nirvana","DeceiveReality"],"picked":"SKIP","floor":2},{"not_picked":["Halt","EmptyBody"],"picked":"SashWhip","floor":4},{"not_picked":["JustLucky","FlurryOfBlows"],"picked":"Collect","floor":7},{"not_picked":["Evaluate","Prostrate","EmptyFist"],"picked":"SKIP","floor":10},{"not_picked":["FlyingSleeves","WreathOfFlame"],"picked":"WheelKick","floor":11},{"not_picked":["Vengeance","EmptyFist"],"picked":"WheelKick","floor":13},{"not_picked":["SashWhip","Prostrate"],"picked":"CutThroughFate","floor":14},{"not_picked":["SpiritShield","Brilliance"],"picked":"Scrawl","floor":16},{"not_picked":["SignatureMove","Consecrate"],"picked":"BowlingBash+1","floor":18},{"not_picked":["CarveReality","Consecrate","Collect"],"picked":"SKIP","floor":20},{"not_picked":["FlyingSleeves","SashWhip","WreathOfFlame"],"picked":"SKIP","floor":23},{"not_picked":["Tantrum+1","EmptyFist"],"picked":"Alpha","floor":25},{"not_picked":["EmptyBody","ClearTheMind","FollowUp"],"picked":"SKIP","floor":28},{"not_picked":["Halt","FollowUp"],"picked":"TalkToTheHand","floor":29},{"not_picked":["WindmillStrike","MentalFortress","EmptyFist+1"],"picked":"SKIP","floor":31},{"not_picked":["MasterReality","Devotion"],"picked":"Wish","floor":33},{"not_picked":["Weave"],"picked":"SKIP","floor":35},{"not_picked":["Conclude"],"picked":"SKIP","floor":37},{"not_picked":[],"picked":"TalkToTheHand","floor":38},{"not_picked":["CarveReality"],"picked":"SKIP","floor":39},{"not_picked":["WaveOfTheHand"],"picked":"SKIP","floor":40},{"not_picked":["WaveOfTheHand"],"picked":"SKIP","floor":41},{"not_picked":["WaveOfTheHand"],"picked":"SKIP","floor":41},{"not_picked":["CutThroughFate"],"picked":"SKIP","floor":44},{"not_picked":[],"picked":"CutThroughFate+1","floor":45},{"not_picked":["BowlingBash"],"picked":"SKIP","floor":46},{"not_picked":[],"picked":"FearNoEvil+1","floor":48},{"not_picked":["Nirvana"],"picked":"SKIP","floor":54}],"player_experience":1501231,"relics_obtained":[{"floor":7,"key":"Lantern"},{"floor":9,"key":"Ancient Tea Set"},{"floor":10,"key":"Potion Belt"},{"floor":23,"key":"Incense Burner"},{"floor":25,"key":"Whetstone"},{"floor":29,"key":"InkBottle"},{"floor":30,"key":"Necronomicon"},{"floor":31,"key":"Bronze Scales"},{"floor":38,"key":"Mango"},{"floor":40,"key":"Boot"},{"floor":43,"key":"Bottled Flame"},{"floor":46,"key":"Shuriken"},{"floor":54,"key":"Toy Ornithopter"}],"event_choices":[{"damage_healed":0,"gold_gain":0,"player_choice":"Got Potions","damage_taken":0,"max_hp_gain":0,"max_hp_loss":0,"event_name":"Lab","floor":12,"gold_loss":0},{"damage_healed":14,"gold_gain":0,"player_choice":"Heal","damage_taken":0,"max_hp_gain":0,"max_hp_loss":0,"event_name":"The Library","floor":19,"gold_loss":0},{"damage_healed":0,"gold_gain":0,"player_choice":"Simplicity","damage_taken":0,"max_hp_gain":0,"max_hp_loss":0,"event_name":"Back to Basics","floor":21,"gold_loss":0,"cards_upgraded":["Strike_P","Strike_P","Strike_P","Defend_P","Defend_P","Defend_P","Defend_P"]},{"damage_healed":0,"gold_gain":0,"player_choice":"Obtained Book","damage_taken":21,"max_hp_gain":0,"max_hp_loss":0,"event_name":"Cursed Tome","floor":30,"gold_loss":0},{"damage_healed":0,"gold_gain":0,"player_choice":"Fight","damage_taken":0,"max_hp_gain":0,"max_hp_loss":0,"event_name":"Mysterious Sphere","floor":38,"gold_loss":0}],"is_beta":false,"boss_relics":[{"not_picked":["Velvet Choker","Runic Pyramid"],"picked":"SlaversCollar"},{"not_picked":["Pandora\u0027s Box","Runic Dome"],"picked":"Busted Crown"}],"items_purged_floors":[3,36],"is_endless":false,"potions_floor_spawned":[2,11,14,16,20,23,25,31,33,37,38,39,40,41,44,45,46,48,54],"ascension_level":16}}