{"host":"8u40nq559zpgb6zp","time":1609012052,"event":{"mods":["Aspiration","Bard","BaseMod","Beaked The Cultist","Better Altar","Better Match","Better Note","Better Sensory Stone","Better Skull","Better Third Choice","BetterRewards","CCEM","Clawfect","Conspire","Duelist Mod","Googly Eyes","Halation","Hermit","Highlight Path","Infinite Spire","Jedi Mod","Jorbs\u0027s Wanderer Trilogy","Mad Scientist","Marisa（霧雨　魔理沙）","Minty Spire (QoL Compilation)","Permanent Neow","Replay The Spire","Shade Mod","Shop Mod","Spicy Shops","StSLib","The Bladedancer","The Construct","The Cursed","The Disciple","The Druid","The Gatherer","The Hierophant","The IronCluck","The Jungle","The Mystic","The Necromancer","The Runesmith","The Senshi","The Servant 0.9.4","The Spell Scribe","The Witch","slay the spire mod where everything is the same but ironclad has a cowboy hat"],"gold_per_floor":[110,123,123,123,134,159,159,10,35,46,58,83,98,118,118,214,214,232,247,247,266,266,293,303,315,366,383,383,394,27,37,37,136,136,155,155,167,185,185,185,185,185],"floor_reached":41,"playtime":2940,"items_purged":[],"score":506,"play_id":"3d69355b-b1ab-4bf2-8e2c-8d47b8506ca1","local_time":"20201226144732","is_ascension_mode":false,"campfire_choices":[{"data":"Blade Dance","floor":7,"key":"SMITH"},{"data":"ReplayTheSpireMod:Scrap Shanks","floor":15,"key":"SMITH"},{"data":"Mayhem","floor":40,"key":"SMITH"}],"circlet_count":0,"master_deck":["Strike_G+1","Strike_G+1","Strike_G+1","Strike_G+1","Strike_G+1","Defend_G+1","Defend_G+1","Defend_G+1","Defend_G+1","Defend_G+1","Survivor","Neutralize","Unload","Poisoned Stab","Blade Dance+1","Dodge and Roll","Dagger Spray","Dodge and Roll","Cloak And Dagger","ReplayTheSpireMod:Scrap Shanks+1","Poisoned Stab","Crippling Poison","A Thousand Cuts+1","jedi:pocketpoison","ReplayTheSpireMod:Speed Training","infinitespire:UltimateForm","Envenom","Blur+1","Backflip","Dagger Throw+1","jedi:forcepush","Enlightenment","ReplayTheSpireMod:Speed Training","Mayhem+1","After Image","Leg Sweep+1","After Image","jedi:pocketpoison+1","Accuracy","Riddle With Holes+1"],"relics":["Ring of the Snake","ReplayTheSpireMod:Ring of Addiction","Toy Ornithopter","SacredBark","Divine Protection","aspiration:Lifesprig","aspiration:VileToxins","construct:RocketBooster","construct:ClawGrip","conspire:SpecialSausage","jedi:kaleidoscope","Replay:Mystery Machine","jedi:cryingmask","construct:WeddingRing","aspiration:PoetsPen_weak","aspiration:EmptySkull","halation:StarCompass"],"acts_visited":["Exordium","TheCity","TheBeyond"],"potions_floor_usage":[6,6,6,16,16,27,33,33,33],"damage_taken":[{"damage":3,"enemies":"conspire:RoseBush","floor":1,"turns":2},{"damage":0,"enemies":"Small Slimes","floor":2,"turns":2},{"damage":0,"enemies":"Jaw Worm","floor":5,"turns":3},{"damage":0,"enemies":"Lagavulin","floor":6,"turns":5},{"damage":0,"enemies":"Looter","floor":10,"turns":2},{"damage":0,"enemies":"Exordium Thugs","floor":11,"turns":3},{"damage":0,"enemies":"Gremlin Nob","floor":12,"turns":3},{"damage":0,"enemies":"Blue Slaver","floor":13,"turns":3},{"damage":0,"enemies":"3 Louse","floor":14,"turns":3},{"damage":18,"enemies":"Hexaghost","floor":16,"turns":10},{"damage":8,"enemies":"2 Thieves","floor":18,"turns":4},{"damage":2,"enemies":"3 Byrds","floor":19,"turns":4},{"damage":1,"enemies":"Snake Plant","floor":21,"turns":3},{"damage":8,"enemies":"Nightmare","floor":23,"turns":6},{"damage":0,"enemies":"3 Cultists","floor":24,"turns":4},{"damage":0,"enemies":"Shelled Parasite and Fungi","floor":25,"turns":5},{"damage":7,"enemies":"Snake Plant","floor":27,"turns":3},{"damage":8,"enemies":"Snecko","floor":29,"turns":5},{"damage":0,"enemies":"Shelled Parasite and Fungi","floor":31,"turns":2},{"damage":28,"enemies":"Automaton","floor":33,"turns":8},{"damage":0,"enemies":"Orb Walker","floor":35,"turns":3},{"damage":1,"enemies":"3 Shapes","floor":37,"turns":5},{"damage":4,"enemies":"Jaw Worm Horde","floor":38,"turns":3},{"damage":54,"enemies":"Nightmare","floor":41,"turns":7}],"seed_played":"-8150731849848177330","potions_obtained":[{"floor":1,"key":"LifebloodPotion"},{"floor":3,"key":"Dexterity Potion"},{"floor":3,"key":"Milkshake"},{"floor":3,"key":"BlessingOfTheForge"},{"floor":11,"key":"Fire Potion"},{"floor":13,"key":"LiquidMemories"},{"floor":14,"key":"GamblersBrew"},{"floor":18,"key":"Regen Potion"},{"floor":19,"key":"Adrenaline Potion"},{"floor":24,"key":"Regen Potion"},{"floor":27,"key":"Flashbang"},{"floor":35,"key":"Toxic Potion"}],"is_trial":false,"path_per_floor":["M","M","?","?","M","E","R","$","T","M","M","E","M","M","R","B",null,"M","M","AVR","M","?","NM","M","M","T","M","?","M","$","M","R","B",null,"M","AVR","M","M","?","R","NM"],"character_chosen":"THE_SILENT","items_purchased":["aspiration:Lifesprig","Mayhem","After Image"],"campfire_rested":0,"item_purchase_floors":[8,30,30],"current_hp_per_floor":[67,67,67,67,67,70,70,70,70,68,68,68,66,66,66,46,64,56,54,54,53,53,45,45,45,45,51,51,43,43,43,43,41,56,56,56,53,49,49,49,0,0],"gold":185,"neow_bonus":"ONE_RANDOM_RARE_CARD","is_daily":false,"chose_seed":false,"campfire_upgraded":3,"win_rate":0.0,"timestamp":1609012052,"path_taken":["M","M","?","?","M","E","R","$","T","M","M","E","M","?","R","BOSS","M","M","AVR","M","?","NM","M","M","T","M","?","M","$","M","R","BOSS","M","AVR","M","M","?","R","NM"],"items_purchased_type":["Relic","Card","Card"],"build_version":"2020-12-22","purchased_purges":0,"victory":false,"max_hp_per_floor":[70,70,70,70,70,70,70,70,70,68,68,68,66,66,66,64,64,64,64,62,62,62,60,60,60,58,58,58,58,58,56,56,56,56,56,56,54,54,54,52,52,52],"card_choices":[{"not_picked":["Distraction","Dagger Throw"],"picked":"Poisoned Stab","floor":1},{"not_picked":["Fluid Movement","Dagger Spray"],"picked":"Blade Dance","floor":2},{"not_picked":["jedi:acidrain","Outmaneuver"],"picked":"Dodge and Roll","floor":5},{"not_picked":["Predator","Wraith Form v2"],"picked":"Dagger Spray","floor":6},{"not_picked":["Sucker Punch","Eviscerate"],"picked":"Dodge and Roll","floor":10},{"not_picked":["Acrobatics","Poisoned Stab"],"picked":"Cloak And Dagger","floor":11},{"not_picked":["Footwork","After Image"],"picked":"ReplayTheSpireMod:Scrap Shanks","floor":12},{"not_picked":["Slice","Deflect"],"picked":"Poisoned Stab","floor":13},{"not_picked":["Quick Slash","Masterful Stab"],"picked":"Crippling Poison","floor":14},{"not_picked":["jedi:studyshivs","Venomology"],"picked":"A Thousand Cuts","floor":16},{"not_picked":["Backflip","Quick Slash"],"picked":"jedi:pocketpoison","floor":18},{"not_picked":["Slice","Deflect+1"],"picked":"ReplayTheSpireMod:Speed Training","floor":19},{"not_picked":["Sneak Up","Prepared"],"picked":"Envenom","floor":21},{"not_picked":["Prepared+1","Outmaneuver"],"picked":"Blur+1","floor":23},{"not_picked":["Predator","Terror","Underhanded Strike+1"],"picked":"SKIP","floor":24},{"not_picked":["Dodge and Roll","Dagger Spray"],"picked":"Backflip","floor":25},{"not_picked":["PiercingWail","Atom Bomb"],"picked":"Dagger Throw+1","floor":27},{"not_picked":["Survey Options","Finesse"],"picked":"jedi:forcepush","floor":28},{"not_picked":["Good Instincts","Mind Blast"],"picked":"Enlightenment","floor":28},{"not_picked":["Backflip","Poisoned Stab+1"],"picked":"ReplayTheSpireMod:Speed Training","floor":29},{"not_picked":["ReplayTheSpireMod:Tripwire","Hidden Blade"],"picked":"Leg Sweep+1","floor":31},{"not_picked":["Replay:Bag of Tricks","aspiration:Lunge"],"picked":"After Image","floor":33},{"not_picked":["PiercingWail+1","Predator+1"],"picked":"jedi:pocketpoison+1","floor":35},{"not_picked":["Blade Dance+1","conspire:PoisonWeapons"],"picked":"Accuracy","floor":37},{"not_picked":["Slice+1","Well Laid Plans"],"picked":"Riddle With Holes+1","floor":38}],"player_experience":984935,"relics_obtained":[{"floor":3,"key":"ReplayTheSpireMod:Ring of Addiction"},{"floor":3,"key":"Toy Ornithopter"},{"floor":3,"key":"SacredBark"},{"floor":6,"key":"Divine Protection"},{"floor":9,"key":"aspiration:VileToxins"},{"floor":12,"key":"construct:RocketBooster"},{"floor":23,"key":"Replay:Mystery Machine"},{"floor":26,"key":"jedi:cryingmask"}],"event_choices":[{"cards_removed":["Strike_G"],"damage_healed":0,"gold_gain":0,"player_choice":"Give","damage_taken":0,"max_hp_gain":0,"max_hp_loss":0,"event_name":"betterNote:BetterNote","floor":22,"gold_loss":0,"cards_obtained":["MadScienceMod:Strike_MadScience"]},{"damage_healed":0,"gold_gain":2,"player_choice":"1","damage_taken":0,"max_hp_gain":0,"max_hp_loss":0,"event_name":"betterStone:BetterStone","floor":28,"gold_loss":0},{"damage_healed":0,"gold_gain":0,"player_choice":"Simplicity","damage_taken":0,"max_hp_gain":0,"max_hp_loss":10,"event_name":"betterThird:BetterWriting","floor":32,"gold_loss":0}],"is_beta":false,"boss_relics":[{"not_picked":["aspiration:SecretTechniqueScroll","infinitespire:Cupcake"],"picked":"construct:ClawGrip"},{"not_picked":["ReplayTheSpireMod:DimensionalGlitch","CCEMRelics:TransientCore"],"picked":"construct:WeddingRing"}],"items_purged_floors":[],"is_endless":true,"potions_floor_spawned":[1,11,13,14,18,19,24,27,35],"killed_by":"Nightmare","ascension_level":0}}