{"host":"ezkqjaqywejtjag1","time":1609005879,"event":{"mods":["BaseMod","Colored Map","Infinite Spire","Minty Spire (QoL Compilation)","StSLib"],"gold_per_floor":[214,10,10,10,185,185,185,201,227,227,242,242,302,332,332,433,433,451,462,479,1,19,19,0,0,0,0,0,0,32,46,46,144,144,164,19,19,69,86,86,101,101,101,101,20,32,32,32,32,32],"floor_reached":51,"playtime":2107,"items_purged":[],"score":750,"play_id":"1499504a-95f2-4ea2-9380-67da3fe68406","local_time":"20201226130439","is_ascension_mode":true,"campfire_choices":[{"data":"Zap","floor":7.0,"key":"SMITH"},{"data":"Static Discharge","floor":10.0,"key":"SMITH"},{"data":"Go for the Eyes","floor":12.0,"key":"SMITH"},{"floor":15.0,"key":"REST"},{"floor":23.0,"key":"REST"},{"data":"Echo Form","floor":25.0,"key":"SMITH"},{"data":"Go for the Eyes","floor":27.0,"key":"SMITH"},{"data":"Defragment","floor":32.0,"key":"SMITH"},{"data":"Beam Cell","floor":40.0,"key":"SMITH"},{"floor":42,"key":"REST"},{"floor":44,"key":"REST"},{"data":"Loop","floor":47,"key":"SMITH"},{"floor":49,"key":"REST"}],"circlet_count":0,"master_deck":["Strike_B","Strike_B","Strike_B","Strike_B","Defend_B","Defend_B","Defend_B","Defend_B","Zap+1","Dualcast","Steam","Go for the Eyes+1","Static Discharge+1","Gash","Go for the Eyes+1","Melter","Echo Form+1","Go for the Eyes","Chaos+1","Cold Snap","Hello World","Thunder Strike","Cold Snap","Defragment+1","Beam Cell+1","All For One","CurseOfTheBell","Turbo+1","Hologram+1","Sweeping Beam","Loop+1","Compile Driver+1","Madness","Madness"],"relics":["Cracked Core","DataDisk","Bronze Scales","Boot","Tiny Chest","Nuclear Battery","Meat on the Bone","Pantograph","Shuriken","Calling Bell","infinitespire:Beetle Shell","Cables","Lizard Tail","Oddly Smooth Stone","Juzu Bracelet","infinitespire:Lychee Nut","Darkstone Periapt"],"acts_visited":["Exordium","TheCity","TheBeyond"],"potions_floor_usage":[41,50,50],"damage_taken":[{"damage":15.0,"enemies":"Small Slimes","floor":1.0,"turns":5.0},{"damage":3.0,"enemies":"2 Louse","floor":8.0,"turns":3.0},{"damage":0.0,"enemies":"Cultist","floor":11.0,"turns":3.0},{"damage":15.0,"enemies":"Gremlin Nob","floor":13.0,"turns":3.0},{"damage":19.0,"enemies":"3 Sentries","floor":14.0,"turns":4.0},{"damage":22.0,"enemies":"Hexaghost","floor":16.0,"turns":7.0},{"damage":1.0,"enemies":"3 Byrds","floor":18.0,"turns":2.0},{"damage":15.0,"enemies":"Shell Parasite","floor":19.0,"turns":3.0},{"damage":33.0,"enemies":"3 Cultists","floor":20.0,"turns":4.0},{"damage":18.0,"enemies":"Chosen and Byrds","floor":22.0,"turns":4.0},{"damage":26.0,"enemies":"Slavers","floor":30.0,"turns":3.0},{"damage":6.0,"enemies":"Snake Plant","floor":31.0,"turns":3.0},{"damage":25.0,"enemies":"Champ","floor":33.0,"turns":8.0},{"damage":42.0,"enemies":"3 Darklings","floor":35.0,"turns":6.0},{"damage":0.0,"enemies":"Mind Bloom Boss Battle","floor":38.0,"turns":7.0},{"damage":34.0,"enemies":"3 Shapes","floor":39.0,"turns":7.0},{"damage":30,"enemies":"Transient","floor":41,"turns":5},{"damage":25,"enemies":"Sphere and 2 Shapes","floor":46,"turns":3},{"damage":90,"enemies":"Donu and Deca","floor":50,"turns":8}],"seed_played":"1246071937662666116","potions_obtained":[{"floor":8.0,"key":"AttackPotion"},{"floor":11.0,"key":"FocusPotion"},{"floor":14.0,"key":"LiquidBronze"},{"floor":18.0,"key":"EssenceOfSteel"},{"floor":22.0,"key":"SkillPotion"},{"floor":33.0,"key":"SpeedPotion"},{"floor":35.0,"key":"Explosive Potion"},{"floor":46,"key":"Dexterity Potion"}],"is_trial":false,"path_per_floor":["M","$","?","$","?","?","R","M","T","R","M","R","?","E","R","B",null,"M","M","M","$","M","R","?","R","T","R","?","?","E","M","R","B",null,"M","$","T","?","M","R","M","R","T","R","$","M","R","?","R","B",null],"character_chosen":"DEFECT","items_purchased":["DataDisk","Go for the Eyes","Meat on the Bone","Hello World","Thunder Strike","Oddly Smooth Stone","Loop"],"campfire_rested":5,"item_purchase_floors":[2,2,21,21,21,36,45],"current_hp_per_floor":[60,60,65,65,65,65,65,62,62,62,62,62,47,28,52,30,80,79,64,31,31,25,49,49,49,49,49,49,75,49,43,43,43,80,50,50,50,60,32,32,20,38,38,56,56,37,37,29,47,16],"gold":32,"neow_bonus":"HUNDRED_GOLD","is_daily":false,"chose_seed":false,"campfire_upgraded":8,"win_rate":0.0,"timestamp":1609005879,"path_taken":["M","$","?","$","?","?","R","?","T","R","M","R","?","E","R","BOSS","M","M","M","$","M","R","?","R","T","R","?","?","E","M","R","BOSS","M","$","?","?","M","R","M","R","T","R","?","M","R","?","R","BOSS"],"items_purchased_type":["Relic","Card","Relic","Card","Card","Relic","Card"],"build_version":"2020-12-22","purchased_purges":0,"victory":true,"max_hp_per_floor":[75,75,80,80,80,80,80,80,80,80,80,80,80,80,80,80,80,80,80,80,80,80,80,80,80,80,80,80,80,80,80,80,80,80,80,80,80,60,60,60,60,60,60,60,60,60,60,60,60,60],"card_choices":[{"not_picked":["Streamline","Hologram"],"picked":"Steam","floor":1.0},{"not_picked":["Skim","Compile Driver"],"picked":"Static Discharge","floor":8.0},{"not_picked":["Steam","Streamline"],"picked":"Gash","floor":11.0},{"not_picked":["Hologram","Conserve Battery"],"picked":"Go for the Eyes","floor":13.0},{"not_picked":["Streamline","Capacitor"],"picked":"Melter","floor":14.0},{"not_picked":["Rainbow","Biased Cognition"],"picked":"Echo Form","floor":16.0},{"not_picked":["Leap","Streamline"],"picked":"Go for the Eyes","floor":18.0},{"not_picked":["Go for the Eyes","Skim"],"picked":"Chaos+1","floor":19.0},{"not_picked":["Undo","Rebound"],"picked":"Cold Snap","floor":20.0},{"not_picked":["Scrape","Force Field"],"picked":"Cold Snap","floor":22.0},{"not_picked":["Beam Cell","Static Discharge"],"picked":"Defragment","floor":30.0},{"not_picked":["Cold Snap","Ball Lightning"],"picked":"Beam Cell","floor":31.0},{"not_picked":["Hyperbeam","Seek"],"picked":"All For One","floor":33.0},{"not_picked":["Go for the Eyes","Conserve Battery"],"picked":"Turbo+1","floor":35.0},{"not_picked":["Barrage+1","Cold Snap+1"],"picked":"Hologram+1","floor":39.0},{"not_picked":["Glacier","Stack+1"],"picked":"Sweeping Beam","floor":41},{"not_picked":["Amplify","Turbo"],"picked":"Compile Driver+1","floor":46}],"player_experience":156021,"relics_obtained":[{"floor":9.0,"key":"Bronze Scales"},{"floor":13.0,"key":"Boot"},{"floor":14.0,"key":"Tiny Chest"},{"floor":26.0,"key":"Pantograph"},{"floor":30.0,"key":"Shuriken"},{"floor":34.0,"key":"infinitespire:Beetle Shell"},{"floor":34.0,"key":"Cables"},{"floor":34.0,"key":"Lizard Tail"},{"floor":37.0,"key":"Juzu Bracelet"},{"floor":38.0,"key":"infinitespire:Lychee Nut"},{"floor":43,"key":"Darkstone Periapt"}],"event_choices":[{"damage_healed":0.0,"max_hp_gain":5.0,"max_hp_loss":0.0,"gold_gain":0.0,"event_name":"Big Fish","player_choice":"Donut","floor":3.0,"gold_loss":0.0,"damage_taken":0.0},{"damage_healed":0.0,"max_hp_gain":0.0,"max_hp_loss":0.0,"gold_gain":175.0,"event_name":"Liars Game","player_choice":"AGREE","floor":5.0,"gold_loss":0.0,"damage_taken":0.0,"cards_obtained":["Doubt"]},{"cards_removed":["Doubt"],"damage_healed":0.0,"max_hp_gain":0.0,"max_hp_loss":0.0,"gold_gain":0.0,"event_name":"Fountain of Cleansing","player_choice":"Removed Curses","floor":6.0,"gold_loss":0.0,"damage_taken":0.0},{"damage_healed":0.0,"max_hp_gain":0.0,"max_hp_loss":0.0,"gold_gain":30.0,"event_name":"Dead Adventurer","player_choice":"Searched \u00273\u0027 times","floor":13.0,"gold_loss":0.0,"damage_taken":0.0},{"damage_healed":0.0,"max_hp_gain":0.0,"max_hp_loss":0.0,"gold_gain":0.0,"event_name":"Masked Bandits","player_choice":"Paid Fearfully","floor":24.0,"gold_loss":19.0,"damage_taken":0.0},{"damage_healed":26.0,"max_hp_gain":0.0,"max_hp_loss":0.0,"gold_gain":0.0,"event_name":"The Library","player_choice":"Heal","floor":29.0,"gold_loss":0.0,"damage_taken":0.0},{"damage_healed":0.0,"max_hp_gain":0.0,"max_hp_loss":0.0,"gold_gain":0.0,"event_name":"MindBloom","player_choice":"Fight","floor":38.0,"gold_loss":0.0,"damage_taken":0.0},{"damage_healed":0,"gold_gain":0,"player_choice":"Embrace Madness","damage_taken":8,"max_hp_gain":0,"max_hp_loss":0,"event_name":"Winding Halls","floor":48,"gold_loss":0,"cards_obtained":["Madness","Madness"]}],"is_beta":false,"boss_relics":[{"not_picked":["SacredBark","Philosopher\u0027s Stone"],"picked":"Nuclear Battery"},{"not_picked":["Velvet Choker","Runic Pyramid"],"picked":"Calling Bell"}],"items_purged_floors":[],"is_endless":false,"potions_floor_spawned":[8,11,14,18,22,33,35,46],"ascension_level":3}}