{"host":"y3h3n3f7seyagppx","time":1609015468,"event":{"mods":["AlwaysNeverKeys","BaseMod","Better Vampires","Colored Powertips","DeckTracker","Emptier Cage","Minty Spire (QoL Compilation)","Permanent Neow","Quick Restart","Rare Cards Sparkle","Relic Sorter","Relic Stats","StSLib","Transform Curses"],"gold_per_floor":[114,114,131,151,161,161,186,196,196,228,228,228,228],"floor_reached":12,"playtime":882,"items_purged":[],"score":180,"play_id":"484ad4f8-d217-4e53-a5c1-e37d4c744f00","local_time":"20201226154428","is_ascension_mode":true,"campfire_choices":[{"data":"Inflame","floor":11,"key":"SMITH"}],"circlet_count":0,"master_deck":["AscendersBane","Strike_R","Strike_R","Defend_R","Defend_R","Defend_R","Defend_R","Bash","Armaments","Exhume","Dropkick","Inflame+1","Clothesline","Spot Weakness"],"relics":["Burning Blood","Mummified Hand","Turnip","Bottled Tornado"],"acts_visited":["Exordium"],"potions_floor_usage":[10,12],"damage_taken":[{"damage":4,"enemies":"Small Slimes","floor":1,"turns":6},{"damage":2,"enemies":"Cultist","floor":3,"turns":4},{"damage":0,"enemies":"2 Louse","floor":4,"turns":4},{"damage":6,"enemies":"Looter","floor":5,"turns":4},{"damage":39,"enemies":"Lagavulin","floor":7,"turns":8},{"damage":8,"enemies":"Exordium Wildlife","floor":8,"turns":5},{"damage":36,"enemies":"Gremlin Nob","floor":10,"turns":4},{"damage":30,"enemies":"3 Sentries","floor":12,"turns":5}],"seed_played":"8163772675667914946","potions_obtained":[{"floor":4,"key":"Regen Potion"},{"floor":5,"key":"Regen Potion"}],"is_trial":false,"path_per_floor":["M","?","M","M","M","?","E","M","T","E","R","E"],"character_chosen":"IRONCLAD","items_purchased":[],"campfire_rested":0,"item_purchase_floors":[],"current_hp_per_floor":[70,70,74,75,75,68,35,33,33,15,15,0,0],"gold":228,"neow_bonus":"REMOVE_CARD","is_daily":false,"chose_seed":false,"campfire_upgraded":1,"win_rate":0.0,"timestamp":1609015468,"path_taken":["M","?","?","M","M","?","E","M","T","E","R","E"],"items_purchased_type":[],"build_version":"2020-12-22","purchased_purges":0,"victory":false,"max_hp_per_floor":[75,75,75,75,75,75,75,75,75,75,75,75,75],"relic_stats":{"counters":[8,40],"Mummified Hand":[4],"Turnip":[0],"obtain_stats":[{"Mummified Hand":7,"Turnip":9,"Bottled Tornado":10,"Burning Blood":0},{"Mummified Hand":5,"Turnip":6,"Bottled Tornado":7,"Burning Blood":0},{"Mummified Hand":26,"Turnip":31,"Bottled Tornado":35,"Burning Blood":0}],"Burning Blood":37},"card_choices":[{"not_picked":["Body Slam","Wild Strike"],"picked":"Armaments","floor":1},{"not_picked":["Armaments","Iron Wave"],"picked":"Dropkick","floor":3},{"not_picked":["Brutality","Flex"],"picked":"Inflame","floor":4},{"not_picked":["Second Wind","Armaments"],"picked":"Clothesline","floor":5},{"not_picked":["Iron Wave","Disarm"],"picked":"Spot Weakness","floor":7},{"not_picked":["True Grit","Blood for Blood","Rage"],"picked":"SKIP","floor":8},{"not_picked":["True Grit","Blood for Blood","Rage"],"picked":"SKIP","floor":8},{"not_picked":["Sentinel","Havoc","Clothesline"],"picked":"SKIP","floor":10}],"player_experience":20140274,"relics_obtained":[{"floor":7,"key":"Mummified Hand"},{"floor":9,"key":"Turnip"},{"floor":10,"key":"Bottled Tornado"}],"event_choices":[{"damage_healed":0,"gold_gain":0,"cards_transformed":["Strike_R"],"player_choice":"Transformed","damage_taken":0,"max_hp_gain":0,"max_hp_loss":0,"event_name":"Transmorgrifier","floor":2,"gold_loss":0,"cards_obtained":["Exhume"]},{"cards_removed":["Strike_R"],"damage_healed":0,"gold_gain":0,"player_choice":"Card Removal","damage_taken":7,"max_hp_gain":0,"max_hp_loss":0,"event_name":"Golden Wing","floor":6,"gold_loss":0}],"is_beta":false,"boss_relics":[],"items_purged_floors":[],"is_endless":false,"potions_floor_spawned":[4,5,7],"killed_by":"3 Sentries","ascension_level":20}}