{"host":"c5slkkw8hp42e20v","time":1609019600,"event":{"mods":["AchievementEnabler","BaseMod","BetterRewards","Duelist Mod","GifTheSpireLib","Hermit","Highlight Path","Minty Spire (QoL Compilation)","StSLib","The Animator","The Hierophant","The Poker Player"],"gold_per_floor":[117,136,147,164,164,192,192,215,287,1,17,46,46,65,65,167,167,186,186,186,203,216,216,232,232,232,259,276,276,292,326,326,421,421,431,451,14,30,40,40,50,66,91,91,101,130,13,13,13,13,13],"floor_reached":50,"playtime":6771,"items_purged":[],"score":628,"play_id":"7022065f-fcd4-4eb7-a22b-43857bd9a8be","local_time":"20201226155320","is_ascension_mode":false,"metric_token":786,"campfire_choices":[{"floor":7,"key":"REST"},{"data":"PokerPlayerMod:CardPrinter+1","floor":13,"key":"SMITH"},{"floor":15,"key":"REST"},{"data":"PokerPlayerMod:TheDieIsCast","floor":23,"key":"SMITH"},{"data":"PokerPlayerMod:Sharpen","floor":25,"key":"SMITH"},{"floor":32,"key":"REST"},{"floor":40,"key":"REST"},{"floor":49,"key":"REST"}],"circlet_count":0,"master_deck":["PokerPlayerMod:Diamond1","PokerPlayerMod:Diamond2","PokerPlayerMod:Diamond3","PokerPlayerMod:Diamond4","PokerPlayerMod:Diamond5","PokerPlayerMod:Spade1","PokerPlayerMod:Spade2","PokerPlayerMod:Spade3","PokerPlayerMod:Spade4","PokerPlayerMod:Club1","PokerPlayerMod:Club2","PokerPlayerMod:Heart2","PokerPlayerMod:BadJoker","PokerPlayerMod:Mulligan","PokerPlayerMod:Heart9","PokerPlayerMod:CardPrinter+2","PokerPlayerMod:Diamond9","PokerPlayerMod:Diamond5","PokerPlayerMod:Sharpen","PokerPlayerMod:Manipulation","PokerPlayerMod:Sharpen+1","PokerPlayerMod:Diamond4","PokerPlayerMod:DiamondStrike","PokerPlayerMod:Configure","PokerPlayerMod:CloakAndDiamond","PokerPlayerMod:Diamond5","PokerPlayerMod:TheDieIsCast+1","PokerPlayerMod:WildCard+1","PokerPlayerMod:Club9","PokerPlayerMod:Diamond3","PokerPlayerMod:ClubShade","PokerPlayerMod:ThinkingTime","PokerPlayerMod:CloakAndDiamond","PokerPlayerMod:ClubsClub+1","PokerPlayerMod:RiskyBet+1","PokerPlayerMod:FakeSymbols","PokerPlayerMod:Heart9","PokerPlayerMod:Raise","PokerPlayerMod:Harden","PokerPlayerMod:GamblerForm","PokerPlayerMod:HeartStrike+1","PokerPlayerMod:Diamond4","PokerPlayerMod:ChangeRules","PokerPlayerMod:StackedDeck","PokerPlayerMod:Raise+1","PokerPlayerMod:JackOfSpades+1","PokerPlayerMod:HeartStrike+1","PokerPlayerMod:Diamond5","PokerPlayerMod:Diamond2","PokerPlayerMod:Diamond4","PokerPlayerMod:SecondChance+1","PokerPlayerMod:Diamond9"],"relics":["PokerPlayerMod:DeckCase","TungstenRod","Ginger","WingedGreaves","Odd Mushroom","Bottled Lightning","TheAbacus","MealTicket","Astrolabe","MutagenicStrength","Anchor","Torii","Toxic Egg 2","PokerPlayerMod:AceCard","Frozen Eye","Lantern","Incense Burner"],"acts_visited":["Exordium","TheCity","TheBeyond"],"potions_floor_usage":[38,38,44],"damage_taken":[{"damage":6,"enemies":"Cultist","floor":1,"turns":4},{"damage":12,"enemies":"Jaw Worm","floor":2,"turns":4},{"damage":3,"enemies":"Small Slimes","floor":3,"turns":3},{"damage":16,"enemies":"Gremlin Gang","floor":4,"turns":3},{"damage":24,"enemies":"3 Sentries","floor":6,"turns":7},{"damage":0,"enemies":"The Mushroom Lair","floor":8,"turns":4},{"damage":5,"enemies":"Exordium Wildlife","floor":11,"turns":2},{"damage":14,"enemies":"Lagavulin","floor":12,"turns":5},{"damage":12,"enemies":"Exordium Thugs","floor":14,"turns":4},{"damage":23,"enemies":"Hexaghost","floor":16,"turns":5},{"damage":26,"enemies":"Shell Parasite","floor":18,"turns":6},{"damage":5,"enemies":"3 Byrds","floor":21,"turns":4},{"damage":16,"enemies":"Snake Plant","floor":22,"turns":4},{"damage":13,"enemies":"Centurion and Healer","floor":24,"turns":7},{"damage":33,"enemies":"theDuelist:KaibaA2","floor":27,"turns":7},{"damage":24,"enemies":"Chosen and Byrds","floor":28,"turns":5},{"damage":6,"enemies":"Cultist and Chosen","floor":30,"turns":7},{"damage":45,"enemies":"Slavers","floor":31,"turns":6},{"damage":58,"enemies":"Champ","floor":33,"turns":9},{"damage":40,"enemies":"Orb Walker","floor":35,"turns":6},{"damage":8,"enemies":"3 Shapes","floor":36,"turns":5},{"damage":25,"enemies":"Writhing Mass","floor":38,"turns":5},{"damage":39,"enemies":"Maw","floor":39,"turns":9},{"damage":18,"enemies":"Jaw Worm Horde","floor":41,"turns":6},{"damage":32,"enemies":"Sphere and 2 Shapes","floor":42,"turns":5},{"damage":26,"enemies":"3 Darklings","floor":45,"turns":7},{"damage":88,"enemies":"Giant Head","floor":46,"turns":9},{"damage":47,"enemies":"Donu and Deca","floor":50,"turns":4}],"seed_played":"2658207834764933170","potions_obtained":[{"floor":1,"key":"Strength Potion"},{"floor":2,"key":"FearPotion"},{"floor":6,"key":"Dexterity Potion"},{"floor":21,"key":"EssenceOfSteel"},{"floor":27,"key":"Explosive Potion"},{"floor":38,"key":"SteroidPotion"},{"floor":41,"key":"EssenceOfSteel"},{"floor":42,"key":"CultistPotion"},{"floor":44,"key":"Fruit Juice"},{"floor":44,"key":"BlessingOfTheForge"}],"is_trial":false,"path_per_floor":["M","M","M","M","?","E","R","?","T","$","M","E","R","M","R","B",null,"M","?","?","M","M","R","M","R","T","E","M","?","M","E","R","B",null,"M","M","$","M","M","R","M","M","T","?","M","E","$","?","R","B"],"character_chosen":"THE_POKER_PLAYER","items_purchased":["Ginger","PokerPlayerMod:HotShotCut","PokerPlayerMod:Heart9","PokerPlayerMod:CardPrinter","PokerPlayerMod:Sharpen","PokerPlayerMod:Diamond4","TheAbacus","PokerPlayerMod:DiamondStrike","PokerPlayerMod:ChangeRules","PokerPlayerMod:StackedDeck","Frozen Eye","PokerPlayerMod:Raise+1","PokerPlayerMod:Diamond9"],"campfire_rested":5,"item_purchase_floors":[0,0,0,0,10,10,10,10,37,37,37,37,47],"current_hp_per_floor":[46,45,52,49,49,25,40,52,52,52,50,38,38,26,41,32,52,35,35,35,43,36,36,36,36,36,34,21,16,32,30,45,7,52,19,31,46,33,12,27,43,32,32,37,57,2,17,17,34,0,0],"gold":13,"neow_bonus":"","is_daily":false,"chose_seed":false,"campfire_upgraded":3,"win_rate":0.0,"timestamp":1609019600,"path_taken":["M","M","M","M","?","E","R","?","T","?","M","E","R","M","R","BOSS","M","?","?","M","M","R","M","R","T","E","M","?","M","E","R","BOSS","M","M","$","?","M","R","M","M","T","?","M","E","?","?","R","BOSS"],"items_purchased_type":["Relic","Card","Card","Card","Card","Card","Relic","Card","Card","Card","Relic","Card","Card"],"build_version":"2020-12-22","purchased_purges":0,"victory":false,"max_hp_per_floor":[52,52,52,52,52,52,52,52,52,52,52,52,52,52,52,52,52,52,52,52,52,52,52,52,52,52,52,52,52,52,52,52,52,52,52,52,52,52,52,52,52,52,52,57,57,57,57,57,57,57,57],"card_choices":[{"not_picked":["PokerPlayerMod:SpadeStrike","PokerPlayerMod:Diamond4"],"picked":"PokerPlayerMod:Diamond9","floor":1},{"not_picked":["PokerPlayerMod:Spade2","PokerPlayerMod:Diamond3"],"picked":"PokerPlayerMod:Diamond5","floor":2},{"not_picked":["PokerPlayerMod:ClubsClub","PokerPlayerMod:Spade1"],"picked":"PokerPlayerMod:Sharpen","floor":3},{"not_picked":["PokerPlayerMod:Club2","PokerPlayerMod:Club1"],"picked":"PokerPlayerMod:Configure","floor":4},{"not_picked":["PokerPlayerMod:DamnStraight","PokerPlayerMod:SpadeStrike"],"picked":"PokerPlayerMod:Manipulation","floor":6},{"not_picked":["PokerPlayerMod:Sharpen","PokerPlayerMod:SpadeStrike"],"picked":"PokerPlayerMod:HiddenCard","floor":8},{"not_picked":["PokerPlayerMod:ClubsClub","PokerPlayerMod:Spade1"],"picked":"PokerPlayerMod:Configure","floor":11},{"not_picked":["PokerPlayerMod:Club5","PokerPlayerMod:Harden"],"picked":"PokerPlayerMod:CloakAndDiamond","floor":12},{"not_picked":["PokerPlayerMod:Club2","PokerPlayerMod:MagicTrick"],"picked":"PokerPlayerMod:Diamond5","floor":14},{"not_picked":["PokerPlayerMod:Club9","PokerPlayerMod:Diamond10+"],"picked":"PokerPlayerMod:TheDieIsCast","floor":16},{"not_picked":["PokerPlayerMod:Heart8","PokerPlayerMod:Club4"],"picked":"PokerPlayerMod:ClubShade","floor":18},{"not_picked":["PokerPlayerMod:Heart5","PokerPlayerMod:Trickery"],"picked":"PokerPlayerMod:CloakAndDiamond","floor":21},{"not_picked":["PokerPlayerMod:Diamond5","PokerPlayerMod:Diamond1"],"picked":"PokerPlayerMod:ClubsClub+1","floor":22},{"not_picked":["PokerPlayerMod:Diamond2","PokerPlayerMod:Spade3"],"picked":"PokerPlayerMod:RiskyBet+1","floor":24},{"not_picked":["PokerPlayerMod:SpadeStrike+1","PokerPlayerMod:DiamondStrike"],"picked":"PokerPlayerMod:FakeSymbols","floor":27},{"not_picked":["PokerPlayerMod:Trickery","PokerPlayerMod:Fold"],"picked":"PokerPlayerMod:Heart9","floor":28},{"not_picked":["PokerPlayerMod:ClubsClub","PokerPlayerMod:Diamond2"],"picked":"PokerPlayerMod:Raise","floor":30},{"not_picked":["PokerPlayerMod:Trickery","PokerPlayerMod:PoorCopy+1"],"picked":"PokerPlayerMod:Harden","floor":31},{"not_picked":["PokerPlayerMod:Spade8","PokerPlayerMod:RoyalStrike"],"picked":"PokerPlayerMod:GamblerForm","floor":33},{"not_picked":["PokerPlayerMod:Diamond2","PokerPlayerMod:MagicTrick+1"],"picked":"PokerPlayerMod:HeartStrike+1","floor":35},{"not_picked":["PokerPlayerMod:Trickery+1","PokerPlayerMod:Diamond2"],"picked":"PokerPlayerMod:Diamond4","floor":36},{"not_picked":["PokerPlayerMod:Diamond3","PokerPlayerMod:Diamond2"],"picked":"PokerPlayerMod:JackOfSpades+1","floor":38},{"not_picked":["PokerPlayerMod:CardBurn+1","PokerPlayerMod:Configure+1"],"picked":"PokerPlayerMod:HeartStrike+1","floor":39},{"not_picked":["PokerPlayerMod:Spade3","PokerPlayerMod:Heart4"],"picked":"PokerPlayerMod:Diamond5","floor":41},{"not_picked":["PokerPlayerMod:ClubsClub+1","PokerPlayerMod:CardBurn+1"],"picked":"PokerPlayerMod:Diamond2","floor":42},{"not_picked":["PokerPlayerMod:FillThePot+1","PokerPlayerMod:Diamond3"],"picked":"PokerPlayerMod:Diamond4","floor":45},{"not_picked":["PokerPlayerMod:Diamond6","PokerPlayerMod:Overdeal"],"picked":"PokerPlayerMod:SecondChance+1","floor":46}],"player_experience":13955,"relics_obtained":[{"floor":6,"key":"WingedGreaves"},{"floor":8,"key":"Odd Mushroom"},{"floor":9,"key":"Bottled Lightning"},{"floor":12,"key":"MealTicket"},{"floor":26,"key":"Anchor"},{"floor":27,"key":"Torii"},{"floor":31,"key":"Toxic Egg 2"},{"floor":43,"key":"Lantern"},{"floor":46,"key":"Incense Burner"}],"event_choices":[{"damage_healed":0,"gold_gain":0,"player_choice":"Grow","damage_taken":0,"max_hp_gain":0,"max_hp_loss":0,"event_name":"Living Wall","floor":5,"gold_loss":0,"cards_upgraded":["PokerPlayerMod:CardPrinter"]},{"damage_healed":0,"gold_gain":0,"player_choice":"Fought Mushrooms","damage_taken":0,"max_hp_gain":0,"max_hp_loss":0,"event_name":"Mushrooms","floor":8,"gold_loss":0},{"damage_healed":0,"gold_gain":0,"player_choice":"Inject Mutagens","damage_taken":0,"relics_obtained":["MutagenicStrength"],"max_hp_gain":0,"max_hp_loss":0,"event_name":"Drug Dealer","floor":19,"gold_loss":0},{"damage_healed":0,"gold_gain":0,"player_choice":"Think Hard","damage_taken":0,"max_hp_gain":0,"max_hp_loss":0,"event_name":"PokerPlayerMod:Vampires","floor":20,"gold_loss":0,"cards_obtained":["PokerPlayerMod:ThinkingTime"]},{"damage_healed":0,"gold_gain":0,"player_choice":"","damage_taken":6,"max_hp_gain":0,"max_hp_loss":0,"event_name":"Knowing Skull","floor":29,"potions_obtained":[],"gold_loss":0,"cards_obtained":[]},{"damage_healed":0,"gold_gain":0,"player_choice":"Got Potions","damage_taken":0,"max_hp_gain":0,"max_hp_loss":0,"event_name":"Lab","floor":44,"gold_loss":0},{"damage_healed":0,"gold_gain":0,"player_choice":"Ignored","damage_taken":0,"max_hp_gain":0,"max_hp_loss":0,"event_name":"Mysterious Sphere","floor":48,"gold_loss":0}],"is_beta":false,"boss_relics":[{"not_picked":["Cursed Key","Runic Dome"],"picked":"Astrolabe"},{"not_picked":["Runic Pyramid","Velvet Choker"],"picked":"PokerPlayerMod:AceCard"}],"items_purged_floors":[],"is_endless":false,"potions_floor_spawned":[1,2,6,14,16,21,27,28,33,38,41,42,45],"killed_by":"Donu and Deca","ascension_level":0}}