{"host":"rkizb0bayd67deyv","time":1609001968,"event":{"mods":["2.2 Compatiblity","AchievementEnabler","Astrologer","BaseMod","Beaked The Cultist","BetterRewards","CapriCore","Colored Map","Colored Powertips","GifTheSpireLib","Gremlin Mod","KinomotoSakuraMod(ñÿîVñ{?)","Koishi","Mad Scientist","MarisaÅiñ∂âJÅ@ñÇóùçπÅj","Minty Spire (QoL Compilation)","Quick Restart","StSLib","SuperFastMode","The Bladedancer","The Cursed","The Death Knight","The Immortal","The Mystic","The Poker Player","Unknown Chances","YoumuÅiç∞ÈÆódöÎÅj"],"gold_per_floor":[109,123,123,123,142,182,200,200,227,247,265,265,305,342,354,485,497,545,557,592,119,144,144,177,177,201,259,184,223,223,172,172,303,303,326,659,659,168,168,168,181,181,206,206,206,258,287,305,305,305],"floor_reached":51,"playtime":1519,"items_purged":["Gremlin:Strike","Gremlin:Defend","Gremlin:Defend+1"],"score":1672,"play_id":"4778b6f4-8678-4485-b8eb-e7deea5090d5","local_time":"20201227015928","is_ascension_mode":true,"campfire_choices":[{"data":"Gremlin:Unforgiving","floor":15,"key":"SMITH"},{"data":"Gremlin:GremlinMeal","floor":23,"key":"SMITH"},{"data":"Gremlin:GremlinMeal","floor":25,"key":"SMITH"},{"data":"Gremlin:Erupt","floor":32,"key":"SMITH"},{"data":"Gremlin:Flurry","floor":40,"key":"SMITH"},{"data":"Gremlin:Erupt","floor":42,"key":"SMITH"},{"data":"Gremlin:Pinprick","floor":44,"key":"SMITH"},{"data":"Gremlin:Pinprick","floor":49,"key":"SMITH"}],"circlet_count":0,"master_deck":["Gremlin:Strike+1","Gremlin:Defend+1","Gremlin:Defend+1","Gremlin:TagTeam","Gremlin:GremlinDance","Gremlin:Erupt+1","Gremlin:CatScratch+1","Gremlin:Pinprick+1","Gremlin:GlitterGuard","Gremlin:Unforgiving+1","Gremlin:GremlinArms","Gremlin:Pinprick+1","Gremlin:TwistTheKnife","Gremlin:Pinprick+1","Gremlin:GremlinMeal+1","Gremlin:CongaLine","Gremlin:GremlinMeal","Gremlin:TwistTheKnife+1","Gremlin:GremlinMeal+1","Violence","Gremlin:GlitterGuard+1","Gremlin:Flurry+1","Gremlin:Duplicate+1","Gremlin:Erupt+1","beaked:WalkersFury+1","beaked:WalkersFury+1","Secret Technique","Gremlin:Fury"],"relics":["Gremlin:GremlinKnob","Incense Burner","Prayer Wheel","Gremlin:StolenMerchandise","Pocketwatch","Anchor","Orichalcum","MawBank","Philosopher\u0027s Stone","Ornamental Fan","Lantern","Smiling Mask","MealTicket","Nloth\u0027s Gift","beaked:SacredDeck","DollysMirror","Ancient Tea Set","Happy Flower","Bronze Scales","The Courier"],"acts_visited":["Exordium","TheCity","TheBeyond"],"potions_floor_usage":[10,22,50,50],"damage_taken":[{"damage":0.0,"enemies":"Cultist","floor":1.0,"turns":3.0},{"damage":0,"enemies":"Small Slimes","floor":2,"turns":3},{"damage":4,"enemies":"2 Louse","floor":5,"turns":3},{"damage":18,"enemies":"3 Sentries","floor":6,"turns":7},{"damage":0,"enemies":"2 Fungi Beasts","floor":7,"turns":3},{"damage":0,"enemies":"3 Louse","floor":10,"turns":4},{"damage":0,"enemies":"Exordium Thugs","floor":11,"turns":2},{"damage":0,"enemies":"Lagavulin","floor":13,"turns":4},{"damage":0,"enemies":"Large Slime","floor":14,"turns":2},{"damage":7,"enemies":"Hexaghost","floor":16,"turns":6},{"damage":0,"enemies":"Spheric Guardian","floor":18,"turns":3},{"damage":0,"enemies":"2 Thieves","floor":20,"turns":1},{"damage":4,"enemies":"Snecko","floor":22,"turns":4},{"damage":0,"enemies":"Book of Stabbing","floor":24,"turns":4},{"damage":0,"enemies":"Slavers","floor":27,"turns":1},{"damage":0,"enemies":"Gremlin Leader","floor":29,"turns":1},{"damage":0,"enemies":"Collector","floor":33,"turns":3},{"damage":0,"enemies":"3 Darklings","floor":35,"turns":2},{"damage":0,"enemies":"3 Shapes","floor":41,"turns":2},{"damage":0,"enemies":"Giant Head","floor":47,"turns":2},{"damage":0,"enemies":"Jaw Worm Horde","floor":48,"turns":1},{"damage":0,"enemies":"Time Eater","floor":50,"turns":4}],"seed_played":"-8593166402153489050","potions_obtained":[{"floor":2,"key":"EssenceOfSteel"},{"floor":6,"key":"Ancient Potion"},{"floor":7,"key":"Strength Potion"},{"floor":16,"key":"Swift Potion"},{"floor":22,"key":"FearPotion"},{"floor":33,"key":"LiquidMemories"},{"floor":47,"key":"CultistPotion"},{"floor":48,"key":"PowerPotion"}],"is_trial":false,"path_per_floor":["M","M","?","?","M","E","M","?","T","M","M","?","E","M","R","B",null,"M","?","M","$","M","R","E","R","T","E","?","E","?","$","R","B",null,"M","?","?","$","?","R","M","R","T","R","?","T","E","M","R","B",null],"character_chosen":"GREMLIN","items_purchased":["Prayer Wheel","Gremlin:StolenMerchandise","Gremlin:CatScratch","Gremlin:GremlinMeal","Violence","DeathKnight:PutricidesVial","SteroidPotion","DollysMirror","Ancient Tea Set","Secret Technique"],"campfire_rested":0,"item_purchase_floors":[0,0,0,21,21,21,31,38,38,38],"current_hp_per_floor":[20,20,19,19,19,1,19,19,19,15,19,15,15,15,15,1,15,16,16,16,16,11,11,16,16,16,19,19,11,11,19,19,19,19,19,19,19,19,14,14,14,14,14,14,14,14,14,18,18,14],"gold":305,"neow_bonus":"","is_daily":false,"chose_seed":false,"campfire_upgraded":8,"win_rate":0.0,"timestamp":1609001968,"path_taken":["M","M","?","?","M","E","?","?","T","M","M","?","E","M","R","BOSS","M","?","M","$","M","R","E","R","T","E","?","E","?","$","R","BOSS","M","?","?","$","?","R","M","R","T","R","?","?","E","M","R","BOSS"],"items_purchased_type":["Relic","Relic","Card","Card","Card","Relic","Potion","Relic","Relic","Card"],"build_version":"2020-12-22","purchased_purges":3,"victory":true,"max_hp_per_floor":[20,20,19,19,19,19,19,19,19,19,19,19,19,19,19,19,19,19,19,19,19,19,19,19,19,19,19,19,19,19,19,19,19,19,19,19,19,19,19,19,19,19,19,19,19,19,19,19,19,19],"card_choices":[{"not_picked":["Gremlin:CatScratch","Gremlin:GremlinMeal"],"picked":"Gremlin:Pinprick","floor":1.0},{"not_picked":["Gremlin:BubbleBarrier","Gremlin:Changeo","Gremlin:Tadah"],"picked":"SKIP","floor":1.0},{"not_picked":["Gremlin:MakeshiftArmor","Gremlin:Patsy"],"picked":"Gremlin:GlitterGuard","floor":2},{"not_picked":["Gremlin:Irritability","Gremlin:PourSalt","Gremlin:CatScratch"],"picked":"SKIP","floor":2},{"not_picked":["Gremlin:Presto","Gremlin:Irritability"],"picked":"Gremlin:Unforgiving","floor":5},{"not_picked":["Gremlin:PourSalt","Gremlin:Patsy","Gremlin:DaggerDance"],"picked":"SKIP","floor":5},{"not_picked":["Gremlin:FeelTheAudience","Gremlin:Heckle","Gremlin:Astound"],"picked":"SKIP","floor":6},{"not_picked":["Gremlin:BubbleBarrier","Gremlin:Presto"],"picked":"Gremlin:Pinprick","floor":7},{"not_picked":["Gremlin:Pinprick","Gremlin:Jeer"],"picked":"Gremlin:GremlinArms","floor":7},{"not_picked":["Gremlin:Jeer","Gremlin:Raid"],"picked":"Gremlin:Pinprick","floor":10},{"not_picked":["Gremlin:CatScratch","Gremlin:BulkUp","Gremlin:Patsy"],"picked":"SKIP","floor":10},{"not_picked":["Gremlin:CounterStrike","Gremlin:FeelTheAudience"],"picked":"Gremlin:TwistTheKnife","floor":11},{"not_picked":["Gremlin:BurlyBlow","Gremlin:Raid","Gremlin:BulkUp"],"picked":"SKIP","floor":11},{"not_picked":["Gremlin:CongaLine","Gremlin:Pickpocket"],"picked":"Gremlin:Pinprick","floor":13},{"not_picked":["Gremlin:ToeStub","Gremlin:Presto"],"picked":"Gremlin:GremlinMeal","floor":14},{"not_picked":["Gremlin:Patsy","Gremlin:CatScratch","Gremlin:PourSalt"],"picked":"SKIP","floor":14},{"not_picked":["Gremlin:BrokenShin","Gremlin:ShadowShiv"],"picked":"Gremlin:CongaLine","floor":16},{"not_picked":["Gremlin:ToeStub","Gremlin:Enthusiasm"],"picked":"Gremlin:GremlinMeal","floor":18},{"not_picked":["Gremlin:MakeshiftArmor","Gremlin:GremlinToss","Gremlin:Wizardry+1"],"picked":"SKIP","floor":18},{"not_picked":["Gremlin:Kablamo","Gremlin:SharpenBlades"],"picked":"Gremlin:TwistTheKnife+1","floor":20},{"not_picked":["Gremlin:ArmsTheft","Gremlin:Irritability","Gremlin:PourSalt+1"],"picked":"SKIP","floor":20},{"not_picked":["Gremlin:Changeo","Gremlin:Tricksy"],"picked":"Gremlin:GlitterGuard+1","floor":22},{"not_picked":["Gremlin:Tricksy+1","Gremlin:GlitterGuard","Gremlin:Pickpocket"],"picked":"SKIP","floor":22},{"not_picked":["Gremlin:Changeo+1","Gremlin:BubbleBarrier+1"],"picked":"Gremlin:Flurry","floor":24},{"not_picked":["Gremlin:Irritability","Gremlin:BulkUp","Gremlin:FeelTheAudience+1"],"picked":"SKIP","floor":27},{"not_picked":["Gremlin:Dazzle+1","Gremlin:Scatter"],"picked":"Gremlin:Duplicate","floor":29},{"not_picked":["Gremlin:ShadowShiv","Gremlin:Exacerbate"],"picked":"Gremlin:Erupt","floor":33},{"not_picked":["Gremlin:ShowOfHands+1","Gremlin:BubbleBarrier+1","Gremlin:Tadah+1"],"picked":"SKIP","floor":35},{"not_picked":["Gremlin:PourSalt+1","Gremlin:Irritability","Gremlin:Glimmer"],"picked":"SKIP","floor":35},{"not_picked":["Gremlin:Changeo","Gremlin:Tricksy+1"],"picked":"Gremlin:Fury","floor":41},{"not_picked":["Gremlin:Changeo+1","Gremlin:BubbleBarrier+1","Gremlin:ToeStub"],"picked":"SKIP","floor":41},{"not_picked":["Gremlin:Encore","Gremlin:SecondVolley","Gremlin:Revel+1"],"picked":"SKIP","floor":47},{"not_picked":["Gremlin:FollowThrough","Gremlin:AggressiveDefense","Gremlin:BulkUp"],"picked":"SKIP","floor":48},{"not_picked":["Gremlin:EdibleArmor+1","Gremlin:ShankStone+1","Gremlin:GremlinToss"],"picked":"SKIP","floor":48}],"player_experience":281519,"relics_obtained":[{"floor":6,"key":"Anchor"},{"floor":9,"key":"Orichalcum"},{"floor":13,"key":"MawBank"},{"floor":24,"key":"Ornamental Fan"},{"floor":26,"key":"Lantern"},{"floor":27,"key":"Smiling Mask"},{"floor":29,"key":"MealTicket"},{"floor":43,"key":"Happy Flower"},{"floor":46,"key":"Bronze Scales"},{"floor":47,"key":"The Courier"}],"event_choices":[{"damage_healed":0,"gold_gain":0,"player_choice":"Lose Max HP","damage_taken":0,"relics_obtained":["Golden Idol"],"max_hp_gain":0,"max_hp_loss":1,"event_name":"Golden Idol","floor":3,"gold_loss":0},{"cards_removed":["Gremlin:Strike"],"damage_healed":0,"gold_gain":0,"player_choice":"Offered Basic","damage_taken":0,"max_hp_gain":0,"max_hp_loss":0,"event_name":"Bonfire Elementals","floor":4,"gold_loss":0},{"damage_healed":0,"gold_gain":0,"player_choice":"Ignored","damage_taken":0,"max_hp_gain":0,"max_hp_loss":0,"event_name":"Liars Game","floor":8,"gold_loss":0},{"damage_healed":0,"gold_gain":0,"player_choice":"Entered Light","damage_taken":4,"max_hp_gain":0,"max_hp_loss":0,"event_name":"Shining Light","floor":12,"gold_loss":0,"cards_upgraded":["Gremlin:CatScratch","Gremlin:Pinprick"]},{"damage_healed":0,"gold_gain":0,"player_choice":"Simplicity","damage_taken":0,"max_hp_gain":0,"max_hp_loss":0,"event_name":"Back to Basics","floor":19,"gold_loss":0,"cards_upgraded":["Gremlin:Strike","Gremlin:Strike","Gremlin:Defend","Gremlin:Defend","Gremlin:Defend"]},{"cards_removed":["Gremlin:Strike"],"damage_healed":0,"gold_gain":0,"player_choice":"Gave Gold","damage_taken":0,"max_hp_gain":0,"max_hp_loss":0,"event_name":"Beggar","floor":28,"gold_loss":75},{"damage_healed":0,"gold_gain":0,"player_choice":"Traded Relic","damage_taken":0,"relics_obtained":["Nloth\u0027s Gift"],"max_hp_gain":0,"max_hp_loss":0,"event_name":"N\u0027loth","floor":30,"relics_lost":["DeathKnight:PutricidesVial"],"gold_loss":0},{"damage_healed":0,"gold_gain":333,"player_choice":"Gave Idol","damage_taken":0,"max_hp_gain":0,"max_hp_loss":0,"event_name":"The Moai Head","floor":36,"relics_lost":["Golden Idol"],"gold_loss":0},{"damage_healed":0,"gold_gain":0,"player_choice":"Ignored","damage_taken":0,"max_hp_gain":0,"max_hp_loss":0,"event_name":"Tomb of Lord Red Mask","floor":37,"gold_loss":0},{"cards_removed":["Gremlin:Pinprick"],"damage_healed":0,"gold_gain":0,"player_choice":"Removed Attack","damage_taken":0,"max_hp_gain":0,"max_hp_loss":0,"event_name":"Falling","floor":45,"gold_loss":0}],"is_beta":false,"boss_relics":[{"not_picked":["Ectoplasm","Fusion Hammer"],"picked":"Philosopher\u0027s Stone"},{"not_picked":["Calling Bell","Pandora\u0027s Box"],"picked":"beaked:SacredDeck"}],"items_purged_floors":[0,0,21],"is_endless":false,"potions_floor_spawned":[2,6,7,16,22,27,33,47,48],"ascension_level":8}}