{"host":"e1d4pmcf31bpmsqo","time":1609554297,"event":{"mods":["BaseMod","Better Note","Better Third Choice","Colored Powertips","Disable Question Mark Monsters","Minty Spire (QoL Compilation)","Relic Stats","StSLib"],"gold_per_floor":[113,125,18,37,37,69,0,0,0],"floor_reached":8,"playtime":222,"items_purged":[],"score":112,"play_id":"21e3240a-7f4b-4d24-90b4-0b19571a3dbc","local_time":"20210102132457","is_ascension_mode":true,"campfire_choices":[],"circlet_count":0,"master_deck":["AscendersBane","Strike_B","Strike_B","Strike_B","Strike_B","Defend_B","Defend_B","Defend_B","Defend_B","Zap","Dualcast","Doom and Gloom","Static Discharge","Barrage","Cold Snap","BootSequence"],"relics":["Runic Dome","InkBottle"],"acts_visited":["Exordium"],"potions_floor_usage":[6],"damage_taken":[{"damage":1,"enemies":"Cultist","floor":1,"turns":3},{"damage":19,"enemies":"Jaw Worm","floor":2,"turns":4},{"damage":9,"enemies":"2 Louse","floor":4,"turns":2},{"damage":16,"enemies":"3 Sentries","floor":6,"turns":5},{"damage":37,"enemies":"Gremlin Nob","floor":8,"turns":3}],"seed_played":"624880261651952556","potions_obtained":[{"floor":4,"key":"ColorlessPotion"}],"is_trial":false,"path_per_floor":["M","M","$","M","?","E","?","E"],"character_chosen":"DEFECT","items_purchased":["Static Discharge","Barrage"],"campfire_rested":0,"item_purchase_floors":[3,3],"current_hp_per_floor":[63,44,44,35,35,19,25,0,0],"gold":0,"neow_bonus":"BOSS_RELIC","is_daily":false,"chose_seed":false,"campfire_upgraded":0,"win_rate":0.0,"timestamp":1609554297,"path_taken":["M","M","?","M","?","E","?","E"],"items_purchased_type":["Card","Card"],"build_version":"2020-12-22","purchased_purges":0,"victory":false,"max_hp_per_floor":[71,71,71,71,71,71,77,77,77],"relic_stats":{"counters":[5,17],"obtain_stats":[{"Runic Dome":0,"Cracked Core":0,"InkBottle":6},{"Runic Dome":0,"Cracked Core":0,"InkBottle":4},{"Runic Dome":0,"Cracked Core":0,"InkBottle":14}],"InkBottle":[0]},"card_choices":[{"not_picked":["Streamline","Beam Cell"],"picked":"Doom and Gloom","floor":1},{"not_picked":["Stack","Beam Cell","Hologram"],"picked":"SKIP","floor":2},{"not_picked":["Aggregate","Stack"],"picked":"Cold Snap","floor":4},{"not_picked":["Conserve Battery","Chaos"],"picked":"BootSequence","floor":6}],"player_experience":999672,"relics_obtained":[{"floor":6,"key":"InkBottle"}],"event_choices":[{"damage_healed":35,"gold_gain":0,"player_choice":"Leave","damage_taken":0,"max_hp_gain":0,"max_hp_loss":71,"event_name":"betterThird:BetterShining","floor":5,"gold_loss":0},{"damage_healed":0,"gold_gain":0,"player_choice":"RENOUNCE","damage_taken":69,"max_hp_gain":0,"max_hp_loss":0,"event_name":"betterThird:BetterSerpent","floor":7,"gold_loss":69,"cards_obtained":["Enlightenment"]}],"is_beta":false,"boss_relics":[],"items_purged_floors":[],"is_endless":false,"potions_floor_spawned":[4],"killed_by":"Gremlin Nob","ascension_level":20}}