{"host":"h4lp0eeso8a0ssq0","time":1609627209,"event":{"mods":["2.2 Compatiblity","AchievementEnabler","BaseMod","CapriCore","Colored Map","Lobotomy","Minty Spire (QoL Compilation)","StSLib","SuperFastMode"],"gold_per_floor":[111,131,144,144,155,155,173,188,188,263,263,284,301,41,41,41,41],"floor_reached":16,"playtime":345,"items_purged":["Defend_P"],"score":119,"play_id":"89b76ee4-469d-43f4-956f-b9c3308b178e","local_time":"20210103074009","is_ascension_mode":false,"campfire_choices":[{"data":"Eruption","floor":6,"key":"SMITH"},{"floor":11,"key":"REST"},{"data":"Adaptation","floor":15,"key":"SMITH"}],"circlet_count":0,"master_deck":["Strike_P","Strike_P","Strike_P","Strike_P","Defend_P","Defend_P","Defend_P","Eruption+1","Vigilance","BowlingBash","Adaptation+1","MentalFortress"],"relics":["PureWater","Juzu Bracelet","Odd Mushroom","Lee\u0027s Waffle"],"acts_visited":["Exordium"],"potions_floor_usage":[12,16],"damage_taken":[{"damage":0.0,"enemies":"Cultist","floor":1.0,"turns":4.0},{"damage":3.0,"enemies":"Jaw Worm","floor":2.0,"turns":3.0},{"damage":0.0,"enemies":"Small Slimes","floor":3.0,"turns":2.0},{"damage":8,"enemies":"Blue Slaver","floor":5,"turns":3},{"damage":0,"enemies":"Exordium Wildlife","floor":7,"turns":3},{"damage":11,"enemies":"3 Louse","floor":8,"turns":4},{"damage":20,"enemies":"The Mushroom Lair","floor":12,"turns":3},{"damage":2,"enemies":"Looter","floor":13,"turns":2},{"damage":93,"enemies":"Hexaghost","floor":16,"turns":12}],"seed_played":"-3208170475647879570","potions_obtained":[{"floor":7,"key":"Ancient Potion"},{"floor":8,"key":"Fire Potion"},{"floor":13,"key":"Swift Potion"}],"is_trial":false,"path_per_floor":["M","M","M","?","M","R","M","M","T","?","R","?","M","$","R","B"],"character_chosen":"WATCHER","items_purchased":["MentalFortress","Lee\u0027s Waffle"],"campfire_rested":1,"item_purchase_floors":[14,14],"current_hp_per_floor":[65,62,62,62,54,54,54,43,43,32,57,37,35,93,93,0,0],"gold":41,"neow_bonus":"TWENTY_PERCENT_HP_BONUS","is_daily":false,"chose_seed":false,"campfire_upgraded":2,"win_rate":0.0,"timestamp":1609627209,"path_taken":["M","?","M","?","?","R","M","M","T","?","R","?","M","$","R","BOSS"],"items_purchased_type":["Card","Relic"],"build_version":"2020-12-22","purchased_purges":1,"victory":false,"max_hp_per_floor":[86,86,86,86,86,86,86,86,86,86,86,86,86,93,93,93,93],"card_choices":[{"not_picked":["FollowUp","CutThroughFate","Perseverance"],"picked":"SKIP","floor":1.0},{"not_picked":["CrushJoints","DeceiveReality","BattleHymn"],"picked":"SKIP","floor":2.0},{"not_picked":["Weave","CarveReality"],"picked":"BowlingBash","floor":3.0},{"not_picked":["Evaluate","Vengeance"],"picked":"Adaptation","floor":5},{"not_picked":["Crescendo","SignatureMove","Protect"],"picked":"SKIP","floor":7},{"not_picked":["PathToVictory","CrushJoints","Prostrate"],"picked":"SKIP","floor":8},{"not_picked":["Brilliance","FollowUp","Sanctity"],"picked":"SKIP","floor":13}],"player_experience":39098,"relics_obtained":[{"floor":9,"key":"Juzu Bracelet"},{"floor":12,"key":"Odd Mushroom"}],"event_choices":[{"damage_healed":0.0,"max_hp_gain":0.0,"max_hp_loss":0.0,"gold_gain":0.0,"event_name":"NoteForYourself","player_choice":"Ignored","floor":4.0,"gold_loss":0.0,"damage_taken":0.0},{"damage_healed":0,"gold_gain":75,"player_choice":"Gather Gold","damage_taken":11,"max_hp_gain":0,"max_hp_loss":0,"event_name":"World of Goop","floor":10,"gold_loss":0},{"damage_healed":0,"gold_gain":0,"player_choice":"Fought Mushrooms","damage_taken":0,"max_hp_gain":0,"max_hp_loss":0,"event_name":"Mushrooms","floor":12,"gold_loss":0}],"is_beta":false,"boss_relics":[],"items_purged_floors":[14],"is_endless":false,"potions_floor_spawned":[7,8,13],"killed_by":"Hexaghost","ascension_level":0}}