{"host":"lxgv1wbl12oya7hr","time":1609564493,"event":{"mods":["BaseMod","Minty Spire (QoL Compilation)","Permanent Neow","StSLib"],"gold_per_floor":[112,122,122,139,26,26,58,76,125,141,141,173,18,18,18,148,148,162,162,162,0,0,0,14,14,63,97,97,140,40,65,65,65,65],"floor_reached":33,"playtime":2210,"items_purged":["Writhe","Strike_R"],"score":331,"play_id":"4bf714d5-4696-4f1a-93da-563a68e398c8","local_time":"20210101211453","is_ascension_mode":true,"campfire_choices":[{"data":"Flame Barrier","floor":6,"key":"SMITH"},{"data":"Metamorphosis","floor":11,"key":"SMITH"},{"data":"Bash","floor":15,"key":"SMITH"},{"data":"Ghostly","floor":23,"key":"SMITH"},{"data":"Ghostly","floor":25,"key":"SMITH"},{"data":"Bludgeon","floor":28,"key":"SMITH"},{"data":"Ghostly","floor":32,"key":"SMITH"}],"circlet_count":0,"master_deck":["Strike_R","Strike_R","Strike_R+1","Strike_R","Defend_R","Defend_R","Defend_R","Defend_R","Bash+1","Metamorphosis+1","Battle Trance","Flame Barrier+1","Uppercut+1","Metallicize","Clothesline","Sword Boomerang","Sword Boomerang","Shrug It Off","Metallicize","Bludgeon+1","Flame Barrier","Ghostly+1","Ghostly+1","Ghostly","Ghostly","Ghostly+1","RitualDagger","Offering"],"relics":["Burning Blood","Pear","Whetstone","Golden Idol","Black Star","Enchiridion","Bag of Marbles","Bottled Flame","Eternal Feather","InkBottle","Ornamental Fan"],"acts_visited":["Exordium","TheCity"],"potions_floor_usage":[7,10,27,27,27,33],"damage_taken":[{"damage":3,"enemies":"2 Louse","floor":1,"turns":4},{"damage":1,"enemies":"Cultist","floor":2,"turns":3},{"damage":3,"enemies":"Small Slimes","floor":4,"turns":3},{"damage":23,"enemies":"Lagavulin","floor":7,"turns":7},{"damage":12,"enemies":"Exordium Wildlife","floor":8,"turns":5},{"damage":6,"enemies":"Large Slime","floor":10,"turns":5},{"damage":19,"enemies":"3 Sentries","floor":12,"turns":7},{"damage":13,"enemies":"Hexaghost","floor":16,"turns":9},{"damage":2,"enemies":"Chosen","floor":18,"turns":6},{"damage":1,"enemies":"Shell Parasite","floor":24,"turns":7},{"damage":1,"enemies":"Book of Stabbing","floor":27,"turns":7},{"damage":17,"enemies":"Slavers","floor":29,"turns":7},{"damage":11,"enemies":"Sentry and Sphere","floor":31,"turns":12},{"damage":71,"enemies":"Collector","floor":33,"turns":7}],"seed_played":"1956352389595105632","potions_obtained":[{"floor":1,"key":"BlessingOfTheForge"},{"floor":7,"key":"SkillPotion"},{"floor":16,"key":"SkillPotion"},{"floor":18,"key":"Energy Potion"},{"floor":24,"key":"LiquidBronze"},{"floor":31,"key":"Fruit Juice"}],"is_trial":false,"path_per_floor":["M","M","?","M","$","R","E","M","T","M","R","E","$","?","R","B",null,"M","?","?","?","?","R","M","R","T","E","R","E","$","M","R","B"],"character_chosen":"IRONCLAD","items_purchased":["Uppercut","Metallicize","Metallicize"],"campfire_rested":0,"item_purchase_floors":[5,5,13],"current_hp_per_floor":[80,80,80,80,80,80,73,67,67,67,67,54,54,54,54,47,83,83,41,35,35,19,19,24,24,24,29,41,30,30,25,40,0,0],"gold":65,"neow_bonus":"RANDOM_COLORLESS_2","is_daily":false,"chose_seed":false,"campfire_upgraded":7,"win_rate":0.0,"timestamp":1609564493,"path_taken":["M","M","?","M","$","R","E","M","T","M","R","E","?","?","R","BOSS","M","?","?","?","?","R","M","R","T","E","R","E","$","?","R","BOSS"],"items_purchased_type":["Card","Card","Card"],"build_version":"2020-12-22","purchased_purges":2,"victory":false,"max_hp_per_floor":[80,80,80,80,80,80,90,90,90,90,90,90,90,83,83,83,83,83,41,41,41,41,41,41,41,41,41,41,41,41,41,41,46,46],"card_choices":[{"not_picked":["Chrysalis","Thinking Ahead"],"picked":"Metamorphosis","floor":0},{"not_picked":["Havoc","Rage","Heavy Blade"],"picked":"SKIP","floor":1},{"not_picked":["Anger","Clothesline"],"picked":"Battle Trance","floor":2},{"not_picked":["Shrug It Off","Shockwave"],"picked":"Flame Barrier","floor":4},{"not_picked":["Shockwave","Burning Pact"],"picked":"Clothesline","floor":7},{"not_picked":["Battle Trance","Brutality"],"picked":"Sword Boomerang","floor":8},{"not_picked":["Havoc","Dropkick"],"picked":"Sword Boomerang","floor":10},{"not_picked":["Pommel Strike","Heavy Blade"],"picked":"Shrug It Off","floor":12},{"not_picked":["Barricade","Reaper"],"picked":"Bludgeon","floor":16},{"not_picked":["Battle Trance","Thunderclap+1"],"picked":"Flame Barrier","floor":18},{"not_picked":["Body Slam","True Grit","Clothesline"],"picked":"SKIP","floor":24},{"not_picked":["Evolve+1","Sword Boomerang+1"],"picked":"Offering","floor":27},{"not_picked":["Armaments","Perfected Strike","Warcry"],"picked":"SKIP","floor":29},{"not_picked":["Uppercut","Combust","Twin Strike"],"picked":"SKIP","floor":31}],"player_experience":2225433,"relics_obtained":[{"floor":7,"key":"Pear"},{"floor":12,"key":"Whetstone"},{"floor":22,"key":"Enchiridion"},{"floor":26,"key":"Bag of Marbles"},{"floor":27,"key":"Bottled Flame"},{"floor":27,"key":"Eternal Feather"},{"floor":29,"key":"InkBottle"},{"floor":29,"key":"Ornamental Fan"}],"event_choices":[{"damage_healed":0,"gold_gain":0,"player_choice":"0 cards matched","damage_taken":0,"max_hp_gain":0,"max_hp_loss":0,"event_name":"Match and Keep!","floor":3,"gold_loss":0,"cards_obtained":[]},{"damage_healed":0,"gold_gain":0,"player_choice":"Lose Max HP","damage_taken":0,"relics_obtained":["Golden Idol"],"max_hp_gain":0,"max_hp_loss":7,"event_name":"Golden Idol","floor":14,"gold_loss":0},{"damage_healed":0,"gold_gain":0,"player_choice":"Became a Ghost","damage_taken":0,"max_hp_gain":0,"max_hp_loss":42,"event_name":"Ghosts","floor":19,"gold_loss":0,"cards_obtained":["Ghostly","Ghostly","Ghostly","Ghostly","Ghostly"]},{"damage_healed":0,"gold_gain":0,"player_choice":"Joined the Cult","damage_taken":6,"max_hp_gain":0,"max_hp_loss":0,"event_name":"Nest","floor":20,"gold_loss":0,"cards_obtained":["RitualDagger"]},{"damage_healed":0,"gold_gain":0,"player_choice":"Paid Fearfully","damage_taken":0,"max_hp_gain":0,"max_hp_loss":0,"event_name":"Masked Bandits","floor":21,"gold_loss":162},{"damage_healed":0,"gold_gain":0,"player_choice":"Obtained Book","damage_taken":16,"max_hp_gain":0,"max_hp_loss":0,"event_name":"Cursed Tome","floor":22,"gold_loss":0}],"is_beta":false,"boss_relics":[{"not_picked":["Snecko Eye","Runic Dome"],"picked":"Black Star"}],"items_purged_floors":[13,30],"is_endless":false,"potions_floor_spawned":[1,7,16,18,24,31],"killed_by":"Collector","ascension_level":1}}