{"host":"ymmeoa1x24ihslbm","time":1609595583,"event":{"mods":["AchievementEnabler","BaseMod","Colored Map","Colored Powertips","Defuse TimeMaze Blight","Highlight Path","Minty Spire (QoL Compilation)","Permanent Neow","Quick Restart","StSLib","Unceasing Turn Reminder"],"gold_per_floor":[112,187,199,199,213,213,249,249,249,249,524,547,497,513,513,633,633,652,652,671,718,63,63,107,119,131,143,155,167,218,248,260,393,405,437,449,461,488,500,556,568,53,53,53,53,93,31,47,47,47],"floor_reached":51,"playtime":2557,"items_purged":["Writhe"],"score":1030,"play_id":"9f4cc1b2-7b76-4eb8-bc9d-70d88c3afa96","local_time":"20210102145303","is_ascension_mode":true,"campfire_choices":[{"data":"FollowUp","floor":6.0,"key":"SMITH"},{"data":"Vigilance","floor":8.0,"key":"SMITH"},{"data":"Defend_P","floor":10.0,"key":"SMITH"},{"data":"Weave","floor":15.0,"key":"SMITH"},{"data":"Wireheading","floor":23.0,"key":"SMITH"},{"data":"CarveReality","floor":25,"key":"SMITH"},{"data":"Wireheading","floor":27,"key":"SMITH"},{"data":"Defend_P","floor":29,"key":"SMITH"},{"data":"FearNoEvil","floor":32,"key":"SMITH"},{"data":"Thinking Ahead","floor":41,"key":"SMITH"},{"data":"Ragnarok","floor":49,"key":"SMITH"}],"circlet_count":0,"master_deck":["Strike_P","Strike_P","Strike_P","Strike_P","Defend_P+1","Defend_P+1","Defend_P","Defend_P","Eruption+1","Vigilance+1","CarveReality+1","FollowUp+1","Wireheading+1","Weave+1","Wireheading+1","Blasphemy+1","DeceiveReality+1","FlurryOfBlows+1","FearNoEvil+1","Evaluate+1","EmptyFist+1","Deep Breath","Thinking Ahead+1","Meditate+1","Ragnarok+1"],"relics":["PureWater","Golden Idol","The Courier","Akabeko","SacredBark","MutagenicStrength","PreservedInsect","Membership Card","Bag of Marbles","Gremlin Horn","Vajra","Orichalcum","Juzu Bracelet","Meat on the Bone","Kunai","MawBank","White Beast Statue","Bird Faced Urn","VioletLotus","Art of War","Dead Branch","TungstenRod","Eternal Feather","Anchor","Toxic Egg 2","StrikeDummy","Du-Vu Doll"],"acts_visited":["Exordium","TheCity","TheBeyond"],"potions_floor_usage":[33,35,46,47,50,50,50],"damage_taken":[{"damage":2.0,"enemies":"Jaw Worm","floor":1.0,"turns":3.0},{"damage":3.0,"enemies":"Small Slimes","floor":3.0,"turns":4.0},{"damage":0.0,"enemies":"Cultist","floor":5.0,"turns":2.0},{"damage":15.0,"enemies":"Lagavulin","floor":7.0,"turns":4.0},{"damage":3.0,"enemies":"2 Fungi Beasts","floor":12.0,"turns":3.0},{"damage":1.0,"enemies":"Blue Slaver","floor":14.0,"turns":2.0},{"damage":0.0,"enemies":"Slime Boss","floor":16.0,"turns":5.0},{"damage":22.0,"enemies":"2 Thieves","floor":18.0,"turns":2.0},{"damage":0.0,"enemies":"Chosen","floor":20.0,"turns":2.0},{"damage":18,"enemies":"Book of Stabbing","floor":24,"turns":2},{"damage":0,"enemies":"Gremlin Leader","floor":30,"turns":1},{"damage":0,"enemies":"Snecko","floor":31,"turns":1},{"damage":21,"enemies":"Collector","floor":33,"turns":7},{"damage":0,"enemies":"3 Shapes","floor":35,"turns":3},{"damage":0,"enemies":"3 Darklings","floor":38,"turns":1},{"damage":1,"enemies":"Giant Head","floor":40,"turns":4},{"damage":0,"enemies":"Nemesis","floor":46,"turns":3},{"damage":0,"enemies":"Spire Growth","floor":48,"turns":2},{"damage":16,"enemies":"Donu and Deca","floor":50,"turns":5}],"seed_played":"-1213727019992176152","potions_obtained":[{"floor":1.0,"key":"StancePotion"},{"floor":3.0,"key":"Energy Potion"},{"floor":12.0,"key":"SpeedPotion"},{"floor":20.0,"key":"StancePotion"},{"floor":30,"key":"ColorlessPotion"},{"floor":31,"key":"SteroidPotion"},{"floor":33,"key":"AttackPotion"},{"floor":35,"key":"Regen Potion"},{"floor":40,"key":"LiquidMemories"},{"floor":46,"key":"Ambrosia"}],"is_trial":false,"path_per_floor":["M","?","M","?","M","R","E","R","T","R","?","M","?","M","R","B",null,"M","?","M","T","$","R","E","R","T","R","$","R","E","M","R","B",null,"M","?","?","M","?","E","R","$","T","?","?","E","$","M","R","B",null],"character_chosen":"WATCHER","items_purchased":["Membership Card","Bag of Marbles","Gremlin Horn","Vajra","Orichalcum","Juzu Bracelet","Meat on the Bone","Kunai","Dead Branch","TungstenRod","Eternal Feather","Anchor","Toxic Egg 2","Fruit Juice","Fire Potion"],"campfire_rested":0,"item_purchase_floors":[22,22,22,22,22,22,22,22,42,42,42,42,42,47,47],"current_hp_per_floor":[70,59,56,38,38,38,23,23,23,23,23,20,20,19,19,19,72,50,50,50,50,50,50,44,44,44,44,44,44,44,44,44,39,72,72,67,67,67,72,72,72,72,72,72,72,72,82,82,82,68],"gold":47,"neow_bonus":"UPGRADE_CARD","is_daily":false,"chose_seed":false,"campfire_upgraded":11,"win_rate":0.0,"timestamp":1609595583,"path_taken":["M","?","M","?","M","R","E","R","T","R","?","?","?","M","R","BOSS","M","?","M","?","$","R","E","R","T","R","$","R","E","M","R","BOSS","M","?","?","M","?","E","R","$","T","?","?","E","?","M","R","BOSS"],"items_purchased_type":["Relic","Relic","Relic","Relic","Relic","Relic","Relic","Relic","Relic","Relic","Relic","Relic","Relic","Potion","Potion"],"build_version":"2020-12-22","purchased_purges":1,"victory":true,"max_hp_per_floor":[72,72,72,72,72,72,72,72,72,72,72,72,72,72,72,72,72,72,72,72,72,72,72,72,72,72,72,72,72,72,72,72,72,72,72,72,72,72,72,72,72,72,72,72,72,72,82,82,82,82],"card_choices":[{"not_picked":["WreathOfFlame","EmptyFist"],"picked":"CarveReality","floor":1.0},{"not_picked":["EmptyFist","Fasting2"],"picked":"FollowUp","floor":3.0},{"not_picked":["FlurryOfBlows","CutThroughFate"],"picked":"Wireheading","floor":5.0},{"not_picked":["CrushJoints","InnerPeace","JustLucky"],"picked":"SKIP","floor":7.0},{"not_picked":["Consecrate","FlurryOfBlows"],"picked":"Weave","floor":12.0},{"not_picked":["SignatureMove","Indignation"],"picked":"Wireheading","floor":14.0},{"not_picked":["Ragnarok","Scrawl"],"picked":"Blasphemy","floor":16.0},{"not_picked":["FlyingSleeves+1","CrushJoints"],"picked":"DeceiveReality+1","floor":18.0},{"not_picked":["Protect","Halt"],"picked":"FlurryOfBlows+1","floor":20.0},{"not_picked":["ThirdEye","Prostrate"],"picked":"FearNoEvil","floor":24},{"not_picked":["SashWhip+1","Alpha","BowlingBash"],"picked":"SKIP","floor":30},{"not_picked":["LikeWater","FlurryOfBlows"],"picked":"Evaluate+1","floor":31},{"not_picked":["PathToVictory","Protect"],"picked":"EmptyFist+1","floor":35},{"not_picked":["Forethought","Secret Weapon"],"picked":"Deep Breath","floor":36},{"not_picked":["Mayhem","Deep Breath"],"picked":"Thinking Ahead","floor":36},{"not_picked":["WheelKick","Weave","ClearTheMind"],"picked":"SKIP","floor":38},{"not_picked":["Evaluate","Nirvana"],"picked":"Meditate+1","floor":40},{"not_picked":["ThirdEye+1","ClearTheMind+1"],"picked":"Ragnarok","floor":46},{"not_picked":["JustLucky+1","CutThroughFate+1","FollowUp+1"],"picked":"SKIP","floor":48}],"player_experience":686478,"relics_obtained":[{"floor":7.0,"key":"The Courier"},{"floor":9.0,"key":"Akabeko"},{"floor":21.0,"key":"PreservedInsect"},{"floor":24,"key":"MawBank"},{"floor":26,"key":"White Beast Statue"},{"floor":30,"key":"Bird Faced Urn"},{"floor":40,"key":"Art of War"},{"floor":43,"key":"StrikeDummy"},{"floor":46,"key":"Du-Vu Doll"}],"event_choices":[{"damage_healed":0.0,"max_hp_gain":0.0,"max_hp_loss":0.0,"gold_gain":75.0,"event_name":"World of Goop","player_choice":"Gather Gold","floor":2.0,"gold_loss":0.0,"damage_taken":11.0},{"damage_healed":0.0,"max_hp_gain":0.0,"max_hp_loss":0.0,"gold_gain":0.0,"event_name":"Golden Idol","player_choice":"Take Damage","floor":4.0,"gold_loss":0.0,"damage_taken":18.0,"relics_obtained":["Golden Idol"]},{"damage_healed":0.0,"max_hp_gain":0.0,"max_hp_loss":0.0,"gold_gain":275.0,"event_name":"Golden Shrine","player_choice":"Desecrate","floor":11.0,"gold_loss":0.0,"damage_taken":0.0,"cards_obtained":["Regret"]},{"cards_removed":["Regret"],"damage_healed":0.0,"max_hp_gain":0.0,"max_hp_loss":0.0,"gold_gain":0.0,"event_name":"The Cleric","player_choice":"Card Removal","floor":13.0,"gold_loss":50.0,"damage_taken":0.0},{"damage_healed":0.0,"max_hp_gain":0.0,"max_hp_loss":0.0,"gold_gain":0.0,"event_name":"Drug Dealer","player_choice":"Inject Mutagens","floor":19.0,"gold_loss":0.0,"damage_taken":0.0,"relics_obtained":["MutagenicStrength"]},{"damage_healed":0,"gold_gain":0,"player_choice":"Memory 2","damage_taken":5,"max_hp_gain":0,"max_hp_loss":0,"event_name":"SensoryStone","floor":36,"gold_loss":0},{"damage_healed":0,"gold_gain":0,"player_choice":"0 cards matched","damage_taken":0,"max_hp_gain":0,"max_hp_loss":0,"event_name":"Match and Keep!","floor":37,"gold_loss":0,"cards_obtained":[]},{"damage_healed":18,"gold_gain":0,"player_choice":"Writhe","damage_taken":0,"max_hp_gain":0,"max_hp_loss":0,"event_name":"Winding Halls","floor":39,"gold_loss":0,"cards_obtained":["Writhe"]},{"damage_healed":0,"gold_gain":0,"player_choice":"Upgraded","damage_taken":0,"max_hp_gain":0,"max_hp_loss":0,"event_name":"Upgrade Shrine","floor":44,"gold_loss":0,"cards_upgraded":["Blasphemy"]},{"damage_healed":0,"gold_gain":0,"player_choice":"Bought 0 Potions","damage_taken":0,"max_hp_gain":0,"max_hp_loss":0,"event_name":"The Woman in Blue","floor":45,"gold_loss":0}],"is_beta":false,"boss_relics":[{"not_picked":["Cursed Key","Busted Crown"],"picked":"SacredBark"},{"not_picked":["Runic Pyramid","Tiny House"],"picked":"VioletLotus"}],"items_purged_floors":[42],"is_endless":false,"potions_floor_spawned":[1,3,12,20,30,31,33,35,38,40,46,48],"ascension_level":3}}