{"host":"rmsq46plbpwfbxcc","time":1609612074,"event":{"mods":["AchievementEnabler","BaseMod","Colored Map","Colored Powertips","DeckTracker","KOR Keyword Fix","Minty Spire (QoL Compilation)","Permanent Neow","Quick Restart","SuperFastMode"],"gold_per_floor":[111,130,144,29,29,29,46,73,99,99,99,99,199,233,233,333,333,350,449,449,449,466,466,494,494,494,146,146,64,64,64,64,166,166,176,530,530,557,574,574,574,574],"floor_reached":41,"playtime":1154,"items_purged":["Strike_G","Defend_G"],"score":681,"play_id":"915f5e76-f749-4750-b352-ba20094322f3","local_time":"20210103032754","is_ascension_mode":true,"campfire_choices":[{"data":"Cloak And Dagger","floor":6,"key":"SMITH"},{"floor":10,"key":"REST"},{"data":"Blade Dance","floor":15,"key":"SMITH"},{"data":"Finisher","floor":23,"key":"SMITH"},{"data":"Phantasmal Killer","floor":25,"key":"SMITH"},{"data":"Neutralize","floor":28,"key":"SMITH"},{"data":"Choke","floor":30,"key":"SMITH"},{"data":"Backflip","floor":32,"key":"SMITH"},{"floor":40,"key":"REST"}],"circlet_count":0,"master_deck":["Strike_G+1","Defend_G+1","Defend_G+1","Survivor","Neutralize+1","CurseOfTheBell","Cloak And Dagger+1","PiercingWail","Finisher+1","Blade Dance+1","Backflip+1","Phantasmal Killer+1","Flechettes+1","Flying Knee+1","Acrobatics+1","Choke+1","Escape Plan","Backflip"],"relics":["Calling Bell","Akabeko","InkBottle","FossilizedHelix","Happy Flower","Juzu Bracelet","Whetstone","Astrolabe","Matryoshka","Darkstone Periapt","MealTicket","Tiny Chest","Question Card","Black Star","Old Coin","Art of War"],"acts_visited":["Exordium","TheCity","TheBeyond"],"potions_floor_usage":[2,16,36,41,41],"damage_taken":[{"damage":0,"enemies":"Small Slimes","floor":1,"turns":4},{"damage":16,"enemies":"Jaw Worm","floor":2,"turns":4},{"damage":0,"enemies":"Cultist","floor":3,"turns":4},{"damage":0,"enemies":"3 Louse","floor":7,"turns":3},{"damage":24,"enemies":"Lagavulin","floor":8,"turns":8},{"damage":7,"enemies":"3 Sentries","floor":14,"turns":9},{"damage":0,"enemies":"Hexaghost","floor":16,"turns":9},{"damage":0,"enemies":"Chosen","floor":18,"turns":4},{"damage":5,"enemies":"2 Thieves","floor":22,"turns":4},{"damage":0,"enemies":"Book of Stabbing","floor":24,"turns":4},{"damage":53,"enemies":"Champ","floor":33,"turns":9},{"damage":21,"enemies":"3 Darklings","floor":35,"turns":4},{"damage":8,"enemies":"2 Orb Walkers","floor":36,"turns":4},{"damage":0,"enemies":"Orb Walker","floor":39,"turns":2},{"damage":67,"enemies":"Giant Head","floor":41,"turns":7}],"seed_played":"3256848188338835538","potions_obtained":[{"floor":1,"key":"DuplicationPotion"},{"floor":8,"key":"BlessingOfTheForge"},{"floor":18,"key":"Strength Potion"},{"floor":33,"key":"AttackPotion"},{"floor":35,"key":"Weak Potion"},{"floor":36,"key":"ColorlessPotion"}],"is_trial":false,"path_per_floor":["M","M","M","$","?","R","M","E","T","R","?","?","?","E","R","B",null,"M","?","?","?","M","R","E","R","T","$","R","$","R","?","R","B",null,"M","?","?","T","M","R","E"],"character_chosen":"THE_SILENT","items_purchased":["Finisher","Question Card","Choke"],"campfire_rested":2,"item_purchase_floors":[4,27,29],"current_hp_per_floor":[63,47,47,47,33,33,33,9,9,30,23,28,28,21,21,21,62,62,62,62,62,57,57,57,57,57,72,72,75,75,75,75,22,62,41,33,33,33,33,54,0,0],"gold":574,"neow_bonus":"BOSS_RELIC","is_daily":false,"chose_seed":false,"campfire_upgraded":7,"win_rate":0.0,"timestamp":1609612074,"path_taken":["M","M","M","$","?","R","M","E","T","R","?","?","?","E","R","BOSS","M","?","?","?","M","R","E","R","T","$","R","$","R","?","R","BOSS","M","?","?","?","M","R","E"],"items_purchased_type":["Card","Relic","Card"],"build_version":"2020-12-22","purchased_purges":2,"victory":false,"max_hp_per_floor":[70,70,70,70,70,70,70,70,70,70,70,75,75,75,75,75,75,75,75,75,75,75,75,75,75,75,75,75,75,75,75,75,75,75,75,75,71,71,71,71,71,71],"card_choices":[{"not_picked":["PiercingWail","Endless Agony"],"picked":"Cloak And Dagger","floor":1},{"not_picked":["Outmaneuver","Acrobatics","Setup"],"picked":"SKIP","floor":2},{"not_picked":["Bane","Predator"],"picked":"PiercingWail","floor":3},{"not_picked":["Dagger Throw","Terror"],"picked":"Blade Dance","floor":7},{"not_picked":["Outmaneuver","Unload","Slice"],"picked":"SKIP","floor":8},{"not_picked":["Flying Knee","Deadly Poison"],"picked":"Backflip","floor":14},{"not_picked":["Doppelganger","Bullet Time"],"picked":"Phantasmal Killer","floor":16},{"not_picked":["Distraction","Expertise","Dodge and Roll+1"],"picked":"SKIP","floor":18},{"not_picked":["Finisher","Outmaneuver"],"picked":"Acrobatics+1","floor":22},{"not_picked":["Underhanded Strike","Poisoned Stab","Prepared+1"],"picked":"SKIP","floor":24},{"not_picked":["Sucker Punch+1","Flechettes+1","Dagger Throw"],"picked":"Escape Plan","floor":35},{"not_picked":["Predator","Dagger Throw+1","Eviscerate"],"picked":"Backflip","floor":36},{"not_picked":["Deadly Poison","Acrobatics+1","Backflip","Heel Hook+1"],"picked":"SKIP","floor":39}],"player_experience":653552,"relics_obtained":[{"floor":0,"key":"Akabeko"},{"floor":0,"key":"InkBottle"},{"floor":0,"key":"FossilizedHelix"},{"floor":8,"key":"Happy Flower"},{"floor":9,"key":"Juzu Bracelet"},{"floor":14,"key":"Whetstone"},{"floor":24,"key":"Darkstone Periapt"},{"floor":26,"key":"MealTicket"},{"floor":26,"key":"Tiny Chest"},{"floor":36,"key":"Old Coin"},{"floor":38,"key":"Art of War"}],"event_choices":[{"damage_healed":0,"gold_gain":0,"player_choice":"Entered Light","damage_taken":14,"max_hp_gain":0,"max_hp_loss":0,"event_name":"Shining Light","floor":5,"gold_loss":0,"cards_upgraded":["Defend_G","Defend_G"]},{"cards_removed":["Defend_G"],"damage_healed":0,"gold_gain":0,"player_choice":"Card Removal","damage_taken":7,"max_hp_gain":0,"max_hp_loss":0,"event_name":"Golden Wing","floor":11,"gold_loss":0},{"damage_healed":0,"gold_gain":0,"player_choice":"Donut","damage_taken":0,"max_hp_gain":5,"max_hp_loss":0,"event_name":"Big Fish","floor":12,"gold_loss":0},{"damage_healed":0,"gold_gain":100,"player_choice":"Pray","damage_taken":0,"max_hp_gain":0,"max_hp_loss":0,"event_name":"Golden Shrine","floor":13,"gold_loss":0},{"damage_healed":0,"gold_gain":99,"player_choice":"Stole From Cult","damage_taken":0,"max_hp_gain":0,"max_hp_loss":0,"event_name":"Nest","floor":19,"gold_loss":0},{"cards_removed":["Strike_G"],"damage_healed":0,"gold_gain":0,"player_choice":"Purged","damage_taken":0,"max_hp_gain":0,"max_hp_loss":0,"event_name":"Purifier","floor":20,"gold_loss":0},{"damage_healed":0,"gold_gain":0,"player_choice":"Opened","damage_taken":0,"relics_obtained":["Matryoshka"],"max_hp_gain":0,"max_hp_loss":0,"event_name":"The Mausoleum","floor":21,"gold_loss":0},{"cards_removed":["Dagger Throw"],"damage_healed":0,"gold_gain":0,"player_choice":"Elegance","damage_taken":0,"max_hp_gain":0,"max_hp_loss":0,"event_name":"Back to Basics","floor":31,"gold_loss":0},{"damage_healed":0,"gold_gain":0,"player_choice":"Fight","damage_taken":0,"max_hp_gain":0,"max_hp_loss":0,"event_name":"Mysterious Sphere","floor":36,"gold_loss":0},{"damage_healed":0,"gold_gain":0,"player_choice":"Max HP","damage_taken":0,"max_hp_gain":0,"max_hp_loss":4,"event_name":"Winding Halls","floor":37,"gold_loss":0}],"is_beta":false,"boss_relics":[{"not_picked":["Snecko Eye","Fusion Hammer"],"picked":"Astrolabe"},{"not_picked":["Tiny House","SacredBark"],"picked":"Black Star"}],"items_purged_floors":[4,27],"is_endless":false,"potions_floor_spawned":[1,8,18,33,35,36],"killed_by":"Giant Head","ascension_level":7}}