{"host":"0azimyi6n3ugndj4","time":1609631957,"event":{"mods":["2.2 Compatiblity","BaseMod","Bestiary","Conspire","Curses Come First","Defuse TimeMaze Blight","Hermit","Hyrulean Relics","Infinite Spire","Minty Spire (QoL Compilation)","MostiFishMod","Relic Filter","Relic Stats","Replay The Spire","StSLib","SuperFastMode","The Accelerator","The Cursed","Uncapped","¡¼?Úª?ø«¡½REMEMod"],"gold_per_floor":[144,144,180,180,14,14,164,164,216,141,189,222,324,92,92,323,323,380,539,539,539,539,539,539],"floor_reached":23,"playtime":414,"items_purged":["Conclude"],"score":445,"play_id":"bd4ae75d-b7fb-4aca-9eef-052f990e4a93","local_time":"20210103085917","daily_mods":["SealedDeck","Insanity","Chimera","Specialized","Vintage","ControlledChaos","Allstar","Diverse","Colorless Cards","Heirloom","Time Dilation","Flight","Elite Swarm","Lethality","Midas","Binary"],"is_ascension_mode":true,"campfire_choices":[{"floor":6,"key":"REST"},{"floor":15,"key":"REST"}],"circlet_count":0,"master_deck":["Demon Form+1","Wraith Form v2+1","Echo Form","DevaForm","accelerator:UniversalForm","AscendersBane","Bash","Survivor","Zap","Strike_R","Strike_G","Strike_B","Defend_R","Defend_G","Defend_P","Blade Dance","Perfected Strike","Storm","Replay:ManipulateFuture","PathToVictory","TheCursedMod:ManaBullet","Cloak And Dagger","Clothesline","hermit:ItchyTrigger","hermit:TrackingShot","Replay:BluntJabs","Acrobatics","Whirlwind","accelerator:DoubleSlit","Reckless Charge","hermit:BodyArmor","Anger","Sneak Up","accelerator:Newtons3","Wireheading","MostiFishMod:GatherIntelligence","Blind","Reinforced Body","Crippling Poison","ReplayTheSpireMod:Corrosion Curse","Draining Mist","accelerator:Relativity","Dark Embrace","hermit:Desperado","hermit:Showdown","CrushJoints","accelerator:Cooldown","hermit:TrackingShot","Armaments","Dagger Spray","EmptyFist","accelerator:Chaos","FollowUp","accelerator:AllignedFields","accelerator:Roast","FollowUp","Gash","Havoc","Go for the Eyes","hermit:Roulette","Replay:Parry","Sweeping Beam","hermit:Glare","Iron Wave","Defragment","Defragment","Defragment","Defragment","Defragment","Thunderclap","hermit:CalledShot","accelerator:Search","TheCursedMod:SpitefulPray","Purity","Leap","TheCursedMod:WearCloak","Leap","ReplayTheSpireMod:Reroute Power","Slice","MasterReality","True Grit","Decay"],"relics":["TheCursedMod:BlackMagicAdvanced","Frozen Eye","Busted Crown","REME_ComplimentaryCards","DaveBox","TheCursedMod:CrystalBall","ArrowTower","PreservedInsect","SynthV:TestCard","White Beast Statue","Juzu Bracelet","zeldaRelics:CourageTriforce","Boot","Oddly Smooth Stone","Technique","Pen Nib","ReplayTheSpireMod:Lightbulb"],"acts_visited":["Exordium","TheCity"],"potions_floor_usage":[23,23],"damage_taken":[{"damage":1.0,"enemies":"2 Louse","floor":1.0,"turns":2.0},{"damage":6,"enemies":"Cultist","floor":3,"turns":3},{"damage":1,"enemies":"Jaw Worm","floor":11,"turns":2},{"damage":1,"enemies":"Exordium Thugs","floor":12,"turns":2},{"damage":12,"enemies":"Lagavulin","floor":13,"turns":3},{"damage":39,"enemies":"Hexaghost","floor":16,"turns":8},{"damage":18,"enemies":"Chosen","floor":18,"turns":5},{"damage":12,"enemies":"Replay:Snechameleon","floor":23,"turns":2}],"seed_played":"1846261602274157007","potions_obtained":[{"floor":1.0,"key":"SteroidPotion"},{"floor":11,"key":"Ancient Potion"}],"is_trial":true,"path_per_floor":["M","?","M","?","$","R","?","T","T","?","M","M","E","$","R","B",null,"M","?","?","?","?","E"],"character_chosen":"THE_CURSED","items_purchased":["Juzu Bracelet","Technique"],"campfire_rested":2,"item_purchase_floors":[5,14],"current_hp_per_floor":[63,63,57,57,57,71,71,71,71,71,70,69,57,57,71,32,61,43,20,20,11,11,0,0],"gold":539,"neow_bonus":"","is_daily":false,"chose_seed":false,"campfire_upgraded":0,"win_rate":0.0,"timestamp":1609631957,"path_taken":["M","?","?","?","?","R","?","?","T","?","M","M","E","?","R","BOSS","M","?","?","?","?","E"],"items_purchased_type":["Relic","Relic"],"build_version":"2020-12-22","purchased_purges":1,"victory":false,"max_hp_per_floor":[71,71,71,71,71,71,71,71,71,71,71,71,71,71,71,71,71,71,71,71,71,71,71,71],"relic_stats":{"Busted Crown":10,"counters":[8,26],"PreservedInsect":66,"Pen Nib":[0],"Juzu Bracelet":2,"Boot":[14],"obtain_stats":[{"TheCursedMod:BlackMagic101":0,"DaveBox":0,"TheCursedMod:BlackMagicAdvanced":17,"Oddly Smooth Stone":12,"PreservedInsect":1,"Pen Nib":18,"Juzu Bracelet":5,"Boot":11,"White Beast Statue":3,"zeldaRelics:CourageTriforce":13,"Frozen Eye":0,"Busted Crown":0,"SynthV:TestCard":1,"TheCursedMod:CrystalBall":0,"zeldaRelics:CouragePiece":8,"Technique":14,"ArrowTower":0,"ReplayTheSpireMod:Lightbulb":19,"REME_ComplimentaryCards":0},{"TheCursedMod:BlackMagic101":0,"DaveBox":0,"TheCursedMod:BlackMagicAdvanced":6,"Oddly Smooth Stone":4,"PreservedInsect":1,"Pen Nib":7,"Juzu Bracelet":2,"Boot":3,"White Beast Statue":2,"zeldaRelics:CourageTriforce":5,"Frozen Eye":0,"Busted Crown":0,"SynthV:TestCard":1,"TheCursedMod:CrystalBall":0,"zeldaRelics:CouragePiece":2,"Technique":5,"ArrowTower":0,"ReplayTheSpireMod:Lightbulb":7,"REME_ComplimentaryCards":0},{"TheCursedMod:BlackMagic101":0,"DaveBox":0,"TheCursedMod:BlackMagicAdvanced":19,"Oddly Smooth Stone":9,"PreservedInsect":2,"Pen Nib":24,"Juzu Bracelet":5,"Boot":7,"White Beast Statue":5,"zeldaRelics:CourageTriforce":12,"Frozen Eye":0,"Busted Crown":0,"SynthV:TestCard":2,"TheCursedMod:CrystalBall":0,"zeldaRelics:CouragePiece":5,"Technique":12,"ArrowTower":0,"ReplayTheSpireMod:Lightbulb":24,"REME_ComplimentaryCards":0}]},"card_choices":[{"not_picked":["ReplayTheSpireMod:From All Sides","accelerator:Drain"],"picked":"SKIP","floor":13}],"player_experience":1517444,"relics_obtained":[{"floor":1.0,"key":"PreservedInsect"},{"floor":1.0,"key":"SynthV:TestCard"},{"floor":3,"key":"White Beast Statue"},{"floor":8,"key":"zeldaRelics:CouragePiece"},{"floor":9,"key":"zeldaRelics:CouragePiece"},{"floor":11,"key":"Boot"},{"floor":12,"key":"Oddly Smooth Stone"},{"floor":13,"key":"zeldaRelics:CouragePiece"},{"floor":18,"key":"Pen Nib"},{"floor":19,"key":"ReplayTheSpireMod:Lightbulb"}],"event_choices":[{"damage_healed":0.0,"max_hp_gain":0.0,"max_hp_loss":0.0,"gold_gain":0.0,"cards_transformed":["Eruption"],"event_name":"Transmorgrifier","player_choice":"Transformed","floor":2.0,"gold_loss":0.0,"damage_taken":0.0,"cards_obtained":["Conclude"]},{"damage_healed":0,"gold_gain":0,"cards_transformed":["Meditate"],"player_choice":"Transformed","damage_taken":0,"max_hp_gain":0,"max_hp_loss":0,"event_name":"Transmorgrifier","floor":4,"gold_loss":0,"cards_obtained":["True Grit"]},{"damage_healed":0,"gold_gain":150,"player_choice":"AGREE","damage_taken":0,"max_hp_gain":0,"max_hp_loss":0,"event_name":"Liars Game","floor":7,"gold_loss":0,"cards_obtained":["Doubt"]},{"cards_removed":["Doubt"],"damage_healed":0,"gold_gain":0,"player_choice":"Card Removal","damage_taken":0,"max_hp_gain":0,"max_hp_loss":0,"event_name":"The Cleric","floor":10,"gold_loss":75},{"damage_healed":0,"gold_gain":0,"player_choice":"Cursed","damage_taken":0,"max_hp_gain":0,"max_hp_loss":0,"event_name":"Wheel of Change","floor":20,"gold_loss":0,"cards_obtained":["Decay"]},{"damage_healed":0,"gold_gain":0,"player_choice":"Stopped","damage_taken":9,"max_hp_gain":0,"max_hp_loss":0,"event_name":"Cursed Tome","floor":21,"gold_loss":0}],"is_beta":false,"boss_relics":[{"not_picked":["ReplayTheSpireMod:SealedPack","RhineSuit"],"picked":"TheCursedMod:BlackMagicAdvanced"}],"items_purged_floors":[14],"is_endless":false,"potions_floor_spawned":[1,11,12,13,16,18],"killed_by":"Replay:Snechameleon","ascension_level":20}}