{"host":"jkgg7n5hn1slsm35","time":1609580749,"event":{"mods":["Aspiration","BaseMod","BetterRewards","Conspire","Googly Eyes","Gremlin Skip","Halation","Highlight Path","Hubris","Infinite Spire","Minty Spire (QoL Compilation)","Permanent Neow","StSLib","SuperFastMode","vexMod"],"gold_per_floor":[114,129,144,159,174,204,219,219,219,234,234,249,249,249,249,349,349,364,364,289,304,304,304,319,219,294,309,309,324,324,339,339,439,439,454,242,257,307,322,322,337,337,362,377,377,377,392,392,392],"floor_reached":48,"playtime":1323,"items_purged":["Combust","Warcry","Warcry"],"score":540,"play_id":"f3e2c046-788e-47d6-b54f-52f002726499","local_time":"20210102104549","daily_mods":["Insanity","Time Dilation","Binary"],"is_ascension_mode":false,"campfire_choices":[{"data":"Barricade","floor":8,"key":"SMITH"},{"data":"Armaments","floor":13,"key":"SMITH"},{"data":"Armaments","floor":15,"key":"SMITH"},{"data":"Inflame","floor":23,"key":"SMITH"},{"floor":28,"key":"REST"},{"data":"Inflame","floor":30,"key":"SMITH"},{"floor":32,"key":"REST"},{"floor":40,"key":"REST"},{"data":"Discovery","floor":40,"key":"SMITH"},{"floor":42,"key":"REST"},{"data":"Iron Wave","floor":42,"key":"SMITH"}],"circlet_count":0,"master_deck":["Feel No Pain","True Grit","Heavy Blade","Twin Strike","Clothesline","Sever Soul","Clash","Sever Soul","Armaments+1","Sword Boomerang","Shockwave","Searing Blow","Armaments+1","Uppercut","Perfected Strike","Carnage","Burning Pact","Sword Boomerang","Heavy Blade","Flame Barrier","Anger","Dual Wield","Infernal Blade","Whirlwind","Havoc","Pommel Strike","Perfected Strike","Pommel Strike","Iron Wave","Thunderclap","Thunderclap","conspire:Charge","Anger","Flex","Wild Strike","Anger","Sword Boomerang","Carnage","Wild Strike","Disarm","Twin Strike","Clothesline","Thunderclap","Cleave","hubris:SharpeningStone","Warcry","Clash","Inflame+1","Clash","Barricade+1","Inflame+1","Shrug It Off+1","Iron Wave+1","Pommel Strike","Discovery+1","Havoc+1","Clash+1","Pommel Strike+1"],"relics":["Burning Blood","Akabeko","conspire:BottledYoYo","infinitespire:Eraser","SlaversCollar","hubris:Towel","conspire:Dentures","conspire:RoyalGoblet","infinitespire:Magic Flask","infinitespire:PuzzleCube"],"acts_visited":["Exordium","TheCity","TheBeyond"],"potions_floor_usage":[33,33,47],"damage_taken":[{"damage":0,"enemies":"Cultist","floor":1,"turns":2},{"damage":8,"enemies":"Jaw Worm","floor":2,"turns":2},{"damage":0,"enemies":"2 Louse","floor":3,"turns":2},{"damage":8,"enemies":"conspire:2 RoseBushes","floor":4,"turns":4},{"damage":0,"enemies":"3 Louse","floor":5,"turns":2},{"damage":12,"enemies":"Gremlin Nob","floor":6,"turns":4},{"damage":0,"enemies":"Red Slaver","floor":7,"turns":1},{"damage":10,"enemies":"Looter","floor":10,"turns":2},{"damage":9,"enemies":"Blue Slaver","floor":12,"turns":2},{"damage":41,"enemies":"Hexaghost","floor":16,"turns":7},{"damage":0,"enemies":"conspire:FuzzyDice","floor":18,"turns":4},{"damage":3,"enemies":"3 Byrds","floor":21,"turns":3},{"damage":14,"enemies":"Centurion and Healer","floor":24,"turns":7},{"damage":30,"enemies":"Sentry and Sphere","floor":27,"turns":4},{"damage":15,"enemies":"Snake Plant","floor":29,"turns":3},{"damage":21,"enemies":"Snecko","floor":31,"turns":4},{"damage":68,"enemies":"Champ","floor":33,"turns":8},{"damage":4,"enemies":"3 Shapes","floor":35,"turns":3},{"damage":43,"enemies":"3 Darklings","floor":37,"turns":7},{"damage":6,"enemies":"Mind Bloom Boss Battle","floor":38,"turns":5},{"damage":24,"enemies":"4 Shapes","floor":39,"turns":4},{"damage":48,"enemies":"Sphere and 2 Shapes","floor":41,"turns":5},{"damage":26,"enemies":"Spire Growth","floor":44,"turns":3},{"damage":6,"enemies":"Transient","floor":47,"turns":5},{"damage":72,"enemies":"2 Orb Walkers","floor":48,"turns":3}],"seed_played":"-4486375853315586652","potions_obtained":[{"floor":1,"key":"SneckoOil"},{"floor":2,"key":"ColorlessPotion"},{"floor":3,"key":"BlessingOfTheForge"},{"floor":7,"key":"Strength Potion"},{"floor":12,"key":"DistilledChaos"},{"floor":38,"key":"FairyPotion"},{"floor":39,"key":"BlessingOfTheForge"}],"is_trial":false,"path_per_floor":["M","M","M","M","M","E","M","R","T","M","?","M","R","T","R","B",null,"M","?","$","M","?","R","M","$","T","M","R","M","R","M","R","B",null,"M","$","M","?","M","R","M","R","T","M","?","?","M","?"],"character_chosen":"IRONCLAD","items_purchased":["Discovery"],"campfire_rested":4,"item_purchase_floors":[36],"current_hp_per_floor":[80,78,80,78,80,74,80,80,80,76,80,77,77,77,77,42,80,80,80,80,80,80,80,72,72,72,48,72,63,63,48,72,10,80,80,80,43,43,25,49,7,31,31,11,11,11,11,0,0],"gold":392,"neow_bonus":"","is_daily":true,"chose_seed":false,"campfire_upgraded":7,"win_rate":0.0,"timestamp":1609580749,"path_taken":["M","M","?","M","M","E","M","R","T","M","?","M","R","?","R","BOSS","M","?","$","M","?","R","M","?","T","?","R","M","R","M","R","BOSS","M","$","M","?","M","R","M","R","T","M","?","?","?","?"],"items_purchased_type":["Card"],"build_version":"2020-12-22","purchased_purges":3,"victory":false,"max_hp_per_floor":[80,80,80,80,80,80,80,80,80,80,80,80,80,80,80,80,80,80,80,80,80,80,80,80,80,80,80,80,80,80,80,80,80,80,80,80,80,80,80,80,80,80,80,80,80,76,76,76,76],"card_choices":[{"not_picked":["Wild Strike","Warcry"],"picked":"SKIP","floor":1},{"not_picked":["Warcry","Rage"],"picked":"SKIP","floor":2},{"not_picked":["Headbutt"],"picked":"Inflame","floor":3},{"not_picked":["Armaments","Heavy Blade"],"picked":"SKIP","floor":4},{"not_picked":["conspire:Charge"],"picked":"Clash","floor":5},{"not_picked":["Anger","Intimidate"],"picked":"SKIP","floor":6},{"not_picked":["Heavy Blade"],"picked":"Barricade","floor":7},{"not_picked":["Second Wind","Heavy Blade"],"picked":"SKIP","floor":10},{"not_picked":["Sword Boomerang"],"picked":"Inflame","floor":12},{"not_picked":["Clothesline+1","Armaments"],"picked":"SKIP","floor":18},{"not_picked":["hubris:ReadiedAction","Sever Soul+1"],"picked":"SKIP","floor":21},{"not_picked":["Clash","Sword Boomerang"],"picked":"SKIP","floor":24},{"not_picked":["Armaments+1"],"picked":"Shrug It Off+1","floor":27},{"not_picked":["Immolate"],"picked":"Iron Wave","floor":29},{"not_picked":["Heavy Blade"],"picked":"Pommel Strike","floor":31},{"not_picked":["Sword Boomerang","hubris:ReadiedAction+1"],"picked":"SKIP","floor":35},{"not_picked":["Headbutt","Exhume"],"picked":"SKIP","floor":37},{"not_picked":["Feel No Pain"],"picked":"Havoc+1","floor":38},{"not_picked":["Offering","Anger"],"picked":"SKIP","floor":39},{"not_picked":["Warcry+1"],"picked":"Clash+1","floor":41},{"not_picked":["Sword Boomerang"],"picked":"Pommel Strike+1","floor":44},{"not_picked":["hubris:ReadiedAction","Twin Strike"],"picked":"SKIP","floor":47}],"player_experience":1810929,"relics_obtained":[{"floor":6,"key":"Akabeko"},{"floor":9,"key":"conspire:BottledYoYo"},{"floor":14,"key":"infinitespire:Eraser"},{"floor":26,"key":"conspire:Dentures"},{"floor":38,"key":"infinitespire:Magic Flask"},{"floor":43,"key":"infinitespire:PuzzleCube"}],"event_choices":[{"damage_healed":0,"gold_gain":0,"player_choice":"Leave","damage_taken":0,"max_hp_gain":0,"max_hp_loss":0,"event_name":"conspire:Investor","floor":19,"gold_loss":0},{"damage_healed":0,"gold_gain":0,"player_choice":"Fight","damage_taken":0,"max_hp_gain":0,"max_hp_loss":0,"event_name":"MindBloom","floor":38,"gold_loss":0},{"damage_healed":0,"gold_gain":0,"player_choice":"Ignored","damage_taken":0,"max_hp_gain":0,"max_hp_loss":0,"event_name":"Tomb of Lord Red Mask","floor":45,"gold_loss":0},{"damage_healed":0,"gold_gain":0,"player_choice":"Max HP","damage_taken":0,"max_hp_gain":0,"max_hp_loss":4,"event_name":"Winding Halls","floor":46,"gold_loss":0},{"damage_healed":0,"gold_gain":0,"player_choice":"Fight","damage_taken":0,"max_hp_gain":0,"max_hp_loss":0,"event_name":"Mysterious Sphere","floor":48,"gold_loss":0}],"is_beta":false,"boss_relics":[{"not_picked":["Mark of Pain","Empty Cage"],"picked":"SlaversCollar"},{"not_picked":["Runic Dome","halation:Yufonium"],"picked":"conspire:RoyalGoblet"}],"items_purged_floors":[20,25,36],"is_endless":false,"potions_floor_spawned":[1,2,3,7,12,16,29,31,38,39],"killed_by":"2 Orb Walkers","ascension_level":0}}