{"host":"iv8gkcqs5ryn8eyc","time":1609568245,"event":{"mods":["BaseMod","Colored Map","Colored Powertips","Minty Spire (QoL Compilation)","Replay The Spire","Shade Mod","Spire Birthday Party","StSLib","The Blackbeard","The Caster","The Marked","The Runesmith","The Servant 0.9.4","TheFirefly","TheVacant"],"gold_per_floor":[111,111,124,138,157,157,237,237,263,288,288,304,314,328,328,430,530,540,552,566,581,581,581,598,598,598,611,627,726,726,726],"floor_reached":30,"playtime":1963,"items_purged":[],"score":238,"play_id":"dbfde0ff-897f-4732-ac58-058adbf626aa","local_time":"20210102011725","is_ascension_mode":false,"campfire_choices":[{"data":"thefirefly:PhotonBlast","floor":6,"key":"SMITH"},{"data":"thefirefly:StealthMode","floor":8,"key":"SMITH"},{"floor":11,"key":"REST"},{"floor":15,"key":"REST"},{"floor":23,"key":"REST"},{"floor":25,"key":"REST"}],"circlet_count":0,"master_deck":["thefirefly:Strike","thefirefly:Strike","thefirefly:Strike","thefirefly:Defend","thefirefly:Defend","thefirefly:Defend","thefirefly:StealthMode+1","thefirefly:PhotonBlast+1","thefirefly:LifeSupport","thefirefly:FlareScreen","thefirefly:CoveringFire","thefirefly:PhantomStrike","thefirefly:ShieldGenerator","thefirefly:Bombardment","thefirefly:ChargedLaser","thefirefly:EMP","thefirefly:Prominence","thefirefly:LaserMail","thefirefly:LustForEternity","thefirefly:Boost","thefirefly:ShieldArray+1","thefirefly:Reposition+1","thefirefly:FlareScreen+1","thefirefly:Boost+1","thefirefly:IonizedBarrier","thefirefly:StarCinder","thefirefly:Distort","thefirefly:StarCinder"],"relics":["thefirefly:StealthSystem","Replay:Wax Seal","Dream Catcher","Replay:Wanted Poster","thefirefly:WeaponPreloader","Replay:Bottled Snecko"],"acts_visited":["Exordium","TheCity"],"potions_floor_usage":[3,10,16,16,21,27,30],"damage_taken":[{"damage":2,"enemies":"Small Slimes","floor":1,"turns":3},{"damage":0,"enemies":"2 Louse","floor":3,"turns":4},{"damage":0,"enemies":"Jaw Worm","floor":4,"turns":8},{"damage":0,"enemies":"3 Louse","floor":5,"turns":3},{"damage":27,"enemies":"Lagavulin","floor":10,"turns":7},{"damage":1,"enemies":"2 Fungi Beasts","floor":12,"turns":4},{"damage":0,"enemies":"Large Slime","floor":13,"turns":6},{"damage":23,"enemies":"Exordium Thugs","floor":14,"turns":8},{"damage":15,"enemies":"The Guardian","floor":16,"turns":9},{"damage":0,"enemies":"Spheric Guardian","floor":18,"turns":3},{"damage":18,"enemies":"Chosen","floor":19,"turns":7},{"damage":0,"enemies":"Centurion and Healer","floor":20,"turns":8},{"damage":20,"enemies":"Chosen and Byrds","floor":21,"turns":9},{"damage":20,"enemies":"Snake Plant","floor":24,"turns":6},{"damage":3,"enemies":"Shelled Parasite and Fungi","floor":27,"turns":5},{"damage":25,"enemies":"Cultist and Chosen","floor":28,"turns":9},{"damage":30,"enemies":"Masked Bandits","floor":30,"turns":3}],"seed_played":"3288901703874226221","potions_obtained":[{"floor":1,"key":"EntropicBrew"},{"floor":5,"key":"Ancient Potion"},{"floor":13,"key":"BlessingOfTheForge"},{"floor":20,"key":"GamblersBrew"},{"floor":21,"key":"SteroidPotion"},{"floor":27,"key":"Milkshake"},{"floor":28,"key":"FearPotion"}],"is_trial":false,"path_per_floor":["M","?","M","M","M","R","?","R","T","E","R","M","M","M","R","B",null,"M","M","M","M","?","R","M","R","T","M","M","?","?"],"character_chosen":"THE_FIREFLY","items_purchased":[],"campfire_rested":4,"item_purchase_floors":[],"current_hp_per_floor":[48,48,50,50,50,50,50,50,50,23,38,43,43,26,41,32,50,50,32,38,18,18,33,19,34,34,37,18,18,0,0],"gold":726,"neow_bonus":"REMOVE_TWO","is_daily":false,"chose_seed":false,"campfire_upgraded":2,"win_rate":0.0,"timestamp":1609568245,"path_taken":["M","?","M","M","M","R","?","R","T","E","R","M","M","M","R","BOSS","M","M","M","M","?","R","M","R","T","M","M","?","?"],"items_purchased_type":[],"build_version":"2020-12-22","purchased_purges":0,"victory":false,"max_hp_per_floor":[50,50,50,50,50,50,50,50,50,50,50,50,50,50,50,50,50,50,50,50,50,50,50,50,50,50,50,50,50,50,50],"card_choices":[{"not_picked":["thefirefly:HyperFocus","thefirefly:AuroralDischarge"],"picked":"thefirefly:LifeSupport","floor":1},{"not_picked":["thefirefly:Pacify","thefirefly:Ruminate"],"picked":"thefirefly:FlareScreen","floor":3},{"not_picked":["thefirefly:Rend","thefirefly:Ruminate"],"picked":"thefirefly:CoveringFire","floor":4},{"not_picked":["thefirefly:Pacify","thefirefly:CoveringFire"],"picked":"thefirefly:PhantomStrike","floor":5},{"not_picked":["thefirefly:InterceptingShot","thefirefly:IonizedBarrier"],"picked":"thefirefly:ShieldGenerator","floor":10},{"not_picked":["thefirefly:EvasiveManeuver","thefirefly:EMP"],"picked":"thefirefly:Bombardment","floor":11},{"not_picked":["thefirefly:CoveringFire","thefirefly:Teleport"],"picked":"thefirefly:ChargedLaser","floor":12},{"not_picked":["thefirefly:Exile","thefirefly:CoveringFire"],"picked":"thefirefly:EMP","floor":13},{"not_picked":["thefirefly:Preload","thefirefly:Pacify"],"picked":"thefirefly:Prominence","floor":14},{"not_picked":["thefirefly:Bombardment","thefirefly:FlareScreen"],"picked":"thefirefly:LaserMail","floor":15},{"not_picked":["thefirefly:TachyonBeam","thefirefly:Unburden"],"picked":"thefirefly:LustForEternity","floor":16},{"not_picked":["thefirefly:Reposition","thefirefly:CoveringFire"],"picked":"thefirefly:Boost","floor":18},{"not_picked":["thefirefly:EvasiveManeuver","thefirefly:Ruminate"],"picked":"thefirefly:ShieldArray+1","floor":19},{"not_picked":["thefirefly:Quine","thefirefly:Rend"],"picked":"thefirefly:Reposition+1","floor":20},{"not_picked":["thefirefly:TachyonBeam","thefirefly:InterceptingShot"],"picked":"thefirefly:FlareScreen+1","floor":21},{"not_picked":["thefirefly:ShieldGenerator","thefirefly:Bombardment"],"picked":"thefirefly:Boost+1","floor":23},{"not_picked":["thefirefly:ShieldArray","thefirefly:FullProjection"],"picked":"thefirefly:IonizedBarrier","floor":24},{"not_picked":["thefirefly:ShieldArray","thefirefly:FlakCannon"],"picked":"thefirefly:StarCinder","floor":25},{"not_picked":["thefirefly:Exile","thefirefly:LifeSupport"],"picked":"thefirefly:Distort","floor":27},{"not_picked":["thefirefly:LaserBarrage+1","thefirefly:MindControl"],"picked":"thefirefly:StarCinder","floor":28}],"player_experience":386721,"relics_obtained":[{"floor":9,"key":"Replay:Wax Seal"},{"floor":10,"key":"Dream Catcher"},{"floor":26,"key":"Replay:Bottled Snecko"}],"event_choices":[{"damage_healed":0,"gold_gain":0,"player_choice":"Ignored","damage_taken":0,"max_hp_gain":0,"max_hp_loss":0,"event_name":"Shining Light","floor":2,"gold_loss":0},{"damage_healed":0,"gold_gain":99,"player_choice":"Stole From Cult","damage_taken":0,"max_hp_gain":0,"max_hp_loss":0,"event_name":"Nest","floor":29,"gold_loss":0},{"damage_healed":0,"gold_gain":0,"player_choice":"Fought Bandits","damage_taken":0,"max_hp_gain":0,"max_hp_loss":0,"event_name":"Masked Bandits","floor":30,"gold_loss":0}],"is_beta":false,"boss_relics":[{"not_picked":["Snecko Eye","Fusion Hammer"],"picked":"Replay:Wanted Poster"}],"items_purged_floors":[],"is_endless":false,"potions_floor_spawned":[1,5,13,20,21,27,28],"killed_by":"Masked Bandits","ascension_level":0}}