{"host":"bnne96zj4bs6t5zs","time":1609564160,"event":{"mods":["2.2 Compatiblity","BaseMod","Better Match","ChefMod","Colored Map","DeckTracker","Downfall","GungeonMod","Hermit","Jorbs\u0027s Wanderer Trilogy","Minty Spire (QoL Compilation)","MostiFishMod","Rare Cards Sparkle","Relic Stats","Robot Space Explorer","Shade Mod","Spikes Relics","StSLib","The Blue Laboratory"],"gold_per_floor":[118,218,238,252,177,352,379,329,355,355,367,267,267,278,278,376,426,439,439,439,170,170,170,197,197,197,197,211,228,247,282,282,379,379,389,443,493,513,363,380,380,412,458,458,283,301,101,101,101,101],"floor_reached":51,"playtime":3250,"items_purged":["RobotSpaceExplorer:Strike","RobotSpaceExplorer:Defend","RobotSpaceExplorer:Strike","RobotSpaceExplorer:Strike","RobotSpaceExplorer:Defend+1","RobotSpaceExplorer:Defend"],"score":836,"play_id":"6322db61-9c5b-4473-bd2d-2cb6d218e75d","local_time":"20210101210920","is_ascension_mode":false,"campfire_choices":[{"data":"RobotSpaceExplorer:Pulsar","floor":10,"key":"SMITH"},{"data":"RobotSpaceExplorer:SurgingShield","floor":15,"key":"SMITH"},{"data":"RobotSpaceExplorer:PlasmaMissile","floor":23,"key":"SMITH"},{"data":"RobotSpaceExplorer:ChargingLaser","floor":25,"key":"SMITH"},{"data":"RobotSpaceExplorer:SurgingStrike","floor":27,"key":"SMITH"},{"data":"RobotSpaceExplorer:StarDust","floor":32,"key":"SMITH"},{"data":"RobotSpaceExplorer:Comet","floor":41,"key":"SMITH"},{"data":"RobotSpaceExplorer:Defend","floor":44,"key":"SMITH"},{"floor":49,"key":"REST"}],"circlet_count":0,"master_deck":["RobotSpaceExplorer:Strike+1","RobotSpaceExplorer:Scan+1","RobotSpaceExplorer:MiniLasers+1","RobotSpaceExplorer:Pulsar+1","RobotSpaceExplorer:SurgingStrike+1","RobotSpaceExplorer:SurgingShield+1","RobotSpaceExplorer:PlasmaMissile+1","RobotSpaceExplorer:ChargingLaser+1","RobotSpaceExplorer:StarDust+1","RobotSpaceExplorer:Comet+1","RobotSpaceExplorer:ScrapMissile+1","RobotSpaceExplorer:ScrapToss+1","RobotSpaceExplorer:FranticSearch+1"],"relics":["RobotSpaceExplorer:RoboCore","DaveBox","NeowsBlessing","SynthV:TestCard","Boot","Happy Flower","Tiny House","SpikesRelics:DaevaFist","Thread and Needle","DemoMod:SerJunkan","DemoMod:Junk","Lizard Tail","Transparent","PreservedInsect","Pantograph"],"acts_visited":["Exordium","TheCity","TheBeyond"],"potions_floor_usage":[7,24,33,33,42],"damage_taken":[{"damage":0,"enemies":"Jaw Worm","floor":1,"turns":1},{"damage":0,"enemies":"Cultist","floor":3,"turns":1},{"damage":0,"enemies":"Small Slimes","floor":4,"turns":1},{"damage":31,"enemies":"3 Sentries","floor":7,"turns":15},{"damage":0,"enemies":"Blue Slaver","floor":11,"turns":4},{"damage":0,"enemies":"3 Louse","floor":14,"turns":2},{"damage":15,"enemies":"Hexaghost","floor":16,"turns":11},{"damage":14,"enemies":"Shell Parasite","floor":18,"turns":5},{"damage":2,"enemies":"Gremlin Leader","floor":24,"turns":8},{"damage":0,"enemies":"2 Thieves","floor":28,"turns":4},{"damage":1,"enemies":"Shelled Parasite and Fungi","floor":29,"turns":4},{"damage":0,"enemies":"3 Cultists","floor":30,"turns":5},{"damage":15,"enemies":"Slavers","floor":31,"turns":6},{"damage":71,"enemies":"Collector","floor":33,"turns":9},{"damage":16,"enemies":"3 Darklings","floor":35,"turns":2},{"damage":24,"enemies":"2 Orb Walkers","floor":36,"turns":3},{"damage":24,"enemies":"Mind Bloom Boss Battle","floor":37,"turns":3},{"damage":16,"enemies":"3 Shapes","floor":38,"turns":2},{"damage":16,"enemies":"Sphere and 2 Shapes","floor":40,"turns":2},{"damage":24,"enemies":"Giant Head","floor":42,"turns":3},{"damage":16,"enemies":"Maw","floor":46,"turns":2},{"damage":38,"enemies":"Time Eater","floor":50,"turns":3}],"seed_played":"8512013877252267608","potions_obtained":[{"floor":1,"key":"DemoMod:LeadSkinPotion"},{"floor":4,"key":"blueLaboratory:BubblePotion"},{"floor":14,"key":"blueLaboratory:BottleOfRum"},{"floor":16,"key":"Energy Potion"},{"floor":28,"key":"blueLaboratory:PyrophylliteBrew"},{"floor":30,"key":"blueLaboratory:AbyssPotion"},{"floor":36,"key":"LiquidBronze"},{"floor":37,"key":"blueLaboratory:LouseDecoction"},{"floor":40,"key":"blueLaboratory:AbyssPotion"}],"is_trial":false,"path_per_floor":["M","?","M","M","$","?","E","?","T","R","M","$","?","M","R","B",null,"M","?","?","$","?","R","E","R","T","R","M","M","M","E","R","B",null,"M","?","?","M","$","M","R","E","T","R","$","M","$","T","R","B",null],"character_chosen":"RobotSpaceExplorer","items_purchased":["SpikesRelics:DaevaFist"],"campfire_rested":1,"item_purchase_floors":[21],"current_hp_per_floor":[75,75,75,75,75,75,44,44,44,44,44,44,29,29,29,14,80,66,66,51,51,51,51,49,49,49,49,49,48,48,33,33,13,85,85,85,85,85,85,85,85,85,85,85,85,85,85,85,85,85],"gold":101,"neow_bonus":"THREE_ENEMY_KILL","is_daily":false,"chose_seed":false,"campfire_upgraded":8,"win_rate":0.0,"timestamp":1609564160,"path_taken":["M","?","?","M","$","?","E","?","T","R","M","$","?","M","R","BOSS","M","?","?","$","?","R","E","R","T","R","M","?","M","E","R","BOSS","M","?","?","M","$","M","R","E","T","R","$","M","$","?","R","BOSS"],"items_purchased_type":["Relic"],"build_version":"2020-12-22","purchased_purges":6,"victory":true,"max_hp_per_floor":[75,75,75,75,75,75,75,75,75,75,75,75,75,75,75,75,80,80,80,85,85,85,85,85,85,85,85,85,85,85,85,85,85,85,85,85,85,85,85,85,85,85,85,85,85,85,85,85,85,85],"relic_stats":{"Lizard Tail":42,"Happy Flower":[26],"counters":[22,96],"Pantograph":0,"PreservedInsect":0,"Boot":[200],"obtain_stats":[{"DemoMod:Junk":31,"Tiny House":17,"DaveBox":0,"NeowsBlessing":0,"Happy Flower":9,"RobotSpaceExplorer:RoboCore":0,"Thread and Needle":24,"DemoMod:GlassGuonStoneRelic":1,"PreservedInsect":43,"Boot":7,"Lizard Tail":33,"SynthV:TestCard":1,"Transparent":34,"Pantograph":48,"DemoMod:SerJunkan":26,"SpikesRelics:DaevaFist":21},{"DemoMod:Junk":13,"Tiny House":7,"DaveBox":0,"NeowsBlessing":0,"Happy Flower":4,"RobotSpaceExplorer:RoboCore":0,"Thread and Needle":9,"DemoMod:GlassGuonStoneRelic":1,"PreservedInsect":20,"Boot":4,"Lizard Tail":14,"SynthV:TestCard":1,"Transparent":14,"Pantograph":21,"DemoMod:SerJunkan":9,"SpikesRelics:DaevaFist":8},{"DemoMod:Junk":67,"Tiny House":35,"DaveBox":0,"NeowsBlessing":0,"Happy Flower":18,"RobotSpaceExplorer:RoboCore":0,"Thread and Needle":48,"DemoMod:GlassGuonStoneRelic":1,"PreservedInsect":91,"Boot":18,"Lizard Tail":73,"SynthV:TestCard":1,"Transparent":76,"Pantograph":93,"DemoMod:SerJunkan":48,"SpikesRelics:DaevaFist":40}]},"card_choices":[{"not_picked":["RobotSpaceExplorer:Calculate","RobotSpaceExplorer:GlueShot"],"picked":"RobotSpaceExplorer:Pulsar","floor":1},{"not_picked":["RobotSpaceExplorer:Calculate","RobotSpaceExplorer:GlueShot","RobotSpaceExplorer:SlimeMissile","RobotSpaceExplorer:MiniDrones"],"picked":"RobotSpaceExplorer:SurgingStrike","floor":3},{"not_picked":["RobotSpaceExplorer:ShockKick","RobotSpaceExplorer:GlueShot","RobotSpaceExplorer:Exploration","RobotSpaceExplorer:Smokescreen"],"picked":"RobotSpaceExplorer:SurgingShield","floor":4},{"not_picked":["RobotSpaceExplorer:SurgingShield","RobotSpaceExplorer:FranticSearch","RobotSpaceExplorer:ShovelStrike","RobotSpaceExplorer:MetalStrike","RobotSpaceExplorer:DoubleBlock"],"picked":"SKIP","floor":7},{"not_picked":["RobotSpaceExplorer:Blitz","RobotSpaceExplorer:Smokescreen","RobotSpaceExplorer:ImprovisedAttack","RobotSpaceExplorer:ShockKick","RobotSpaceExplorer:SlimeMissile"],"picked":"SKIP","floor":11},{"not_picked":["RobotSpaceExplorer:ScrapMissile","RobotSpaceExplorer:SurgingShield","RobotSpaceExplorer:MetalStrike","RobotSpaceExplorer:Ammunition","RobotSpaceExplorer:Calculate"],"picked":"SKIP","floor":14},{"not_picked":["RobotSpaceExplorer:BlastShield","RobotSpaceExplorer:Exploration","RobotSpaceExplorer:Explosion","RobotSpaceExplorer:DroneSwarm"],"picked":"RobotSpaceExplorer:Wormhole","floor":16},{"not_picked":["RobotSpaceExplorer:GlueShot","RobotSpaceExplorer:StunGrenade","RobotSpaceExplorer:ShovelStrike","RobotSpaceExplorer:SlimeMissile"],"picked":"RobotSpaceExplorer:PlasmaMissile","floor":18},{"not_picked":["RobotSpaceExplorer:MiniBoosters+1","RobotSpaceExplorer:IronShell+1","RobotSpaceExplorer:Pulsar","RobotSpaceExplorer:ShovelStrike"],"picked":"RobotSpaceExplorer:ChargingLaser","floor":24},{"not_picked":["RobotSpaceExplorer:StarDust","RobotSpaceExplorer:FreezeRay","RobotSpaceExplorer:Calculate+1","RobotSpaceExplorer:Counterblock","RobotSpaceExplorer:SlimeMissile"],"picked":"SKIP","floor":28},{"not_picked":["RobotSpaceExplorer:FranticSearch","RobotSpaceExplorer:GlueShot","RobotSpaceExplorer:StunGrenade","RobotSpaceExplorer:SlimeMissile"],"picked":"RobotSpaceExplorer:StarDust","floor":29},{"not_picked":["RobotSpaceExplorer:Wormhole","RobotSpaceExplorer:Counterblock","RobotSpaceExplorer:Probe","RobotSpaceExplorer:PowerCollector","RobotSpaceExplorer:MetalStrike+1"],"picked":"SKIP","floor":30},{"not_picked":["RobotSpaceExplorer:Pulsar+1","RobotSpaceExplorer:Ammunition+1","RobotSpaceExplorer:SwiftStep","RobotSpaceExplorer:Counterblock","RobotSpaceExplorer:DroneSwarm"],"picked":"SKIP","floor":31},{"not_picked":["RobotSpaceExplorer:Accelerator","RobotSpaceExplorer:Asteroid","RobotSpaceExplorer:Wormhole","RobotSpaceExplorer:Exploration"],"picked":"RobotSpaceExplorer:Comet","floor":33},{"not_picked":["RobotSpaceExplorer:StunGrenade","RobotSpaceExplorer:LaserBurst+1","RobotSpaceExplorer:MetalStrike","RobotSpaceExplorer:Smokescreen+1","RobotSpaceExplorer:MakeshiftVolley"],"picked":"SKIP","floor":35},{"not_picked":["RobotSpaceExplorer:SlimeMissile+1","RobotSpaceExplorer:SurgingShield","RobotSpaceExplorer:ShovelStrike+1","RobotSpaceExplorer:SurgingStrike"],"picked":"RobotSpaceExplorer:ScrapMissile+1","floor":38},{"not_picked":["RobotSpaceExplorer:ShovelStrike","RobotSpaceExplorer:FrostMissile+1","RobotSpaceExplorer:FranticSearch+1","RobotSpaceExplorer:FreezeRay+1"],"picked":"RobotSpaceExplorer:ScrapToss+1","floor":40},{"not_picked":["RobotSpaceExplorer:FreezeRay","RobotSpaceExplorer:SwiftStep+1","RobotSpaceExplorer:Smokescreen","RobotSpaceExplorer:Jetpack","RobotSpaceExplorer:GlueShot"],"picked":"SKIP","floor":42},{"not_picked":["RobotSpaceExplorer:GlueShot+1","RobotSpaceExplorer:ImprovisedAttack","RobotSpaceExplorer:ToxicBomb","RobotSpaceExplorer:ScrapMissile"],"picked":"RobotSpaceExplorer:FranticSearch+1","floor":46}],"player_experience":401101,"relics_obtained":[{"floor":1,"key":"SynthV:TestCard"},{"floor":7,"key":"Boot"},{"floor":9,"key":"Happy Flower"},{"floor":24,"key":"Thread and Needle"},{"floor":26,"key":"DemoMod:SerJunkan"},{"floor":31,"key":"DemoMod:Junk"},{"floor":36,"key":"DemoMod:Junk"},{"floor":37,"key":"DemoMod:Junk"},{"floor":42,"key":"DemoMod:Junk"},{"floor":43,"key":"PreservedInsect"},{"floor":48,"key":"Pantograph"}],"event_choices":[{"damage_healed":0,"gold_gain":100,"player_choice":"Pray","damage_taken":0,"max_hp_gain":0,"max_hp_loss":0,"event_name":"Golden Shrine","floor":2,"gold_loss":0},{"damage_healed":0,"gold_gain":175,"player_choice":"AGREE","damage_taken":0,"max_hp_gain":0,"max_hp_loss":0,"event_name":"Liars Game","floor":6,"gold_loss":0,"cards_obtained":["Doubt"]},{"cards_removed":["Doubt"],"damage_healed":0,"gold_gain":0,"player_choice":"Card Removal","damage_taken":0,"max_hp_gain":0,"max_hp_loss":0,"event_name":"The Cleric","floor":8,"gold_loss":50},{"damage_healed":0,"gold_gain":0,"player_choice":"Entered Light","damage_taken":15,"max_hp_gain":0,"max_hp_loss":0,"event_name":"Shining Light","floor":13,"gold_loss":0,"cards_upgraded":["RobotSpaceExplorer:MiniLasers","RobotSpaceExplorer:Strike"]},{"damage_healed":0,"gold_gain":0,"player_choice":"Ignored","damage_taken":0,"max_hp_gain":0,"max_hp_loss":0,"event_name":"Vampires","floor":19,"gold_loss":0},{"damage_healed":0,"gold_gain":0,"player_choice":"Shed Blood","damage_taken":20,"max_hp_gain":5,"max_hp_loss":0,"event_name":"Forgotten Altar","floor":20,"gold_loss":0},{"damage_healed":0,"gold_gain":0,"player_choice":"Ignored","damage_taken":0,"max_hp_gain":0,"max_hp_loss":0,"event_name":"NoteForYourself","floor":22,"gold_loss":0},{"damage_healed":0,"gold_gain":0,"player_choice":"Fight","damage_taken":0,"max_hp_gain":0,"max_hp_loss":0,"event_name":"Mysterious Sphere","floor":36,"gold_loss":0},{"damage_healed":0,"gold_gain":0,"player_choice":"Fight","damage_taken":0,"max_hp_gain":0,"max_hp_loss":0,"event_name":"MindBloom","floor":37,"gold_loss":0}],"is_beta":false,"boss_relics":[{"not_picked":["Cursed Key","FixedStarFall"],"picked":"Tiny House"},{"not_picked":["Snecko Eye","Fusion Hammer"],"picked":"Transparent"}],"items_purged_floors":[5,12,21,39,45,47],"is_endless":false,"potions_floor_spawned":[1,4,14,16,28,30,31,36,37,40],"ascension_level":0}}