{"host":"tiwza2kisyyrpq7h","time":1609600841,"event":{"mods":["BaseMod","Colored Powertips","Minty Spire (QoL Compilation)","Quick Restart","Rare Cards Sparkle","StSLib","SuperFastMode","The Servant 0.9.4","óô»ðÖ¸ÄÏ"],"gold_per_floor":[111,36,53,53,128,128,2,2,25,57,71,71,71,71,71,143,143,155,172,172,190,190,40,0,0,0],"floor_reached":25,"playtime":450,"items_purged":["Writhe"],"score":374,"play_id":"a493de7a-d9a5-413c-89fd-28ed4c42c5fd","local_time":"20210102232041","is_ascension_mode":true,"campfire_choices":[{"data":"Eruption","floor":6.0,"key":"SMITH"},{"data":"WreathOfFlame","floor":8.0,"key":"SMITH"},{"floor":13.0,"key":"REST"},{"data":"WreathOfFlame","floor":15.0,"key":"SMITH"}],"circlet_count":0,"master_deck":["AscendersBane","Strike_P","Strike_P","Defend_P","Defend_P","Eruption+1","Vigilance","Swivel","FollowUp","EmptyBody","Tantrum","WreathOfFlame+1","WreathOfFlame+1","FearNoEvil","DevaForm","Halt","LikeWater","Crescendo+1","Wireheading","Study"],"relics":["PureWater","Lantern","Blood Vial","The Courier","Fusion Hammer","Art of War"],"acts_visited":["Exordium","TheCity"],"potions_floor_usage":[19,25,25],"damage_taken":[{"damage":4.0,"enemies":"Small Slimes","floor":1.0,"turns":4.0},{"damage":0.0,"enemies":"2 Louse","floor":3.0,"turns":2.0},{"damage":37.0,"enemies":"Gremlin Nob","floor":10.0,"turns":4.0},{"damage":0.0,"enemies":"Jaw Worm","floor":11.0,"turns":1.0},{"damage":15.0,"enemies":"Slime Boss","floor":16.0,"turns":6.0},{"damage":0.0,"enemies":"Spheric Guardian","floor":18.0,"turns":3.0},{"damage":18,"enemies":"Shell Parasite","floor":19,"turns":3},{"damage":19,"enemies":"Centurion and Healer","floor":21,"turns":7},{"damage":6,"enemies":"Slavers","floor":25,"turns":1}],"seed_played":"8911155459396207960","potions_obtained":[{"floor":1.0,"key":"Dexterity Potion"},{"floor":10.0,"key":"DistilledChaos"},{"floor":11.0,"key":"PowerPotion"},{"floor":21,"key":"Dexterity Potion"}],"is_trial":false,"path_per_floor":["M","?","M","?","?","R","$","R","T","E","M","?","R","?","R","B",null,"M","M","?","M","?","R","?","E"],"character_chosen":"WATCHER","items_purchased":["Tantrum","WreathOfFlame","Wireheading","Study"],"campfire_rested":1,"item_purchase_floors":[7,7,23,23],"current_hp_per_floor":[57,57,57,57,46,46,46,46,46,11,13,6,26,26,26,13,54,56,40,21,4,4,4,4,0,0],"gold":0,"neow_bonus":"RANDOM_COMMON_RELIC","is_daily":false,"chose_seed":false,"campfire_upgraded":3,"win_rate":0.0,"timestamp":1609600841,"path_taken":["M","?","M","?","?","R","?","R","T","E","?","?","R","?","R","BOSS","M","M","?","M","?","R","?","E"],"items_purchased_type":["Card","Card","Card","Card"],"build_version":"2020-12-22","purchased_purges":1,"victory":false,"max_hp_per_floor":[68,68,68,68,68,68,68,68,68,68,68,68,68,68,68,68,68,68,68,73,73,73,73,73,73,73],"card_choices":[{"not_picked":["ForeignInfluence","ClearTheMind"],"picked":"Swivel","floor":1.0},{"not_picked":["Protect","EmptyBody"],"picked":"FollowUp","floor":3.0},{"not_picked":["CrushJoints","Evaluate"],"picked":"WreathOfFlame","floor":10.0},{"not_picked":["FlyingSleeves","Swivel"],"picked":"FearNoEvil","floor":11.0},{"not_picked":["ConjureBlade","Omniscience"],"picked":"DevaForm","floor":16.0},{"not_picked":["Consecrate","ReachHeaven"],"picked":"Halt","floor":18.0},{"not_picked":["FlyingSleeves","CutThroughFate"],"picked":"LikeWater","floor":19},{"not_picked":["FollowUp","CutThroughFate"],"picked":"Crescendo+1","floor":21}],"player_experience":928238,"relics_obtained":[{"floor":9.0,"key":"Blood Vial"},{"floor":10.0,"key":"The Courier"}],"event_choices":[{"cards_removed":["Strike_P"],"damage_healed":0.0,"max_hp_gain":0.0,"max_hp_loss":0.0,"gold_gain":0.0,"event_name":"The Cleric","player_choice":"Card Removal","floor":2.0,"gold_loss":75.0,"damage_taken":0.0},{"damage_healed":0.0,"max_hp_gain":0.0,"max_hp_loss":0.0,"gold_gain":0.0,"cards_transformed":["Strike_P"],"event_name":"Living Wall","player_choice":"Change","floor":4.0,"gold_loss":0.0,"damage_taken":0.0,"cards_obtained":["EmptyBody"]},{"damage_healed":0.0,"max_hp_gain":0.0,"max_hp_loss":0.0,"gold_gain":75.0,"event_name":"World of Goop","player_choice":"Gather Gold","floor":5.0,"gold_loss":0.0,"damage_taken":11.0},{"cards_removed":["Defend_P"],"damage_healed":0.0,"max_hp_gain":0.0,"max_hp_loss":0.0,"gold_gain":0.0,"event_name":"Golden Wing","player_choice":"Card Removal","floor":12.0,"gold_loss":0.0,"damage_taken":7.0},{"cards_removed":["Defend_P"],"damage_healed":0.0,"max_hp_gain":0.0,"max_hp_loss":0.0,"gold_gain":0.0,"event_name":"Purifier","player_choice":"Purged","floor":14.0,"gold_loss":0.0,"damage_taken":0.0},{"damage_healed":0,"gold_gain":0,"player_choice":"Shed Blood","damage_taken":24,"max_hp_gain":5,"max_hp_loss":0,"event_name":"Forgotten Altar","floor":20,"gold_loss":0},{"damage_healed":0,"gold_gain":0,"player_choice":"Opened","damage_taken":0,"relics_obtained":["Art of War"],"max_hp_gain":0,"max_hp_loss":0,"event_name":"The Mausoleum","floor":22,"gold_loss":0,"cards_obtained":["Writhe"]},{"damage_healed":0,"gold_gain":0,"player_choice":"Paid Fearfully","damage_taken":0,"max_hp_gain":0,"max_hp_loss":0,"event_name":"Masked Bandits","floor":24,"gold_loss":40}],"is_beta":false,"boss_relics":[{"not_picked":["Pandora\u0027s Box","SacredBark"],"picked":"Fusion Hammer"}],"items_purged_floors":[23],"is_endless":false,"potions_floor_spawned":[1,10,11,21],"killed_by":"Slavers","ascension_level":18}}