{"host":"6pgtslebjnyv5xmi","time":1609605259,"event":{"mods":["AchievementEnabler","BaseMod","Colored Map","Minty Spire (QoL Compilation)","Rare Cards Sparkle","StSLib","SuperFastMode","Td1madao Mod","everything is the same but u backflip on backflip"],"gold_per_floor":[363,64,82,82,93,93,128,148,171,188,188,188,201,219,219,318,318,333,386,274,274,200,200,218,230,230,249,266,285,285,295,295,394,394,410,410,429,443,453,453,472,207,207,207,218,95,0,0,0,0],"floor_reached":51,"playtime":2531,"items_purged":["Strike_B","Defend_B"],"score":655,"play_id":"d43148c6-ee87-4b5e-abeb-744dcd11d1d2","local_time":"20210103013419","is_ascension_mode":false,"campfire_choices":[{"data":"Dualcast","floor":6,"key":"SMITH"},{"data":"Echo Form","floor":11,"key":"SMITH"},{"data":"Multi-Cast","floor":15,"key":"SMITH"},{"data":"Creative AI","floor":23,"key":"SMITH"},{"data":"Consume","floor":32,"key":"SMITH"},{"floor":40,"key":"REST"},{"data":"Defend_B","floor":44,"key":"PURGE"},{"data":"Echo Form","floor":49,"key":"SMITH"}],"circlet_count":0,"master_deck":["Defend_B+1","Zap+1","Dualcast+1","Cold Snap","Echo Form+1","Ball Lightning","Cold Snap","Multi-Cast+1","Core Surge","Force Field+1","Darkness+1","Storm+1","Creative AI+1","Lockon+1","Self Repair","Reboot+1","Consume+1","Hologram+1","Capacitor","Conserve Battery+1","Double Energy+1","Consume+1","Bandage Up+1","Coolheaded+1","Blizzard","Echo Form+1"],"relics":["Cracked Core","Membership Card","DataDisk","Art of War","Tiny Chest","Blood Vial","Astrolabe","Happy Flower","Orrery","Lantern","HornCleat","Toxic Egg 2","Inserter","Thread and Needle","War Paint","Peace Pipe","Runic Capacitor","Red Mask"],"acts_visited":["Exordium","TheCity","TheBeyond"],"potions_floor_usage":[7,7,8,16,16,33,37,41,50,50],"damage_taken":[{"damage":3,"enemies":"Jaw Worm","floor":1,"turns":3},{"damage":0,"enemies":"Cultist","floor":3,"turns":4},{"damage":6,"enemies":"Small Slimes","floor":5,"turns":3},{"damage":17,"enemies":"3 Sentries","floor":7,"turns":7},{"damage":8,"enemies":"Gremlin Gang","floor":8,"turns":4},{"damage":6,"enemies":"Red Slaver","floor":10,"turns":4},{"damage":0,"enemies":"Looter","floor":13,"turns":3},{"damage":3,"enemies":"Exordium Wildlife","floor":14,"turns":3},{"damage":29,"enemies":"Hexaghost","floor":16,"turns":8},{"damage":18,"enemies":"Spheric Guardian","floor":18,"turns":5},{"damage":5,"enemies":"Shell Parasite","floor":24,"turns":5},{"damage":0,"enemies":"Snecko","floor":25,"turns":4},{"damage":9,"enemies":"Centurion and Healer","floor":27,"turns":5},{"damage":0,"enemies":"3 Cultists","floor":28,"turns":4},{"damage":22,"enemies":"Shelled Parasite and Fungi","floor":29,"turns":6},{"damage":0,"enemies":"Centurion and Healer","floor":31,"turns":6},{"damage":12,"enemies":"Champ","floor":33,"turns":8},{"damage":10,"enemies":"Orb Walker","floor":35,"turns":3},{"damage":20,"enemies":"3 Darklings","floor":37,"turns":5},{"damage":12,"enemies":"Maw","floor":38,"turns":8},{"damage":35,"enemies":"Spire Growth","floor":39,"turns":5},{"damage":2,"enemies":"Transient","floor":41,"turns":5},{"damage":4,"enemies":"Maw","floor":45,"turns":6},{"damage":47,"enemies":"Time Eater","floor":50,"turns":10}],"seed_played":"3437556342381277201","potions_obtained":[{"floor":4,"key":"Regen Potion"},{"floor":4,"key":"CultistPotion"},{"floor":4,"key":"SmokeBomb"},{"floor":5,"key":"Strength Potion"},{"floor":8,"key":"Fire Potion"},{"floor":14,"key":"Swift Potion"},{"floor":16,"key":"SmokeBomb"},{"floor":25,"key":"Strength Potion"},{"floor":29,"key":"BlessingOfTheForge"},{"floor":33,"key":"Fruit Juice"},{"floor":37,"key":"AttackPotion"},{"floor":38,"key":"Fire Potion"}],"is_trial":false,"path_per_floor":["M","$","M","?","M","R","E","M","T","M","R","?","M","M","R","B",null,"M","T","$","?","$","R","M","M","T","M","M","M","T","M","R","B",null,"M","?","M","M","M","R","M","$","T","R","M","$","?","?","R","B",null],"character_chosen":"DEFECT","items_purchased":["Membership Card","DataDisk","Art of War","Orrery","Lantern","Blizzard","Thread and Needle","War Paint","Runic Capacitor"],"campfire_rested":1,"item_purchase_floors":[2,2,2,20,22,42,42,42,46],"current_hp_per_floor":[65,65,65,65,59,59,57,49,49,45,45,45,47,46,46,19,68,50,50,50,50,50,50,54,63,63,63,68,60,60,68,68,63,68,65,65,65,73,45,66,73,73,73,73,73,73,73,73,73,38],"gold":0,"neow_bonus":"TWO_FIFTY_GOLD","is_daily":false,"chose_seed":false,"campfire_upgraded":6,"win_rate":0.0,"timestamp":1609605259,"path_taken":["M","$","M","?","M","R","E","M","T","?","R","?","?","M","R","BOSS","M","?","$","?","?","R","M","M","T","M","M","?","?","M","R","BOSS","M","?","M","M","M","R","M","$","T","R","M","$","?","?","R","BOSS"],"items_purchased_type":["Relic","Relic","Relic","Relic","Relic","Card","Relic","Relic","Relic"],"build_version":"2020-12-22","purchased_purges":2,"victory":true,"max_hp_per_floor":[68,68,68,68,68,68,68,68,68,68,68,68,68,68,68,68,68,68,68,68,68,68,68,68,68,68,68,68,68,68,68,68,68,68,68,68,73,73,73,73,73,73,73,73,73,73,73,73,73,73],"card_choices":[{"not_picked":["Hologram","Turbo","Steam"],"picked":"SKIP","floor":1},{"not_picked":["Go for the Eyes","Rebound"],"picked":"Cold Snap","floor":3},{"not_picked":["Streamline","Stack","Heatsinks"],"picked":"SKIP","floor":5},{"not_picked":["Electrodynamics","Scrape"],"picked":"Echo Form","floor":7},{"not_picked":["Sweeping Beam","Rebound"],"picked":"Ball Lightning","floor":8},{"not_picked":["Go for the Eyes","Doom and Gloom"],"picked":"Cold Snap","floor":10},{"not_picked":["Darkness","Hologram","Gash"],"picked":"SKIP","floor":13},{"not_picked":["Glacier","Recycle"],"picked":"Multi-Cast","floor":14},{"not_picked":["Rainbow","Biased Cognition"],"picked":"Core Surge","floor":16},{"not_picked":["Cold Snap","Hologram","Redo"],"picked":"SKIP","floor":18},{"not_picked":["Cold Snap","Go for the Eyes"],"picked":"Creative AI","floor":20},{"not_picked":["Steam Power","Coolheaded"],"picked":"Lockon+1","floor":20},{"not_picked":["Double Energy","Barrage"],"picked":"Self Repair","floor":20},{"not_picked":["Stack","Conserve Battery"],"picked":"Reboot","floor":20},{"not_picked":["Stack","Steam+1"],"picked":"Hologram+1","floor":24},{"not_picked":["Coolheaded+1","Leap"],"picked":"Capacitor","floor":25},{"not_picked":["Stack+1","Coolheaded"],"picked":"Conserve Battery+1","floor":27},{"not_picked":["Lockon","Defragment+1"],"picked":"Double Energy+1","floor":28},{"not_picked":["Leap","Compile Driver+1","Steam"],"picked":"SKIP","floor":29},{"not_picked":["Hyperbeam","Stack+1","Hologram+1"],"picked":"SKIP","floor":31},{"not_picked":["Ball Lightning","Beam Cell+1"],"picked":"Consume+1","floor":35},{"not_picked":["Finesse+1","PanicButton+1"],"picked":"Bandage Up+1","floor":36},{"not_picked":["Compile Driver+1","Go for the Eyes"],"picked":"Coolheaded+1","floor":37},{"not_picked":["Compile Driver","Scrape","Redo+1"],"picked":"SKIP","floor":38},{"not_picked":["Hologram+1","Rip and Tear","Conserve Battery+1"],"picked":"SKIP","floor":39},{"not_picked":["Leap+1","Heatsinks+1","Hologram+1"],"picked":"SKIP","floor":41},{"not_picked":["Leap+1","Redo+1","Turbo+1"],"picked":"SKIP","floor":45}],"player_experience":647299,"relics_obtained":[{"floor":7,"key":"Tiny Chest"},{"floor":9,"key":"Blood Vial"},{"floor":19,"key":"Happy Flower"},{"floor":26,"key":"HornCleat"},{"floor":30,"key":"Toxic Egg 2"},{"floor":43,"key":"Peace Pipe"}],"event_choices":[{"damage_healed":0,"gold_gain":0,"player_choice":"Got Potions","damage_taken":0,"max_hp_gain":0,"max_hp_loss":0,"event_name":"Lab","floor":4,"gold_loss":0},{"damage_healed":0,"gold_gain":0,"player_choice":"Upgraded","damage_taken":0,"max_hp_gain":0,"max_hp_loss":0,"event_name":"Upgrade Shrine","floor":12,"gold_loss":0,"cards_upgraded":["Zap"]},{"damage_healed":0,"gold_gain":0,"player_choice":"Read","damage_taken":0,"max_hp_gain":0,"max_hp_loss":0,"event_name":"The Library","floor":21,"gold_loss":0,"cards_obtained":["Consume"]},{"damage_healed":0,"gold_gain":0,"player_choice":"Memory 1","damage_taken":0,"max_hp_gain":0,"max_hp_loss":0,"event_name":"SensoryStone","floor":36,"gold_loss":0},{"damage_healed":0,"gold_gain":0,"player_choice":"Paid","damage_taken":0,"relics_obtained":["Red Mask"],"max_hp_gain":0,"max_hp_loss":0,"event_name":"Tomb of Lord Red Mask","floor":47,"gold_loss":95},{"damage_healed":0,"gold_gain":0,"cards_transformed":["Defend_B"],"player_choice":"Transformed","damage_taken":0,"max_hp_gain":0,"max_hp_loss":0,"event_name":"Transmorgrifier","floor":48,"gold_loss":0,"cards_obtained":["Echo Form"]}],"is_beta":false,"boss_relics":[{"not_picked":["Fusion Hammer","Runic Pyramid"],"picked":"Astrolabe"},{"not_picked":["Busted Crown","Sozu"],"picked":"Inserter"}],"items_purged_floors":[20,46],"is_endless":false,"potions_floor_spawned":[5,8,14,16,25,29,33,37,38],"ascension_level":0}}