{"host":"sc1hixkxd1yg22vf","time":1609558028,"event":{"mods":["AchievementEnabler","Bard","BaseMod","Bestiary","Colored Map","Hermit","Minty Spire (QoL Compilation)","Quick Restart","StSLib"],"gold_per_floor":[114,128,142,161,161,187,203,228,228,248,277,297,297,316,316,421,421,437,0,10,10,10,10,10,20,46,74,74,74],"floor_reached":28,"playtime":1391,"items_purged":[],"score":282,"play_id":"47e1d816-4128-4442-a928-ae4fcafc71fd","local_time":"20210101225708","is_ascension_mode":false,"campfire_choices":[{"floor":15,"key":"REST"},{"data":"hermit:Brawl","floor":23,"key":"SMITH"}],"circlet_count":0,"master_deck":["hermit:Strike_Hermit","hermit:Strike_Hermit","hermit:Strike_Hermit","hermit:Strike_Hermit","hermit:Defend_Hermit","hermit:Defend_Hermit","hermit:Defend_Hermit","hermit:Snapshot","hermit:Covet","hermit:Dive","hermit:BigShot","hermit:Dive+1","hermit:HeroicBravado+1","hermit:Enervate","hermit:GhostlyPresence","hermit:Brawl","hermit:Brawl+1","hermit:BigShot","hermit:BigShot","hermit:FlashPowder+1"],"relics":["hermit:Momento","NeowsBlessing","Calipers","Mummified Hand","Anchor","hermit:Spyglass","Peace Pipe","Sozu","War Paint","Frozen Egg 2"],"acts_visited":["Exordium","TheCity"],"potions_floor_usage":[4,8,11,11,13,16,16,18,24],"damage_taken":[{"damage":0,"enemies":"Jaw Worm","floor":1,"turns":1},{"damage":0,"enemies":"Cultist","floor":2,"turns":1},{"damage":0,"enemies":"2 Louse","floor":3,"turns":1},{"damage":2,"enemies":"Large Slime","floor":4,"turns":6},{"damage":23,"enemies":"Lagavulin","floor":6,"turns":9},{"damage":10,"enemies":"Exordium Thugs","floor":7,"turns":7},{"damage":18,"enemies":"Gremlin Nob","floor":8,"turns":4},{"damage":1,"enemies":"Exordium Wildlife","floor":10,"turns":5},{"damage":9,"enemies":"3 Sentries","floor":11,"turns":6},{"damage":1,"enemies":"Lots of Slimes","floor":12,"turns":5},{"damage":1,"enemies":"Looter","floor":14,"turns":3},{"damage":33,"enemies":"The Guardian","floor":16,"turns":13},{"damage":9,"enemies":"Spheric Guardian","floor":18,"turns":6},{"damage":0,"enemies":"Shell Parasite","floor":20,"turns":6},{"damage":2,"enemies":"Book of Stabbing","floor":24,"turns":3},{"damage":21,"enemies":"Snake Plant","floor":25,"turns":5},{"damage":41,"enemies":"Slavers","floor":27,"turns":7},{"damage":11,"enemies":"Shelled Parasite and Fungi","floor":28,"turns":2}],"seed_played":"-7005769391710724251","potions_obtained":[{"floor":1,"key":"Fire Potion"},{"floor":2,"key":"DuplicationPotion"},{"floor":7,"key":"BlessingOfTheForge"},{"floor":10,"key":"Explosive Potion"},{"floor":13,"key":"SmokeBomb"},{"floor":13,"key":"Weak Potion"},{"floor":13,"key":"Fruit Juice"},{"floor":14,"key":"DuplicationPotion"},{"floor":16,"key":"Block Potion"}],"is_trial":false,"path_per_floor":["M","M","M","M","?","E","M","E","T","M","E","M","?","M","R","B",null,"M","?","M","?","?","R","E","M","T","E","M"],"character_chosen":"HERMIT","items_purchased":[],"campfire_rested":1,"item_purchase_floors":[],"current_hp_per_floor":[75,75,75,73,70,47,37,19,19,18,9,8,13,12,36,3,80,71,71,71,71,71,71,69,48,48,7,0,0],"gold":74,"neow_bonus":"THREE_ENEMY_KILL","is_daily":false,"chose_seed":false,"campfire_upgraded":1,"win_rate":0.0,"timestamp":1609558028,"path_taken":["M","M","M","M","?","E","M","E","T","M","E","M","?","?","R","BOSS","M","?","M","?","?","R","E","M","T","E","?"],"items_purchased_type":[],"build_version":"2020-12-22","purchased_purges":0,"victory":false,"max_hp_per_floor":[75,75,75,75,75,75,75,75,75,75,75,75,80,80,80,80,80,80,80,80,80,80,80,80,80,80,80,80,80],"card_choices":[{"not_picked":["hermit:Gestalt","hermit:DeadMansHand"],"picked":"hermit:Dive","floor":1},{"not_picked":["hermit:Quickdraw","hermit:Feint"],"picked":"hermit:BigShot","floor":2},{"not_picked":["hermit:Quickdraw","hermit:DeadMansHand"],"picked":"hermit:Dive","floor":3},{"not_picked":["hermit:Quickdraw","hermit:Purgatory","hermit:Snipe"],"picked":"SKIP","floor":4},{"not_picked":["hermit:Manifest","hermit:Magnum"],"picked":"hermit:HeroicBravado","floor":6},{"not_picked":["hermit:Shortfuse","hermit:EyeOfTheStorm"],"picked":"hermit:Enervate","floor":7},{"not_picked":["hermit:GoldenBullet","hermit:Manifest"],"picked":"hermit:GhostlyPresence","floor":8},{"not_picked":["hermit:Vantage","hermit:HoleUp"],"picked":"hermit:Brawl","floor":10},{"not_picked":["hermit:Roulette","hermit:Spite"],"picked":"hermit:Brawl","floor":11},{"not_picked":["hermit:Roulette","hermit:Desperado","hermit:Gestalt"],"picked":"SKIP","floor":12},{"not_picked":["hermit:HighCaliber","hermit:Misfire"],"picked":"hermit:BigShot","floor":14},{"not_picked":["hermit:FlashPowder","hermit:Dive","hermit:BodyArmor"],"picked":"SKIP","floor":18},{"not_picked":["hermit:LowProfile","hermit:HeroicBravado"],"picked":"hermit:BigShot","floor":20},{"not_picked":["hermit:Showdown","hermit:Misfire+1"],"picked":"hermit:FlashPowder+1","floor":25},{"not_picked":["hermit:Coalescence","hermit:Manifest","hermit:Glare+1"],"picked":"SKIP","floor":27}],"player_experience":65073,"relics_obtained":[{"floor":6,"key":"Mummified Hand"},{"floor":8,"key":"Anchor"},{"floor":9,"key":"hermit:Spyglass"},{"floor":11,"key":"Peace Pipe"},{"floor":26,"key":"War Paint"},{"floor":27,"key":"Frozen Egg 2"}],"event_choices":[{"damage_healed":0,"gold_gain":0,"player_choice":"Success","damage_taken":3,"relics_obtained":["Calipers"],"max_hp_gain":0,"max_hp_loss":0,"event_name":"Scrap Ooze","floor":5,"gold_loss":0},{"damage_healed":0,"gold_gain":0,"player_choice":"Got Potions","damage_taken":0,"max_hp_gain":0,"max_hp_loss":0,"event_name":"Lab","floor":13,"gold_loss":0},{"damage_healed":0,"gold_gain":0,"player_choice":"Paid Fearfully","damage_taken":0,"max_hp_gain":0,"max_hp_loss":0,"event_name":"Masked Bandits","floor":19,"gold_loss":437},{"cards_removed":["hermit:Defend_Hermit"],"damage_healed":0,"gold_gain":0,"player_choice":"Offered Basic","damage_taken":0,"max_hp_gain":0,"max_hp_loss":0,"event_name":"Bonfire Elementals","floor":22,"gold_loss":0}],"is_beta":false,"boss_relics":[{"not_picked":["hermit:ClaspedLocket","Black Star"],"picked":"Sozu"}],"items_purged_floors":[],"is_endless":false,"potions_floor_spawned":[1,2,7,10,14,16,20,24],"killed_by":"Shelled Parasite and Fungi","ascension_level":0}}