{"host":"2461dio7vetlq1z3","time":1609593784,"event":{"mods":["2.2 Compatiblity","AchievementEnabler","BaseMod","Better Third Choice","Friendly Minions","Minty Spire (QoL Compilation)","Relic Stats","Replay The Spire","Spicy Shops","StSLib","Waifu the Spire"],"gold_per_floor":[116,130,130,144,10,39,39,39,39],"floor_reached":8,"playtime":317,"items_purged":["Defend_B"],"score":112,"play_id":"c788c1d0-e50a-42a1-bb86-ef49485a732d","local_time":"20210102142304","is_ascension_mode":true,"campfire_choices":[],"circlet_count":0,"master_deck":["AscendersBane","Strike_B","Strike_B","Strike_B","Defend_B","Defend_B","Defend_B","Zap","Dualcast","Gash","Leap","ReplaySolidLightProjector","Ball Lightning","Skim+1","Gash"],"relics":["Honey Jar","Ancient Tea Set"],"acts_visited":["Exordium"],"potions_floor_usage":[],"damage_taken":[{"damage":1,"enemies":"Cultist","floor":1,"turns":3},{"damage":2,"enemies":"Jaw Worm","floor":2,"turns":3},{"damage":3,"enemies":"Small Slimes","floor":4,"turns":4},{"damage":39,"enemies":"Gremlin Nob","floor":6,"turns":4},{"damage":21,"enemies":"Lagavulin","floor":8,"turns":5}],"seed_played":"3125603132782927293","potions_obtained":[{"floor":2,"key":"Elixir"}],"is_trial":false,"path_per_floor":["M","M","?","M","$","E","$","E"],"character_chosen":"DEFECT","items_purchased":["Skim+1"],"campfire_rested":0,"item_purchase_floors":[5],"current_hp_per_floor":[63,61,61,58,58,19,19,0,0],"gold":39,"neow_bonus":"BOSS_RELIC","is_daily":false,"chose_seed":false,"campfire_upgraded":0,"win_rate":0.0,"timestamp":1609593784,"path_taken":["M","M","?","M","?","E","$","E"],"items_purchased_type":["Card"],"build_version":"2020-12-22","purchased_purges":1,"victory":false,"max_hp_per_floor":[71,71,71,71,71,71,71,71,71],"relic_stats":{"counters":[5,19],"obtain_stats":[{"Honey Jar":0,"Cracked Core":0,"Ancient Tea Set":6},{"Honey Jar":0,"Cracked Core":0,"Ancient Tea Set":4},{"Honey Jar":0,"Cracked Core":0,"Ancient Tea Set":14}]},"card_choices":[{"not_picked":["Turbo","Panic Button","Rebound"],"picked":"Gash","floor":1},{"not_picked":["Barrage","Stack","Turbo"],"picked":"Leap","floor":2},{"not_picked":["Barrage","Coolheaded","Chaos"],"picked":"Ball Lightning","floor":4},{"not_picked":["Stack","Steam Power","ReplaySort"],"picked":"Gash","floor":6}],"player_experience":1010134,"relics_obtained":[{"floor":6,"key":"Ancient Tea Set"}],"event_choices":[{"damage_healed":0,"gold_gain":0,"cards_transformed":["Strike_B"],"player_choice":"Transformed","damage_taken":0,"max_hp_gain":0,"max_hp_loss":0,"event_name":"Transmorgrifier","floor":3,"gold_loss":0,"cards_obtained":["ReplaySolidLightProjector"]}],"is_beta":false,"boss_relics":[],"items_purged_floors":[5],"is_endless":false,"potions_floor_spawned":[2],"killed_by":"Lagavulin","ascension_level":20}}