{"host":"t3am9egsh7oyry6t","time":1609556949,"event":{"mods":["AchievementEnabler","BaseMod","Colored Powertips","Googly Eyes","Minty Spire (QoL Compilation)","Relic Stats","StSLib","Synergy Search"],"gold_per_floor":[115,115,128,128,140,140,13,42,42,61,86,104,92,121,121,198,198,212,229,242,72,89,89,89,89],"floor_reached":24,"playtime":2024,"items_purged":["Strike_R+1"],"score":404,"play_id":"71dd618b-ec82-44eb-87da-f13111426ca9","local_time":"20210101190909","is_ascension_mode":true,"campfire_choices":[{"data":"Power Through","floor":6,"key":"SMITH"},{"data":"Body Slam","floor":15,"key":"SMITH"},{"floor":23,"key":"REST"}],"circlet_count":0,"master_deck":["AscendersBane","Strike_R","Strike_R","Strike_R","Strike_R","Defend_R","Defend_R","Defend_R","Defend_R","Bash","Evolve+1","Power Through+1","Body Slam+1","Flame Barrier","Disarm","Shrug It Off","Battle Trance","Shrug It Off","Pommel Strike","Double Tap","Second Wind","True Grit+1","Metallicize","Jack Of All Trades","Iron Wave"],"relics":["Burning Blood","NeowsBlessing","Eternal Feather","Bag of Marbles","Ancient Tea Set","Letter Opener","Bag of Preparation","Runic Cube"],"acts_visited":["Exordium","TheCity"],"potions_floor_usage":[8,11,22,24,24],"damage_taken":[{"damage":0,"enemies":"Jaw Worm","floor":1,"turns":1},{"damage":0,"enemies":"2 Louse","floor":3,"turns":1},{"damage":0,"enemies":"Cultist","floor":5,"turns":1},{"damage":3,"enemies":"3 Sentries","floor":8,"turns":8},{"damage":14,"enemies":"3 Louse","floor":10,"turns":5},{"damage":34,"enemies":"Gremlin Nob","floor":11,"turns":5},{"damage":0,"enemies":"Blue Slaver","floor":12,"turns":2},{"damage":2,"enemies":"Exordium Thugs","floor":13,"turns":7},{"damage":0,"enemies":"3 Sentries","floor":14,"turns":12},{"damage":24,"enemies":"The Guardian","floor":16,"turns":14},{"damage":2,"enemies":"Chosen","floor":18,"turns":6},{"damage":18,"enemies":"Spheric Guardian","floor":19,"turns":12},{"damage":67,"enemies":"Centurion and Healer","floor":20,"turns":13},{"damage":2,"enemies":"Shelled Parasite and Fungi","floor":22,"turns":11},{"damage":54,"enemies":"Gremlin Leader","floor":24,"turns":6}],"seed_played":"-2966034809871422409","potions_obtained":[{"floor":1,"key":"Swift Potion"},{"floor":8,"key":"Fruit Juice"},{"floor":12,"key":"SpeedPotion"},{"floor":19,"key":"AttackPotion"},{"floor":22,"key":"EssenceOfSteel"}],"is_trial":false,"path_per_floor":["M","?","M","?","M","R","$","E","T","M","E","M","M","E","R","B",null,"M","M","M","$","M","R","E"],"character_chosen":"IRONCLAD","items_purchased":["Flame Barrier","Strength Potion","Jack Of All Trades"],"campfire_rested":1,"item_purchase_floors":[7,7,21],"current_hp_per_floor":[78,62,68,65,71,77,77,80,80,72,49,55,59,65,77,59,79,83,71,10,10,14,54,0,0],"gold":89,"neow_bonus":"THREE_ENEMY_KILL","is_daily":false,"chose_seed":false,"campfire_upgraded":2,"win_rate":0.0,"timestamp":1609556949,"path_taken":["M","?","M","?","M","R","$","E","T","M","E","M","M","E","R","BOSS","M","M","M","$","M","R","E"],"items_purchased_type":["Card","Potion","Card"],"build_version":"2020-12-22","purchased_purges":1,"victory":false,"max_hp_per_floor":[80,80,80,80,80,80,80,80,80,80,85,85,85,85,85,85,85,85,85,85,85,85,85,85,85],"relic_stats":{"counters":[15,104],"Eternal Feather":33,"Bag of Preparation":[12],"Letter Opener":[75],"obtain_stats":[{"NeowsBlessing":0,"Eternal Feather":4,"Bag of Marbles":8,"Bag of Preparation":14,"Letter Opener":11,"Ancient Tea Set":9,"Burning Blood":0,"Runic Cube":17},{"NeowsBlessing":0,"Eternal Feather":2,"Bag of Marbles":4,"Bag of Preparation":9,"Letter Opener":6,"Ancient Tea Set":4,"Burning Blood":0,"Runic Cube":10},{"NeowsBlessing":0,"Eternal Feather":2,"Bag of Marbles":11,"Bag of Preparation":42,"Letter Opener":21,"Ancient Tea Set":11,"Burning Blood":0,"Runic Cube":56}],"Burning Blood":84,"Runic Cube":[21]},"card_choices":[{"not_picked":["Feel No Pain","Burning Pact"],"picked":"Evolve","floor":1},{"not_picked":["Twin Strike","Sword Boomerang"],"picked":"Power Through","floor":3},{"not_picked":["Flex","Heavy Blade"],"picked":"Body Slam","floor":5},{"not_picked":["Sentinel","Pommel Strike"],"picked":"Disarm","floor":8},{"not_picked":["Havoc","Clash","Carnage"],"picked":"SKIP","floor":10},{"not_picked":["Brutality","Second Wind"],"picked":"Shrug It Off","floor":11},{"not_picked":["Cleave","Feel No Pain"],"picked":"Battle Trance","floor":12},{"not_picked":["Clothesline","Sword Boomerang"],"picked":"Shrug It Off","floor":13},{"not_picked":["Warcry","Impervious"],"picked":"Pommel Strike","floor":14},{"not_picked":["Bludgeon","Reaper"],"picked":"Double Tap","floor":16},{"not_picked":["Sword Boomerang","Rampage"],"picked":"Second Wind","floor":18},{"not_picked":["Sever Soul","Flex"],"picked":"True Grit+1","floor":19},{"not_picked":["Cleave","Shrug It Off"],"picked":"Metallicize","floor":20},{"not_picked":["Flex","Anger"],"picked":"Iron Wave","floor":22}],"player_experience":479574,"relics_obtained":[{"floor":8,"key":"Bag of Marbles"},{"floor":9,"key":"Ancient Tea Set"},{"floor":11,"key":"Letter Opener"},{"floor":14,"key":"Bag of Preparation"}],"event_choices":[{"damage_healed":0,"gold_gain":0,"player_choice":"Entered Light","damage_taken":16,"max_hp_gain":0,"max_hp_loss":0,"event_name":"Shining Light","floor":2,"gold_loss":0,"cards_upgraded":["Evolve","Strike_R"]},{"damage_healed":0,"gold_gain":0,"player_choice":"Success","damage_taken":3,"relics_obtained":["Eternal Feather"],"max_hp_gain":0,"max_hp_loss":0,"event_name":"Scrap Ooze","floor":4,"gold_loss":0}],"is_beta":false,"boss_relics":[{"not_picked":["Busted Crown","Tiny House"],"picked":"Runic Cube"}],"items_purged_floors":[21],"is_endless":false,"potions_floor_spawned":[1,8,12,13,16,19,22],"killed_by":"Gremlin Leader","ascension_level":13}}