{"host":"52m1o8iwwagurbjs","time":1609592445,"event":{"mods":["AchievementEnabler","BaseMod","Bestiary","Colored Powertips","GifTheSpireLib","Minty Spire (QoL Compilation)","Quick Restart","RNG Fix","Relic Stats","StSLib"],"gold_per_floor":[114,134,144,144,30,30,56,56,82,47,58,72,147,47,47,124,124,144,69,86,136,11,11,26,26,26,61,61,79,108,108,108,108,108],"floor_reached":33,"playtime":1076,"items_purged":["Strike_B","Strike_B","Strike_B"],"score":552,"play_id":"4d37553a-6d34-4bd7-9fa4-f7adc90e414d","local_time":"20210102080045","is_ascension_mode":true,"campfire_choices":[{"data":"Sunder","floor":6.0,"key":"SMITH"},{"data":"Fission","floor":8.0,"key":"SMITH"},{"data":"Zap","floor":15.0,"key":"SMITH"},{"data":"Hyperbeam","floor":23,"key":"SMITH"},{"data":"Consume","floor":25,"key":"SMITH"},{"data":"Ball Lightning","floor":28,"key":"SMITH"},{"data":"Ghostly","floor":32,"key":"SMITH"}],"circlet_count":0,"master_deck":["AscendersBane","Defend_B","Defend_B","Defend_B","Defend_B","Zap+1","Dualcast","Compile Driver","Steam","Conserve Battery","Sunder+1","Fission+1","Leap","Ball Lightning+1","Hyperbeam+1","Ball Lightning+1","Sweeping Beam+1","Consume+1","Decay","Reboot","Self Repair+1","Ghostly","Ghostly","Ghostly+1"],"relics":["Runic Pyramid","Eternal Feather","Nunchaku","Cursed Key","Kunai","Strawberry","Orichalcum"],"acts_visited":["TheCity"],"potions_floor_usage":[24,27,29,30],"damage_taken":[{"damage":9.0,"enemies":"Jaw Worm","floor":1.0,"turns":4.0},{"damage":6.0,"enemies":"Cultist","floor":2.0,"turns":3.0},{"damage":2.0,"enemies":"2 Louse","floor":3.0,"turns":2.0},{"damage":31.0,"enemies":"Lagavulin","floor":7.0,"turns":8.0},{"damage":3.0,"enemies":"Blue Slaver","floor":11.0,"turns":3.0},{"damage":0.0,"enemies":"Large Slime","floor":12.0,"turns":6.0},{"damage":1.0,"enemies":"The Guardian","floor":16.0,"turns":12.0},{"damage":8.0,"enemies":"Shell Parasite","floor":18.0,"turns":4.0},{"damage":0.0,"enemies":"Chosen","floor":20.0,"turns":4.0},{"damage":11,"enemies":"Snake Plant","floor":24,"turns":3},{"damage":24,"enemies":"Slavers","floor":27,"turns":4},{"damage":6,"enemies":"Snecko","floor":29,"turns":4},{"damage":26,"enemies":"Book of Stabbing","floor":30,"turns":4},{"damage":41,"enemies":"Champ","floor":33,"turns":5}],"seed_played":"3016994283501691320","potions_obtained":[{"floor":4.0,"key":"SmokeBomb"},{"floor":4.0,"key":"SkillPotion"},{"floor":7.0,"key":"SpeedPotion"},{"floor":11.0,"key":"EntropicBrew"},{"floor":12.0,"key":"Block Potion"},{"floor":20.0,"key":"SpeedPotion"},{"floor":24,"key":"SkillPotion"},{"floor":27,"key":"SpeedPotion"},{"floor":29,"key":"BlessingOfTheForge"}],"is_trial":false,"path_per_floor":["M","M","M","?","$","R","E","R","T","?","M","M","?","$","R","B",null,"M","?","M","?","$","R","M","R","T","E","R","M","E","?","R","B"],"character_chosen":"DEFECT","items_purchased":["Sunder"],"campfire_rested":0,"item_purchase_floors":[5],"current_hp_per_floor":[55,49,47,47,47,47,16,25,25,42,39,39,28,28,37,36,62,54,54,54,47,47,56,45,54,54,37,49,43,17,17,29,0,0],"gold":108,"neow_bonus":"BOSS_RELIC","is_daily":false,"chose_seed":false,"campfire_upgraded":7,"win_rate":0.0,"timestamp":1609592445,"path_taken":["M","M","M","?","$","R","E","R","T","?","M","M","?","$","R","BOSS","M","?","M","?","$","R","M","R","T","E","R","M","E","?","R","BOSS"],"items_purchased_type":["Card"],"build_version":"2020-12-22","purchased_purges":3,"victory":false,"max_hp_per_floor":[71,71,71,71,71,71,71,71,71,71,71,71,71,71,71,71,71,71,71,71,71,71,71,71,71,71,78,78,78,78,39,39,39,39],"relic_stats":{"Nunchaku":[6],"counters":[11,57],"Eternal Feather":60,"Kunai":[1],"Orichalcum":[6],"Cursed Key":1,"obtain_stats":[{"Nunchaku":9,"Strawberry":27,"Eternal Feather":7,"Kunai":26,"Orichalcum":30,"Cursed Key":17,"Runic Pyramid":0},{"Nunchaku":1,"Strawberry":8,"Eternal Feather":1,"Kunai":7,"Orichalcum":10,"Cursed Key":4,"Runic Pyramid":0},{"Nunchaku":8,"Strawberry":44,"Eternal Feather":8,"Kunai":40,"Orichalcum":52,"Cursed Key":29,"Runic Pyramid":0}]},"card_choices":[{"not_picked":["Redo","Rebound"],"picked":"Compile Driver","floor":1.0},{"not_picked":["Rebound","Redo"],"picked":"Steam","floor":2.0},{"not_picked":["Beam Cell","Leap"],"picked":"Conserve Battery","floor":3.0},{"not_picked":["Redo","Tempest"],"picked":"Fission","floor":7.0},{"not_picked":["Redo","BootSequence"],"picked":"Leap","floor":11.0},{"not_picked":["Streamline","Sweeping Beam"],"picked":"Ball Lightning","floor":12.0},{"not_picked":["Machine Learning","Reboot"],"picked":"Hyperbeam","floor":16.0},{"not_picked":["White Noise","Redo"],"picked":"Ball Lightning+1","floor":18.0},{"not_picked":["Compile Driver","Streamline"],"picked":"Sweeping Beam+1","floor":20.0},{"not_picked":["Turbo+1","Darkness"],"picked":"Consume","floor":24},{"not_picked":["Beam Cell","Ball Lightning"],"picked":"Reboot","floor":27},{"not_picked":["Undo","Sweeping Beam+1","Conserve Battery"],"picked":"SKIP","floor":29},{"not_picked":["Coolheaded","Gash"],"picked":"Self Repair+1","floor":30}],"player_experience":1088681,"relics_obtained":[{"floor":7.0,"key":"Eternal Feather"},{"floor":9.0,"key":"Nunchaku"},{"floor":26,"key":"Kunai"},{"floor":27,"key":"Strawberry"},{"floor":30,"key":"Orichalcum"}],"event_choices":[{"damage_healed":0.0,"max_hp_gain":0.0,"max_hp_loss":0.0,"gold_gain":0.0,"event_name":"Lab","player_choice":"Got Potions","floor":4.0,"gold_loss":0.0,"damage_taken":0.0},{"damage_healed":17.0,"max_hp_gain":0.0,"max_hp_loss":0.0,"gold_gain":0.0,"event_name":"The Cleric","player_choice":"Healed","floor":10.0,"gold_loss":35.0,"damage_taken":0.0},{"damage_healed":0.0,"max_hp_gain":0.0,"max_hp_loss":0.0,"gold_gain":75.0,"event_name":"World of Goop","player_choice":"Gather Gold","floor":13.0,"gold_loss":0.0,"damage_taken":11.0},{"cards_removed":["Strike_B"],"damage_healed":0.0,"max_hp_gain":0.0,"max_hp_loss":0.0,"gold_gain":0.0,"event_name":"Beggar","player_choice":"Gave Gold","floor":19.0,"gold_loss":75.0,"damage_taken":0.0},{"damage_healed":0,"gold_gain":50,"player_choice":"Touch","damage_taken":7,"max_hp_gain":0,"max_hp_loss":0,"event_name":"FaceTrader","floor":21,"gold_loss":0},{"damage_healed":0,"gold_gain":0,"player_choice":"Became a Ghost","damage_taken":0,"max_hp_gain":0,"max_hp_loss":39,"event_name":"Ghosts","floor":31,"gold_loss":0,"cards_obtained":["Ghostly","Ghostly","Ghostly"]}],"is_beta":false,"boss_relics":[{"not_picked":["Snecko Eye","Black Star"],"picked":"Cursed Key"}],"items_purged_floors":[5,14,22],"is_endless":false,"potions_floor_spawned":[7,11,12,16,20,24,27,29],"killed_by":"Champ","ascension_level":19}}