{"host":"5t6h2siq57l98co3","time":1609550044,"event":{"mods":["AchievementEnabler","Act Like it!","Aspiration","BaseMod","Better Altar","Better Match","Better Note","Better Sensory Stone","Better Skull","Better Third Choice","BetterRewards","CCEM","CatGirl Mod","Clawfect","Colored Map","Colored Powertips","Curses Come First","Displayed Cursed Tome","Downfall","Gold Saver","Googly Eyes","Highlight Path","Infinite Spire","Jedi Mod","Mimic Mod","Minty Spire (QoL Compilation)","Permanent Neow","Prisma Mod","RatMod","Replay The Spire","Spicy Shops","StSLib","The Alterego","The Jungle","Transform Curses","Virulent Crown","Yuri Mod","everything is the same but u backflip on backflip","vexMod"],"gold_per_floor":[3808,3826,3826,3841,3136,3136,3191,3191,3191,2169,2232,2232,2232,2232,2232,2361,2361,2399,2399,2427,2442,2534,2534,2457,2543,2543,2543,2578,2651,2688,2706,2793,2948,2948,2966,3011,3281,2234,2289,2378,2378,2510,2510,2548,1256,1364,1475,1475,1475,1677,1677,1801,1801,1932,2090,2229,2386,2386,2566,2594,2783,2987,2987,3193,3418,3418,3721,3721,3954,4217,4217,4217,4509,4509,4809,5145,5191,5191,5525,5899,5899,6300,6300,6779,6779,7216,6493,6907,7351,6797,6797,7266,7384,7437,7942,8475,8475,9051,9689,9689,10500,10500,10500],"floor_reached":102,"playtime":8415,"items_purged":["alterego_mod:SakuraPetals","yuri:BookRed"],"score":3692,"play_id":"b82f62d0-672e-4d65-98f6-3bfbab66aa05","local_time":"20210101191404","daily_mods":["Hoarder","Vintage","Heirloom","DeadlyEvents","Binary","Elite Swarm","Lethality","Night Terrors","downfall:WorldOfGoo"],"is_ascension_mode":true,"campfire_choices":[{"data":"Apotheosis","floor":6.0,"key":"SMITH"},{"data":"Apotheosis","floor":8.0,"key":"SMITH"},{"data":"Apotheosis","floor":13.0,"key":"SMITH"},{"data":"yuri:BookGreen","floor":15.0,"key":"SMITH"},{"data":"yuri:BookGreen","floor":23,"key":"SMITH"},{"data":"yuri:BookGreen","floor":27,"key":"SMITH"},{"data":"yuri:BookGreen","floor":41,"key":"SMITH"},{"data":"yuri:BookGreen","floor":49,"key":"SMITH"},{"data":"yuri:BookGreen","floor":58,"key":"SMITH"},{"floor":81,"key":"DIG"},{"data":"alterego_mod:BrynhildrRomantia","floor":83,"key":"SMITH"},{"data":"yuri:MPose","floor":91,"key":"SMITH"},{"data":"yuri:MPose","floor":97,"key":"SMITH"},{"data":"yuri:MPose","floor":100,"key":"SMITH"}],"circlet_count":0,"master_deck":["alterego_mod:Strike","alterego_mod:Strike","alterego_mod:Strike","alterego_mod:Impale","alterego_mod:BigMeatyClaws","alterego_mod:BrynhildrsRune","Replay:SS_hec_1+1","Replay:SS_hec_1+1","Replay:SS_hec_1+1","yuri:BookGreen+1","yuri:BookGreen+1","yuri:BookGreen+1","yuri:Stare","yuri:Stare","yuri:Stare","Apotheosis+1","Apotheosis+1","Apotheosis+1","Discovery+1","Discovery+1","Discovery+1","yuri:DragonForm","yuri:DragonForm+1","yuri:DragonForm","yuri:MPose+1","yuri:MPose+1","yuri:MPose+1","alterego_mod:Cooking+1","alterego_mod:Cooking+1","alterego_mod:Cooking+1","Blind+1","Blind+1","Blind+1","yuri:BookGreen+1","yuri:BookGreen+1","yuri:BookGreen+1","CurseOfTheBell","CurseOfTheBell","CurseOfTheBell","alterego_mod:Punishment","alterego_mod:Punishment","alterego_mod:Punishment","alterego_mod:SakuraFive","alterego_mod:SakuraFive","alterego_mod:SakuraFive","alterego_mod:BrynhildrRomantia+1","alterego_mod:BrynhildrRomantia","alterego_mod:BrynhildrRomantia","alterego_mod:Palingenesis+1","alterego_mod:Palingenesis+1","alterego_mod:Palingenesis+2","infinitespire:SevenWalls+1","infinitespire:SevenWalls+1","infinitespire:SevenWalls","alterego_mod:Cooking+1","alterego_mod:Cooking+1","alterego_mod:Cooking+1","yuri:GreenTea+1","yuri:GreenTea+1","yuri:GreenTea+1","alterego_mod:Bounce+1","alterego_mod:Bounce+1","alterego_mod:Bounce+1","alterego_mod:GoddessCore+1","alterego_mod:GoddessCore+1","alterego_mod:GoddessCore+1","yuri:MPose+1","yuri:MPose+1","yuri:MPose+1","Parasite","Parasite","Parasite","alterego_mod:TrickOrTreatment+1","alterego_mod:TrickOrTreatment+1","alterego_mod:TrickOrTreatment+1","alterego_mod:Rake+1","alterego_mod:Rake+1","alterego_mod:Rake+1","alterego_mod:Venus+1","alterego_mod:Venus+1","alterego_mod:Venus+1","yuri:BlackTea+1","yuri:BlackTea+1","yuri:BlackTea+1","alterego_mod:Bounce","alterego_mod:Bounce","alterego_mod:Bounce","theJungle:Gourd+1","theJungle:Gourd+1","theJungle:Gourd+1","theJungle:Gourd+1","theJungle:Gourd+1","theJungle:Gourd+1","theJungle:Gourd+1","theJungle:Gourd+1","theJungle:Gourd+1","theJungle:Gourd+1","theJungle:Gourd+1","theJungle:Gourd+1","theJungle:Gourd+1","theJungle:Gourd+1","theJungle:Gourd+1","Decay","Decay","Decay","alterego_mod:Rake+1","alterego_mod:Rake+1","alterego_mod:Rake+1","yuri:InduceGlitch+1","yuri:InduceGlitch+1","yuri:InduceGlitch+1","yuri:RhapsodyCurse","yuri:RhapsodyCurse","yuri:RhapsodyCurse","Slimebound:Icky","Slimebound:Icky","Slimebound:Icky","alterego_mod:Birthday+1","alterego_mod:Birthday+1","alterego_mod:Birthday+1","alterego_mod:Smother+1","alterego_mod:Smother+1","alterego_mod:Smother+1","alterego_mod:RocketPunch+1","alterego_mod:RocketPunch+1","alterego_mod:RocketPunch+1","yuri:Torment+1","yuri:Torment+1","yuri:Torment+1","expansioncontent:Chronoboost","expansioncontent:Chronoboost","expansioncontent:Chronoboost","alterego_mod:Smother","alterego_mod:Smother","alterego_mod:Smother","alterego_mod:Smother","alterego_mod:Smother","alterego_mod:Smother"],"relics":["alterego_mod:MasochisticConstitution","replay:Trail_Library","Ice Cream","vexMod:ScavengeHelm","Dream Catcher","CCEMRelics:FestiveHat","vexMod:ConsolationPrize","Darkstone Periapt","Letter Opener","jedi:cryingmask","Prayer Wheel","Toxic Egg 2","Whetstone","infinitespire:Broken Mirror","jedi:fakemustache","aspiration:AnachronicSnailShell","Calling Bell","Boot","CCEMRelics:DerglesHeadphones","Replay:PocketPolymizer","CaptainsWheel","infinitespire:WardingShard","Blood Vial","Turnip","CCEMRelics:GrindingGear","infinitespire:Lucky Rock","FossilizedHelix","Replay:Baseball","theCatGirl:NepetasHat","vexMod:InvisibilityCloak","Golden Egg","rat:ZhonyasHourglass","Iron Hammer","Bird Faced Urn","CCEMRelics:Sandal","Du-Vu Doll","Akabeko","Durian","vexMod:PaidLearning","CCEMRelics:OrganicArmor","Onion Ring","aspiration:Lifesprig","yuri:PortableGlitches","Replay:Rubber Ducky","infinitespire:EvilPickle","aspiration:HummingbirdHeart","Medical Kit","aspiration:FrozenJewel","Replay:Multitool","PreservedInsect","Ginger","jedi:bottledfury","Potion Belt","infinitespire:Cupcake","ChewingGum","theCatGirl:Ambush","Blue Doll","champ:DuelingGlove","WingedGreaves","jedi:firstaidkit","aspiration:ChemicalBlood","infinitespire:Beetle Shell","CCEMRelics:WhiteRose","infinitespire:Lychee Nut","Shuriken","Anchor","vexMod:MemoryStick","Strawberry","Eternal Feather","rat:PhantomDancer","infinitespire:Midas Blood","aspiration:TomeofQuesting","Snack Pack","CCEMRelics:WarHorn","Replay:Ringing Soul","HornCleat","aspiration:VileToxins","Guide Book","Singing Bowl","ReplayTheSpireMod:Lightbulb","Lantern","Blue Candle","Simple Rune","Nunchaku","Mirror","jedi:arcanewood","Mercury Hourglass","CCEMRelics:Barrel","Orichalcum","Omamori","Replay:Bandana","ReplayTheSpireMod:TigerMarble"],"acts_visited":["Exordium","TheCity","TheBeyond","Exordium","theJungle:Jungle","TheBeyond","Exordium"],"potions_floor_usage":[20,21,25,37,46,46,50,59,60,67,67,86,95,101,101,101],"damage_taken":[{"damage":11.0,"enemies":"Small Slimes","floor":1.0,"turns":3.0},{"damage":0.0,"enemies":"2 Louse","floor":2.0,"turns":3.0},{"damage":2.0,"enemies":"Cultist","floor":4.0,"turns":4.0},{"damage":20.0,"enemies":"Replay:BlueRogue","floor":7.0,"turns":5.0},{"damage":36.0,"enemies":"Gremlin Nob","floor":11.0,"turns":5.0},{"damage":16.0,"enemies":"Hexaghost","floor":16.0,"turns":9.0},{"damage":15.0,"enemies":"3 Byrds","floor":18.0,"turns":3.0},{"damage":8,"enemies":"Shell Parasite","floor":20,"turns":3},{"damage":0,"enemies":"Cultist and Chosen","floor":21,"turns":4},{"damage":48,"enemies":"Shelled Parasite and Fungi","floor":22,"turns":6},{"damage":36,"enemies":"Book of Stabbing","floor":25,"turns":4},{"damage":11,"enemies":"Chosen and Byrds","floor":28,"turns":5},{"damage":24,"enemies":"Slavers","floor":29,"turns":4},{"damage":7,"enemies":"Book of Stabbing","floor":30,"turns":4},{"damage":4,"enemies":"Centurion and Healer","floor":31,"turns":7},{"damage":34,"enemies":"Pondfish","floor":33,"turns":9},{"damage":4,"enemies":"3 Shapes","floor":35,"turns":7},{"damage":17,"enemies":"3 Darklings","floor":36,"turns":5},{"damage":21,"enemies":"infinitespire:Three Voidlings","floor":37,"turns":5},{"damage":88,"enemies":"Nightmare_Alpha","floor":37,"turns":8},{"damage":3,"enemies":"Mind Bloom Boss Battle","floor":39,"turns":4},{"damage":31,"enemies":"Giant Head","floor":40,"turns":8},{"damage":60,"enemies":"Nemesis","floor":42,"turns":6},{"damage":4,"enemies":"R_Hoarder","floor":44,"turns":3},{"damage":0,"enemies":"Reptomancer","floor":46,"turns":2},{"damage":8,"enemies":"Writhing Mass","floor":47,"turns":3},{"damage":4,"enemies":"infinitespire:MassOfShapes","floor":50,"turns":10},{"damage":0,"enemies":"2 Louse","floor":52,"turns":2},{"damage":0,"enemies":"Jaw Worm","floor":54,"turns":2},{"damage":3,"enemies":"Replay:BlueRogue","floor":55,"turns":2},{"damage":0,"enemies":"Cultist","floor":56,"turns":2},{"damage":0,"enemies":"Lagavulin","floor":57,"turns":2},{"damage":0,"enemies":"Gremlin Nob","floor":59,"turns":2},{"damage":0,"enemies":"2 Fungi Beasts","floor":60,"turns":2},{"damage":0,"enemies":"Replay:BlueRogue","floor":61,"turns":2},{"damage":0,"enemies":"Lagavulin","floor":62,"turns":2},{"damage":0,"enemies":"3 Sentries","floor":64,"turns":2},{"damage":0,"enemies":"Lagavulin","floor":65,"turns":3},{"damage":0,"enemies":"The Guardian","floor":67,"turns":3},{"damage":0,"enemies":"theJungle:MUSHROOMGANG","floor":69,"turns":3},{"damage":0,"enemies":"theJungle:5_Spyders","floor":70,"turns":1},{"damage":0,"enemies":"theJungle:2_Phrogs","floor":73,"turns":2},{"damage":0,"enemies":"theJungle:2_Flameangoes","floor":75,"turns":2},{"damage":0,"enemies":"theJungle:MamaSnecko","floor":76,"turns":2},{"damage":0,"enemies":"theJungle:2_Snecko_Cultists","floor":79,"turns":3},{"damage":0,"enemies":"theJungle:2_Phrogs","floor":80,"turns":2},{"damage":0,"enemies":"theJungle:Cassacara","floor":82,"turns":2},{"damage":0,"enemies":"theJungle:FunGuy","floor":84,"turns":4},{"damage":0,"enemies":"3 Shapes","floor":86,"turns":2},{"damage":1,"enemies":"3 Darklings","floor":88,"turns":3},{"damage":0,"enemies":"Maw","floor":89,"turns":2},{"damage":0,"enemies":"Nemesis","floor":92,"turns":1},{"damage":0,"enemies":"R_Hoarder","floor":95,"turns":1},{"damage":0,"enemies":"Nemesis","floor":96,"turns":1},{"damage":0,"enemies":"R_Hoarder","floor":98,"turns":2},{"damage":0,"enemies":"Reptomancer","floor":99,"turns":1},{"damage":5,"enemies":"infinitespire:MassOfShapes","floor":101,"turns":5}],"seed_played":"-5760860889717938046","potions_obtained":[{"floor":1.0,"key":"Swift Potion"},{"floor":4.0,"key":"LiquidMemories"},{"floor":18.0,"key":"jedi:StrikingPotion"},{"floor":20,"key":"LifebloodPotion"},{"floor":22,"key":"ColorlessPotion"},{"floor":33,"key":"DuplicationPotion"},{"floor":37,"key":"Fire Potion"},{"floor":40,"key":"EssenceOfSteel"},{"floor":46,"key":"PowerPotion"},{"floor":47,"key":"SteroidPotion"},{"floor":52,"key":"Dexterity Potion"},{"floor":56,"key":"Block Potion"},{"floor":57,"key":"PowerPotion"},{"floor":59,"key":"Weak Potion"},{"floor":64,"key":"jedi:StrikingPotion"},{"floor":67,"key":"CultistPotion"},{"floor":69,"key":"EssenceOfSteel"},{"floor":89,"key":"PowerPotion"},{"floor":93,"key":"FairyPotion"},{"floor":95,"key":"PowerPotion"},{"floor":101,"key":"Venom Potion"}],"is_trial":true,"path_per_floor":["M","M","WH","M","$","R","E","R","T","$","E","?","R","WH","R","B",null,"M","?","M","M","M","R","?","E","T","R","M","E","E","M","R_BF","B",null,"M","M","?","$","?","E","R","E","T","E","$","E","M","AVR","R","B",null,"M","?","M","E","M","E","R","E","MIM","E","E","R","E","E","R","B",null,"M","M","?","?","E","R","M","E","T","R","M","E","R","E","R","B",null,"M","$","M","M","$","R","E","?","T","E","E","R","E","E","R","B",null],"character_chosen":"The_Alterego","items_purchased":["yuri:BookGreen","yuri:Stare","Darkstone Periapt","Letter Opener","Apotheosis","yuri:MPose","Toxic Egg 2","Whetstone","infinitespire:Broken Mirror","jedi:fakemustache","alterego_mod:Cooking+1","CCEMRelics:Sandal","Du-Vu Doll","Akabeko","Durian","yuri:GreenTea+1","alterego_mod:Bounce","vexMod:PaidLearning","yuri:MPose+1","aspiration:HummingbirdHeart","Medical Kit","aspiration:FrozenJewel","Replay:Multitool","PreservedInsect","Guide Book","Singing Bowl","ReplayTheSpireMod:Lightbulb","alterego_mod:Birthday+1","alterego_mod:Smother","alterego_mod:RocketPunch+1","Simple Rune","Nunchaku","Mirror"],"campfire_rested":0,"item_purchase_floors":[5,5,5,5,5,10,10,10,10,10,10,38,38,38,38,38,38,38,45,45,45,45,45,45,87,87,87,87,87,87,90,90,90],"current_hp_per_floor":[60,60,60,66,66,66,54,54,54,69,38,38,38,38,38,42,93,79,79,84,95,48,60,60,39,39,51,55,46,54,76,76,57,106,110,111,36,76,110,114,126,89,89,118,130,130,149,149,149,150,150,153,158,161,159,162,162,162,162,165,165,123,123,123,123,123,126,126,126,133,133,151,151,151,151,151,151,151,151,151,151,151,151,190,190,193,196,197,200,200,200,203,206,209,211,213,216,218,220,220,218,223,223],"gold":10500,"neow_bonus":"UPGRADE_CARD","is_daily":false,"chose_seed":false,"campfire_upgraded":13,"win_rate":0.0,"timestamp":1609550044,"path_taken":["M","M","WH","M","$","R","E","R","T","$","E","?","R","WH","R","BOSS","M","WH","M","M","M","R","?","E","T","R","M","E","?","?","R_BF","BOSS","M","M","?","$","?","E","R","?","T","?","$","E","M","AVR","R","BOSS","M","?","?","?","M","E","R","E","MIM","E","E","R","?","E","R","BOSS","M","M","?","?","?","R","?","E","T","R","M","E","R","E","R","BOSS","M","$","M","M","$","R","E","?","T","?","E","?","E","E","R","BOSS"],"items_purchased_type":["Card","Card","Relic","Relic","Card","Card","Relic","Relic","Relic","Relic","Card","Relic","Relic","Relic","Relic","Card","Card","Relic","Card","Relic","Relic","Relic","Relic","Relic","Relic","Relic","Relic","Card","Card","Card","Relic","Relic","Relic"],"build_version":"2020-12-22","purchased_purges":2,"victory":false,"max_hp_per_floor":[71,71,71,72,72,72,73,73,73,73,74,74,74,74,74,75,93,94,94,95,95,96,96,96,97,97,97,98,99,100,105,105,106,106,110,111,117,122,123,128,128,129,129,130,130,130,149,149,149,150,150,153,158,161,162,162,162,162,162,165,165,123,123,123,123,123,126,126,126,133,133,151,151,151,151,151,151,151,151,151,151,151,151,190,190,193,196,197,200,200,200,203,206,209,211,213,216,218,220,220,223,223,223],"card_choices":[{"not_picked":["Mayhem+1"],"picked":"Replay:SS_hec_1+1","floor":4.0},{"not_picked":["The Bomb+1"],"picked":"Discovery+1","floor":7.0},{"not_picked":["alterego_mod:STier"],"picked":"yuri:DragonForm","floor":7.0},{"not_picked":["expansioncontent:Flail+1"],"picked":"Blind+1","floor":11.0},{"not_picked":["yuri:DuplicateCode+1","alterego_mod:SideboobHour"],"picked":"SKIP","floor":11.0},{"not_picked":["yuri:DistillInsanity+1","yuri:MirrorInsanity+1"],"picked":"SKIP","floor":25},{"not_picked":["alterego_mod:InsideBaseball","alterego_mod:TrickOrTreatment"],"picked":"SKIP","floor":29},{"not_picked":["alterego_mod:TrickOrTreatment"],"picked":"alterego_mod:BrynhildrRomantia","floor":30},{"not_picked":["yuri:RelentlessStrikes"],"picked":"alterego_mod:Palingenesis","floor":33},{"not_picked":["infinitespire:FinalStrike","infinitespire:SealOfDarkness+"],"picked":"infinitespire:SevenWalls","floor":37},{"not_picked":["yuri:HeavierStrike+1"],"picked":"alterego_mod:Cooking+1","floor":37},{"not_picked":["alterego_mod:PerceptionDisorder+1"],"picked":"alterego_mod:GoddessCore+1","floor":39},{"not_picked":["yuri:GhostForm","alterego_mod:Tantrum+1"],"picked":"SKIP","floor":40},{"not_picked":["alterego_mod:GIGAMILK+1","alterego_mod:BrynhildrRomantia"],"picked":"SKIP","floor":42},{"not_picked":["yuri:DragonForm","yuri:Suicide+1"],"picked":"SKIP","floor":44},{"not_picked":["alterego_mod:Lift","yuri:RemoveSafetyChecks"],"picked":"SKIP","floor":46},{"not_picked":["alterego_mod:IdEs+1"],"picked":"alterego_mod:TrickOrTreatment","floor":50},{"not_picked":["yuri:RelentlessStrikes","yuri:NoEscape"],"picked":"SKIP","floor":55},{"not_picked":["yuri:NoEscape"],"picked":"alterego_mod:Rake","floor":57},{"not_picked":["alterego_mod:Lift","alterego_mod:TrickOrTreatment"],"picked":"SKIP","floor":59},{"not_picked":["alterego_mod:Alter+1"],"picked":"alterego_mod:Venus","floor":61},{"not_picked":["alterego_mod:Weigh"],"picked":"yuri:BlackTea+1","floor":62},{"not_picked":["alterego_mod:IdEs+1","alterego_mod:Venus"],"picked":"SKIP","floor":64},{"not_picked":["alterego_mod:VirginLaserPalladion","alterego_mod:Venus"],"picked":"SKIP","floor":65},{"not_picked":["alterego_mod:RingBreak"],"picked":"alterego_mod:Rake","floor":73},{"not_picked":["yuri:DuplicateCode+1","yuri:MagneticKnives"],"picked":"SKIP","floor":76},{"not_picked":["alterego_mod:IdEs+1","yuri:ExploitStrike"],"picked":"SKIP","floor":80},{"not_picked":["alterego_mod:Valkyrie","alterego_mod:RingBreak"],"picked":"SKIP","floor":82},{"not_picked":["alterego_mod:Valkyrie"],"picked":"yuri:Torment+1","floor":92},{"not_picked":["Replay:SS_hec_1"],"picked":"expansioncontent:Chronoboost","floor":93},{"not_picked":["alterego_mod:GIGAMILK+1","yuri:JumpScare+1"],"picked":"Singing Bowl","floor":95},{"not_picked":["alterego_mod:TrickOrTreatment","alterego_mod:GIGAMILK+1"],"picked":"Singing Bowl","floor":96},{"not_picked":["alterego_mod:Venus","alterego_mod:VirginLaserPalladion"],"picked":"Singing Bowl","floor":98},{"not_picked":["yuri:DisableStrike","alterego_mod:Alter+1"],"picked":"Singing Bowl","floor":99},{"not_picked":["alterego_mod:Weigh","alterego_mod:TrickOrTreatment"],"picked":"Singing Bowl","floor":101}],"player_experience":941988,"relics_obtained":[{"floor":1.0,"key":"vexMod:ScavengeHelm"},{"floor":2.0,"key":"Dream Catcher"},{"floor":4.0,"key":"vexMod:ConsolationPrize"},{"floor":7.0,"key":"jedi:cryingmask"},{"floor":9.0,"key":"Prayer Wheel"},{"floor":11.0,"key":"aspiration:AnachronicSnailShell"},{"floor":17.0,"key":"Boot"},{"floor":17.0,"key":"CCEMRelics:DerglesHeadphones"},{"floor":17.0,"key":"Replay:PocketPolymizer"},{"floor":18.0,"key":"CaptainsWheel"},{"floor":20,"key":"infinitespire:WardingShard"},{"floor":21,"key":"Blood Vial"},{"floor":22,"key":"Turnip"},{"floor":25,"key":"infinitespire:Lucky Rock"},{"floor":26,"key":"FossilizedHelix"},{"floor":28,"key":"Replay:Baseball"},{"floor":29,"key":"theCatGirl:NepetasHat"},{"floor":30,"key":"vexMod:InvisibilityCloak"},{"floor":31,"key":"Golden Egg"},{"floor":35,"key":"rat:ZhonyasHourglass"},{"floor":36,"key":"Iron Hammer"},{"floor":37,"key":"Bird Faced Urn"},{"floor":39,"key":"CCEMRelics:OrganicArmor"},{"floor":40,"key":"Onion Ring"},{"floor":42,"key":"aspiration:Lifesprig"},{"floor":43,"key":"yuri:PortableGlitches"},{"floor":44,"key":"Replay:Rubber Ducky"},{"floor":46,"key":"Ginger"},{"floor":47,"key":"jedi:bottledfury"},{"floor":52,"key":"theCatGirl:Ambush"},{"floor":54,"key":"Blue Doll"},{"floor":55,"key":"champ:DuelingGlove"},{"floor":56,"key":"WingedGreaves"},{"floor":57,"key":"jedi:firstaidkit"},{"floor":59,"key":"aspiration:ChemicalBlood"},{"floor":60,"key":"infinitespire:Beetle Shell"},{"floor":61,"key":"CCEMRelics:WhiteRose"},{"floor":62,"key":"infinitespire:Lychee Nut"},{"floor":64,"key":"Shuriken"},{"floor":65,"key":"Anchor"},{"floor":69,"key":"vexMod:MemoryStick"},{"floor":70,"key":"Strawberry"},{"floor":73,"key":"Eternal Feather"},{"floor":75,"key":"rat:PhantomDancer"},{"floor":76,"key":"infinitespire:Midas Blood"},{"floor":77,"key":"aspiration:TomeofQuesting"},{"floor":79,"key":"Snack Pack"},{"floor":80,"key":"CCEMRelics:WarHorn"},{"floor":81,"key":"Replay:Ringing Soul"},{"floor":82,"key":"HornCleat"},{"floor":86,"key":"aspiration:VileToxins"},{"floor":88,"key":"Lantern"},{"floor":89,"key":"Blue Candle"},{"floor":92,"key":"jedi:arcanewood"},{"floor":93,"key":"Mercury Hourglass"},{"floor":94,"key":"CCEMRelics:Barrel"},{"floor":95,"key":"Orichalcum"},{"floor":96,"key":"Omamori"},{"floor":98,"key":"Replay:Bandana"},{"floor":99,"key":"ReplayTheSpireMod:TigerMarble"}],"event_choices":[{"damage_healed":0,"gold_gain":0,"player_choice":"Paid Gold","damage_taken":0,"relics_obtained":["CCEMRelics:GrindingGear"],"max_hp_gain":0,"max_hp_loss":0,"event_name":"WeMeetAgain","floor":24,"gold_loss":77},{"damage_healed":0,"gold_gain":0,"player_choice":"Fight","damage_taken":0,"max_hp_gain":0,"max_hp_loss":0,"event_name":"MindBloom","floor":39,"gold_loss":0},{"damage_healed":0,"gold_gain":0,"player_choice":"Donut","damage_taken":0,"max_hp_gain":5,"max_hp_loss":0,"event_name":"Big Fish","floor":53,"gold_loss":0},{"damage_healed":0,"gold_gain":0,"player_choice":"Cursed","damage_taken":0,"max_hp_gain":0,"max_hp_loss":0,"event_name":"Wheel of Change","floor":72,"gold_loss":0,"cards_obtained":["Decay"]},{"damage_healed":0,"gold_gain":0,"player_choice":"Random: Red","damage_taken":0,"max_hp_gain":0,"max_hp_loss":0,"event_name":"betterThird:BetterPortal","floor":93,"gold_loss":0}],"is_beta":false,"boss_relics":[{"not_picked":["SlaversCollar","Replay:Fungal Core"],"picked":"Calling Bell"},{"not_picked":["Replay:Drink Me","Abe\u0027s Treasure","Busted Crown"]},{"not_picked":["Replay:Wanted Poster","vexMod:RockOfEvil"],"picked":"ChewingGum"},{"not_picked":["Scatterbrain"],"picked":"Accursed"},{"not_picked":["VoidEssence"],"picked":"TwistingMind"},{"not_picked":["Scatterbrain"],"picked":"VoidEssence"}],"items_purged_floors":[10,45],"is_endless":true,"potions_floor_spawned":[1,4,18,20,22,33,37,40,44,46,47,52,56,57,59,64,65,67,69,76,80,82,84,89,92,95,98,101],"ascension_level":3}}