{"host":"w36evy4uyf1bcavi","time":1609589748,"event":{"mods":["Act Like it!","Aspiration","BaseMod","Conspire","Hallownest","Jedi Mod","Minty Spire (QoL Compilation)","Replay The Spire","Spicy Shops","StSLib","The Hayseed","The Hierophant"],"gold_per_floor":[117,127,55,55,105,117,117],"floor_reached":6,"playtime":366,"items_purged":[],"score":36,"play_id":"f6e5c215-6485-4169-8696-39fe65e85d53","local_time":"20210102201548","is_ascension_mode":true,"campfire_choices":[],"circlet_count":0,"master_deck":["TheSimpletonMod:Strike_TheSimpleton","TheSimpletonMod:Strike_TheSimpleton","TheSimpletonMod:Strike_TheSimpleton","TheSimpletonMod:Strike_TheSimpleton","TheSimpletonMod:Defend_TheSimpleton","TheSimpletonMod:Defend_TheSimpleton","TheSimpletonMod:Defend_TheSimpleton","TheSimpletonMod:Defend_TheSimpleton","TheSimpletonMod:Haymaker","TheSimpletonMod:ReapAndSow","Normality","TheSimpletonMod:StockTheCellar","TheSimpletonMod:RootDown"],"relics":["TheSimpletonMod:SpudOfTheInnocent","TheSimpletonMod:NightSoil","TheSimpletonMod:TheHarvester","OrangePellets","Ring of Greed","Smiling Mask","Replay:Bandana","Ring of Fangs"],"acts_visited":["Exordium"],"potions_floor_usage":[],"damage_taken":[{"damage":0,"enemies":"2 Louse","floor":1,"turns":3},{"damage":5,"enemies":"Jaw Worm","floor":2,"turns":6},{"damage":111,"enemies":"Gremlin Nob","floor":6,"turns":7}],"seed_played":"-6452423611072325475","potions_obtained":[],"is_trial":false,"path_per_floor":["M","M","$","?","?","E"],"character_chosen":"THE_SIMPLETON","items_purchased":["OrangePellets"],"campfire_rested":0,"item_purchase_floors":[3],"current_hp_per_floor":[89,84,84,89,89,0,0],"gold":117,"neow_bonus":"TWENTY_PERCENT_HP_BONUS","is_daily":false,"chose_seed":false,"campfire_upgraded":0,"win_rate":0.0,"timestamp":1609589748,"path_taken":["M","M","$","?","?","E"],"items_purchased_type":["Relic"],"build_version":"2020-12-22","purchased_purges":0,"victory":false,"max_hp_per_floor":[89,89,89,89,89,89,89],"card_choices":[{"not_picked":["TheSimpletonMod:SlashAndBurn","TheSimpletonMod:PestManagement"],"picked":"TheSimpletonMod:StockTheCellar","floor":1},{"not_picked":["TheSimpletonMod:Onions","TheSimpletonMod:OnionBloom"],"picked":"TheSimpletonMod:RootDown","floor":2}],"player_experience":414613,"relics_obtained":[{"floor":5,"key":"Ring of Greed"},{"floor":5,"key":"Smiling Mask"},{"floor":5,"key":"Replay:Bandana"},{"floor":5,"key":"Ring of Fangs"}],"event_choices":[],"is_beta":false,"boss_relics":[],"items_purged_floors":[],"is_endless":false,"potions_floor_spawned":[],"killed_by":"Gremlin Nob","ascension_level":1}}