{"host":"q1ejl7hv5l3527la","time":1609559464,"event":{"mods":["Aspiration","Bard","BaseMod","Better Third Choice","Colored Powertips","Downfall","Energized Spire","Hermit","Highlight Path","Hubris","Infinite Spire","Minty Spire (QoL Compilation)","Replay The Spire","Shop Mod","StSLib","The Bladedancer","The Cursed","The Forsaken","The Juggle","The Jungle","The Runesmith"],"gold_per_floor":[99,111,17,30,15,44,44,44,41,83,8,38,38,60,91,203,203,128,161,182,200,200,200,200,229,269,369,369,399,12,12,42,166,166,166,166,166,186,388,422,445,487,509,509,509,537,547,547,547],"floor_reached":47,"playtime":5463,"items_purged":["Normality"],"score":564,"play_id":"9cee2cff-5901-47fc-9f27-631405f1734d","local_time":"20210101215104","is_ascension_mode":false,"campfire_choices":[{"floor":1,"key":"RECALL"},{"floor":11,"key":"REST"},{"floor":13,"key":"REST"},{"floor":28,"key":"REST"},{"data":"hexamod:HexaLevel","floor":35,"key":"SMITH"},{"floor":45,"key":"REST"}],"circlet_count":0,"master_deck":["hexamod:Strike","hexamod:Strike","hexamod:Strike","hexamod:Strike","hexamod:Defend","hexamod:Defend","hexamod:Defend+1","hexamod:Defend","hexamod:Sear","hexamod:Float","hexamod:ThermalTransfer","hexamod:NightmareStrike+1","hexamod:DynamicBlow","hexamod:BurningTouch","hexamod:NightmareGuise","hexamod:HauntingEcho","hexamod:FourthSeal","hexamod:EmpoweredFlame","hexamod:GhostLash","hexamod:TimeWarp+1","hexamod:Rewind+1","hexamod:FastForward","hexamod:FifthSeal","hexamod:Hexaguard+1","hexamod:FirstSeal","hexamod:ThirdSeal","hexamod:Incineration+1","hexamod:SixthSeal","hexamod:Firestarter","hexamod:BacktrackSmack","hexamod:Firestarter+1","hexamod:SpectersWail","hexamod:HauntingEcho","hexamod:GhostShield+1","hexamod:BacktrackSmack","hexamod:StepThrough+1","hexamod:Firestarter","hexamod:RadiantFlame","hexamod:CrushingStance+1","hexamod:FastForward","hexamod:SecondSeal","hexamod:HexaLevel+1","hexamod:EmpoweringStance","theForsaken:PlagueCurse","hexamod:Haunt+1","hexamod:CatchUp","hexamod:ThermalTransfer+1","hexamod:ExtraCrispy+1","hexamod:GhostOfSpirePast","hexamod:GhostLash","hexamod:GhostShield+1","hexamod:GhostShield+1","hexamod:FastForward+1","hexamod:Haunt"],"relics":["hexamod:SpiritBrand","Replay:Bandana","aspiration:Lifesprig","downfall:HeartBlessingRed","Philosopher\u0027s Stone","downfall:HeartBlessingBlue","hubris:Icosahedron","MutagenicStrength","Mirror","ReplayTheSpireMod:TigerMarble","Guide Book","aspiration:RunicSpoon","Ring of Misfortune","Ring of Searing","theForsaken:PlagueMask","Bag of Preparation"],"acts_visited":["Exordium","TheCity","TheBeyond"],"potions_floor_usage":[14,16,25,25,30,30,32,33,33,33,39,40,40,42,46,47,47,47],"damage_taken":[{"damage":0,"enemies":"Small Slimes","floor":2,"turns":3},{"damage":0,"enemies":"downfall:FleeingMerchant","floor":3,"turns":4},{"damage":0,"enemies":"2 Louse","floor":4,"turns":2},{"damage":0,"enemies":"downfall:FleeingMerchant","floor":5,"turns":4},{"damage":8,"enemies":"Lagavulin","floor":6,"turns":6},{"damage":9,"enemies":"downfall:FleeingMerchant","floor":9,"turns":4},{"damage":20,"enemies":"Gremlin Nob","floor":10,"turns":4},{"damage":0,"enemies":"Cultist","floor":12,"turns":3},{"damage":7,"enemies":"Blue Slaver","floor":14,"turns":3},{"damage":0,"enemies":"Red Slaver","floor":15,"turns":3},{"damage":21,"enemies":"downfall:Silent","floor":16,"turns":6},{"damage":4,"enemies":"3 Byrds","floor":19,"turns":3},{"damage":24,"enemies":"Snecko","floor":20,"turns":5},{"damage":31,"enemies":"Snake Plant","floor":21,"turns":6},{"damage":3,"enemies":"3 Cultists","floor":25,"turns":4},{"damage":0,"enemies":"Centurion and Healer","floor":26,"turns":3},{"damage":10,"enemies":"Snecko","floor":29,"turns":3},{"damage":16,"enemies":"downfall:FleeingMerchant","floor":30,"turns":4},{"damage":8,"enemies":"Sentry and Sphere","floor":32,"turns":4},{"damage":27,"enemies":"downfall:Defect","floor":33,"turns":9},{"damage":25,"enemies":"3 Shapes","floor":38,"turns":4},{"damage":31,"enemies":"downfall:FleeingMerchant","floor":39,"turns":3},{"damage":17,"enemies":"Orb Walker","floor":40,"turns":3},{"damage":5,"enemies":"Jaw Worm Horde","floor":42,"turns":4},{"damage":10,"enemies":"Sphere and 2 Shapes","floor":43,"turns":3},{"damage":0,"enemies":"Transient","floor":46,"turns":5},{"damage":80,"enemies":"Nemesis","floor":47,"turns":6}],"seed_played":"9000400003543685826","potions_obtained":[{"floor":4,"key":"Dexterity Potion"},{"floor":6,"key":"Elixir"},{"floor":10,"key":"Reflective Coating"},{"floor":10,"key":"SkillPotion"},{"floor":14,"key":"Block Potion"},{"floor":16,"key":"hexamod:EctoCoolerPotion"},{"floor":16,"key":"PowerPotion"},{"floor":20,"key":"Adrenaline Potion"},{"floor":26,"key":"AttackPotion"},{"floor":29,"key":"Dexterity Potion"},{"floor":30,"key":"BlessingOfTheForge"},{"floor":32,"key":"LiquidMemories"},{"floor":32,"key":"SkillPotion"},{"floor":33,"key":"Elixir"},{"floor":39,"key":"PowerPotion"},{"floor":40,"key":"Toxic Potion"},{"floor":40,"key":"FearPotion"},{"floor":42,"key":"Swift Potion"},{"floor":46,"key":"EntropicBrew"}],"is_trial":false,"path_per_floor":["R","M","$","M","$","E","T","?","$","E","R","M","R","M","M","B",null,"R","M","M","M","?","?","T","M","M","?","R","M","$","?","M","B",null,"R","?","?","M","$","M","T","M","M","?","R","M","E"],"character_chosen":"THE_SPIRIT","items_purchased":["hexamod:DynamicBlow","hexamod:BurningTouch","hexamod:Firestarter","hexamod:RadiantFlame","hexamod:CrushingStance","Guide Book","Adrenaline Potion","Fire Potion"],"campfire_rested":4,"item_purchase_floors":[3,3,30,30,30,30,39,39],"current_hp_per_floor":[77,77,77,77,77,69,69,69,60,40,63,63,77,70,70,49,77,87,83,59,35,35,35,35,39,39,39,65,55,39,87,79,59,87,87,87,87,62,31,14,14,20,17,17,43,50,0,0,0],"gold":547,"neow_bonus":"TEN_PERCENT_HP_BONUS","is_daily":false,"chose_seed":false,"campfire_upgraded":1,"win_rate":0.0,"timestamp":1609559464,"path_taken":["R","M","$","M","$","E","T","?","$","E","R","M","R","M","M","BOSS","R","M","M","M","?","?","T","M","M","?","R","?","$","?","M","BOSS","R","?","?","M","$","M","T","M","M","?","R","M","E"],"items_purchased_type":["Card","Card","Card","Card","Card","Relic","Potion","Potion"],"build_version":"2020-12-22","purchased_purges":1,"victory":false,"max_hp_per_floor":[77,77,77,77,77,77,77,77,77,77,77,77,77,77,77,77,77,87,87,87,87,87,87,87,87,87,87,87,87,87,87,87,87,87,87,87,87,87,87,87,87,87,87,87,87,87,87,87,87],"card_choices":[{"not_picked":["hexamod:GhostOfSpirePresent","hexamod:BurningTouch"],"picked":"hexamod:ThermalTransfer","floor":2},{"not_picked":["hexamod:NecessarySacrifice","hexamod:HauntingEcho"],"picked":"hexamod:NightmareStrike","floor":3},{"not_picked":["hexamod:FastForward","hexamod:InspiringFlames"],"picked":"hexamod:NightmareGuise","floor":4},{"not_picked":["hexamod:RetreatToShadows","hexamod:SearingWound"],"picked":"hexamod:HauntingEcho","floor":5},{"not_picked":["hexamod:GhostOfSpirePresent","hexamod:Rewind"],"picked":"hexamod:FourthSeal","floor":6},{"not_picked":["hexamod:ShieldOfDarkness","hexamod:Hexaguard"],"picked":"hexamod:EmpoweredFlame","floor":9},{"not_picked":["hexamod:AdvancingGuard","hexamod:GhostShield"],"picked":"hexamod:GhostLash","floor":10},{"not_picked":["hexamod:SpectralAdrenaline","hexamod:BacktrackSmack"],"picked":"hexamod:TimeWarp","floor":12},{"not_picked":["hexamod:GhostflameBarrier","hexamod:ShieldOfDarkness"],"picked":"hexamod:Rewind","floor":14},{"not_picked":["hexamod:RainOfEmbers","hexamod:UnleashSpirits"],"picked":"hexamod:FastForward","floor":15},{"not_picked":["hexamod:TurnItUp","hexamod:HexaLevel"],"picked":"hexamod:FifthSeal","floor":16},{"not_picked":["hexamod:FastForward+1","hexamod:NightmareGuise"],"picked":"hexamod:Hexaguard","floor":19},{"not_picked":["hexamod:FourthSeal","hexamod:SixthSeal"],"picked":"hexamod:FirstSeal","floor":20},{"not_picked":["hexamod:GhostShield","hexamod:GhostflameInferno"],"picked":"hexamod:ThirdSeal","floor":20},{"not_picked":["hexamod:NightmareGuise+1","hexamod:NightmareStrike+1"],"picked":"hexamod:Incineration+1","floor":21},{"not_picked":["hexamod:BacktrackSmack+1","hexamod:HauntingEcho"],"picked":"hexamod:PhantomFireball","floor":21},{"not_picked":["hexamod:ThirdSeal","hexamod:FourthSeal","hexamod:FirstSeal"],"picked":"SKIP","floor":21},{"not_picked":["hexamod:SecondSeal","hexamod:FirstSeal"],"picked":"hexamod:SixthSeal","floor":25},{"not_picked":["hexamod:HeatCrush","hexamod:FourthSeal"],"picked":"hexamod:Firestarter","floor":25},{"not_picked":["hexamod:EmpoweredFlame","hexamod:HexaLevel"],"picked":"hexamod:BacktrackSmack","floor":25},{"not_picked":["hexamod:SoulSteal","hexamod:FourthSeal"],"picked":"hexamod:Firestarter+1","floor":26},{"not_picked":["hexamod:Rewind+1","hexamod:HauntingEcho"],"picked":"hexamod:SpectersWail","floor":27},{"not_picked":["hexamod:GhostOfSpirePast","hexamod:DynamicBlow"],"picked":"hexamod:HauntingEcho","floor":27},{"not_picked":["hexamod:EtherealExpedition","hexamod:HeatMetal"],"picked":"hexamod:GhostShield+1","floor":29},{"not_picked":["hexamod:Hexaguard","hexamod:SoulSteal"],"picked":"hexamod:BacktrackSmack","floor":30},{"not_picked":["hexamod:GhostflameBarrier","hexamod:BurningTouch"],"picked":"hexamod:StepThrough","floor":30},{"not_picked":["hexamod:ThirdSeal","hexamod:SixthSeal","hexamod:FirstSeal"],"picked":"SKIP","floor":30},{"not_picked":["hexamod:HauntingEcho+1","hexamod:Firestarter+1"],"picked":"hexamod:FastForward","floor":32},{"not_picked":["hexamod:ThirdSeal","hexamod:FourthSeal","hexamod:SixthSeal"],"picked":"SKIP","floor":32},{"not_picked":["hexamod:FirstSeal","hexamod:FourthSeal"],"picked":"hexamod:SecondSeal","floor":33},{"not_picked":["hexamod:WildfireWeapon","hexamod:FifthSeal"],"picked":"hexamod:HexaLevel","floor":33},{"not_picked":["hexamod:CrushingStance","hexamod:TurnItUp"],"picked":"hexamod:EmpoweringStance","floor":33},{"not_picked":["hexamod:GhostflameBarrier+1","hexamod:HauntingEcho"],"picked":"hexamod:Haunt+1","floor":38},{"not_picked":["hexamod:FastForward+1","hexamod:NightmareGuise+1"],"picked":"hexamod:CatchUp","floor":38},{"not_picked":["hexamod:InspiringFlames+1","hexamod:SecondSeal"],"picked":"hexamod:ThermalTransfer+1","floor":39},{"not_picked":["hexamod:RainOfEmbers","hexamod:DynamicBlow"],"picked":"hexamod:ExtraCrispy+1","floor":39},{"not_picked":["hexamod:NightmareStrike","hexamod:ShieldOfDarkness+1"],"picked":"hexamod:GhostOfSpirePast","floor":39},{"not_picked":["hexamod:BacktrackSmack+1","hexamod:HeatShield+1"],"picked":"hexamod:GhostLash","floor":40},{"not_picked":["hexamod:ShieldOfDarkness+1","hexamod:Hexaguard+1"],"picked":"hexamod:GhostShield+1","floor":40},{"not_picked":["hexamod:BacktrackSmack+1","hexamod:DynamicBlow"],"picked":"hexamod:GhostShield+1","floor":42},{"not_picked":["hexamod:ThirdSeal","hexamod:SecondSeal","hexamod:SixthSeal"],"picked":"SKIP","floor":42},{"not_picked":["hexamod:GhostShield+1","hexamod:FourthSeal"],"picked":"hexamod:FastForward+1","floor":43},{"not_picked":["hexamod:NightmareStrike+1","hexamod:FirstSeal","hexamod:Again"],"picked":"SKIP","floor":43},{"not_picked":["hexamod:Incineration+1","hexamod:HeatShield"],"picked":"hexamod:Haunt","floor":46},{"not_picked":["hexamod:FourthSeal","hexamod:SecondSeal","hexamod:FirstSeal"],"picked":"SKIP","floor":46}],"player_experience":66307,"relics_obtained":[{"floor":6,"key":"Replay:Bandana"},{"floor":10,"key":"aspiration:Lifesprig"},{"floor":24,"key":"Mirror"},{"floor":27,"key":"ReplayTheSpireMod:TigerMarble"},{"floor":36,"key":"Ring of Misfortune"},{"floor":36,"key":"Ring of Searing"},{"floor":41,"key":"Bag of Preparation"}],"event_choices":[{"damage_healed":0,"gold_gain":0,"player_choice":"Inject Mutagens","damage_taken":0,"relics_obtained":["MutagenicStrength"],"max_hp_gain":0,"max_hp_loss":0,"event_name":"Drug Dealer","floor":23,"gold_loss":0},{"cards_removed":["hexamod:PhantomFireball"],"damage_healed":48,"gold_gain":0,"player_choice":"Offered Uncommon","damage_taken":0,"max_hp_gain":0,"max_hp_loss":0,"event_name":"Bonfire Elementals","floor":31,"gold_loss":0},{"damage_healed":0,"gold_gain":0,"player_choice":"Obtain Plague Curse","damage_taken":0,"max_hp_gain":0,"max_hp_loss":0,"event_name":"Plague Doctor","floor":37,"gold_loss":0,"cards_obtained":["theForsaken:PlagueCurse"]}],"is_beta":false,"boss_relics":[{"not_picked":["aspiration:MobileForge","Cursed Key"],"picked":"Philosopher\u0027s Stone"},{"not_picked":["Ring of Chaos","Kintsugi"],"picked":"aspiration:RunicSpoon"}],"items_purged_floors":[39],"is_endless":false,"potions_floor_spawned":[4,6,10,12,14,16,19,29,32,40,42,43],"killed_by":"Nemesis","ascension_level":0}}