{"host":"a5523bqxi3k68xf3","time":1609591848,"event":{"mods":["BaseMod","BetterRewards","Hermit","Koishi","Marisa????????","Minty Spire (QoL Compilation)","Quick Restart","Random Character Button","Relic Stats","Shop Mod","StSLib","The Animator","The Cursed","The Necromancer","The Servant 0.9.4"],"gold_per_floor":[117,131,131,131,151,151,185,202,202,219,229,229,85,98,98,198,198,210,52,48,48,63,63,83,113,161,213,0,0,27,44,44,141,141,159,6,6,6,22,22,34,53,77,77,0,19,19,19,19,19],"floor_reached":51,"playtime":1741,"items_purged":["Defend_W"],"score":1389,"play_id":"3652b5f8-1f29-4912-9922-7c75a2886021","local_time":"20210102135048","is_ascension_mode":true,"campfire_choices":[{"floor":6.0,"key":"REST"},{"data":"Uncharnel","floor":15.0,"key":"SMITH"},{"data":"Summon_Death_Knight","floor":23,"key":"SMITH"},{"floor":29,"key":"REST"},{"data":"Summon_Vampire_Lady","floor":32,"key":"SMITH"},{"floor":47,"key":"REST"},{"floor":49,"key":"REST"}],"circlet_count":0,"master_deck":["AscendersBane","Strike_W","Defend_W+1","Defend_W","Defend_W","Negative_Energy_Arrows","Bone_Wall+1","Vampiric_Strike","Life_Drain+1","Cloudkill","Uncharnel","Corrupt","Uncharnel+1","Summon_Undead+1","Summon_Undead+1","Summon_Death_Knight+1","Summon_Vampire_Lady+1","Life_Drain","Consume_Illness","Uncharnel+1","Acid_Javelin","Requiem","Madness","Madness","Negative_Energy_Burst+1"],"relics":["Vampire_Amulet","Tiny Chest","Kunai","TheAbacus","War Paint","CaptainsWheel","Sundial","Gremlin Horn","DollysMirror","Empty Cage","Blue Candle","Lantern","Vajra","Ancient Tea Set","Omamori","StrikeDummy","Toy Ornithopter","Red Mask"],"acts_visited":["Exordium","TheCity","TheBeyond"],"potions_floor_usage":[24,25,30,50,50,50],"damage_taken":[{"damage":12.0,"enemies":"Small Slimes","floor":1.0,"turns":3.0},{"damage":0.0,"enemies":"Cultist","floor":2.0,"turns":4.0},{"damage":7.0,"enemies":"Jaw Worm","floor":5.0,"turns":4.0},{"damage":29.0,"enemies":"Lagavulin","floor":7.0,"turns":6.0},{"damage":0.0,"enemies":"2 Fungi Beasts","floor":8.0,"turns":4.0},{"damage":4.0,"enemies":"Exordium Thugs","floor":10.0,"turns":4.0},{"damage":0.0,"enemies":"Looter","floor":11.0,"turns":4.0},{"damage":0.0,"enemies":"Blue Slaver","floor":14.0,"turns":4.0},{"damage":29.0,"enemies":"Hexaghost","floor":16.0,"turns":10.0},{"damage":9.0,"enemies":"Chosen","floor":18.0,"turns":6.0},{"damage":44.0,"enemies":"2 Thieves","floor":20.0,"turns":4.0},{"damage":21,"enemies":"Snake Plant","floor":22,"turns":5},{"damage":23,"enemies":"3 Cultists","floor":24,"turns":5},{"damage":49,"enemies":"Slavers","floor":25,"turns":6},{"damage":9,"enemies":"Gremlin Leader","floor":30,"turns":7},{"damage":33,"enemies":"Centurion and Healer","floor":31,"turns":5},{"damage":18,"enemies":"Champ","floor":33,"turns":9},{"damage":6,"enemies":"Orb Walker","floor":35,"turns":4},{"damage":60,"enemies":"3 Darklings","floor":39,"turns":6},{"damage":25,"enemies":"Sphere and 2 Shapes","floor":41,"turns":5},{"damage":28,"enemies":"Writhing Mass","floor":42,"turns":6},{"damage":50,"enemies":"Spire Growth","floor":46,"turns":5},{"damage":118,"enemies":"Time Eater","floor":50,"turns":12}],"seed_played":"353017405916083624","potions_obtained":[{"floor":1.0,"key":"EssenceOfSteel"},{"floor":5.0,"key":"DuplicationPotion"},{"floor":25,"key":"AttackPotion"},{"floor":33,"key":"CultistPotion"},{"floor":39,"key":"EntropicBrew"}],"is_trial":false,"path_per_floor":["M","M","$","?","M","R","E","M","T","M","M","?","$","M","R","B",null,"M","$","M","$","M","R","M","E","T","T","?","R","E","M","R","B",null,"M","$","?","?","M","T","M","M","T","$","?","M","R","?","R","B",null],"character_chosen":"NECROMANCER","items_purchased":["Vampiric_Strike","Tiny Chest","Kunai","TheAbacus","Life_Drain","War Paint","CaptainsWheel","Cloudkill","DollysMirror","Summon_Vampire_Lady","Life_Drain","Omamori"],"campfire_rested":4,"item_purchase_floors":[0,0,0,0,0,0,0,0,13,19,19,36],"current_hp_per_floor":[21,31,31,31,38,60,45,57,57,69,75,75,75,75,75,75,75,72,72,42,42,51,51,55,36,36,36,36,58,75,69,69,75,75,75,75,66,66,33,33,44,48,48,48,48,21,43,43,65,15],"gold":19,"neow_bonus":"","is_daily":false,"chose_seed":false,"campfire_upgraded":3,"win_rate":0.0,"timestamp":1609591848,"path_taken":["M","M","$","?","M","R","E","?","T","M","M","?","$","M","R","BOSS","M","$","M","$","M","R","M","E","T","?","?","R","E","M","R","BOSS","M","$","?","?","M","?","?","M","T","$","?","M","R","?","R","BOSS"],"items_purchased_type":["Card","Relic","Relic","Relic","Card","Relic","Relic","Card","Relic","Card","Card","Relic"],"build_version":"2020-12-22","purchased_purges":1,"victory":true,"max_hp_per_floor":[75,75,75,75,75,75,75,75,75,75,75,75,75,75,75,75,75,75,75,75,75,75,75,75,75,75,75,75,75,75,75,75,75,75,75,75,75,75,75,75,75,75,75,75,75,75,75,75,75,75],"relic_stats":{"TheAbacus":[162],"Gremlin Horn":[18,18],"counters":[239,1092],"Sundial":[14],"Blue Candle":[0],"Tiny Chest":2,"Kunai":[6],"War Paint":["Bone_Wall","Defend_W"],"obtain_stats":[{"Ice Cream":9,"Calipers":41,"Tiny House":17,"Gremlin Horn":9,"Nilry\u0027s Codex":30,"CeramicFish":41,"Vajra":37,"Whetstone":24,"Bottled Tornado":14,"Sling":0,"Boot":23,"Blood Vial":43,"Sozu":17,"hermit:RyeStalk":10,"Centennial Puzzle":47,"HornCleat":12,"DollysMirror":29,"Sundial":7,"Strawberry":6,"Prayer Wheel":7,"Philosopher\u0027s Stone":34,"MealTicket":46,"Fusion Hammer":34,"Vampire_Amulet":0,"Kunai":26,"Toxic Egg 2":40,"Pear":43,"Happy Flower":0,"Blue Candle":24,"Astrolabe":34,"Dead Branch":40,"Oddly Smooth Stone":30,"Eternal Feather":26,"Pen Nib":0,"War Paint":28,"Question Card":48,"Akabeko":9,"Du-Vu Doll":45,"Runic Dome":34,"hermit:PetGhost":20,"Shuriken":0,"Bronze Scales":29,"MutagenicStrength":28,"Pandora\u0027s Box":17,"Molten Egg 2":43,"Black Star":34,"StrikeDummy":40,"hermit:Momento":0,"Unceasing Top":29,"Meat on the Bone":29,"Darkstone Periapt":13,"Regal Pillow":8,"Lantern":9,"Singing Bowl":26,"Mango":44,"StoneCalendar":7,"Juzu Bracelet":6,"Bag of Preparation":26,"Incense Burner":42,"Smiling Mask":26,"Ancient Tea Set":40,"Empty Cage":17,"Nunchaku":24,"Dream Catcher":14,"Matryoshka":9,"TheAbacus":39,"Mummified Hand":9,"Pantograph":10,"Gambling Chip":45,"Tiny Chest":0,"WingedGreaves":25,"Red Mask":19,"InkBottle":6,"Potion Belt":43,"Golden Idol":14,"Thread and Needle":41,"PreservedInsect":26,"Omamori":23,"Orichalcum":36,"Frozen Egg 2":40,"MawBank":7,"White Beast Statue":0,"Mercury Hourglass":8,"Peace Pipe":37,"Anchor":40,"CaptainsWheel":10,"Busted Crown":34,"Ornamental Fan":14,"hermit:CharredGlove":41,"Bag of Marbles":0,"Art of War":26,"Membership Card":41,"Bottled Lightning":42,"TungstenRod":38,"FossilizedHelix":41,"Toy Ornithopter":22},{"Ice Cream":74,"Calipers":88,"Tiny House":121,"Gremlin Horn":221,"Nilry\u0027s Codex":83,"CeramicFish":42,"Vajra":42,"Whetstone":81,"Bottled Tornado":97,"Sling":46,"Boot":102,"Blood Vial":43,"Sozu":144,"hermit:RyeStalk":32,"Centennial Puzzle":45,"HornCleat":8,"DollysMirror":147,"Sundial":220,"Strawberry":30,"Prayer Wheel":73,"Philosopher\u0027s Stone":128,"MealTicket":156,"Fusion Hammer":172,"Vampire_Amulet":0,"Kunai":14,"Toxic Egg 2":66,"Pear":88,"Happy Flower":0,"Blue Candle":58,"Astrolabe":62,"Dead Branch":177,"Oddly Smooth Stone":206,"Eternal Feather":169,"Pen Nib":46,"War Paint":60,"Question Card":69,"Akabeko":117,"Du-Vu Doll":156,"Runic Dome":85,"hermit:PetGhost":57,"Shuriken":25,"Bronze Scales":126,"MutagenicStrength":147,"Pandora\u0027s Box":78,"Molten Egg 2":178,"Black Star":18,"StrikeDummy":235,"hermit:Momento":0,"Unceasing Top":16,"Meat on the Bone":16,"Darkstone Periapt":54,"Regal Pillow":31,"Lantern":195,"Singing Bowl":38,"Mango":67,"StoneCalendar":161,"Juzu Bracelet":5,"Bag of Preparation":103,"Incense Burner":133,"Smiling Mask":59,"Ancient Tea Set":131,"Empty Cage":165,"Nunchaku":13,"Dream Catcher":120,"Matryoshka":52,"TheAbacus":130,"Mummified Hand":6,"Pantograph":96,"Gambling Chip":179,"Tiny Chest":136,"WingedGreaves":59,"Red Mask":37,"InkBottle":50,"Potion Belt":22,"Golden Idol":34,"Thread and Needle":42,"PreservedInsect":59,"Omamori":203,"Orichalcum":19,"Frozen Egg 2":21,"MawBank":116,"White Beast Statue":70,"Mercury Hourglass":52,"Peace Pipe":152,"Anchor":21,"CaptainsWheel":162,"Busted Crown":41,"Ornamental Fan":9,"hermit:CharredGlove":66,"Bag of Marbles":46,"Art of War":81,"Membership Card":42,"Bottled Lightning":43,"TungstenRod":65,"FossilizedHelix":66,"Toy Ornithopter":101},{"Ice Cream":279,"Calipers":335,"Tiny House":495,"Gremlin Horn":985,"Nilry\u0027s Codex":312,"CeramicFish":167,"Vajra":167,"Whetstone":306,"Bottled Tornado":373,"Sling":185,"Boot":400,"Blood Vial":171,"Sozu":609,"hermit:RyeStalk":132,"Centennial Puzzle":178,"HornCleat":26,"DollysMirror":621,"Sundial":981,"Strawberry":124,"Prayer Wheel":277,"Philosopher\u0027s Stone":532,"MealTicket":671,"Fusion Hammer":753,"Vampire_Amulet":0,"Kunai":56,"Toxic Egg 2":253,"Pear":335,"Happy Flower":0,"Blue Candle":226,"Astrolabe":241,"Dead Branch":781,"Oddly Smooth Stone":914,"Eternal Feather":737,"Pen Nib":185,"War Paint":232,"Question Card":263,"Akabeko":479,"Du-Vu Doll":671,"Runic Dome":324,"hermit:PetGhost":225,"Shuriken":113,"Bronze Scales":519,"MutagenicStrength":621,"Pandora\u0027s Box":296,"Molten Egg 2":787,"Black Star":78,"StrikeDummy":1064,"hermit:Momento":0,"Unceasing Top":66,"Meat on the Bone":66,"Darkstone Periapt":215,"Regal Pillow":129,"Lantern":863,"Singing Bowl":152,"Mango":256,"StoneCalendar":698,"Juzu Bracelet":15,"Bag of Preparation":407,"Incense Burner":556,"Smiling Mask":229,"Ancient Tea Set":545,"Empty Cage":717,"Nunchaku":52,"Dream Catcher":486,"Matryoshka":209,"TheAbacus":540,"Mummified Hand":18,"Pantograph":369,"Gambling Chip":794,"Tiny Chest":577,"WingedGreaves":229,"Red Mask":149,"InkBottle":198,"Potion Belt":99,"Golden Idol":138,"Thread and Needle":167,"PreservedInsect":229,"Omamori":902,"Orichalcum":81,"Frozen Egg 2":94,"MawBank":476,"White Beast Statue":269,"Mercury Hourglass":209,"Peace Pipe":648,"Anchor":94,"CaptainsWheel":703,"Busted Crown":164,"Ornamental Fan":30,"hermit:CharredGlove":253,"Bag of Marbles":185,"Art of War":306,"Membership Card":167,"Bottled Lightning":171,"TungstenRod":249,"FossilizedHelix":253,"Toy Ornithopter":395}],"Toy Ornithopter":46},"card_choices":[{"not_picked":["Chill_Blood","Blood_Curse","Epidemic"],"picked":"SKIP","floor":1.0},{"not_picked":["Bones_to_Steel","Bone_Bullets","Summon_Undead_Army"],"picked":"SKIP","floor":2.0},{"not_picked":["Whirlwind_of_Bones","Negative_Energy_Javelin"],"picked":"Uncharnel","floor":5.0},{"not_picked":["Blood_Curse","Thousand_Bone_Knives"],"picked":"Corrupt","floor":7.0},{"not_picked":["Bone_Shift","Acid_Javelin"],"picked":"Uncharnel","floor":8.0},{"not_picked":["Blood_Curse","Bone_Shift","Necromantic_Selection"],"picked":"SKIP","floor":10.0},{"not_picked":["Bone_Shift","Reap_The_Weak"],"picked":"Summon_Undead","floor":11.0},{"not_picked":["Bone_Armor","Death_March_Dance","Shackles_Of_Pain"],"picked":"SKIP","floor":14.0},{"not_picked":["Negative_Energy_Bomb","Blood_Wake"],"picked":"Summon_Death_Knight","floor":16.0},{"not_picked":["Bone_Spikes","Scare","Bone_Bullets"],"picked":"SKIP","floor":18.0},{"not_picked":["Flesh_Made_Foul","Whirlwind_of_Bones","Spectral_Armor"],"picked":"SKIP","floor":20.0},{"not_picked":["Bone_Bullets","Bone_Prison"],"picked":"Consume_Illness","floor":22},{"not_picked":["Toxic_Smoke_Screen","Blood_Curse"],"picked":"Uncharnel+1","floor":24},{"not_picked":["Vampiric_Strike","Bone_Bullets","Violent_Necrosis"],"picked":"SKIP","floor":25},{"not_picked":["Chill_Blood+1","Death_Coil"],"picked":"Acid_Javelin","floor":30},{"not_picked":["Bone_Armor","Negative_Energy_Sphere+1"],"picked":"Requiem","floor":31},{"not_picked":["Vampiric_Strike","Death_Coil","Bone_Prison"],"picked":"SKIP","floor":35},{"not_picked":["Life_Tap","Pandemic+1","Bone_Prison+1"],"picked":"SKIP","floor":39},{"not_picked":["Bone_Bullets+1","Bone_Shift"],"picked":"Negative_Energy_Burst+1","floor":41},{"not_picked":["Negative_Energy_Burst","Spectral_Walk+1","Corrupt+1"],"picked":"SKIP","floor":42},{"not_picked":["Bone_Spikes+1","Consume_Illness+1","Blood_Curse+1"],"picked":"SKIP","floor":46}],"player_experience":1682884,"relics_obtained":[{"floor":7.0,"key":"Sundial"},{"floor":9.0,"key":"Gremlin Horn"},{"floor":25,"key":"Blue Candle"},{"floor":26,"key":"Lantern"},{"floor":27,"key":"Vajra"},{"floor":30,"key":"Ancient Tea Set"},{"floor":40,"key":"StrikeDummy"},{"floor":43,"key":"Toy Ornithopter"}],"event_choices":[{"damage_healed":0.0,"max_hp_gain":0.0,"max_hp_loss":0.0,"gold_gain":0.0,"event_name":"Upgrade Shrine","player_choice":"Upgraded","floor":4.0,"gold_loss":0.0,"damage_taken":0.0,"cards_upgraded":["Life_Drain"]},{"damage_healed":0.0,"max_hp_gain":0.0,"max_hp_loss":0.0,"gold_gain":0.0,"event_name":"Living Wall","player_choice":"Grow","floor":12.0,"gold_loss":0.0,"damage_taken":0.0,"cards_upgraded":["Summon_Undead"]},{"damage_healed":0,"gold_gain":0,"player_choice":"Paid Fearfully","damage_taken":0,"max_hp_gain":0,"max_hp_loss":0,"event_name":"Masked Bandits","floor":28,"gold_loss":213},{"damage_healed":0,"gold_gain":0,"player_choice":"Embrace Madness","damage_taken":9,"max_hp_gain":0,"max_hp_loss":0,"event_name":"Winding Halls","floor":37,"gold_loss":0,"cards_obtained":["Madness","Madness"]},{"cards_removed":["Strike_W"],"damage_healed":0,"gold_gain":0,"player_choice":"Removed Attack","damage_taken":0,"max_hp_gain":0,"max_hp_loss":0,"event_name":"Falling","floor":38,"gold_loss":0},{"damage_healed":0,"gold_gain":0,"player_choice":"Paid","damage_taken":0,"relics_obtained":["Red Mask"],"max_hp_gain":0,"max_hp_loss":0,"event_name":"Tomb of Lord Red Mask","floor":45,"gold_loss":77},{"damage_healed":0,"gold_gain":0,"player_choice":"Got Potions","damage_taken":0,"max_hp_gain":0,"max_hp_loss":0,"event_name":"Lab","floor":48,"gold_loss":0}],"is_beta":false,"boss_relics":[{"not_picked":["Velvet Choker","Snecko Eye"],"picked":"Empty Cage"},{"not_picked":["Fusion Hammer","Pandora\u0027s Box","Calling Bell"]}],"items_purged_floors":[0],"is_endless":false,"potions_floor_spawned":[1,5,11,16,20,22,25,33,39,41,46],"ascension_level":11}}