{"host":"unbds6939j6jyuge","time":1609570611,"event":{"mods":["Act Like it!","BaseMod","Colored Powertips","Marked Mod","Minty Spire (QoL Compilation)","Pale of the Ancients","Spicy Shops","StSLib"],"gold_per_floor":[9911,8619,8635,8585,8605,8630,8630,8646,8646,7551,7607,7607,7620,7620,7620],"floor_reached":14,"playtime":1750,"items_purged":["Defend_B"],"score":124,"play_id":"a99717e9-4e08-4527-97f7-7f1ff8cd4de2","local_time":"20210102145651","is_ascension_mode":true,"campfire_choices":[],"circlet_count":0,"master_deck":["Strike_B","Strike_B","Strike_B","Defend_B","Defend_B","Defend_B","Zap","Dualcast","Reprogram","Fusion","Skim","Reinforced Body","Chill","Redo","Ball Lightning","Leap","Storm+1","Aggregate+1","Self Repair+1"],"relics":["Cracked Core","Calipers","Turnip","Vajra","Lee\u0027s Waffle","HandDrill","Strawberry","Kunai","Frozen Egg 2","Strange Spoon","ClockworkSouvenir","Bag of Marbles","Toxic Egg 2"],"acts_visited":["Exordium"],"potions_floor_usage":[6,6,11,11],"damage_taken":[{"damage":0,"enemies":"Small Slimes","floor":1,"turns":3},{"damage":7,"enemies":"2 Louse","floor":3,"turns":3},{"damage":8,"enemies":"Jaw Worm","floor":5,"turns":4},{"damage":11,"enemies":"3 Sentries","floor":6,"turns":11},{"damage":13,"enemies":"Exordium Wildlife","floor":8,"turns":7},{"damage":16,"enemies":"Lagavulin Event","floor":11,"turns":5},{"damage":8,"enemies":"3 Louse","floor":13,"turns":4},{"damage":35,"enemies":"Gremlin Nob","floor":14,"turns":5}],"seed_played":"-5115198700352817152","potions_obtained":[{"floor":5,"key":"FearPotion"},{"floor":6,"key":"CultistPotion"},{"floor":8,"key":"Strength Potion"}],"is_trial":false,"path_per_floor":["M","$","M","?","M","E","?","M","T","$","?","T","M","E"],"character_chosen":"DEFECT","items_purchased":["Fusion","Heatsinks","Calipers","Turnip","Vajra","Block Potion","Lee\u0027s Waffle","HandDrill","Frozen Egg 2","Strange Spoon","LiquidBronze","ClockworkSouvenir","Bag of Marbles","Leap","Storm+1"],"campfire_rested":0,"item_purchase_floors":[2,2,2,2,2,2,2,2,10,10,10,10,10,10,10],"current_hp_per_floor":[82,89,82,82,74,70,70,57,57,57,41,41,33,0,0],"gold":7620,"neow_bonus":"TEN_PERCENT_HP_BONUS","is_daily":false,"chose_seed":false,"campfire_upgraded":0,"win_rate":0.0,"timestamp":1609570611,"path_taken":["M","$","M","?","M","E","?","M","T","$","?","?","?","E"],"items_purchased_type":["Card","Card","Relic","Relic","Relic","Potion","Relic","Relic","Relic","Relic","Potion","Relic","Relic","Card","Card"],"build_version":"2020-12-22","purchased_purges":1,"victory":false,"max_hp_per_floor":[82,89,89,89,89,96,96,96,96,96,96,96,96,96,96],"card_choices":[{"not_picked":["Turbo","Recycle"],"picked":"Reprogram","floor":1},{"not_picked":["Steam Power","Force Field"],"picked":"Skim","floor":3},{"not_picked":["Redo","Rebound"],"picked":"Reinforced Body","floor":5},{"not_picked":["Rebound","Sweeping Beam"],"picked":"Chill","floor":6},{"not_picked":["Cold Snap","Streamline"],"picked":"Ball Lightning","floor":8},{"not_picked":["Lockon","Self Repair+1"],"picked":"Aggregate+1","floor":11},{"not_picked":["Stack+1","Aggregate+1"],"picked":"Self Repair+1","floor":13}],"player_experience":203244,"relics_obtained":[{"floor":6,"key":"Strawberry"},{"floor":9,"key":"Kunai"},{"floor":11,"key":"Toxic Egg 2"}],"event_choices":[{"cards_removed":["Heatsinks"],"damage_healed":0,"gold_gain":0,"player_choice":"Card Removal","damage_taken":0,"max_hp_gain":0,"max_hp_loss":0,"event_name":"The Cleric","floor":4,"gold_loss":50},{"damage_healed":0,"gold_gain":0,"cards_transformed":["Strike_B"],"player_choice":"Change","damage_taken":0,"max_hp_gain":0,"max_hp_loss":0,"event_name":"Living Wall","floor":7,"gold_loss":0,"cards_obtained":["Redo"]},{"damage_healed":0,"gold_gain":30,"player_choice":"Searched \u00272\u0027 times","damage_taken":0,"max_hp_gain":0,"max_hp_loss":0,"event_name":"Dead Adventurer","floor":11,"gold_loss":0}],"is_beta":false,"boss_relics":[],"items_purged_floors":[10],"is_endless":false,"potions_floor_spawned":[5,6,8],"killed_by":"Gremlin Nob","ascension_level":2}}