{"host":"5fasz840ryq7obdf","time":1609593233,"event":{"mods":["AchievementEnabler","BaseMod","Bestiary","Better Altar","Better Skull","Better Third Choice","BetterRewards","Block Reminder","Colored Powertips","Curses Come First","Highlight Path","Minty Spire (QoL Compilation)","Quick Restart","Relic Sorter","Relic Stats","Replay The Spire","Shop Mod","Spicy Shops","StSLib","SuperFastMode","ojb\u0027s Better Paths Mod","ojb\u0027s Info Mod"],"gold_per_floor":[119,119,136,20,30,60,60,60,60,60,90,101,117,136,136,213,213,229,261,65,83,102,102,133,133,185,219,239,239,239,282,282,354,354,365,379,24,41,61,61,96,113,136,136,164,77,2,27,27,27,27,27],"floor_reached":51,"playtime":6273,"items_purged":["Pain"],"score":1445,"play_id":"9ea2c550-3db3-4eda-8fe5-d07d6a480eec","local_time":"20210102131353","is_ascension_mode":true,"campfire_choices":[{"data":"Vault","floor":7.0,"key":"SMITH"},{"data":"Vault","floor":10.0,"key":"SMITH"},{"floor":15.0,"key":"REST"},{"floor":23.0,"key":"REST"},{"data":"Omniscience","floor":25.0,"key":"SMITH"},{"floor":30.0,"key":"REST"},{"floor":32.0,"key":"REST"},{"floor":40.0,"key":"REST"},{"floor":49.0,"key":"RECALL"}],"circlet_count":0,"master_deck":["AscendersBane","Eruption","Vigilance","Nirvana","DeceiveReality","Swivel","ClearTheMind","Alpha","BattleHymn","FlyingSleeves","ConjureBlade","EmptyBody+1","CrushJoints","Vault+1","Vault+1","Tantrum","ClearTheMind","TalkToTheHand","SandsOfTime","SashWhip","Omniscience+1","Indignation","BowlingBash","MentalFortress","DeceiveReality","SandsOfTime+1","Wallop","Ragnarok","Protect","EmptyMind","FlurryOfBlows","Devotion","Replay:Vibes+1","Replay:ManipulateFuture+1","WreathOfFlame","Protect","WheelKick","FlurryOfBlows","Consecrate","EmptyMind+1","CutThroughFate","Weave+1","DeusExMachina","Replay:AtTheReady","InnerPeace+1","Adaptation","WheelKick"],"relics":["Pandora\u0027s Box","ReplayTheSpireMod:Ninjato","Mercury Hourglass","White Beast Statue","Painkiller Herb","Red Mask","Replay:Wax Seal","Cauldron","Ancient Tea Set","Bag of Marbles","CaptainsWheel","Snack Pack","Sozu","Orrery","War Paint","Ring of Panic","Ring of Searing","Replay:Bottled Flurry","Counterbalance"],"acts_visited":["Exordium","TheCity","TheBeyond"],"potions_floor_usage":[],"damage_taken":[{"damage":0.0,"enemies":"Cultist","floor":1.0,"turns":3.0},{"damage":2.0,"enemies":"Small Slimes","floor":3.0,"turns":4.0},{"damage":8.0,"enemies":"Jaw Worm","floor":5.0,"turns":5.0},{"damage":16.0,"enemies":"Gremlin Nob","floor":6.0,"turns":4.0},{"damage":9.0,"enemies":"3 Sentries","floor":11.0,"turns":5.0},{"damage":2.0,"enemies":"Large Slime","floor":12.0,"turns":3.0},{"damage":9.0,"enemies":"Exordium Wildlife","floor":13.0,"turns":6.0},{"damage":0.0,"enemies":"2 Fungi Beasts","floor":14.0,"turns":3.0},{"damage":0.0,"enemies":"Slime Boss","floor":16.0,"turns":4.0},{"damage":17.0,"enemies":"2 Thieves","floor":18.0,"turns":3.0},{"damage":25.0,"enemies":"Masked Bandits","floor":19.0,"turns":3.0},{"damage":0.0,"enemies":"3 Byrds","floor":21.0,"turns":5.0},{"damage":2.0,"enemies":"Cultist and Chosen","floor":22.0,"turns":4.0},{"damage":4.0,"enemies":"Slavers","floor":24.0,"turns":4.0},{"damage":26.0,"enemies":"Gremlin Leader","floor":27.0,"turns":4.0},{"damage":0.0,"enemies":"Sentry and Sphere","floor":28.0,"turns":4.0},{"damage":9.0,"enemies":"Automaton","floor":33.0,"turns":6.0},{"damage":5.0,"enemies":"Orb Walker","floor":35.0,"turns":3.0},{"damage":9.0,"enemies":"3 Darklings","floor":36.0,"turns":4.0},{"damage":30.0,"enemies":"4 Shapes","floor":38.0,"turns":5.0},{"damage":22.0,"enemies":"Maw","floor":39.0,"turns":6.0},{"damage":22.0,"enemies":"Reptomancer","floor":41.0,"turns":6.0},{"damage":0.0,"enemies":"3 Darklings","floor":42.0,"turns":4.0},{"damage":9.0,"enemies":"Nemesis","floor":45.0,"turns":4.0},{"damage":0.0,"enemies":"Reptomancer","floor":48.0,"turns":2.0},{"damage":25.0,"enemies":"Replay:Hell Engine","floor":50.0,"turns":7.0},{"damage":36,"enemies":"Awakened One","floor":51,"turns":8}],"seed_played":"-2530406756384378486","potions_obtained":[{"floor":6.0,"key":"SpeedPotion"},{"floor":8.0,"key":"SpeedPotion"},{"floor":11.0,"key":"SteroidPotion"},{"floor":13.0,"key":"EntropicBrew"},{"floor":16.0,"key":"Milkshake"},{"floor":18.0,"key":"EntropicBrew"},{"floor":20.0,"key":"Block Potion"},{"floor":24.0,"key":"FearPotion"},{"floor":27.0,"key":"BlessingOfTheForge"},{"floor":33.0,"key":"Energy Potion"}],"is_trial":false,"path_per_floor":["M","$","M","$","M","E","R","?","T","R","E","M","M","M","R","B",null,"?","?","T","?","?","T","E","T","T","E","?","?","T","?","T","B",null,"?","?","T","?","?","T","E","?","T","?","E","T","?","E","T","B","B"],"character_chosen":"WATCHER","items_purchased":["Vault","Replay:Wax Seal","Cauldron","MentalFortress","Orrery","Consecrate","EmptyMind+1","Adaptation"],"campfire_rested":5,"item_purchase_floors":[4,20,20,20,37,37,37,46],"current_hp_per_floor":[61,61,59,59,51,35,35,35,35,35,26,24,15,15,35,35,60,43,18,18,18,16,36,32,32,32,6,6,6,26,26,46,43,62,59,54,54,28,14,34,26,30,30,30,25,25,25,29,29,16,0,0],"gold":27,"neow_bonus":"BOSS_RELIC","is_daily":false,"chose_seed":false,"campfire_upgraded":3,"win_rate":0.0,"timestamp":1609593233,"path_taken":["M","$","M","$","?","E","R","?","T","R","E","?","M","M","R","BOSS","?","?","T","?","?","T","E","T","T","E","?","?","T","?","T","BOSS","?","?","T","?","?","T","E","?","T","?","E","T","?","E","T","BOSS","BOSS"],"items_purchased_type":["Card","Relic","Relic","Card","Relic","Card","Card","Card"],"build_version":"2020-12-22","purchased_purges":1,"victory":false,"max_hp_per_floor":[68,68,68,68,68,68,68,68,68,68,68,68,68,68,68,68,68,68,68,68,68,68,68,68,68,68,68,68,68,68,68,68,68,68,68,68,68,68,68,68,68,68,68,68,68,68,68,68,68,68,68,68],"relic_stats":{"Sozu":8,"counters":[27,118],"Pandora\u0027s Box":["Nirvana","DeceiveReality","Swivel","ClearTheMind","Alpha","BattleHymn","FlyingSleeves","ConjureBlade"],"War Paint":["EmptyBody","Replay:Vibes"],"obtain_stats":[{"ReplayTheSpireMod:Ninjato":6,"Counterbalance":48,"Painkiller Herb":17,"War Paint":41,"Ancient Tea Set":24,"White Beast Statue":11,"Mercury Hourglass":9,"Ring of Searing":44,"Sozu":34,"Cauldron":20,"CaptainsWheel":27,"Orrery":37,"Pandora\u0027s Box":0,"Red Mask":19,"Bag of Marbles":26,"Snack Pack":31,"Replay:Bottled Flurry":45,"PureWater":0,"Replay:Wax Seal":20,"Ring of Panic":44},{"ReplayTheSpireMod:Ninjato":4,"Counterbalance":25,"Painkiller Herb":9,"War Paint":22,"Ancient Tea Set":14,"White Beast Statue":5,"Mercury Hourglass":4,"Ring of Searing":23,"Sozu":17,"Cauldron":11,"CaptainsWheel":15,"Orrery":19,"Pandora\u0027s Box":0,"Red Mask":11,"Bag of Marbles":14,"Snack Pack":16,"Replay:Bottled Flurry":24,"PureWater":0,"Replay:Wax Seal":11,"Ring of Panic":23},{"ReplayTheSpireMod:Ninjato":16,"Counterbalance":103,"Painkiller Herb":36,"War Paint":93,"Ancient Tea Set":55,"White Beast Statue":21,"Mercury Hourglass":16,"Ring of Searing":97,"Sozu":69,"Cauldron":42,"CaptainsWheel":59,"Orrery":76,"Pandora\u0027s Box":0,"Red Mask":42,"Bag of Marbles":55,"Snack Pack":63,"Replay:Bottled Flurry":101,"PureWater":0,"Replay:Wax Seal":42,"Ring of Panic":97}],"Mercury Hourglass":[534]},"card_choices":[{"not_picked":["PathToVictory","CutThroughFate"],"picked":"EmptyBody","floor":1.0},{"not_picked":["ForeignInfluence","Fasting2"],"picked":"CrushJoints","floor":3.0},{"not_picked":["Evaluate","Replay:BluntJabs"],"picked":"Tantrum","floor":5.0},{"not_picked":["Replay:ManipulateFuture","Sanctity"],"picked":"ClearTheMind","floor":6.0},{"not_picked":["Vault","Halt"],"picked":"TalkToTheHand","floor":11.0},{"not_picked":["EmptyBody","Replay:ManipulateFuture","ClearTheMind"],"picked":"SKIP","floor":12.0},{"not_picked":["PathToVictory","ThirdEye"],"picked":"SandsOfTime","floor":13.0},{"not_picked":["Replay:ManipulateFuture","WaveOfTheHand"],"picked":"SashWhip","floor":14.0},{"not_picked":["Vault","Ragnarok"],"picked":"Omniscience","floor":16.0},{"not_picked":["Sanctity","ThirdEye"],"picked":"Indignation","floor":18.0},{"not_picked":["Prostrate","ClearTheMind"],"picked":"BowlingBash","floor":19.0},{"not_picked":["Replay:Vibes","ReachHeaven"],"picked":"DeceiveReality","floor":21.0},{"not_picked":["CarveReality","Prostrate"],"picked":"SandsOfTime+1","floor":22.0},{"not_picked":["Consecrate","PathToVictory"],"picked":"Wallop","floor":24.0},{"not_picked":["Replay:BluntJabs+1","Protect"],"picked":"Ragnarok","floor":27.0},{"not_picked":["Replay:Hum","FollowUp"],"picked":"Protect","floor":28.0},{"not_picked":["Study","Halt"],"picked":"EmptyMind","floor":31.0},{"not_picked":["Nirvana","Fasting2"],"picked":"FlurryOfBlows","floor":31.0},{"not_picked":["Scrawl","Blasphemy"],"picked":"Devotion","floor":33.0},{"not_picked":["CarveReality","JustLucky"],"picked":"Replay:Vibes","floor":35.0},{"not_picked":["FearNoEvil","CutThroughFate"],"picked":"Replay:ManipulateFuture+1","floor":36.0},{"not_picked":["Protect","Indignation"],"picked":"WreathOfFlame","floor":37.0},{"not_picked":["Meditate+1","EmptyFist"],"picked":"Protect","floor":37.0},{"not_picked":["FlyingSleeves","Prostrate"],"picked":"WheelKick","floor":37.0},{"not_picked":["WaveOfTheHand+1","Weave"],"picked":"FlurryOfBlows","floor":37.0},{"not_picked":["Prostrate","EmptyMind"],"picked":"CutThroughFate","floor":38.0},{"not_picked":["Swivel+1","Protect"],"picked":"Weave+1","floor":39.0},{"not_picked":["Prostrate","FlyingSleeves"],"picked":"DeusExMachina","floor":41.0},{"not_picked":["Evaluate","JustLucky+1"],"picked":"Replay:AtTheReady","floor":42.0},{"not_picked":["Meditate","EmptyFist"],"picked":"InnerPeace+1","floor":45.0},{"not_picked":["Replay:Vibes+1","Replay:ManipulateFuture"],"picked":"WheelKick","floor":48.0}],"player_experience":1360537,"relics_obtained":[{"floor":6.0,"key":"ReplayTheSpireMod:Ninjato"},{"floor":9.0,"key":"Mercury Hourglass"},{"floor":11.0,"key":"White Beast Statue"},{"floor":19.0,"key":"Red Mask"},{"floor":24.0,"key":"Ancient Tea Set"},{"floor":26.0,"key":"Bag of Marbles"},{"floor":27.0,"key":"CaptainsWheel"},{"floor":31.0,"key":"Snack Pack"},{"floor":41.0,"key":"War Paint"},{"floor":44.0,"key":"Ring of Panic"},{"floor":44.0,"key":"Ring of Searing"},{"floor":45.0,"key":"Replay:Bottled Flurry"},{"floor":48.0,"key":"Counterbalance"}],"event_choices":[{"damage_healed":0.0,"max_hp_gain":0.0,"max_hp_loss":0.0,"gold_gain":0.0,"event_name":"Lab","player_choice":"Got Potions","floor":8.0,"gold_loss":0.0,"damage_taken":0.0},{"damage_healed":0.0,"max_hp_gain":0.0,"max_hp_loss":0.0,"gold_gain":0.0,"event_name":"Masked Bandits","player_choice":"Fought Bandits","floor":19.0,"gold_loss":0.0,"damage_taken":0.0},{"cards_removed":["Voices"],"damage_healed":0.0,"max_hp_gain":0.0,"max_hp_loss":0.0,"gold_gain":0.0,"event_name":"Designer","player_choice":"Single Remove","floor":47.0,"gold_loss":75.0,"damage_taken":0.0}],"is_beta":false,"boss_relics":[{"not_picked":["Runic Dome","Tiny House"],"picked":"Painkiller Herb"},{"not_picked":["ReplayTheSpireMod:DimensionalGlitch","Runic Pyramid"],"picked":"Sozu"}],"items_purged_floors":[37],"is_endless":false,"potions_floor_spawned":[6,11,12,13,14,16,18,19,21,22,24,27,28,33,35,36,38,39,41,42,45,48],"killed_by":"Awakened One","ascension_level":20}}