{"host":"40f49r155zsx8eqk","time":1609616673,"event":{"mods":["AchievementEnabler","Aspiration","BaseMod","Googly Eyes","Minty Spire (QoL Compilation)","Relic Sorter","Replay The Spire","StSLib","The Gatherer"],"gold_per_floor":[110,110,122,141,161,161,196,207,207,207,240,259,259,279,279,376,376,386,397,397,416,19,19,36,36,36,21,32,49,49,49,49,49],"floor_reached":31,"playtime":1243,"items_purged":[],"score":301,"play_id":"bcdf1251-a58e-4444-a3c7-10af4172e269","local_time":"20210102224433","is_ascension_mode":true,"metric_token":608,"campfire_choices":[{"data":"Gatherer:AcidicSpray","floor":6,"key":"SMITH"},{"floor":13,"key":"REST"},{"floor":23,"key":"REST"}],"circlet_count":0,"master_deck":["Gatherer:Strike_Gatherer","Gatherer:Strike_Gatherer","Gatherer:Strike_Gatherer","Gatherer:Strike_Gatherer","Gatherer:Strike_Gatherer","Gatherer:Defend_Gatherer","Gatherer:Defend_Gatherer","Gatherer:Defend_Gatherer","Gatherer:Defend_Gatherer","Gatherer:Defend_Gatherer","Gatherer:Centralize","Gatherer:FlowerWhip","Gatherer:PotentialSlash+1","Gatherer:Duplicator","Gatherer:BambuSword","Gatherer:AcidicSpray+1","Gatherer:FlamingBottle","Gatherer:Snatch+1","Gatherer:RecoveryHerb","Gatherer:WitheringStrike+1","Gatherer:FlowerFalling+1","Gatherer:PoisonMastery+1","Gatherer:Liquidism+1","Gatherer:WoolGloves","Gatherer:PotentialSlash+1","Gatherer:RecipeChange","Gatherer:TacticalStrike+1","Shame"],"relics":["Gatherer:AlchemyBag","Blue Doll","Frozen Egg 2","Dead Branch","Molten Egg 2","Painkiller Herb","aspiration:Lifesprig","Snack Pack","Chemical X","Singing Bowl","Regal Pillow"],"acts_visited":["Exordium","TheCity"],"potions_floor_usage":[7,24,29],"damage_taken":[{"damage":7,"enemies":"Small Slimes","floor":1,"turns":2},{"damage":2,"enemies":"Jaw Worm","floor":3,"turns":3},{"damage":0,"enemies":"Cultist","floor":4,"turns":3},{"damage":14,"enemies":"Exordium Thugs","floor":5,"turns":5},{"damage":12,"enemies":"Gremlin Nob","floor":7,"turns":3},{"damage":0,"enemies":"Looter","floor":8,"turns":2},{"damage":30,"enemies":"Lagavulin","floor":11,"turns":4},{"damage":4,"enemies":"Exordium Wildlife","floor":12,"turns":2},{"damage":8,"enemies":"Red Slaver","floor":14,"turns":2},{"damage":67,"enemies":"Fading Forest","floor":16,"turns":11},{"damage":6,"enemies":"3 Byrds","floor":18,"turns":3},{"damage":33,"enemies":"Spheric Guardian","floor":19,"turns":4},{"damage":29,"enemies":"Snake Plant","floor":21,"turns":3},{"damage":0,"enemies":"Snecko","floor":24,"turns":3},{"damage":36,"enemies":"Shelled Parasite and Fungi","floor":28,"turns":4},{"damage":8,"enemies":"Cultist and Chosen","floor":29,"turns":5},{"damage":12,"enemies":"Snake Plant","floor":31,"turns":2}],"seed_played":"2926574826753377288","potions_obtained":[{"floor":1,"key":"Doom Potion"},{"floor":5,"key":"DuplicationPotion"},{"floor":11,"key":"BottledMiracle"},{"floor":14,"key":"Strength Potion"},{"floor":24,"key":"Swift Potion"}],"is_trial":false,"path_per_floor":["M","?","M","M","M","R","E","M","T","?","E","M","R","M","R","B",null,"?","?","T","?","T","T","?","?","T","T","?","?","?","?"],"character_chosen":"THE_GATHERER","items_purchased":["Snack Pack","Chemical X","Gatherer:TacticalStrike+1"],"campfire_rested":2,"item_purchase_floors":[22,22,27],"current_hp_per_floor":[65,65,63,63,49,49,37,37,37,72,42,38,59,51,72,17,72,66,33,33,11,11,32,34,34,34,34,8,11,11,0,0,0],"gold":49,"neow_bonus":"RANDOM_COMMON_RELIC","is_daily":false,"chose_seed":false,"campfire_upgraded":1,"win_rate":0.0,"timestamp":1609616673,"path_taken":["M","?","M","M","M","R","E","M","T","?","E","M","R","M","R","BOSS","?","?","?","?","T","T","?","?","T","?","?","?","?","?"],"items_purchased_type":["Relic","Relic","Card"],"build_version":"2020-12-22","purchased_purges":0,"victory":false,"max_hp_per_floor":[72,72,72,72,72,72,72,72,72,72,72,72,72,72,72,72,72,72,72,72,72,72,72,72,72,72,72,74,76,76,76,76,76],"card_choices":[{"not_picked":["Gatherer:EchoOfNature","Gatherer:FlowerFalling"],"picked":"Gatherer:PotentialSlash","floor":1},{"not_picked":["Gatherer:Frenzy","Gatherer:AromaProtection"],"picked":"Gatherer:Duplicator","floor":3},{"not_picked":["Gatherer:Frenzy","Gatherer:GlowingPlant"],"picked":"Gatherer:BambuSword","floor":4},{"not_picked":["Gatherer:Frenzy","Gatherer:AromaProtection"],"picked":"Gatherer:AcidicSpray","floor":5},{"not_picked":["Gatherer:TreeGrowth","Gatherer:FlowerFalling"],"picked":"Gatherer:FlamingBottle","floor":7},{"not_picked":["Gatherer:AromaProtection","Gatherer:EchoOfNature"],"picked":"Gatherer:Snatch","floor":8},{"not_picked":["Gatherer:Enchant","Gatherer:ScrollOfWall"],"picked":"Gatherer:RecoveryHerb","floor":11},{"not_picked":["Gatherer:FlowerShield","Gatherer:Frenzy+1"],"picked":"Gatherer:WitheringStrike+1","floor":12},{"not_picked":["Gatherer:Overflowing","Gatherer:Convert"],"picked":"Gatherer:FlowerFalling+1","floor":14},{"not_picked":["Gatherer:GrowBook","Gatherer:BomberForm+1"],"picked":"Gatherer:PoisonMastery+1","floor":16},{"not_picked":["Gatherer:Herbalism","Gatherer:Snatch+1"],"picked":"Gatherer:Liquidism+1","floor":18},{"not_picked":["Gatherer:GlowingPlant+1","Gatherer:SaveValuables"],"picked":"Gatherer:WoolGloves","floor":19},{"not_picked":["Gatherer:GlowingPlant+1","Gatherer:GatherMaterial"],"picked":"Gatherer:PotentialSlash+1","floor":21},{"not_picked":["Gatherer:MiningStrike+1","Gatherer:Snatch+1"],"picked":"Gatherer:RecipeChange","floor":24},{"not_picked":["Gatherer:AcidicSpray+1","Gatherer:CollectorsShot+1","Gatherer:Transmute"],"picked":"Singing Bowl","floor":28},{"not_picked":["Gatherer:FragileHammer+1","Gatherer:CollectorsShot+1","Gatherer:AcidicSpray+1"],"picked":"Singing Bowl","floor":29}],"player_experience":120980,"relics_obtained":[{"floor":7,"key":"Frozen Egg 2"},{"floor":9,"key":"Dead Branch"},{"floor":11,"key":"Molten Egg 2"},{"floor":20,"key":"aspiration:Lifesprig"},{"floor":26,"key":"Singing Bowl"}],"event_choices":[{"damage_healed":0,"gold_gain":0,"player_choice":"Grow","damage_taken":0,"max_hp_gain":0,"max_hp_loss":0,"event_name":"Living Wall","floor":2,"gold_loss":0,"cards_upgraded":["Gatherer:PotentialSlash"]},{"damage_healed":35,"gold_gain":0,"player_choice":"Full Heal","damage_taken":0,"max_hp_gain":0,"max_hp_loss":0,"event_name":"Wheel of Change","floor":10,"gold_loss":0},{"damage_healed":0,"gold_gain":0,"player_choice":"Ignored","damage_taken":0,"max_hp_gain":0,"max_hp_loss":0,"event_name":"Ghosts","floor":25,"gold_loss":0},{"damage_healed":0,"gold_gain":0,"player_choice":"Stole Relic","damage_taken":0,"relics_obtained":["Regal Pillow"],"max_hp_gain":0,"max_hp_loss":0,"event_name":"Addict","floor":30,"gold_loss":0,"cards_obtained":["Shame"]}],"is_beta":false,"boss_relics":[{"not_picked":["Philosopher\u0027s Stone","ReplayTheSpireMod:DimensionalGlitch"],"picked":"Painkiller Herb"}],"items_purged_floors":[],"is_endless":false,"potions_floor_spawned":[1,5,11,14,16,18,21,24],"killed_by":"Snake Plant","ascension_level":4}}