{"host":"7qf1todfnxspvw7w","time":1609621101,"event":{"mods":["AchievementEnabler","BaseMod","Block Reminder","Colored Powertips","Disable Question Mark Monsters","Displayed Cursed Tome","Googly Eyes","Minty Spire (QoL Compilation)","Relic Stats","Reorder Act Four","SacredBarkPlus","Shop Mod","StSLib","Uncapped"],"gold_per_floor":[114,124,134,134,59,59,119,154,181,181,181,191,223,237,237,336,336,352,352,267,286,310,337,97,115,164,164,164],"floor_reached":27,"playtime":651,"items_purged":["Strike_R","Second Wind"],"score":349,"play_id":"7b901483-89f3-4afe-924a-b44c8602683f","local_time":"20210102235821","is_ascension_mode":true,"campfire_choices":[{"data":"Uppercut","floor":6,"key":"SMITH"},{"floor":10,"key":"REST"},{"floor":15,"key":"REST"}],"circlet_count":0,"master_deck":["Bash+1","Pommel Strike","Uppercut+1","Headbutt","Hemokinesis","Inflame","Combust","Cleave","Flex","Bludgeon","Cleave","Rage","Pommel Strike","Pommel Strike","Seeing Red+1","Clash","Disarm+1","Flame Barrier","Berserk","Limit Break","Rampage"],"relics":["Burning Blood","Centennial Puzzle","Toy Ornithopter","Tiny Chest","Bottled Tornado","Pandora\u0027s Box","Omamori","War Paint","Dream Catcher","Ancient Tea Set","Akabeko"],"acts_visited":["Exordium","TheCity"],"potions_floor_usage":[8,8,27,27],"damage_taken":[{"damage":7,"enemies":"Jaw Worm","floor":1,"turns":3},{"damage":1,"enemies":"Cultist","floor":2,"turns":3},{"damage":10,"enemies":"2 Louse","floor":3,"turns":3},{"damage":26,"enemies":"Lagavulin Event","floor":7,"turns":5},{"damage":29,"enemies":"Lagavulin","floor":8,"turns":5},{"damage":11,"enemies":"Looter","floor":12,"turns":3},{"damage":16,"enemies":"Gremlin Nob","floor":13,"turns":3},{"damage":14,"enemies":"3 Louse","floor":14,"turns":2},{"damage":66,"enemies":"Hexaghost","floor":16,"turns":9},{"damage":13,"enemies":"Shell Parasite","floor":18,"turns":3},{"damage":8,"enemies":"Chosen","floor":21,"turns":3},{"damage":24,"enemies":"Book of Stabbing","floor":23,"turns":5},{"damage":27,"enemies":"Centurion and Healer","floor":25,"turns":4},{"damage":28,"enemies":"Slavers","floor":27,"turns":1}],"seed_played":"7145839584969567837","potions_obtained":[{"floor":2,"key":"Weak Potion"},{"floor":3,"key":"FearPotion"},{"floor":8,"key":"Strength Potion"},{"floor":12,"key":"HeartOfIron"},{"floor":16,"key":"Fire Potion"}],"is_trial":false,"path_per_floor":["M","M","M","?","$","R","?","E","T","R","?","M","E","M","R","B",null,"M","?","?","M","T","E","$","M","T","E"],"character_chosen":"IRONCLAD","items_purchased":["Limit Break"],"campfire_rested":2,"item_purchase_floors":[24],"current_hp_per_floor":[71,76,72,72,72,72,52,29,29,53,79,74,64,56,80,20,65,58,58,58,56,56,38,38,17,17,0,0],"gold":164,"neow_bonus":"UPGRADE_CARD","is_daily":false,"chose_seed":false,"campfire_upgraded":1,"win_rate":0.0,"timestamp":1609621101,"path_taken":["M","M","M","?","?","R","?","E","T","R","?","M","E","M","R","BOSS","M","?","?","M","?","E","$","M","T","E"],"items_purchased_type":["Card"],"build_version":"2020-12-22","purchased_purges":2,"victory":false,"max_hp_per_floor":[80,80,80,80,80,80,80,80,80,80,80,80,80,80,80,80,80,80,80,80,80,80,80,80,80,80,80,80],"relic_stats":{"Centennial Puzzle":[33],"Dream Catcher":0,"counters":[14,52],"Tiny Chest":1,"Pandora\u0027s Box":["Cleave","Rage","Pommel Strike","Pommel Strike","Second Wind","Seeing Red","Clash"],"War Paint":["Seeing Red","Disarm"],"obtain_stats":[{"Centennial Puzzle":7,"Dream Catcher":22,"Tiny Chest":9,"Pandora\u0027s Box":17,"Omamori":19,"Bottled Tornado":13,"War Paint":20,"Ancient Tea Set":23,"Burning Blood":0,"Toy Ornithopter":8,"Akabeko":26},{"Centennial Puzzle":3,"Dream Catcher":11,"Tiny Chest":5,"Pandora\u0027s Box":9,"Omamori":10,"Bottled Tornado":7,"War Paint":10,"Ancient Tea Set":12,"Burning Blood":0,"Toy Ornithopter":5,"Akabeko":13},{"Centennial Puzzle":9,"Dream Catcher":42,"Tiny Chest":19,"Pandora\u0027s Box":36,"Omamori":39,"Bottled Tornado":25,"War Paint":39,"Ancient Tea Set":47,"Burning Blood":0,"Toy Ornithopter":19,"Akabeko":51}],"Burning Blood":78,"Toy Ornithopter":10},"card_choices":[{"not_picked":["Body Slam","Blood for Blood"],"picked":"Pommel Strike","floor":1},{"not_picked":["Fire Breathing","Anger","Barricade"],"picked":"SKIP","floor":2},{"not_picked":["Twin Strike","Pommel Strike"],"picked":"Uppercut","floor":3},{"not_picked":["Wild Strike","True Grit"],"picked":"Hemokinesis","floor":7},{"not_picked":["Headbutt","Havoc"],"picked":"Inflame","floor":8},{"not_picked":["Entrench","Anger"],"picked":"Combust","floor":12},{"not_picked":["Headbutt","Sentinel"],"picked":"Cleave","floor":13},{"not_picked":["Sword Boomerang","Fiend Fire"],"picked":"Flex","floor":14},{"not_picked":["Exhume","Feed"],"picked":"Bludgeon","floor":16},{"not_picked":["Warcry+1","Clash"],"picked":"Disarm","floor":18},{"not_picked":["Warcry+1","Clothesline"],"picked":"Flame Barrier","floor":21},{"not_picked":["Blood for Blood","True Grit"],"picked":"Berserk","floor":23},{"not_picked":["Thunderclap","Perfected Strike"],"picked":"Rampage","floor":25}],"player_experience":469588,"relics_obtained":[{"floor":8,"key":"Toy Ornithopter"},{"floor":9,"key":"Tiny Chest"},{"floor":13,"key":"Bottled Tornado"},{"floor":22,"key":"Dream Catcher"},{"floor":23,"key":"Ancient Tea Set"},{"floor":26,"key":"Akabeko"}],"event_choices":[{"damage_healed":0,"gold_gain":0,"cards_transformed":["Strike_R"],"player_choice":"Transformed","damage_taken":0,"max_hp_gain":0,"max_hp_loss":0,"event_name":"Transmorgrifier","floor":4,"gold_loss":0,"cards_obtained":["Headbutt"]},{"damage_healed":0,"gold_gain":0,"player_choice":"Searched \u00272\u0027 times","damage_taken":0,"relics_obtained":["Centennial Puzzle"],"max_hp_gain":0,"max_hp_loss":0,"event_name":"Dead Adventurer","floor":7,"gold_loss":0},{"damage_healed":26,"gold_gain":0,"player_choice":"Banana","damage_taken":0,"max_hp_gain":0,"max_hp_loss":0,"event_name":"Big Fish","floor":11,"gold_loss":0},{"damage_healed":0,"gold_gain":0,"player_choice":"Opened","damage_taken":0,"relics_obtained":["Omamori"],"max_hp_gain":0,"max_hp_loss":0,"event_name":"The Mausoleum","floor":19,"gold_loss":0},{"damage_healed":0,"gold_gain":0,"player_choice":"Obtained Relic","damage_taken":0,"relics_obtained":["War Paint"],"max_hp_gain":0,"max_hp_loss":0,"event_name":"Addict","floor":20,"gold_loss":85}],"is_beta":false,"boss_relics":[{"not_picked":["Astrolabe","Tiny House"],"picked":"Pandora\u0027s Box"}],"items_purged_floors":[5,24],"is_endless":false,"potions_floor_spawned":[2,3,8,12,16,25],"killed_by":"Slavers","ascension_level":9}}