{"host":"w9yruvs4bqht6bhw","time":1609556538,"event":{"mods":["BaseMod","Colored Powertips","Minty Spire (QoL Compilation)"],"gold_per_floor":[116,131,143,162,112,112,129,141,141,141,173,248,282,297,297,395,395,408,318,336,348,22,53,53,80,80,93,121,121,21,47,47,142,142,161,211,225,225,225,225,100,126,138,169,198,245,56,56,56,56,56],"floor_reached":50,"playtime":1791,"items_purged":["Defend_R","Writhe","Strike_R","Strike_R"],"score":855,"play_id":"0b7809bd-6025-45a4-a43c-d1c527bfdbd4","local_time":"20210101220218","is_ascension_mode":true,"campfire_choices":[{"data":"Clash","floor":6,"key":"SMITH"},{"data":"Clash","floor":10,"key":"SMITH"},{"data":"Clash","floor":15,"key":"SMITH"},{"data":"Shockwave","floor":32,"key":"SMITH"},{"floor":40,"key":"RECALL"},{"floor":49,"key":"REST"}],"circlet_count":0,"master_deck":["Strike_R","Defend_R+1","Defend_R","Defend_R","Bash","Clash+1","Clash+1","Clash+1","Shockwave+1","Shrug It Off+1","Flex","Flex","Flex","Iron Wave+1","RitualDagger","Iron Wave+1","Spot Weakness+1","Reaper","Seeing Red","Shrug It Off+1","Clash+1","Limit Break","Rage+1"],"relics":["Burning Blood","NeowsBlessing","Bag of Preparation","Mercury Hourglass","Vajra","SlaversCollar","Shuriken","Mummified Hand","HornCleat","Prayer Wheel","Blood Vial","War Paint","Strawberry","Fusion Hammer","FossilizedHelix","MawBank","Gambling Chip","Juzu Bracelet"],"acts_visited":["Exordium","TheCity","TheBeyond"],"potions_floor_usage":[11,16,23,23,33,42,42,42,50],"damage_taken":[{"damage":0,"enemies":"Jaw Worm","floor":1,"turns":1},{"damage":0,"enemies":"2 Louse","floor":2,"turns":1},{"damage":0,"enemies":"Cultist","floor":3,"turns":1},{"damage":7,"enemies":"Large Slime","floor":4,"turns":4},{"damage":2,"enemies":"Exordium Wildlife","floor":7,"turns":3},{"damage":2,"enemies":"Exordium Thugs","floor":8,"turns":4},{"damage":0,"enemies":"Gremlin Nob","floor":11,"turns":2},{"damage":2,"enemies":"Lagavulin","floor":13,"turns":3},{"damage":0,"enemies":"3 Louse","floor":14,"turns":2},{"damage":21,"enemies":"Slime Boss","floor":16,"turns":8},{"damage":0,"enemies":"Chosen","floor":18,"turns":4},{"damage":13,"enemies":"Shell Parasite","floor":20,"turns":4},{"damage":0,"enemies":"3 Cultists","floor":21,"turns":5},{"damage":3,"enemies":"Slavers","floor":23,"turns":4},{"damage":13,"enemies":"Gremlin Leader","floor":25,"turns":5},{"damage":4,"enemies":"Cultist and Chosen","floor":27,"turns":5},{"damage":19,"enemies":"Slavers","floor":28,"turns":3},{"damage":3,"enemies":"Book of Stabbing","floor":31,"turns":3},{"damage":67,"enemies":"Champ","floor":33,"turns":7},{"damage":0,"enemies":"Orb Walker","floor":35,"turns":1},{"damage":4,"enemies":"Mind Bloom Boss Battle","floor":36,"turns":5},{"damage":0,"enemies":"3 Shapes","floor":37,"turns":4},{"damage":82,"enemies":"Nemesis","floor":42,"turns":11},{"damage":0,"enemies":"Sphere and 2 Shapes","floor":44,"turns":3},{"damage":0,"enemies":"Maw","floor":45,"turns":5},{"damage":21,"enemies":"Reptomancer","floor":46,"turns":5},{"damage":90,"enemies":"Time Eater","floor":50,"turns":6}],"seed_played":"-2255915071423756728","potions_obtained":[{"floor":8,"key":"SteroidPotion"},{"floor":11,"key":"Energy Potion"},{"floor":13,"key":"SpeedPotion"},{"floor":14,"key":"Block Potion"},{"floor":16,"key":"LiquidMemories"},{"floor":28,"key":"ColorlessPotion"},{"floor":31,"key":"SpeedPotion"},{"floor":35,"key":"Block Potion"},{"floor":37,"key":"EssenceOfSteel"}],"is_trial":false,"path_per_floor":["M","M","M","M","?","R","M","M","T","R","E","?","E","M","R","B",null,"M","?","M","M","$","E","?","E","T","M","E","?","$","E","R","B",null,"M","?","M","?","?","R","$","E","T","M","M","E","$","T","R","B"],"character_chosen":"IRONCLAD","items_purchased":["Shuriken","SteroidPotion"],"campfire_rested":1,"item_purchase_floors":[22,47],"current_hp_per_floor":[78,80,80,79,79,79,80,80,80,80,80,69,73,79,79,64,76,80,80,73,79,79,80,74,67,67,69,56,56,56,68,68,9,68,76,80,87,83,83,83,83,8,8,16,34,37,37,37,61,0,0],"gold":56,"neow_bonus":"THREE_ENEMY_KILL","is_daily":false,"chose_seed":false,"campfire_upgraded":4,"win_rate":0.0,"timestamp":1609556538,"path_taken":["M","M","M","M","?","R","M","M","T","R","E","?","E","M","R","BOSS","M","?","?","M","$","E","?","E","T","M","E","?","?","E","R","BOSS","M","?","M","?","?","R","$","E","T","M","?","E","$","?","R","BOSS"],"items_purchased_type":["Relic","Potion"],"build_version":"2020-12-22","purchased_purges":4,"victory":false,"max_hp_per_floor":[80,80,80,80,80,80,80,80,80,80,80,80,80,80,80,80,80,80,80,80,80,80,80,80,80,80,80,80,80,80,87,87,87,87,87,87,87,83,83,83,83,83,83,83,83,83,83,83,83,83,83],"card_choices":[{"not_picked":["Havoc","Armaments"],"picked":"Clash","floor":1},{"not_picked":["Evolve","Spot Weakness"],"picked":"Clash","floor":2},{"not_picked":["Anger","Twin Strike"],"picked":"Clash","floor":3},{"not_picked":["Thunderclap","Wild Strike"],"picked":"Shockwave","floor":4},{"not_picked":["Sword Boomerang","Wild Strike","Thunderclap"],"picked":"SKIP","floor":7},{"not_picked":["Feed","Sword Boomerang"],"picked":"Shrug It Off","floor":8},{"not_picked":["Dual Wield","Uppercut"],"picked":"Flex","floor":11},{"not_picked":["Whirlwind","Rupture"],"picked":"Flex","floor":13},{"not_picked":["True Grit","Entrench","Sword Boomerang"],"picked":"SKIP","floor":14},{"not_picked":["Pommel Strike","Warcry+1","Havoc+1"],"picked":"SKIP","floor":18},{"not_picked":["Thunderclap","Offering","Flame Barrier+1"],"picked":"SKIP","floor":20},{"not_picked":["Body Slam","Iron Wave+1"],"picked":"Flex","floor":21},{"not_picked":["Dark Embrace","True Grit"],"picked":"Iron Wave+1","floor":23},{"not_picked":["Sword Boomerang","Pommel Strike"],"picked":"Iron Wave+1","floor":25},{"not_picked":["Metallicize","Battle Trance+1"],"picked":"Spot Weakness","floor":27},{"not_picked":["Havoc","Thunderclap","Inflame"],"picked":"SKIP","floor":27},{"not_picked":["Feel No Pain","Armaments","Flex"],"picked":"SKIP","floor":28},{"not_picked":["Corruption","Blood for Blood","Twin Strike"],"picked":"SKIP","floor":31},{"not_picked":["Feed","Brutality"],"picked":"Reaper","floor":33},{"not_picked":["Combust","Heavy Blade+1"],"picked":"Seeing Red","floor":35},{"not_picked":["Heavy Blade","Shrug It Off+1","Iron Wave"],"picked":"SKIP","floor":35},{"not_picked":["Heavy Blade","Iron Wave"],"picked":"Shrug It Off+1","floor":35},{"not_picked":["Armaments+1","Havoc+1","Bloodletting+1"],"picked":"SKIP","floor":37},{"not_picked":["Havoc+1","Heavy Blade","Dropkick"],"picked":"SKIP","floor":37},{"not_picked":["Berserk","Sword Boomerang"],"picked":"Limit Break","floor":42},{"not_picked":["Flame Barrier","Perfected Strike","Disarm"],"picked":"SKIP","floor":44},{"not_picked":["Power Through+1","Armaments+1","Sentinel+1"],"picked":"SKIP","floor":44},{"not_picked":["Body Slam+1","Reckless Charge+1"],"picked":"Rage+1","floor":45},{"not_picked":["Thunderclap+1","Heavy Blade+1","Iron Wave"],"picked":"SKIP","floor":45},{"not_picked":["Thunderclap","Havoc+1","Cleave+1"],"picked":"SKIP","floor":46}],"player_experience":249878,"relics_obtained":[{"floor":9,"key":"Bag of Preparation"},{"floor":11,"key":"Mercury Hourglass"},{"floor":13,"key":"Vajra"},{"floor":23,"key":"Mummified Hand"},{"floor":25,"key":"HornCleat"},{"floor":26,"key":"Prayer Wheel"},{"floor":28,"key":"Blood Vial"},{"floor":31,"key":"Strawberry"},{"floor":36,"key":"FossilizedHelix"},{"floor":42,"key":"MawBank"},{"floor":46,"key":"Gambling Chip"},{"floor":48,"key":"Juzu Bracelet"}],"event_choices":[{"cards_removed":["Strike_R"],"damage_healed":0,"gold_gain":0,"player_choice":"Card Removal","damage_taken":0,"max_hp_gain":0,"max_hp_loss":0,"event_name":"The Cleric","floor":5,"gold_loss":50},{"damage_healed":0,"gold_gain":75,"player_choice":"Gather Gold","damage_taken":11,"max_hp_gain":0,"max_hp_loss":0,"event_name":"World of Goop","floor":12,"gold_loss":0},{"cards_removed":["Strike_R"],"damage_healed":0,"gold_gain":0,"player_choice":"Upgrade and Remove","damage_taken":0,"max_hp_gain":0,"max_hp_loss":0,"event_name":"Designer","floor":19,"gold_loss":90,"cards_upgraded":["Shrug It Off"]},{"damage_healed":0,"gold_gain":0,"player_choice":"Joined the Cult","damage_taken":6,"max_hp_gain":0,"max_hp_loss":0,"event_name":"Nest","floor":24,"gold_loss":0,"cards_obtained":["RitualDagger"]},{"damage_healed":0,"gold_gain":0,"player_choice":"Opened","damage_taken":0,"relics_obtained":["War Paint"],"max_hp_gain":0,"max_hp_loss":0,"event_name":"The Mausoleum","floor":29,"gold_loss":0,"cards_obtained":["Writhe"]},{"damage_healed":0,"gold_gain":0,"player_choice":"Fight","damage_taken":0,"max_hp_gain":0,"max_hp_loss":0,"event_name":"MindBloom","floor":36,"gold_loss":0},{"damage_healed":0,"gold_gain":0,"player_choice":"Max HP","damage_taken":0,"max_hp_gain":0,"max_hp_loss":4,"event_name":"Winding Halls","floor":38,"gold_loss":0},{"damage_healed":0,"gold_gain":0,"player_choice":"Copied","damage_taken":0,"max_hp_gain":0,"max_hp_loss":0,"event_name":"Duplicator","floor":39,"gold_loss":0,"cards_obtained":["Clash"]}],"is_beta":false,"boss_relics":[{"not_picked":["Velvet Choker","Runic Pyramid"],"picked":"SlaversCollar"},{"not_picked":["Philosopher\u0027s Stone","Calling Bell"],"picked":"Fusion Hammer"}],"items_purged_floors":[22,30,41,47],"is_endless":false,"potions_floor_spawned":[8,11,13,14,16,18,21,28,31,35,36,37],"killed_by":"Time Eater","ascension_level":7}}