{"host":"w36evy4uyf1bcavi","time":1609577169,"event":{"mods":["Act Like it!","Aspiration","BaseMod","Conspire","Hallownest","Jedi Mod","Minty Spire (QoL Compilation)","Replay The Spire","Spicy Shops","StSLib","The Hayseed","The Hierophant"],"gold_per_floor":[215,215,229,244,22,51,51,84,84,84,144,191,206,226,226,366,366,380,380,380,380,380,380,412,412,437,437,2,42,92,118,118,214,214,277,304,338,338,372,372,386,431,431],"floor_reached":42,"playtime":4499,"items_purged":["Pain"],"score":479,"play_id":"6c928368-34af-4c28-af27-3362dd8a36ea","local_time":"20210102164609","is_ascension_mode":true,"campfire_choices":[{"floor":7,"key":"RECALL"},{"data":"TheSimpletonMod:Artichokes","floor":15,"key":"SMITH"},{"data":"TheSimpletonMod:VolatileFumes","floor":23,"key":"SMITH"},{"floor":27,"key":"REST"}],"circlet_count":0,"master_deck":["TheSimpletonMod:Strike_TheSimpleton","TheSimpletonMod:Strike_TheSimpleton","TheSimpletonMod:Strike_TheSimpleton","TheSimpletonMod:Strike_TheSimpleton","TheSimpletonMod:Defend_TheSimpleton","TheSimpletonMod:Defend_TheSimpleton","TheSimpletonMod:Defend_TheSimpleton","TheSimpletonMod:Haymaker","TheSimpletonMod:ReapAndSow","TheSimpletonMod:ControlledBurn","TheSimpletonMod:Swelter","TheSimpletonMod:OnionBloom","TheSimpletonMod:Artichokes+1","TheSimpletonMod:VineRipen","TheSimpletonMod:Squash","TheSimpletonMod:VolatileFumes+1","TheSimpletonMod:VineRipen+1","TheSimpletonMod:Pruning+1","TheSimpletonMod:SaladShooter","TheSimpletonMod:Surplus","TheSimpletonMod:CropRotation","TheSimpletonMod:Germinate","TheSimpletonMod:BirdFeeder","TheSimpletonMod:Germinate+1","TheSimpletonMod:Squash+1","TheSimpletonMod:Innovate+1","TheSimpletonMod:RootDown+1"],"relics":["TheSimpletonMod:SpudOfTheInnocent","TheSimpletonMod:NightSoil","TheSimpletonMod:TheHarvester","WarpedTongs","Tiny Chest","ReplayTheSpireMod:TigerMarble","aspiration:Lifesprig","Mirror","ReplayTheSpireMod:Ring of Challenge","ReplayTheSpireMod:Ring of Addiction","Potion Belt","Chameleon Ring","Replay:Rubber Ducky","TheSimpletonMod:OnionBelt","Happy Flower","Thread and Needle","Nunchaku","Bottled Flame","Bird Faced Urn","Blood Vial","TheSimpletonMod:HotPotato","Centennial Puzzle","Fusion Hammer","Question Card"],"acts_visited":["Exordium","TheCity","TheBeyond"],"potions_floor_usage":[6,6,12,14,16,16,24,33,33,37,39,42,42],"damage_taken":[{"damage":1,"enemies":"Jaw Worm","floor":1,"turns":4},{"damage":3,"enemies":"Cultist","floor":3,"turns":3},{"damage":2,"enemies":"Small Slimes","floor":4,"turns":4},{"damage":11,"enemies":"3 Sentries","floor":6,"turns":7},{"damage":2,"enemies":"Replay:BlueRogue","floor":8,"turns":7},{"damage":26,"enemies":"conspire:2 RoseBushes","floor":11,"turns":7},{"damage":13,"enemies":"3 Sentries","floor":12,"turns":10},{"damage":0,"enemies":"2 Fungi Beasts","floor":13,"turns":4},{"damage":1,"enemies":"3 Louse","floor":14,"turns":5},{"damage":21,"enemies":"Slime Boss","floor":16,"turns":21},{"damage":0,"enemies":"Spheric Guardian","floor":18,"turns":6},{"damage":47,"enemies":"Slavers","floor":24,"turns":6},{"damage":30,"enemies":"3 Byrds","floor":29,"turns":7},{"damage":49,"enemies":"Gremlin Leader","floor":30,"turns":9},{"damage":7,"enemies":"Champ","floor":33,"turns":13},{"damage":15,"enemies":"3 Shapes","floor":35,"turns":8},{"damage":0,"enemies":"Orb Walker","floor":36,"turns":3},{"damage":52,"enemies":"Jaw Worm Horde","floor":37,"turns":10},{"damage":60,"enemies":"4 Shapes","floor":39,"turns":9},{"damage":0,"enemies":"Maw","floor":41,"turns":8},{"damage":108,"enemies":"R_Hoarder","floor":42,"turns":20}],"seed_played":"-4707391534120142344","potions_obtained":[{"floor":1,"key":"Block Potion"},{"floor":3,"key":"Swift Potion"},{"floor":4,"key":"PowerPotion"},{"floor":10,"key":"FairyPotion"},{"floor":10,"key":"Block Potion"},{"floor":10,"key":"BlessingOfTheForge"},{"floor":11,"key":"FearPotion"},{"floor":14,"key":"Block Potion"},{"floor":18,"key":"Languid Potion"},{"floor":30,"key":"Energy Potion"},{"floor":32,"key":"LiquidMemories"},{"floor":32,"key":"Ancient Potion"},{"floor":36,"key":"Swift Potion"},{"floor":37,"key":"TheSimpletonMod:AbundancePotion"},{"floor":40,"key":"TheSimpletonMod:AbundancePotion"},{"floor":40,"key":"SpeedPotion"},{"floor":41,"key":"Regen Potion"}],"is_trial":false,"path_per_floor":["M","?","M","M","$","E","R","E","T","?","M","E","M","M","R","B",null,"M","?","T","T","?","R","E","?","T","R","$","M","E","T","R","B",null,"M","M","M","?","M","R","M","E"],"character_chosen":"THE_SIMPLETON","items_purchased":["Tiny Chest","Bottled Flame","Bird Faced Urn"],"campfire_rested":1,"item_purchase_floors":[5,28,28],"current_hp_per_floor":[75,75,73,75,75,70,70,72,72,72,52,43,51,56,56,41,75,75,75,73,73,60,60,25,25,25,47,47,34,5,5,5,22,73,73,73,25,25,41,41,71,0,0],"gold":431,"neow_bonus":"HUNDRED_GOLD","is_daily":false,"chose_seed":false,"campfire_upgraded":2,"win_rate":0.0,"timestamp":1609577169,"path_taken":["M","?","?","M","$","E","R","E","T","?","M","E","M","M","R","BOSS","M","?","?","?","?","R","E","?","T","R","$","?","E","?","R","BOSS","M","M","M","?","?","R","?","E"],"items_purchased_type":["Relic","Relic","Relic"],"build_version":"2020-12-22","purchased_purges":1,"victory":false,"max_hp_per_floor":[75,75,75,75,75,75,75,75,75,75,75,75,75,75,75,75,75,75,75,73,73,78,76,76,76,76,76,74,75,75,73,73,73,73,73,73,71,71,71,71,71,71,71],"card_choices":[{"not_picked":["TheSimpletonMod:SeedCoat","TheSimpletonMod:DigIn"],"picked":"TheSimpletonMod:ControlledBurn","floor":1},{"not_picked":["TheSimpletonMod:Sunchoke","TheSimpletonMod:DoubleBarrel"],"picked":"TheSimpletonMod:Swelter","floor":3},{"not_picked":["TheSimpletonMod:SeedCoat","TheSimpletonMod:StockTheCellar"],"picked":"TheSimpletonMod:Swelter","floor":4},{"not_picked":["TheSimpletonMod:KeenEdge","TheSimpletonMod:Aerate"],"picked":"TheSimpletonMod:OnionBloom","floor":6},{"not_picked":["TheSimpletonMod:CullingStrike","TheSimpletonMod:ToughenUp"],"picked":"TheSimpletonMod:VineRipen","floor":8},{"not_picked":["TheSimpletonMod:Ferment","TheSimpletonMod:CropRotation"],"picked":"TheSimpletonMod:Artichokes","floor":11},{"not_picked":["TheSimpletonMod:SaladShooter","TheSimpletonMod:DesperatePlunge","TheSimpletonMod:KeenEdge"],"picked":"SKIP","floor":12},{"not_picked":["TheSimpletonMod:Ferment","TheSimpletonMod:SaladShooter"],"picked":"TheSimpletonMod:VineRipen","floor":13},{"not_picked":["TheSimpletonMod:Sunseed","TheSimpletonMod:Rototilling"],"picked":"TheSimpletonMod:Squash","floor":14},{"not_picked":["TheSimpletonMod:FanTheFlames","TheSimpletonMod:SaltTheEarth"],"picked":"TheSimpletonMod:VolatileFumes","floor":16},{"not_picked":["TheSimpletonMod:BumperCrop+1","TheSimpletonMod:KeenEdge"],"picked":"TheSimpletonMod:VineRipen+1","floor":18},{"not_picked":["TheSimpletonMod:Aerate+1","TheSimpletonMod:Thresh+1"],"picked":"TheSimpletonMod:Pruning+1","floor":24},{"not_picked":["TheSimpletonMod:RootDown+1","TheSimpletonMod:Thresh"],"picked":"TheSimpletonMod:CropRotation","floor":29},{"not_picked":["TheSimpletonMod:Thresh","TheSimpletonMod:KeenEdge"],"picked":"TheSimpletonMod:Germinate","floor":30},{"not_picked":["TheSimpletonMod:ResearchGrant","TheSimpletonMod:Spinach"],"picked":"TheSimpletonMod:BirdFeeder","floor":33},{"not_picked":["TheSimpletonMod:SlashAndBurn","TheSimpletonMod:Rake"],"picked":"TheSimpletonMod:Germinate+1","floor":35},{"not_picked":["TheSimpletonMod:SaladShooter+1","TheSimpletonMod:SeedCoat+1","TheSimpletonMod:DigIn"],"picked":"SKIP","floor":36},{"not_picked":["TheSimpletonMod:Ferment+1","TheSimpletonMod:Mulch"],"picked":"TheSimpletonMod:Squash+1","floor":37},{"not_picked":["TheSimpletonMod:Swelter","TheSimpletonMod:Fertilaser","TheSimpletonMod:Mulch"],"picked":"TheSimpletonMod:Innovate+1","floor":39},{"not_picked":["TheSimpletonMod:SeedCoat","TheSimpletonMod:StockTheCellar","TheSimpletonMod:CullingStrike+1"],"picked":"TheSimpletonMod:RootDown+1","floor":41}],"player_experience":405515,"relics_obtained":[{"floor":6,"key":"ReplayTheSpireMod:TigerMarble"},{"floor":8,"key":"aspiration:Lifesprig"},{"floor":9,"key":"Mirror"},{"floor":10,"key":"ReplayTheSpireMod:Ring of Challenge"},{"floor":10,"key":"ReplayTheSpireMod:Ring of Addiction"},{"floor":10,"key":"Potion Belt"},{"floor":10,"key":"Chameleon Ring"},{"floor":12,"key":"Replay:Rubber Ducky"},{"floor":20,"key":"Happy Flower"},{"floor":21,"key":"Thread and Needle"},{"floor":24,"key":"Nunchaku"},{"floor":30,"key":"Blood Vial"},{"floor":30,"key":"TheSimpletonMod:HotPotato"},{"floor":31,"key":"Centennial Puzzle"}],"event_choices":[{"damage_healed":0,"gold_gain":0,"player_choice":"Rummage","damage_taken":0,"relics_obtained":["WarpedTongs"],"max_hp_gain":0,"max_hp_loss":0,"event_name":"Accursed Blacksmith","floor":2,"gold_loss":0,"cards_obtained":["Pain"]},{"damage_healed":0,"gold_gain":0,"player_choice":"Leave","damage_taken":0,"max_hp_gain":0,"max_hp_loss":0,"event_name":"conspire:Investor","floor":19,"gold_loss":0},{"damage_healed":0,"gold_gain":0,"player_choice":"Shed Blood","damage_taken":18,"max_hp_gain":5,"max_hp_loss":0,"event_name":"Forgotten Altar","floor":22,"gold_loss":0},{"damage_healed":0,"gold_gain":0,"cards_transformed":["TheSimpletonMod:VineRipen","TheSimpletonMod:Defend_TheSimpleton"],"player_choice":"Became Test Subject","damage_taken":0,"max_hp_gain":0,"max_hp_loss":0,"event_name":"Drug Dealer","floor":25,"gold_loss":0,"cards_obtained":["TheSimpletonMod:SaladShooter","TheSimpletonMod:Surplus"]},{"cards_removed":["TheSimpletonMod:Swelter"],"damage_healed":0,"gold_gain":0,"player_choice":"Gave Card","damage_taken":0,"relics_obtained":["Question Card"],"max_hp_gain":0,"max_hp_loss":0,"event_name":"WeMeetAgain","floor":38,"gold_loss":0}],"is_beta":false,"boss_relics":[{"not_picked":["aspiration:WatcherSkillbook","Snecko Eye"],"picked":"TheSimpletonMod:OnionBelt"},{"not_picked":["conspire:SeveredTorchhead","aspiration:DefectSkillbook"],"picked":"Fusion Hammer"}],"items_purged_floors":[5],"is_endless":false,"potions_floor_spawned":[1,3,4,11,14,18,30,36,37,41],"killed_by":"R_Hoarder","ascension_level":1}}