{"host":"32dedufnxebqtmo3","time":1609559290,"event":{"mods":["AchievementEnabler","Act Like it!","Bartender","BaseMod","Better Third Choice","Card Filter","Colored Powertips","Defuse TimeMaze Blight","Gensokyo","GifTheSpireLib","Minty Spire (QoL Compilation)","Permanent Neow","Relic Filter","Relic Stats","Remove Card Discount Mod","Shop Mod","StSLib","The Cursed","Unceasing Turn Reminder"],"gold_per_floor":[112,128,43,55,65,93,93,93,93,104,184,203,203,35,35,134,134,154,429,199,199,199,199,230,230,230,230,282,299,324,249,249,351,401,421,411,422,432,432,432,463,463,487,487,487,519,519,519,519,519,519,519,106,131,131],"floor_reached":56,"playtime":3253,"items_purged":["Decay","Strike_Bartender","Defend_Bartender","Injury","Strike_Bartender","Strike_Bartender","Strike_Bartender","Regret","Dragonkick","Defend_Bartender","Cross","Writhe","With_A_Twist+1","Fight_Dirty","Top_Shelf+1","Defend_Bartender+1"],"score":1387,"play_id":"bdf8b159-04b9-4b47-b6e6-a6013a714480","local_time":"20210101194810","is_ascension_mode":false,"campfire_choices":[{"data":"Power_Up_Punch","floor":7,"key":"SMITH"},{"data":"Form_Shift","floor":13,"key":"SMITH"},{"data":"Center_Self","floor":15,"key":"SMITH"},{"data":"Butterfly_Float","floor":23,"key":"SMITH"},{"data":"Step_Of_The_Wind","floor":27,"key":"SMITH"},{"data":"Top_Shelf","floor":32,"key":"SMITH"},{"data":"Top_Shelf","floor":40,"key":"SMITH"},{"data":"Bandage Up","floor":42,"key":"SMITH"},{"floor":49,"key":"RECALL"},{"data":"Top_Shelf","floor":52,"key":"SMITH"}],"circlet_count":0,"master_deck":["Center_Self+1","Form_Shift+1","Stick_and_Move+1","Bandage Up+1","Bitters+1","Butterfly_Float+1","Vortex+","Top_Shelf+1","Step_Of_The_Wind+1","Feint+1","Top_Shelf+1","Momentum+1"],"relics":["Sneakers","TungstenRod","StoneCalendar","White_Cape","Molten Egg 2","Silver_Glasses","Water_Ring","Eternal Feather","Meat on the Bone","Ornamental Fan","The Courier","Bronze Scales","Lantern","MerchantsRug","Blood Vial","Shuriken","Bag of Preparation"],"acts_visited":["Exordium","TheCity","TheCity","TheEnding"],"potions_floor_usage":[18,24,53,55,55],"damage_taken":[{"damage":2,"enemies":"Gensokyo:Python","floor":1,"turns":4},{"damage":1,"enemies":"Gensokyo:2_Kodama","floor":2,"turns":4},{"damage":0,"enemies":"Gensokyo:3_Fairies","floor":4,"turns":3},{"damage":0,"enemies":"Gensokyo:2_Rabbits","floor":5,"turns":5},{"damage":10,"enemies":"Gensokyo:Aya","floor":6,"turns":4},{"damage":4,"enemies":"Gensokyo:VengefulSpirit","floor":10,"turns":4},{"damage":1,"enemies":"Gensokyo:3_Kodama","floor":12,"turns":4},{"damage":0,"enemies":"Gensokyo:Reimu","floor":16,"turns":5},{"damage":9,"enemies":"2 Thieves","floor":18,"turns":3},{"damage":10,"enemies":"Slavers","floor":24,"turns":4},{"damage":0,"enemies":"Chosen","floor":29,"turns":3},{"damage":0,"enemies":"Book of Stabbing","floor":30,"turns":5},{"damage":3,"enemies":"Champ","floor":33,"turns":9},{"damage":12,"enemies":"Gensokyo:3_Boulders","floor":35,"turns":4},{"damage":0,"enemies":"Gensokyo:3_Bats","floor":37,"turns":3},{"damage":0,"enemies":"Gensokyo:AtlasGolem","floor":38,"turns":3},{"damage":0,"enemies":"Gensokyo:Doremy","floor":41,"turns":4},{"damage":0,"enemies":"Gensokyo:Kasen","floor":46,"turns":4},{"damage":0,"enemies":"Gensokyo:Yuyuko","floor":50,"turns":3},{"damage":7,"enemies":"Shield and Spear","floor":54,"turns":3},{"damage":43,"enemies":"The Heart","floor":55,"turns":7}],"seed_played":"6064140092597222404","potions_obtained":[{"floor":1,"key":"LiquidBronze"},{"floor":5,"key":"FearPotion"},{"floor":6,"key":"PowerPotion"},{"floor":18,"key":"Strength Potion"},{"floor":29,"key":"DuplicationPotion"}],"is_trial":false,"path_per_floor":["M","M","$","M","M","E","R","?","T","M","?","M","R","$","R","B",null,"M","?","$","T","?","R","E","?","T","R","T","M","E","?","R","B",null,"M","$","M","M","?","R","E","R","T","?","T","E","?","?","R","B",null,"R","$","E","B",null],"character_chosen":"BARTENDER","items_purchased":["Form_Shift","Stick_and_Move+1","Bandage Up","Bitters","Tiny Chest","Fight_Dirty","MerchantsRug","Fruit Juice","Explosive Potion","Blood Vial","Shuriken"],"campfire_rested":0,"item_purchase_floors":[3,14,14,14,20,20,53,53,53,53,53],"current_hp_per_floor":[68,67,67,67,67,57,57,57,57,53,53,52,52,52,52,56,70,65,65,65,65,65,70,64,64,64,70,70,70,70,70,70,67,75,67,67,71,75,75,75,75,75,75,75,75,75,75,75,75,75,75,75,80,79,43],"gold":131,"neow_bonus":"ONE_RARE_RELIC","is_daily":false,"chose_seed":false,"campfire_upgraded":9,"win_rate":0.0,"timestamp":1609559290,"path_taken":["M","M","$","M","M","E","R","?","T","M","?","M","R","?","R","BOSS","M","?","$","?","?","R","E","?","T","R","?","M","E","?","R","BOSS","M","$","M","M","?","R","E","R","T","?","?","E","?","?","R","BOSS","R","$","E","BOSS"],"items_purchased_type":["Card","Card","Card","Card","Relic","Card","Relic","Potion","Potion","Relic","Relic"],"build_version":"2020-12-22","purchased_purges":16,"victory":true,"max_hp_per_floor":[70,70,70,70,70,70,70,70,70,70,70,70,70,70,70,70,70,70,70,70,70,70,70,70,70,70,70,70,70,70,70,70,70,75,75,75,75,75,75,75,75,75,75,75,75,75,75,75,75,75,75,75,80,80,80],"relic_stats":{"Blood Vial":1,"counters":[21,85],"Ornamental Fan":[116],"Shuriken":[7],"Bronze Scales":[105],"StoneCalendar":[52],"Eternal Feather":11,"Bag of Preparation":[2],"obtain_stats":[{"MerchantsRug":53,"Lantern":46,"Sneakers":0,"Tiny House":34,"StoneCalendar":6,"Eternal Feather":22,"The Courier":41,"Juzu Bracelet":28,"Bag of Preparation":54,"War Paint":30,"White_Cape":8,"Silver_Glasses":17,"Blood Vial":53,"Water_Ring":21,"Ornamental Fan":26,"Shuriken":53,"Bronze Scales":43,"Molten Egg 2":9,"Tiny Chest":20,"TungstenRod":0,"Meat on the Bone":24},{"MerchantsRug":19,"Lantern":18,"Sneakers":0,"Tiny House":13,"StoneCalendar":5,"Eternal Feather":9,"The Courier":17,"Juzu Bracelet":10,"Bag of Preparation":20,"War Paint":12,"White_Cape":5,"Silver_Glasses":8,"Blood Vial":19,"Water_Ring":9,"Ornamental Fan":10,"Shuriken":19,"Bronze Scales":17,"Molten Egg 2":5,"Tiny Chest":9,"TungstenRod":0,"Meat on the Bone":10},{"MerchantsRug":75,"Lantern":72,"Sneakers":0,"Tiny House":54,"StoneCalendar":19,"Eternal Feather":35,"The Courier":68,"Juzu Bracelet":39,"Bag of Preparation":78,"War Paint":46,"White_Cape":19,"Silver_Glasses":32,"Blood Vial":75,"Water_Ring":35,"Ornamental Fan":39,"Shuriken":75,"Bronze Scales":68,"Molten Egg 2":19,"Tiny Chest":35,"TungstenRod":0,"Meat on the Bone":39}],"TungstenRod":38,"Meat on the Bone":0},"card_choices":[{"not_picked":["With_A_Twist","Alacrity"],"picked":"Center_Self","floor":1},{"not_picked":["Center_Self","Sucker_Punch"],"picked":"Power_Up_Punch","floor":2},{"not_picked":["Greased_Lightning","Glare"],"picked":"Sucker_Punch","floor":4},{"not_picked":["Hook","High_Tide"],"picked":"Dragonkick","floor":5},{"not_picked":["Glare","Greased_Lightning"],"picked":"Cross","floor":6},{"not_picked":["Press_Forward","Surge"],"picked":"Dragonkick+1","floor":10},{"not_picked":["Mirage","Tornado_Kick+1"],"picked":"With_A_Twist","floor":12},{"not_picked":["Moonsault_Kick+1","Dolphin_Blow+1"],"picked":"Butterfly_Float","floor":16},{"not_picked":["Coeurl_Form","Ball_Of_Ice"],"picked":"Vortex+","floor":18},{"not_picked":["Dart+1","Bloodbath_Bartender+1"],"picked":"Top_Shelf","floor":24},{"not_picked":["Scowl","Pony_Shot+1","Scoop"],"picked":"SKIP","floor":29},{"not_picked":["Scoop+1","On_The_Rocks"],"picked":"Feint+1","floor":30},{"not_picked":["Storage","Cold_Blooded"],"picked":"Top_Shelf","floor":33},{"not_picked":["Feint","Step_Of_The_Wind"],"picked":"Momentum+1","floor":34},{"not_picked":["Pony_Shot+1","On_The_Rocks+1","Stick_and_Move+1"],"picked":"SKIP","floor":35},{"not_picked":["Foot_Thrust+1","On_The_Rocks","Dragonkick+1"],"picked":"SKIP","floor":37},{"not_picked":["Vortex+","Blizzard_Spikes+1","Feint"],"picked":"SKIP","floor":38},{"not_picked":["Waterkick+1","Ball_Of_Ice","On_The_Rocks+1"],"picked":"SKIP","floor":41},{"not_picked":["RockBreaker+","Pony_Shot+1","Dragonkick+1"],"picked":"SKIP","floor":46},{"not_picked":["Axe_Heel_Kick+1","Dragonkick+1","Well_Drinks+1"],"picked":"SKIP","floor":54}],"player_experience":684135,"relics_obtained":[{"floor":6,"key":"StoneCalendar"},{"floor":9,"key":"Molten Egg 2"},{"floor":21,"key":"Water_Ring"},{"floor":24,"key":"Meat on the Bone"},{"floor":26,"key":"Ornamental Fan"},{"floor":28,"key":"Juzu Bracelet"},{"floor":30,"key":"War Paint"},{"floor":41,"key":"The Courier"},{"floor":43,"key":"Bronze Scales"},{"floor":46,"key":"Lantern"},{"floor":54,"key":"Bag of Preparation"}],"event_choices":[{"damage_healed":0,"gold_gain":275,"player_choice":"Desecrate","damage_taken":0,"max_hp_gain":0,"max_hp_loss":0,"event_name":"Golden Shrine","floor":19,"gold_loss":0,"cards_obtained":["Regret"]},{"damage_healed":0,"gold_gain":0,"player_choice":"Opened","damage_taken":0,"relics_obtained":["Eternal Feather"],"max_hp_gain":0,"max_hp_loss":0,"event_name":"The Mausoleum","floor":22,"gold_loss":0,"cards_obtained":["Writhe"]},{"damage_healed":0,"gold_gain":0,"player_choice":"Read","damage_taken":0,"max_hp_gain":0,"max_hp_loss":0,"event_name":"The Library","floor":25,"gold_loss":0,"cards_obtained":["Step_Of_The_Wind"]},{"cards_removed":["Defend_Bartender"],"damage_healed":0,"gold_gain":0,"player_choice":"Gave Gold","damage_taken":0,"max_hp_gain":0,"max_hp_loss":0,"event_name":"Beggar","floor":31,"gold_loss":75}],"is_beta":false,"boss_relics":[{"not_picked":["Runic Dome","SacredBark"],"picked":"Silver_Glasses"},{"not_picked":["Snecko Eye","Sozu"],"picked":"Tiny House"}],"items_purged_floors":[3,3,3,14,14,14,14,20,20,36,36,36,36,36,53,53],"is_endless":false,"potions_floor_spawned":[1,5,6,12,16,18,29,33,35,37,41],"ascension_level":0}}