{"host":"ssviq0y9yg8c9gbe","time":1609554626,"event":{"mods":["AchievementEnabler","Act Like it!","BaseMod","Colored Map","Colored Powertips","Downfall","Highlight Path","Hubris","Minty Spire (QoL Compilation)","Replay The Spire","StSLib"],"gold_per_floor":[14,34,49,49,59,88,88,88,88,88,102,102,102,102,139,164,164,276,276,296,325,345,366,375,411,411,436,537,537,564,564,564,592,592,696,696,719,743,771,771,789,789,789,810,810,810,837,854,854,44,44,44],"floor_reached":53,"playtime":3864,"items_purged":[],"score":543,"play_id":"393460af-4925-4e23-8eb9-8bd0659ece97","local_time":"20210101213026","is_ascension_mode":false,"campfire_choices":[{"floor":7,"key":"REST"},{"floor":10,"key":"REST"},{"data":"Neutralize","floor":12,"key":"SMITH"},{"floor":17,"key":"REST"},{"floor":26,"key":"REST"},{"floor":32,"key":"REST"},{"floor":34,"key":"REST"},{"floor":42,"key":"REST"},{"floor":46,"key":"REST"},{"floor":49,"key":"REST"},{"floor":51,"key":"REST"}],"circlet_count":0,"master_deck":["Strike_G","Strike_G","Strike_G","Strike_G","Defend_G","Defend_G","Defend_G","Defend_G","Defend_G","Survivor","Acrobatics","Replay:Poison Smokescreen","ReplayTheSpireMod:Exploit Weakness","Cloak And Dagger","Deadly Poison","Bouncing Flask","Sucker Punch","Noxious Fumes","Prepared","A Thousand Cuts","Sucker Punch","Sucker Punch+1","Dagger Throw","Footwork","J.A.X.","hubris:Counter","Blade Dance","Pot Of Greed","Pot Of Greed","Pot Of Greed","Backstab","Prepared","Malaise","ReplayTheSpireMod:Scrap Shanks","Deflect+1","Outmaneuver+1","Iron Wave","Pot Of Greed","Concentrate+1","Slice+1","Flying Knee","Backflip","Slice","Tactician"],"relics":["Ring of the Snake","Smiling Mask","Matryoshka","CeramicFish","hubris:GrandSneckoEye","Nunchaku","Grinning Jar","hubris:Reverence","Lantern","Regal Pillow","Runic Pyramid","Art of War","ReplayTheSpireMod:Shallot","Pet Ghost","Toolbox"],"acts_visited":["Exordium","TheCity","TheBeyond"],"potions_floor_usage":[6,15,18,25,30,35,48,52,52,52],"damage_taken":[{"damage":1,"enemies":"Cultist","floor":1,"turns":5},{"damage":0,"enemies":"Small Slimes","floor":2,"turns":5},{"damage":0,"enemies":"Jaw Worm","floor":3,"turns":5},{"damage":7,"enemies":"Blue Slaver","floor":5,"turns":6},{"damage":46,"enemies":"Gremlin Nob","floor":6,"turns":6},{"damage":8,"enemies":"2 Fungi Beasts","floor":11,"turns":4},{"damage":23,"enemies":"3 Sentries","floor":15,"turns":10},{"damage":4,"enemies":"Large Slime","floor":16,"turns":6},{"damage":41,"enemies":"Fading Forest","floor":18,"turns":11},{"damage":0,"enemies":"Spheric Guardian","floor":20,"turns":3},{"damage":15,"enemies":"Chosen","floor":21,"turns":5},{"damage":12,"enemies":"Snecko","floor":22,"turns":4},{"damage":2,"enemies":"Centurion and Healer","floor":23,"turns":6},{"damage":46,"enemies":"Gremlin Leader","floor":25,"turns":6},{"damage":14,"enemies":"Snake Plant","floor":27,"turns":4},{"damage":4,"enemies":"Cultist and Chosen","floor":30,"turns":6},{"damage":1,"enemies":"Snecko","floor":33,"turns":4},{"damage":70,"enemies":"Champ","floor":35,"turns":11},{"damage":17,"enemies":"3 Darklings","floor":37,"turns":3},{"damage":14,"enemies":"Orb Walker","floor":38,"turns":4},{"damage":42,"enemies":"Transient","floor":39,"turns":5},{"damage":27,"enemies":"Writhing Mass","floor":44,"turns":7},{"damage":40,"enemies":"Spire Growth","floor":47,"turns":6},{"damage":14,"enemies":"Maw","floor":48,"turns":7},{"damage":64,"enemies":"Replay:Hell Engine","floor":52,"turns":9}],"seed_played":"6831861591124243759","potions_obtained":[{"floor":5,"key":"PowerPotion"},{"floor":6,"key":"LiquidBronze"},{"floor":11,"key":"Adrenaline Potion"},{"floor":21,"key":"Doom Potion"},{"floor":22,"key":"champ:CounterPotion"},{"floor":27,"key":"Explosive Potion"},{"floor":35,"key":"Elixir"},{"floor":44,"key":"BlessingOfTheForge"},{"floor":47,"key":"Milkshake"}],"is_trial":false,"path_per_floor":["M","M","M","T","M","E","R","?","T","R","M","R","PTL","PTL","E","M","R","B",null,"M","M","M","M","?","E","R","M","T","?","M","T","R","M","R","B",null,"M","M","M","?","?","R","$","M","T","R","M","M","R","$","R","B",null],"character_chosen":"THE_SILENT","items_purchased":["ReplayTheSpireMod:Shallot","Pet Ghost","Toolbox","Strength Potion","champ:CounterPotion","Flying Knee","Backflip","Slice","Tactician"],"campfire_rested":10,"item_purchase_floors":[50,50,50,50,50,50,50,50,50],"current_hp_per_floor":[83,83,83,83,76,30,55,55,55,80,72,72,72,72,49,45,70,39,84,84,69,57,55,55,9,34,20,20,20,16,16,56,55,84,14,84,67,53,11,11,11,51,51,24,24,64,24,10,50,50,84,20],"gold":44,"neow_bonus":"TWENTY_PERCENT_HP_BONUS","is_daily":false,"chose_seed":false,"campfire_upgraded":1,"win_rate":0.0,"timestamp":1609554626,"path_taken":["M","M","M","?","M","E","R","?","T","R","M","R","PTL","PTL","E","M","R","BOSS","M","M","?","M","?","E","R","M","T","?","M","?","R","M","R","BOSS","M","M","M","?","?","R","$","M","T","R","M","M","R","$","R","BOSS"],"items_purchased_type":["Relic","Relic","Relic","Potion","Potion","Card","Card","Card","Card"],"build_version":"2020-12-22","purchased_purges":0,"victory":true,"max_hp_per_floor":[84,84,84,84,84,84,84,84,84,84,84,84,84,84,84,84,84,84,84,84,84,84,84,84,84,84,84,84,84,84,84,84,84,84,84,84,84,84,84,84,84,84,84,84,84,84,84,84,84,84,84,84],"card_choices":[{"not_picked":["Bane","Underhanded Strike"],"picked":"Acrobatics","floor":1},{"not_picked":["Masterful Stab","Heel Hook"],"picked":"Replay:Poison Smokescreen","floor":2},{"not_picked":["hubris:SlightOfHand","Underhanded Strike"],"picked":"ReplayTheSpireMod:Exploit Weakness","floor":3},{"not_picked":["Quick Slash","Expertise"],"picked":"Cloak And Dagger","floor":5},{"not_picked":["Acrobatics","Caltrops"],"picked":"Deadly Poison","floor":6},{"not_picked":["Dash","Escape Plan"],"picked":"Sucker Punch","floor":11},{"not_picked":["Expertise","ReplayTheSpireMod:The Works"],"picked":"Noxious Fumes","floor":15},{"not_picked":["Sneak Up","Bane"],"picked":"Prepared","floor":16},{"not_picked":["Unload","Doppelganger"],"picked":"A Thousand Cuts","floor":18},{"not_picked":["Flechettes+1","Backflip"],"picked":"Sucker Punch","floor":20},{"not_picked":["Blade Dance","Storm of Steel"],"picked":"Sucker Punch+1","floor":21},{"not_picked":["Bane","Deadly Poison"],"picked":"Dagger Throw","floor":22},{"not_picked":["Calculated Gamble","Acrobatics"],"picked":"Footwork","floor":23},{"not_picked":["ReplayTheSpireMod:Tripwire+1","Choke"],"picked":"hubris:Counter","floor":25},{"not_picked":["Quick Slash","Hidden Blade"],"picked":"Blade Dance","floor":27},{"not_picked":["Deadly Poison","Flechettes"],"picked":"Backstab","floor":30},{"not_picked":["Dagger Spray","hubris:Counter"],"picked":"Prepared","floor":33},{"not_picked":["Unload","Atom Bomb"],"picked":"Malaise","floor":35},{"not_picked":["Deadly Poison+1","Backflip+1"],"picked":"ReplayTheSpireMod:Scrap Shanks","floor":37},{"not_picked":["Terror","hubris:Counter"],"picked":"Deflect+1","floor":38},{"not_picked":["Slice+1","Acrobatics+1"],"picked":"Outmaneuver+1","floor":39},{"not_picked":["Reflex+1","Toxin Wave"],"picked":"Concentrate+1","floor":44},{"not_picked":["Heel Hook","ReplayTheSpireMod:Shiv Toss"],"picked":"Slice+1","floor":47},{"not_picked":["Blur","Cloak And Dagger","Tactician+1"],"picked":"SKIP","floor":48}],"player_experience":167305,"relics_obtained":[{"floor":6,"key":"Smiling Mask"},{"floor":9,"key":"Matryoshka"},{"floor":15,"key":"CeramicFish"},{"floor":25,"key":"Nunchaku"},{"floor":28,"key":"Grinning Jar"},{"floor":28,"key":"hubris:Reverence"},{"floor":31,"key":"Lantern"},{"floor":31,"key":"Regal Pillow"},{"floor":45,"key":"Art of War"}],"event_choices":[{"damage_healed":0,"gold_gain":0,"player_choice":"1 cards matched","damage_taken":0,"max_hp_gain":0,"max_hp_loss":0,"event_name":"Match and Keep!","floor":8,"gold_loss":0,"cards_obtained":["Bouncing Flask"]},{"damage_healed":0,"gold_gain":0,"player_choice":"Obtain J.A.X.","damage_taken":0,"max_hp_gain":0,"max_hp_loss":0,"event_name":"Drug Dealer","floor":24,"gold_loss":0,"cards_obtained":["J.A.X."]},{"damage_healed":0,"gold_gain":0,"player_choice":"Ignored","damage_taken":0,"max_hp_gain":0,"max_hp_loss":0,"event_name":"Ghosts","floor":29,"gold_loss":0},{"cards_removed":["Strike_G"],"damage_healed":0,"gold_gain":0,"player_choice":"Removed Attack","damage_taken":0,"max_hp_gain":0,"max_hp_loss":0,"event_name":"Falling","floor":40,"gold_loss":0},{"cards_removed":["Neutralize"],"damage_healed":0,"gold_gain":0,"player_choice":"Took Card","damage_taken":0,"max_hp_gain":0,"max_hp_loss":0,"event_name":"NoteForYourself","floor":41,"gold_loss":0,"cards_obtained":["Iron Wave"]}],"is_beta":false,"boss_relics":[{"not_picked":["Honey Jar","hubris:RunicObelisk"],"picked":"hubris:GrandSneckoEye"},{"not_picked":["hubris:HollowSoul","SacredBark"],"picked":"Runic Pyramid"}],"items_purged_floors":[],"is_endless":false,"potions_floor_spawned":[5,6,11,21,22,27,35,44,47],"ascension_level":0}}