{"host":"gbbz8f5svnnpwo8d","time":1609556005,"event":{"mods":["AchievementEnabler","AlwaysNeverKeys","BaseMod","Bestiary","Better Altar","Better Match","Better Note","Better Sensory Stone","Better Silent Start","Better Skull","Better Third Choice","Better Vampires","Better-Laid Plans","BetterRewards","Block Reminder","Colored Map","Colored Powertips","Displayed Cursed Tome","Downfall","GifTheSpireLib","Minty Spire (QoL Compilation)","MonsterHotkey","Permanent Neow","Potion Indicator Mod","Quick Restart","Random Character Button","Rare Cards Sparkle","Relic Stats","Shop Mod","Spicy Shops","Spire Birthday Party","StSLib","Transform Curses"],"gold_per_floor":[111,111,129,140,155,155,8,0,0,33,33,33,33,47,47,171,171,187,208,223,145,220,220,220],"floor_reached":23,"playtime":799,"items_purged":[],"score":191,"play_id":"971feb4a-1e30-45a1-b0b7-fa8e0eb469d4","local_time":"20210101195325","is_ascension_mode":false,"campfire_choices":[{"data":"Aggregate","floor":6.0,"key":"SMITH"},{"floor":15.0,"key":"REST"}],"circlet_count":0,"master_deck":["Strike_B","Strike_B","Strike_B","Strike_B","Defend_B","Defend_B","Defend_B","Defend_B","Zap","Dualcast","Streamline","Double Energy","Aggregate+1","Doom and Gloom","Enlightenment","Leap","Rebound","Echo Form","Redo+1","Darkness","Sunder+1","Melter"],"relics":["Cracked Core","Emotion Chip","PreservedInsect","Ornamental Fan","Happy Flower","Eternal Feather","Meat on the Bone","Golden Idol","SlaversCollar"],"acts_visited":["Exordium","TheCity"],"potions_floor_usage":[23],"damage_taken":[{"damage":5.0,"enemies":"Small Slimes","floor":1.0,"turns":3.0},{"damage":0.0,"enemies":"Cultist","floor":3.0,"turns":3.0},{"damage":1.0,"enemies":"Jaw Worm","floor":4.0,"turns":3.0},{"damage":9.0,"enemies":"Blue Slaver","floor":5.0,"turns":3.0},{"damage":17.0,"enemies":"3 Sentries","floor":10.0,"turns":3.0},{"damage":10.0,"enemies":"Looter","floor":14.0,"turns":3.0},{"damage":24.0,"enemies":"The Guardian","floor":16.0,"turns":8.0},{"damage":26.0,"enemies":"2 Thieves","floor":18.0,"turns":3.0},{"damage":28.0,"enemies":"Shell Parasite","floor":19.0,"turns":6.0},{"damage":17.0,"enemies":"Chosen and Byrds","floor":20.0,"turns":5.0},{"damage":28,"enemies":"Slavers","floor":23,"turns":1}],"seed_played":"-2663950955037898719","potions_obtained":[{"floor":3.0,"key":"Strength Potion"},{"floor":5.0,"key":"sneckomod:MuddlingPotion"},{"floor":20.0,"key":"SneckoOil"}],"is_trial":false,"path_per_floor":["M","?","M","M","M","R","$","?","T","E","?","$","$","M","R","B",null,"M","M","M","$","?","E"],"character_chosen":"DEFECT","items_purchased":["Emotion Chip","PreservedInsect","Happy Flower","Melter"],"campfire_rested":1,"item_purchase_floors":[0,0,7,21],"current_hp_per_floor":[62,66,66,65,56,56,56,62,62,45,25,25,25,27,60,48,81,55,39,34,34,26,0,0],"gold":220,"neow_bonus":"","is_daily":false,"chose_seed":false,"campfire_upgraded":1,"win_rate":0.0,"timestamp":1609556005,"path_taken":["M","?","M","M","?","R","?","?","T","E","?","?","$","M","R","BOSS","M","M","M","$","?","E"],"items_purchased_type":["Relic","Relic","Relic","Card"],"build_version":"2020-12-22","purchased_purges":0,"victory":false,"max_hp_per_floor":[75,75,75,75,75,75,75,81,81,81,81,81,81,81,81,81,81,81,81,81,81,81,81,81],"relic_stats":{"Emotion Chip":[32,18,0,14,0],"Happy Flower":[9],"counters":[11,41],"Ornamental Fan":[12],"Golden Idol":38,"Eternal Feather":9,"PreservedInsect":70,"obtain_stats":[{"SlaversCollar":17,"Emotion Chip":0,"Happy Flower":7,"Ornamental Fan":0,"Golden Idol":11,"Eternal Feather":9,"PreservedInsect":0,"Cracked Core":0,"Meat on the Bone":10},{"SlaversCollar":7,"Emotion Chip":0,"Happy Flower":4,"Ornamental Fan":0,"Golden Idol":5,"Eternal Feather":4,"PreservedInsect":0,"Cracked Core":0,"Meat on the Bone":5},{"SlaversCollar":26,"Emotion Chip":0,"Happy Flower":12,"Ornamental Fan":0,"Golden Idol":15,"Eternal Feather":12,"PreservedInsect":0,"Cracked Core":0,"Meat on the Bone":15}],"Meat on the Bone":48},"card_choices":[{"not_picked":["Auto Shields","Cold Snap"],"picked":"Double Energy","floor":1.0},{"not_picked":["Fusion","Compile Driver"],"picked":"Aggregate","floor":3.0},{"not_picked":["Rebound","Hologram"],"picked":"Doom and Gloom","floor":4.0},{"not_picked":["Chaos","Force Field","Sweeping Beam"],"picked":"SKIP","floor":5.0},{"not_picked":["Gash","Turbo"],"picked":"Leap","floor":10.0},{"not_picked":["Recycle","Chaos"],"picked":"Rebound","floor":14.0},{"not_picked":["Fission","Amplify"],"picked":"Echo Form","floor":16.0},{"not_picked":["Ball Lightning+1","Stack"],"picked":"Redo+1","floor":18.0},{"not_picked":["Compile Driver+1","Rebound+1"],"picked":"Darkness","floor":19.0},{"not_picked":["Consume","Turbo"],"picked":"Sunder+1","floor":20.0}],"player_experience":3581657,"relics_obtained":[{"floor":9.0,"key":"Eternal Feather"},{"floor":10.0,"key":"Meat on the Bone"}],"event_choices":[{"damage_healed":4.0,"max_hp_gain":0.0,"max_hp_loss":0.0,"gold_gain":0.0,"event_name":"betterSkull:BetterSkull","player_choice":"LEAVE ","floor":2.0,"gold_loss":0.0,"damage_taken":0.0,"cards_upgraded":[],"relics_obtained":[]},{"damage_healed":0.0,"max_hp_gain":0.0,"max_hp_loss":0.0,"gold_gain":0.0,"event_name":"betterThird:BetterSerpent","player_choice":"RENOUNCE","floor":8.0,"gold_loss":8.0,"damage_taken":8.0,"cards_obtained":["Enlightenment"]},{"damage_healed":0.0,"max_hp_gain":0.0,"max_hp_loss":0.0,"gold_gain":0.0,"event_name":"Golden Idol","player_choice":"Take Damage","floor":11.0,"gold_loss":0.0,"damage_taken":20.0,"relics_obtained":["Golden Idol"]},{"damage_healed":0,"gold_gain":75,"player_choice":"Touch","damage_taken":8,"max_hp_gain":0,"max_hp_loss":0,"event_name":"FaceTrader","floor":22,"gold_loss":0}],"is_beta":false,"boss_relics":[{"not_picked":["Ectoplasm","Coffee Dripper"],"picked":"SlaversCollar"}],"items_purged_floors":[],"is_endless":false,"potions_floor_spawned":[3,5,20],"killed_by":"Slavers","ascension_level":0}}