{"host":"dotv02c0y60nxx9g","time":1609550347,"event":{"mods":["BaseMod","Colored Powertips","Minty Spire (QoL Compilation)","Quick Restart","StSLib"],"gold_per_floor":[119,138,138,138,40,65,77,103,103,26,26,52,64,82,82,185,185,201,6,6,25,43,76,76,76,76,91,120,120,35,35,35,134,134,153,153,202,202,239,239,254,289,289,289,0,0,0,50,50,50,50,50,50,85,85,85],"floor_reached":55,"playtime":1947,"items_purged":[],"score":965,"play_id":"3d57538b-cab6-4e2a-a2af-6cbd30b0c8a4","local_time":"20210101181907","is_ascension_mode":true,"campfire_choices":[{"floor":15,"key":"REST"},{"floor":24,"key":"RECALL"},{"floor":32,"key":"REST"},{"floor":40,"key":"REST"},{"floor":44,"key":"REST"},{"data":"Blade Dance","floor":46,"key":"SMITH"},{"floor":49,"key":"REST"},{"data":"Neutralize","floor":52,"key":"SMITH"}],"circlet_count":0,"master_deck":["Strike_G","Strike_G","Strike_G","Strike_G","Defend_G","Defend_G","Defend_G","Defend_G","Defend_G","Survivor","Neutralize+1","Slice","Blade Dance+1","Infinite Blades+1","Accuracy+1","Infinite Blades+1","Phantasmal Killer","Accuracy+1","Neutralize","Infinite Blades+1","Slice","Infinite Blades+1","Envenom+1","Dash+1","Jack Of All Trades","Madness","Madness","Parasite","Blade Dance+1","Deflect"],"relics":["Ring of the Snake","NeowsBlessing","Pocketwatch","Frozen Egg 2","Boot","Toy Ornithopter","Philosopher\u0027s Stone","Anchor","Snake Skull","HornCleat","Oddly Smooth Stone","Darkstone Periapt","Busted Crown","Art of War","Pen Nib","Centennial Puzzle","Red Mask","Ice Cream","Lantern"],"acts_visited":["Exordium","TheCity","TheBeyond","TheEnding"],"potions_floor_usage":[8,16,16,23,27,28,41,50,55,55],"damage_taken":[{"damage":0,"enemies":"Small Slimes","floor":1,"turns":1},{"damage":0,"enemies":"Jaw Worm","floor":2,"turns":1},{"damage":0,"enemies":"3 Sentries","floor":6,"turns":1},{"damage":0,"enemies":"Cultist","floor":7,"turns":4},{"damage":19,"enemies":"Gremlin Nob","floor":8,"turns":4},{"damage":17,"enemies":"Lagavulin","floor":12,"turns":5},{"damage":7,"enemies":"Lots of Slimes","floor":13,"turns":4},{"damage":1,"enemies":"Blue Slaver","floor":14,"turns":4},{"damage":0,"enemies":"Slime Boss","floor":16,"turns":4},{"damage":2,"enemies":"Spheric Guardian","floor":18,"turns":3},{"damage":0,"enemies":"Chosen","floor":21,"turns":3},{"damage":0,"enemies":"Centurion and Healer","floor":22,"turns":4},{"damage":3,"enemies":"Book of Stabbing","floor":23,"turns":3},{"damage":22,"enemies":"Cultist and Chosen","floor":27,"turns":6},{"damage":6,"enemies":"Gremlin Leader","floor":28,"turns":4},{"damage":12,"enemies":"Champ","floor":33,"turns":7},{"damage":2,"enemies":"Orb Walker","floor":35,"turns":3},{"damage":15,"enemies":"3 Shapes","floor":39,"turns":6},{"damage":7,"enemies":"Writhing Mass","floor":41,"turns":5},{"damage":31,"enemies":"Reptomancer","floor":42,"turns":6},{"damage":22,"enemies":"2 Orb Walkers","floor":48,"turns":4},{"damage":8,"enemies":"Time Eater","floor":50,"turns":4},{"damage":52,"enemies":"Shield and Spear","floor":54,"turns":3},{"damage":71,"enemies":"The Heart","floor":55,"turns":5}],"seed_played":"-2167667803827255485","potions_obtained":[{"floor":1,"key":"SkillPotion"},{"floor":7,"key":"Poison Potion"},{"floor":8,"key":"Fire Potion"},{"floor":22,"key":"Explosive Potion"},{"floor":23,"key":"Dexterity Potion"},{"floor":27,"key":"ColorlessPotion"},{"floor":33,"key":"EssenceOfSteel"},{"floor":42,"key":"Energy Potion"},{"floor":48,"key":"FearPotion"},{"floor":54,"key":"Weak Potion"}],"is_trial":false,"path_per_floor":["M","M","?","?","$","E","M","E","T","$","?","E","M","M","R","B",null,"M","$","?","M","M","E","R","?","T","M","E","$","?","$","R","B",null,"M","?","T","?","M","R","M","E","T","R","?","R","$","?","R","B",null,"R","$","E","B"],"character_chosen":"THE_SILENT","items_purchased":["FairyPotion","Unload","Anchor","Accuracy+1"],"campfire_rested":5,"item_purchase_floors":[5,10,19,19],"current_hp_per_floor":[70,70,63,56,56,56,56,37,37,37,37,20,13,12,33,43,70,68,68,68,68,68,70,70,80,80,58,57,57,57,57,80,68,80,78,78,78,68,53,77,81,50,50,75,75,75,75,53,78,75,86,86,86,34,0,0],"gold":85,"neow_bonus":"THREE_ENEMY_KILL","is_daily":false,"chose_seed":false,"campfire_upgraded":2,"win_rate":0.0,"timestamp":1609550347,"path_taken":["M","M","?","?","?","E","?","E","T","?","?","E","M","M","R","BOSS","M","$","?","?","M","E","R","?","T","?","E","$","?","?","R","BOSS","M","?","?","?","M","R","M","E","T","R","?","R","$","?","R","BOSS","R","$","E","BOSS"],"items_purchased_type":["Potion","Card","Relic","Card"],"build_version":"2020-12-22","purchased_purges":0,"victory":false,"max_hp_per_floor":[70,70,70,70,70,70,70,70,70,70,70,70,70,70,70,70,70,70,70,70,70,70,70,70,80,80,80,80,80,80,80,80,80,80,80,80,80,80,80,80,86,86,86,86,86,86,86,86,86,86,86,86,86,86,86,86],"card_choices":[{"not_picked":["Reflex","Cloak And Dagger","Accuracy"],"picked":"SKIP","floor":1},{"not_picked":["Accuracy","Dodge and Roll"],"picked":"Slice","floor":2},{"not_picked":["Blur","Noxious Fumes+1","Acrobatics"],"picked":"SKIP","floor":6},{"not_picked":["PiercingWail","Poisoned Stab"],"picked":"Blade Dance","floor":7},{"not_picked":["Sucker Punch","Distraction"],"picked":"Infinite Blades+1","floor":8},{"not_picked":["Heel Hook","Masterful Stab"],"picked":"Accuracy+1","floor":12},{"not_picked":["Flying Knee","Sucker Punch"],"picked":"Infinite Blades+1","floor":13},{"not_picked":["Flying Knee","PiercingWail","Dodge and Roll"],"picked":"SKIP","floor":14},{"not_picked":["Doppelganger","Burst"],"picked":"Phantasmal Killer","floor":16},{"not_picked":["Sucker Punch","Deadly Poison","Predator"],"picked":"SKIP","floor":18},{"not_picked":["Cloak And Dagger","Terror+1"],"picked":"Infinite Blades+1","floor":21},{"not_picked":["Cloak And Dagger","Heel Hook"],"picked":"Slice","floor":22},{"not_picked":["Dagger Spray","Crippling Poison+1","Calculated Gamble+1"],"picked":"SKIP","floor":23},{"not_picked":["Blade Dance","Flying Knee","Poisoned Stab+1"],"picked":"SKIP","floor":27},{"not_picked":["Choke","Tools of the Trade+1"],"picked":"Infinite Blades+1","floor":28},{"not_picked":["Bullet Time","Venomology"],"picked":"Envenom+1","floor":33},{"not_picked":[],"picked":"Dash+1","floor":35},{"not_picked":[],"picked":"Jack Of All Trades","floor":36},{"not_picked":["Reflex"],"picked":"SKIP","floor":39},{"not_picked":["Deadly Poison"],"picked":"SKIP","floor":41},{"not_picked":["Dodge and Roll"],"picked":"SKIP","floor":42},{"not_picked":[],"picked":"Blade Dance+1","floor":48},{"not_picked":[],"picked":"Deflect","floor":54}],"player_experience":151336,"relics_obtained":[{"floor":6,"key":"Frozen Egg 2"},{"floor":8,"key":"Boot"},{"floor":12,"key":"Toy Ornithopter"},{"floor":23,"key":"Snake Skull"},{"floor":26,"key":"HornCleat"},{"floor":28,"key":"Oddly Smooth Stone"},{"floor":37,"key":"Art of War"},{"floor":42,"key":"Pen Nib"},{"floor":43,"key":"Centennial Puzzle"},{"floor":48,"key":"Ice Cream"},{"floor":54,"key":"Lantern"}],"event_choices":[{"damage_healed":0,"gold_gain":0,"player_choice":"Success","damage_taken":7,"relics_obtained":["Pocketwatch"],"max_hp_gain":0,"max_hp_loss":0,"event_name":"Scrap Ooze","floor":3,"gold_loss":0},{"cards_removed":["Strike_G"],"damage_healed":0,"gold_gain":0,"player_choice":"Card Removal","damage_taken":7,"max_hp_gain":0,"max_hp_loss":0,"event_name":"Golden Wing","floor":4,"gold_loss":0},{"damage_healed":0,"gold_gain":0,"player_choice":"Searched \u00271\u0027 times","damage_taken":0,"max_hp_gain":0,"max_hp_loss":0,"event_name":"Dead Adventurer","floor":11,"gold_loss":0},{"damage_healed":0,"gold_gain":0,"player_choice":"1 cards matched","damage_taken":0,"max_hp_gain":0,"max_hp_loss":0,"event_name":"Match and Keep!","floor":20,"gold_loss":0,"cards_obtained":["Neutralize"]},{"cards_removed":["Unload"],"damage_healed":0,"gold_gain":0,"player_choice":"Offered Rare","damage_taken":0,"max_hp_gain":10,"max_hp_loss":0,"event_name":"Bonfire Elementals","floor":25,"gold_loss":0},{"damage_healed":0,"gold_gain":0,"player_choice":"Obtained Relic","damage_taken":0,"relics_obtained":["Darkstone Periapt"],"max_hp_gain":0,"max_hp_loss":0,"event_name":"Addict","floor":30,"gold_loss":85},{"damage_healed":0,"gold_gain":0,"player_choice":"Memory 1","damage_taken":0,"max_hp_gain":0,"max_hp_loss":0,"event_name":"SensoryStone","floor":36,"gold_loss":0},{"damage_healed":0,"gold_gain":0,"player_choice":"Embrace Madness","damage_taken":10,"max_hp_gain":0,"max_hp_loss":0,"event_name":"Winding Halls","floor":38,"gold_loss":0,"cards_obtained":["Madness","Madness"]},{"damage_healed":0,"gold_gain":0,"player_choice":"Paid","damage_taken":0,"relics_obtained":["Red Mask"],"max_hp_gain":0,"max_hp_loss":0,"event_name":"Tomb of Lord Red Mask","floor":45,"gold_loss":289},{"damage_healed":0,"gold_gain":0,"player_choice":"Fight","damage_taken":0,"max_hp_gain":0,"max_hp_loss":0,"event_name":"Mysterious Sphere","floor":48,"gold_loss":0}],"is_beta":false,"boss_relics":[{"not_picked":["Empty Cage","Coffee Dripper"],"picked":"Philosopher\u0027s Stone"},{"not_picked":["Ring of the Serpent","Astrolabe"],"picked":"Busted Crown"}],"items_purged_floors":[],"is_endless":false,"potions_floor_spawned":[1,7,8,12,22,23,27,33,42,48,54],"killed_by":"The Heart","ascension_level":3}}