{"host":"dd2mx3pm3ovi0t1n","time":1609624301,"event":{"mods":["2.2 Compatiblity","AchievementEnabler","Aspiration","BaseMod","Beaked The Cultist","Better Altar","Better Match","Better Note","Better Sensory Stone","Better Skull","Better Third Choice","BetterRewards","Colored Map","Colored Powertips","Conspire","Defuse TimeMaze Blight","Downfall","Energized Spire","Friendly Minions","GifTheSpireLib","Glutton Mod","Gold Saver","Halation","Hermit","Highlight Path","HololiveMod","Hubris","Infinite Spire","Jedi Mod","Jorbs\u0027s Wanderer Trilogy","KomeijiMod","Marisa????????","Marked Mod","Mimic Mod","Minty Spire (QoL Compilation)","Permanent Neow","Quick Restart","Replay The Spire","Robot Space Explorer","Shop Mod","Spicy Shops","Spikes Relics","StSLib","Stuff the Spire","TestMod","The Construct","The Cursed","The Disciple","The Hierophant","The Necromancer","The Runesmith","The Sage","The Servant 0.9.4","Uncapped","Wandering Minibosses","Yuri Mod","vexMod","????"],"gold_per_floor":[455,455,455,164,179,179,205,221,221,221,19,33,33,62,62,159,159,173,16,16,47,81,106,31,57,96,121,121,121,154,168,168,277,277,302,156,176,253,28,56,71,73,96,107,107,42,42,76,1,104,104,112,124,128,47,55,55,72,85,85,85,101,101,101,131,131,207,207,211,13,17,17,21,24,46,46,61,62,83,82,82,82,82,167,167,185,185,45,45,42,42,49,49,99,99,99,99,27,24,7,0,0],"floor_reached":101,"playtime":4699,"items_purged":["construct:Backfire","Spreading Infection","construct:Forcefield","construct:ShieldGenerator+1"],"score":3330,"play_id":"9c5aa892-0884-479b-8a30-708c0769d153","local_time":"20210102135141","is_ascension_mode":true,"campfire_choices":[{"data":"construct:PowerUp","floor":6.0,"key":"SMITH"},{"data":"construct:PowerUp+1","floor":10.0,"key":"SMITH"},{"data":"construct:FlameCore","floor":13.0,"key":"SMITH"},{"data":"construct:FlameCore+1","floor":15.0,"key":"SMITH"},{"data":"StuffTheSpire:CuriosityCurse","floor":29.0,"key":"SMITH"},{"data":"construct:BatteryCore+1","floor":32.0,"key":"SMITH"},{"data":"Madness","floor":45.0,"key":"SMITH"},{"data":"Madness","floor":47.0,"key":"SMITH"},{"data":"construct:HeavyBolt+1","floor":57.0,"key":"SMITH"},{"data":"construct:AttackMode+1","floor":57.0,"key":"SMITH"},{"data":"construct:PointDefense+1","floor":63,"key":"SMITH"},{"data":"construct:Isolate","floor":63,"key":"SMITH"},{"data":"construct:HammerDown","floor":66,"key":"SMITH"},{"data":"construct:HammerDown+1","floor":66,"key":"SMITH"},{"data":"construct:Synchronize","floor":81,"key":"SMITH"},{"data":"construct:Synchronize+1","floor":81,"key":"SMITH"},{"data":"construct:SiegeForm","floor":83,"key":"SMITH"},{"data":"construct:SiegeForm+1","floor":83,"key":"SMITH"},{"data":"construct:BatteryCore","floor":91,"key":"SMITH"},{"data":"construct:BatteryCore+1","floor":91,"key":"SMITH"},{"data":"construct:ShiftStrike","floor":96,"key":"SMITH"},{"data":"construct:ShiftStrike+1","floor":96,"key":"SMITH"}],"circlet_count":0,"master_deck":["construct:Strike_Gold","construct:Strike_Gold+1","construct:Strike_Gold","construct:Strike_Gold","construct:Strike_Gold","construct:Defend_Gold","construct:Defend_Gold","construct:Defend_Gold","construct:Defend_Gold","construct:AttackMode+2","construct:PowerUp+2","testmod-Superconductor+1","construct:ChargeShot+1","construct:Tumble","construct:ElectricArmor","construct:HeavyBolt+2","construct:FlameCore+1","construct:FlameCore+2","construct:BatteryCore+2","construct:ForceCore","RobotSpaceExplorer:ChargingLaser","construct:ScopeCore","construct:Synchronize+2","construct:ShiftStrike+2","construct:CriticalHit","construct:Isolate+1","Madness+1","Madness+1","construct:ForceCore","construct:HammerDown","construct:HammerDown+2","construct:SiegeForm+2","construct:BatteryCore+2","construct:ShiftStrike","construct:GuardCore","construct:PointDefense+2","infinitespire:FinalStrike","construct:ScopeCore","construct:BatteryCore+2","construct:LaserCore","infinitespire:UltimateForm+1","construct:Synchronize+1","construct:ForceCore","construct:GuardCore","construct:Strike_Gold","construct:Strike_Gold+1","construct:Strike_Gold","construct:Strike_Gold","construct:Strike_Gold","construct:Defend_Gold","construct:Defend_Gold","construct:Defend_Gold","construct:AttackMode+2","construct:PowerUp+2","testmod-Superconductor+1","construct:ChargeShot+1","construct:Tumble","construct:ElectricArmor","construct:HeavyBolt+2","construct:FlameCore+1","construct:FlameCore+2","construct:BatteryCore+2","construct:ForceCore","RobotSpaceExplorer:ChargingLaser","construct:ScopeCore","construct:Synchronize+2","construct:ShiftStrike","construct:CriticalHit","construct:Isolate+1","Madness+1","Madness+1","construct:ForceCore","construct:HammerDown","construct:HammerDown+2","construct:SiegeForm+2","construct:BatteryCore","construct:ShiftStrike","construct:GuardCore","construct:PointDefense+2","infinitespire:FinalStrike","construct:ScopeCore","construct:BatteryCore+2","construct:LaserCore","infinitespire:UltimateForm+1","construct:Synchronize+1","construct:ForceCore","construct:GuardCore","construct:FlameCore","construct:Isolate+1","construct:MemoryTap","construct:Tumble+1"],"relics":["construct:ClockworkPhoenix","testmod-TestBox","testmod-SaigiyounoYou","StrikeDummy","CrustySpines","StuffTheSpire:BottledEssence","BlackRope","MerchantsRug","Hololive_YagooBigFamily","halation:PrussianBluePaint","jedi:equalizer","Ring of Fury","ReplayTheSpireMod:Ring of Collecting","vexMod:Spyglass","halation:LostSnail","conspire:DecoderRing","Ring of Misfortune","Rawhide","ReplayTheSpireMod:Ninjato","SnailShell","vexMod:ImprovementManual","jedi:crownofsimplicity","Ice Cream","Ring of Searing","testmod-FatalChain","ReplayTheSpireMod:Ring of Addiction","hubris:EmptyBottle","halation:SelfBoilingWater","aspiration:EmptySkull","Counterbalance","ReplayTheSpireMod:Ring of Exchange","Bag of Marbles","SacredBark","wanderingMiniBosses:OtherGremlinHorn","aspiration:TomeofQuesting","Ring of Peace","Bottled Tornado","jedi:arcanewood","Ring of Panic","Smiling Mask","construct:MasterCore","RollingBoulder","Replay:Arrowhead","ReplayTheSpireMod:Ring of Challenge","hubris:DeckOfHolding","hubris:Icosahedron","Frozen Egg 2","testmod-CardMagician","Medical Kit","TheAbacus","Philosopher\u0027s Stone","StuffTheSpire:GrapeVine","vexMod:MemoryStick","Ring of Fangs","Happy Flower","Enchiridion","infinitespire:EvilPickle","conspire:SpecialSausage","Ancient Tea Set","sagemod:Blowpipe","Ring of Greed","Blue Doll","Membership Card","testmod-InfectionSource","Lee\u0027s Waffle","SpikesRelics:ToyHorsey"],"acts_visited":["Exordium","TheCity","TheBeyond","Exordium","TheCity","TheBeyond"],"potions_floor_usage":[62,77,77,77,80,84,95,99],"damage_taken":[{"damage":3.0,"enemies":"Small Slimes","floor":1.0,"turns":3.0},{"damage":0.0,"enemies":"2 Louse","floor":5.0,"turns":1.0},{"damage":0.0,"enemies":"Lagavulin","floor":7.0,"turns":2.0},{"damage":0.0,"enemies":"Cultist","floor":8.0,"turns":2.0},{"damage":0.0,"enemies":"Red Slaver","floor":12.0,"turns":1.0},{"damage":0.0,"enemies":"Gremlin Nob","floor":14.0,"turns":2.0},{"damage":32.0,"enemies":"The Guardian","floor":16.0,"turns":5.0},{"damage":0.0,"enemies":"Chosen","floor":18.0,"turns":2.0},{"damage":0.0,"enemies":"Shell Parasite","floor":21.0,"turns":4.0},{"damage":10.0,"enemies":"Shell Parasite","floor":22.0,"turns":3.0},{"damage":10.0,"enemies":"Gremlin Leader","floor":23.0,"turns":3.0},{"damage":0.0,"enemies":"Book of Stabbing","floor":25.0,"turns":1.0},{"damage":7.0,"enemies":"Shell Parasite","floor":26.0,"turns":3.0},{"damage":0.0,"enemies":"Slavers","floor":27.0,"turns":1.0},{"damage":10.0,"enemies":"Nightmare","floor":30.0,"turns":3.0},{"damage":0.0,"enemies":"Shell Parasite","floor":31.0,"turns":1.0},{"damage":7.0,"enemies":"conspire:MysteriousRune","floor":33.0,"turns":3.0},{"damage":13.0,"enemies":"3 Darklings","floor":35.0,"turns":3.0},{"damage":3.0,"enemies":"3 Shapes","floor":37.0,"turns":1.0},{"damage":5.0,"enemies":"Nemesis","floor":40.0,"turns":3.0},{"damage":0.0,"enemies":"Writhing Mass","floor":41.0,"turns":2.0},{"damage":0.0,"enemies":"3 Darklings","floor":44.0,"turns":1.0},{"damage":0.0,"enemies":"Reptomancer","floor":48.0,"turns":1.0},{"damage":0.0,"enemies":"Time Eater","floor":50.0,"turns":2.0},{"damage":0.0,"enemies":"Small Slimes","floor":52.0,"turns":1.0},{"damage":0.0,"enemies":"2 Louse","floor":53.0,"turns":1.0},{"damage":0.0,"enemies":"Jaw Worm","floor":54.0,"turns":1.0},{"damage":0.0,"enemies":"Blue Slaver","floor":56.0,"turns":1.0},{"damage":0.0,"enemies":"3 Sentries","floor":58.0,"turns":1.0},{"damage":0.0,"enemies":"3 Louse","floor":59.0,"turns":1.0},{"damage":0,"enemies":"Lagavulin","floor":62,"turns":2},{"damage":0,"enemies":"3 Sentries","floor":65,"turns":1},{"damage":5,"enemies":"Fading Forest","floor":67,"turns":3},{"damage":0,"enemies":"2 Thieves","floor":69,"turns":2},{"damage":0,"enemies":"3 Byrds","floor":73,"turns":1},{"damage":0,"enemies":"Shelled Parasite and Fungi","floor":74,"turns":1},{"damage":0,"enemies":"Book of Stabbing","floor":75,"turns":1},{"damage":2,"enemies":"Snecko","floor":77,"turns":3},{"damage":0,"enemies":"Snecko","floor":78,"turns":2},{"damage":0,"enemies":"Slavers","floor":79,"turns":1},{"damage":0,"enemies":"Cultist and Chosen","floor":80,"turns":2},{"damage":0,"enemies":"Pondfish","floor":84,"turns":2},{"damage":0,"enemies":"3 Shapes","floor":86,"turns":1},{"damage":0,"enemies":"Orb Walker","floor":89,"turns":2},{"damage":0,"enemies":"Spire Growth","floor":90,"turns":2},{"damage":0,"enemies":"Giant Head","floor":92,"turns":2},{"damage":0,"enemies":"3 Darklings","floor":95,"turns":2},{"damage":0,"enemies":"4 Shapes","floor":99,"turns":1},{"damage":56,"enemies":"conspire:OrnateMirror","floor":101,"turns":2}],"seed_played":"6712026083368815207","potions_obtained":[{"floor":1.0,"key":"Block Potion"},{"floor":5.0,"key":"sneckomod:MuddlingPotion"},{"floor":8.0,"key":"Strength Potion"},{"floor":22.0,"key":"CalmPotion"},{"floor":22.0,"key":"sneckomod:MuddlingPotion"},{"floor":22.0,"key":"jedi:StrikingPotion"},{"floor":25.0,"key":"testmod-SpacePotion"},{"floor":27.0,"key":"ExcitationPotion"},{"floor":30.0,"key":"EssenceOfSteel"},{"floor":31.0,"key":"sneckomod:MuddlingPotion"},{"floor":41.0,"key":"Elixir"},{"floor":44.0,"key":"Swift Potion"},{"floor":52.0,"key":"Energy Potion"},{"floor":53.0,"key":"champ:CounterPotion"},{"floor":54.0,"key":"PowerPotion"},{"floor":59.0,"key":"Energy Potion"},{"floor":69,"key":"Weak Potion"},{"floor":84,"key":"Weak Potion"},{"floor":86,"key":"EssenceOfSteel"},{"floor":99,"key":"Venom Potion"}],"is_trial":false,"path_per_floor":["M","?","?","$","M","R","E","M","T","R","$","M","R","E","R","B",null,"M","$","?","MIM","MIM","E","?","E","MIM","E","?","R","NM","M","R","B",null,"M","$","M","T","$","E","M","?","T","M","R","$","R","E","R","B",null,"M","M","M","$","M","R","E","M","T","?","E","R","?","E","R","B",null,"M","$","$","AVR","M","M","E","?","MIM","M","E","M","R","?","R","B",null,"M","?","$","M","M","R","E","$","T","M","R","?","$","M","R_BF","B"],"character_chosen":"THE_CONSTRUCT_MOD","items_purchased":["StrikeDummy","CrustySpines","StuffTheSpire:BottledEssence","construct:PowerUp","MerchantsRug","Guide Book","vexMod:Spyglass","halation:LostSnail","construct:FlameCore","ReplayTheSpireMod:Ninjato","jedi:crownofsimplicity","aspiration:TomeofQuesting","construct:Isolate","jedi:arcanewood","construct:HammerDown","RollingBoulder","construct:BatteryCore","Medical Kit","DollysMirror","construct:LaserCore","construct:FlameCore","Ancient Tea Set","Lee\u0027s Waffle","SpikesRelics:ToyHorsey"],"campfire_rested":0,"item_purchase_floors":[0,0,0,0,0,0,4,4,11,11,19,36,39,39,46,49,55,70,71,71,88,88,98,100],"current_hp_per_floor":[79,79,79,79,80,80,80,80,80,80,80,80,80,80,80,60,80,80,80,80,80,77,78,78,80,80,80,80,78,78,78,78,78,78,78,78,74,74,74,72,74,65,65,72,72,70,70,70,68,68,68,68,68,66,66,66,64,64,64,64,64,64,64,49,52,52,62,62,60,60,60,58,58,58,56,56,54,56,56,56,56,40,40,54,54,54,54,52,52,52,50,50,50,48,48,48,48,55,53,53,0,0],"gold":0,"neow_bonus":"","is_daily":false,"chose_seed":false,"campfire_upgraded":22,"win_rate":0.0,"timestamp":1609624301,"path_taken":["M","?","?","$","M","R","E","?","T","R","$","M","R","E","R","BOSS","M","$","?","?","?","E","?","E","MIM","E","?","R","NM","M","R","BOSS","M","?","M","?","?","E","M","?","T","?","R","?","R","E","R","BOSS","M","?","M","$","M","R","E","M","T","?","E","R","?","E","R","BOSS","M","$","?","AVR","?","M","E","?","MIM","M","E","M","R","?","R","BOSS","M","?","?","M","M","R","E","$","T","M","R","?","?","M","R_BF","BOSS"],"items_purchased_type":["Relic","Relic","Relic","Card","Relic","Relic","Relic","Relic","Card","Relic","Relic","Relic","Card","Relic","Card","Relic","Card","Relic","Relic","Card","Card","Relic","Relic","Relic"],"build_version":"2020-12-22","purchased_purges":4,"victory":false,"max_hp_per_floor":[80,80,80,80,80,80,80,80,80,80,80,80,80,80,80,80,80,80,80,80,80,80,80,80,80,80,80,80,78,78,78,78,78,78,78,78,76,76,76,74,74,74,72,72,72,70,70,70,68,68,68,68,68,66,66,66,64,64,64,64,64,64,64,64,64,62,62,62,60,60,60,58,58,58,56,56,56,56,56,56,56,56,56,54,54,54,54,52,52,52,50,50,50,48,48,48,48,55,53,53,53,53],"card_choices":[{"not_picked":["construct:ModeShift","construct:Forcefield"],"picked":"construct:ChargeShot","floor":1.0},{"not_picked":["construct:Overcharge","construct:FlakBarrage"],"picked":"construct:Tumble","floor":5.0},{"not_picked":["construct:VentSteam","construct:LongRangeLance"],"picked":"construct:ElectricArmor","floor":7.0},{"not_picked":["construct:Reinforce","construct:Versatility"],"picked":"construct:HeavyBolt","floor":8.0},{"not_picked":["construct:Backfire","construct:VentSteam","construct:ScrapCannon"],"picked":"SKIP","floor":12.0},{"not_picked":["construct:ScrapCannon","construct:ModeShift","construct:Anticipate"],"picked":"SKIP","floor":14.0},{"not_picked":["construct:HammerDown","construct:Reserves"],"picked":"construct:BatteryCore","floor":16.0},{"not_picked":["construct:ShiftStrike","construct:OmegaCannon"],"picked":"construct:ForceCore","floor":18.0},{"not_picked":["construct:ElectricArmor","construct:Boost"],"picked":"construct:ScopeCore","floor":21.0},{"not_picked":["construct:ModeShift+1","construct:SweepLaser","construct:MassProduction"],"picked":"SKIP","floor":23.0},{"not_picked":["construct:FocusedBeam","construct:Anticipate"],"picked":"construct:Synchronize","floor":25.0},{"not_picked":["construct:Construct_Overclock","construct:ClusterMines"],"picked":"construct:ShiftStrike","floor":27.0},{"not_picked":["construct:PointDefense+1","construct:Disrupt+1","construct:SuppressiveFire"],"picked":"SKIP","floor":30.0},{"not_picked":["construct:Analyze","construct:Versatility"],"picked":"construct:CriticalHit","floor":31.0},{"not_picked":["construct:Reinforce+1","construct:Chainstrike","construct:Backfire"],"picked":"SKIP","floor":35.0},{"not_picked":["construct:Disrupt+1","construct:Dampening+1","construct:ModeShift+1"],"picked":"SKIP","floor":37.0},{"not_picked":["construct:Hazardproof","construct:Autoturret","construct:CripplingShot"],"picked":"SKIP","floor":40.0},{"not_picked":["construct:Accumulate","construct:Overcharge","construct:HeavyBolt"],"picked":"SKIP","floor":41.0},{"not_picked":["construct:ShiftStrike","construct:SyphonStrike"],"picked":"construct:ForceCore","floor":44.0},{"not_picked":["construct:Antimatter+1","construct:HeavyBolt","construct:Zapper"],"picked":"SKIP","floor":48.0},{"not_picked":["construct:HyperBeam","construct:GatlingGun"],"picked":"construct:SiegeForm","floor":50.0},{"not_picked":["construct:SaveState","construct:SuppressiveFire","construct:Impenetrable"],"picked":"SKIP","floor":52.0},{"not_picked":["construct:SaveState","construct:FierceBash","construct:VentSteam"],"picked":"SKIP","floor":53.0},{"not_picked":["construct:Missile","construct:GatlingGun","construct:ChargeShot"],"picked":"SKIP","floor":54.0},{"not_picked":["construct:ClusterMines","construct:Overcharge","construct:Boost"],"picked":"SKIP","floor":56.0},{"not_picked":["construct:Boost","construct:SuppressiveFire"],"picked":"construct:ShiftStrike","floor":58.0},{"not_picked":["construct:Antimatter","construct:Tumble"],"picked":"construct:GuardCore","floor":59.0},{"not_picked":["construct:ShiftStrike","construct:FocusedBeam"],"picked":"construct:PointDefense+1","floor":62},{"not_picked":["ReplayTheSpireMod:Book of Names","infinitespire:Starlight"],"picked":"infinitespire:SealOfDarkness+","floor":64},{"not_picked":["construct:SyphonStrike","construct:Accumulate","construct:Stasis"],"picked":"SKIP","floor":65},{"not_picked":["ReplayTheSpireMod:Black Plague","infinitespire:Menacing"],"picked":"infinitespire:FinalStrike","floor":69},{"not_picked":["construct:HardReboot+1","construct:Backfire"],"picked":"construct:ScopeCore","floor":69},{"not_picked":["construct:Missile","construct:SaveState"],"picked":"construct:Synchronize+1","floor":73},{"not_picked":["construct:ModeShift","construct:SweepLaser+1","construct:FierceBash+1"],"picked":"SKIP","floor":74},{"not_picked":["construct:Disrupt","construct:Reinforce+1","construct:FocusedBeam"],"picked":"SKIP","floor":75},{"not_picked":["construct:ClusterMines+1","construct:Accumulate+1","construct:QuickAttack"],"picked":"SKIP","floor":78},{"not_picked":["construct:ModeShift","construct:Impenetrable+1"],"picked":"construct:ForceCore","floor":79},{"not_picked":["construct:MetalShell+1","construct:SuppressiveFire","construct:Analyze"],"picked":"SKIP","floor":80},{"not_picked":["construct:Chainstrike+1","construct:SaveState"],"picked":"construct:GuardCore","floor":86},{"not_picked":["construct:Antimatter","construct:Versatility","construct:Forcefield"],"picked":"SKIP","floor":89},{"not_picked":["construct:FierceBash","construct:OneWayMirror","construct:OmegaCannon+1"],"picked":"SKIP","floor":90},{"not_picked":["construct:Bunker+1","construct:Versatility","construct:FocusedBeam"],"picked":"SKIP","floor":92},{"not_picked":["construct:Autoturret+1","construct:Anticipate"],"picked":"construct:Isolate+1","floor":95},{"not_picked":["construct:Analyze+1","construct:Stasis+1"],"picked":"construct:Tumble+1","floor":99}],"player_experience":491728,"relics_obtained":[{"floor":2.0,"key":"Ring of Fury"},{"floor":2.0,"key":"ReplayTheSpireMod:Ring of Collecting"},{"floor":7.0,"key":"conspire:DecoderRing"},{"floor":9.0,"key":"Ring of Misfortune"},{"floor":9.0,"key":"Rawhide"},{"floor":14.0,"key":"SnailShell"},{"floor":21.0,"key":"Ice Cream"},{"floor":21.0,"key":"Ring of Searing"},{"floor":22.0,"key":"testmod-FatalChain"},{"floor":22.0,"key":"ReplayTheSpireMod:Ring of Addiction"},{"floor":22.0,"key":"Potion Belt"},{"floor":22.0,"key":"hubris:EmptyBottle"},{"floor":23.0,"key":"halation:SelfBoilingWater"},{"floor":25.0,"key":"aspiration:EmptySkull"},{"floor":26.0,"key":"Counterbalance"},{"floor":26.0,"key":"ReplayTheSpireMod:Ring of Exchange"},{"floor":27.0,"key":"Bag of Marbles"},{"floor":30.0,"key":"Replay:Bottled Snecko"},{"floor":35.0,"key":"wanderingMiniBosses:OtherGremlinHorn"},{"floor":38.0,"key":"Ring of Peace"},{"floor":38.0,"key":"Bottled Tornado"},{"floor":40.0,"key":"Replay:Accelerometer"},{"floor":43.0,"key":"Ring of Panic"},{"floor":43.0,"key":"Smiling Mask"},{"floor":48.0,"key":"construct:MasterCore"},{"floor":58.0,"key":"Pet Ghost"},{"floor":60.0,"key":"ReplayTheSpireMod:Ring of Challenge"},{"floor":60.0,"key":"hubris:DeckOfHolding"},{"floor":62,"key":"Frozen Egg 2"},{"floor":65,"key":"infinitespire:Satchel"},{"floor":75,"key":"StuffTheSpire:GrapeVine"},{"floor":77,"key":"vexMod:MemoryStick"},{"floor":77,"key":"Ring of Fangs"},{"floor":79,"key":"Happy Flower"},{"floor":82,"key":"Enchiridion"},{"floor":92,"key":"sagemod:Blowpipe"},{"floor":94,"key":"Ring of Greed"},{"floor":94,"key":"Blue Doll"},{"floor":94,"key":"Membership Card"},{"floor":94,"key":"testmod-InfectionSource"}],"event_choices":[{"cards_removed":["construct:FlameCore"],"damage_healed":0.0,"max_hp_gain":0.0,"max_hp_loss":0.0,"gold_gain":0.0,"event_name":"betterNote:BetterNote","player_choice":"Take \u0026 Give","floor":20.0,"gold_loss":0.0,"damage_taken":0.0,"cards_obtained":["RobotSpaceExplorer:ChargingLaser"]},{"cards_removed":["construct:ScrapCannon"],"damage_healed":0.0,"max_hp_gain":0.0,"max_hp_loss":0.0,"gold_gain":0.0,"event_name":"Beggar","player_choice":"Gave Gold","floor":24.0,"gold_loss":75.0,"damage_taken":0.0},{"damage_healed":0.0,"max_hp_gain":0.0,"max_hp_loss":0.0,"gold_gain":0.0,"event_name":"Winding Halls","player_choice":"Embrace Madness","floor":42.0,"gold_loss":0.0,"damage_taken":9.0,"cards_obtained":["Madness","Madness"]},{"damage_healed":0,"gold_gain":0,"player_choice":"Obtained Book","damage_taken":16,"max_hp_gain":0,"max_hp_loss":0,"event_name":"Cursed Tome","floor":82,"gold_loss":0},{"damage_healed":0,"gold_gain":0,"cards_transformed":["construct:Defend_Gold"],"player_choice":"Transformed","damage_taken":0,"max_hp_gain":0,"max_hp_loss":0,"event_name":"Transmorgrifier","floor":97,"gold_loss":0,"cards_obtained":["construct:MemoryTap"]}],"is_beta":false,"boss_relics":[{"not_picked":["Kintsugi","aspiration:FutureDiary"],"picked":"vexMod:ImprovementManual"},{"not_picked":["aspiration:RunesmithSkillbook","hubris:BlackHole"],"picked":"SacredBark"},{"not_picked":["ChewingGum","halation:SmartPhone"],"picked":"hubris:Backtick"},{"not_picked":["ReplayTheSpireMod:DimensionalGlitch","vexMod:CursedCompass"],"picked":"testmod-CardMagician"},{"not_picked":["Tiny House","energizedSpire:HugeHouse"],"picked":"conspire:SpecialSausage"}],"items_purged_floors":[0,4,4,70],"is_endless":true,"potions_floor_spawned":[1,5,8,12,23,25,27,30,31,41,44,48,52,53,54,59,69,74,75,84,86,89,99],"killed_by":"conspire:OrnateMirror","ascension_level":1}}