{"host":"16bdbdkejmwbwkj8","time":1609614446,"event":{"mods":["BaseMod","Colored Map","Downfall","Minty Spire (QoL Compilation)","StSLib"],"gold_per_floor":[99,113,129,143,0,19,19,36,21,37,37,47,78,78,89,185,185,110,130,130,149,167,187,187,200,226,151,168,93,10,29,41,144,144,144,154,1,14,26,38,38,50,66,66,12,12,62,79,93,93],"floor_reached":51,"playtime":6355,"items_purged":["Guardian:Strike_Guardian"],"score":713,"play_id":"504725a2-a37e-4b1f-b21f-125d11d3f037","local_time":"20210102140726","is_ascension_mode":false,"campfire_choices":[{"data":"Guardian:CurlUp","floor":1,"key":"SMITH"},{"floor":11,"key":"REST"},{"data":"Guardian:FastForward","floor":18,"key":"SMITH"},{"floor":27,"key":"RECALL"},{"floor":29,"key":"REST"},{"data":"Guardian:ConstructionForm","floor":35,"key":"SMITH"},{"data":"Guardian:TimeBomb","floor":46,"key":"SMITH"}],"circlet_count":0,"master_deck":["Guardian:Strike_Guardian","Guardian:Strike_Guardian","Guardian:Defend_Guardian","Guardian:Defend_Guardian","Guardian:Defend_Guardian","Guardian:Defend_Guardian","Guardian:CurlUp+1","Guardian:TwinSlam","Guardian:Harden","Guardian:CrystalBeam","Guardian:PiercingHide","Guardian:Harden","Guardian:TimeBomb+1","Guardian:Recover","Guardian:RevengeProtocol","Guardian:RollAttack","Guardian:FastForward+1","Guardian:TimeBomb+1","Guardian:BronzeArmor+1","Guardian:DecasProtection","Guardian:ArmoredProtocol","Guardian:ShieldCharger","Guardian:ConstructionForm+1","Guardian:Planning+1","Guardian:PiercingHide+1","Guardian:Clone","Guardian:FastForward","Guardian:Incinerate","Guardian:VentSteam+1","Guardian:Clone","Guardian:Planning","Guardian:ShieldSpikes","Guardian:Gem_White","Guardian:FloatingOrbs","Guardian:GuardianWhirl"],"relics":["Guardian:ModeShifter","Ginger","Incense Burner","Pantograph","Snecko Eye","downfall:HeartBlessingGreen","MealTicket","downfall:HeartBlessingBlue","downfall:HeartBlessingRed","Velvet Choker","Gremlin Horn","Turnip"],"acts_visited":["Exordium","TheCity","TheBeyond"],"potions_floor_usage":[8,12,16,33,33,39,42,50,50],"damage_taken":[{"damage":6,"enemies":"Cultist","floor":2,"turns":6},{"damage":5,"enemies":"2 Louse","floor":3,"turns":3},{"damage":0,"enemies":"Small Slimes","floor":4,"turns":4},{"damage":0,"enemies":"downfall:FleeingMerchant","floor":5,"turns":4},{"damage":18,"enemies":"Gremlin Gang","floor":6,"turns":7},{"damage":10,"enemies":"Exordium Thugs","floor":8,"turns":6},{"damage":5,"enemies":"downfall:FleeingMerchant","floor":9,"turns":4},{"damage":11,"enemies":"Exordium Wildlife","floor":10,"turns":8},{"damage":10,"enemies":"Gremlin Gang","floor":12,"turns":7},{"damage":10,"enemies":"3 Sentries","floor":13,"turns":9},{"damage":5,"enemies":"Large Slime","floor":15,"turns":4},{"damage":25,"enemies":"downfall:Silent","floor":16,"turns":14},{"damage":4,"enemies":"Spheric Guardian","floor":19,"turns":3},{"damage":0,"enemies":"Snecko","floor":21,"turns":5},{"damage":0,"enemies":"Cultist and Chosen","floor":22,"turns":5},{"damage":12,"enemies":"3 Cultists","floor":23,"turns":5},{"damage":16,"enemies":"Sentry and Sphere","floor":25,"turns":6},{"damage":2,"enemies":"Chosen and Byrds","floor":28,"turns":7},{"damage":3,"enemies":"downfall:FleeingMerchant","floor":30,"turns":4},{"damage":7,"enemies":"Centurion and Healer","floor":31,"turns":6},{"damage":0,"enemies":"Snecko","floor":32,"turns":6},{"damage":8,"enemies":"downfall:Ironclad","floor":33,"turns":10},{"damage":0,"enemies":"Orb Walker","floor":36,"turns":5},{"damage":0,"enemies":"downfall:FleeingMerchant","floor":37,"turns":4},{"damage":0,"enemies":"3 Shapes","floor":38,"turns":4},{"damage":7,"enemies":"3 Darklings","floor":39,"turns":4},{"damage":7,"enemies":"4 Shapes","floor":40,"turns":4},{"damage":0,"enemies":"Jaw Worm Horde","floor":42,"turns":6},{"damage":1,"enemies":"Maw","floor":43,"turns":11},{"damage":5,"enemies":"downfall:FleeingMerchant","floor":45,"turns":4},{"damage":19,"enemies":"Mind Bloom Boss Battle","floor":47,"turns":11},{"damage":3,"enemies":"3 Darklings","floor":48,"turns":4},{"damage":41,"enemies":"Transient","floor":49,"turns":5},{"damage":0,"enemies":"downfall:Watcher","floor":50,"turns":9}],"seed_played":"3329115101262482595","potions_obtained":[{"floor":2,"key":"Ancient Potion"},{"floor":6,"key":"Fire Potion"},{"floor":10,"key":"Block Potion"},{"floor":12,"key":"Block Potion"},{"floor":15,"key":"Guardian:BlockOnCardUsePotion"},{"floor":19,"key":"Energy Potion"},{"floor":31,"key":"Guardian:DefensiveModePotion"},{"floor":33,"key":"LiquidBronze"},{"floor":38,"key":"ColorlessPotion"},{"floor":40,"key":"Strength Potion"},{"floor":47,"key":"SteroidPotion"},{"floor":49,"key":"Weak Potion"}],"is_trial":false,"path_per_floor":["R","M","M","M","$","M","T","M","$","M","R","M","E","?","M","B",null,"R","M","?","M","M","M","T","M","T","R","M","R","$","M","M","B",null,"R","M","$","M","M","M","T","M","M","?","$","R","?","M","M","B",null],"character_chosen":"GUARDIAN","items_purchased":["Guardian:CrystalBeam","Guardian:Gem_Purple","Guardian:FastForward","Guardian:ShieldSpikes"],"campfire_rested":2,"item_purchase_floors":[5,30,37,45],"current_hp_per_floor":[88,82,77,77,77,59,59,49,44,33,59,49,39,21,16,16,88,88,84,84,84,84,72,72,56,56,66,64,93,95,88,88,90,98,98,98,98,98,91,84,84,84,83,83,93,93,79,76,35,60],"gold":93,"neow_bonus":"TEN_PERCENT_HP_BONUS","is_daily":false,"chose_seed":false,"campfire_upgraded":4,"win_rate":0.0,"timestamp":1609614446,"path_taken":["R","M","M","M","$","M","T","?","$","M","R","M","E","?","M","BOSS","R","M","?","M","M","?","T","?","?","R","M","R","?","M","M","BOSS","R","M","$","?","M","M","T","M","?","?","$","R","?","M","M","BOSS"],"items_purchased_type":["Card","Card","Card","Card"],"build_version":"2020-12-22","purchased_purges":1,"victory":true,"max_hp_per_floor":[88,88,88,88,88,88,88,88,88,88,88,88,88,88,88,88,88,88,88,88,88,88,88,88,88,88,98,98,98,98,98,98,98,98,98,98,98,98,98,98,98,98,98,98,98,98,98,98,98,98],"card_choices":[{"not_picked":["Guardian:PrismaticBeam","Guardian:Planning"],"picked":"Guardian:Harden","floor":2},{"not_picked":["Guardian:TemporalStrike","Guardian:SpikerProtocol"],"picked":"Guardian:Gem_Green","floor":3},{"not_picked":["Guardian:ChargeUp","Guardian:Reroute"],"picked":"Guardian:Gem_Red","floor":4},{"not_picked":["Guardian:TimeCapacitor","Guardian:Emergency"],"picked":"Guardian:Gem_Cyan","floor":5},{"not_picked":["Guardian:Incinerate","Guardian:RefractedBeam"],"picked":"Guardian:Gem_Crimson","floor":6},{"not_picked":["Guardian:Gem_Blue","Guardian:FastForward"],"picked":"Guardian:PiercingHide","floor":8},{"not_picked":["Guardian:RefractedBeam","Guardian:Clone"],"picked":"Guardian:Harden","floor":9},{"not_picked":["Guardian:VentSteam","Guardian:TemporalStrike"],"picked":"Guardian:TimeBomb","floor":10},{"not_picked":["Guardian:CrystalBeam","Guardian:VentSteam"],"picked":"Guardian:Recover","floor":12},{"not_picked":["Guardian:SentryBeam","Guardian:Reroute"],"picked":"Guardian:RevengeProtocol","floor":13},{"not_picked":["Guardian:MultiBeam","Guardian:ChargeCore"],"picked":"Guardian:RollAttack","floor":15},{"not_picked":["Guardian:StasisStrike","Guardian:Gem_Orange"],"picked":"Guardian:FastForward","floor":16},{"not_picked":["Guardian:VentSteam+1","Guardian:TemporalShield"],"picked":"Guardian:TimeBomb","floor":19},{"not_picked":["Guardian:Gem_Green","Guardian:VentSteam"],"picked":"Guardian:BronzeArmor+1","floor":21},{"not_picked":["Guardian:WalkerClaw","Guardian:ShieldSpikes"],"picked":"Guardian:DecasProtection","floor":22},{"not_picked":["Guardian:ChargeCore","Guardian:Planning"],"picked":"Guardian:ArmoredProtocol","floor":23},{"not_picked":["Guardian:PrismaticBarrier","Guardian:CrystalBeam"],"picked":"Guardian:ShieldCharger","floor":25},{"not_picked":["Guardian:RollAttack+1","Guardian:RefractedBeam"],"picked":"Guardian:Gem_Red","floor":28},{"not_picked":["Guardian:TemporalStrike","Guardian:Suspension"],"picked":"Guardian:ConstructionForm","floor":30},{"not_picked":["Guardian:Gem_Cyan","Guardian:WalkerClaw"],"picked":"Guardian:Planning+1","floor":31},{"not_picked":["Guardian:ArmoredProtocol","Guardian:RollAttack"],"picked":"Guardian:Gem_Red","floor":32},{"not_picked":["Guardian:ConstructionForm","Guardian:StasisStrike"],"picked":"Guardian:Gem_Synthetic","floor":33},{"not_picked":["Guardian:Reroute","Guardian:Recover+1"],"picked":"Guardian:PiercingHide+1","floor":36},{"not_picked":["Guardian:SentryBeam+1","Guardian:VentSteam+1"],"picked":"Guardian:Clone","floor":37},{"not_picked":["Guardian:Recover","Guardian:ChargeCore+1"],"picked":"Guardian:Incinerate","floor":38},{"not_picked":["Guardian:SentryBeam","Guardian:PrismaticBarrier"],"picked":"Guardian:Gem_Green","floor":39},{"not_picked":["Guardian:Planning","Guardian:RefractedBeam"],"picked":"Guardian:VentSteam+1","floor":40},{"not_picked":["Guardian:Repulse+1","Guardian:SpikerProtocol+1"],"picked":"Guardian:Clone","floor":42},{"not_picked":["Guardian:Repulse+1","Guardian:Reroute+1"],"picked":"Guardian:Planning","floor":43},{"not_picked":["Guardian:Gem_White","Guardian:Reroute"],"picked":"Guardian:Gem_Blue","floor":45},{"not_picked":["Guardian:TemporalShield+1","Guardian:Repulse"],"picked":"Guardian:Gem_White","floor":47},{"not_picked":["Guardian:PrismaticBarrier+1","Guardian:SphericShield"],"picked":"Guardian:FloatingOrbs","floor":48},{"not_picked":["Guardian:VentSteam+1","Guardian:ChargeCore"],"picked":"Guardian:GuardianWhirl","floor":49}],"player_experience":86085,"relics_obtained":[{"floor":7,"key":"Ginger"},{"floor":13,"key":"Incense Burner"},{"floor":26,"key":"MealTicket"},{"floor":41,"key":"Gremlin Horn"},{"floor":47,"key":"Turnip"}],"event_choices":[{"damage_healed":0,"gold_gain":0,"player_choice":"Success","damage_taken":18,"relics_obtained":["Pantograph"],"max_hp_gain":0,"max_hp_loss":0,"event_name":"Scrap Ooze","floor":14,"gold_loss":0}],"is_beta":false,"boss_relics":[{"not_picked":["Runic Pyramid","Coffee Dripper"],"picked":"Snecko Eye"},{"not_picked":["Sozu","Tiny House"],"picked":"Velvet Choker"}],"items_purged_floors":[5],"is_endless":false,"potions_floor_spawned":[2,6,10,12,15,19,21,31,33,38,40,47,49],"ascension_level":0}}