{"host":"8o45mh5p3pp1o2mi","time":1609614010,"event":{"mods":["BaseMod","Better Match","Better Third Choice","BetterRewards","Minty Spire (QoL Compilation)","Rare Cards Sparkle","Relic Stats","Replay The Spire","Shop Mod","StSLib","everything is the same but u backflip on backflip"],"gold_per_floor":[110,73,93,93,18,18,46,65,65,65,240,212,241,63,63,63,63],"floor_reached":16,"playtime":982,"items_purged":["Regret"],"score":142,"play_id":"92631710-27de-4ea8-9005-522ab0bff0f6","local_time":"20210102190010","is_ascension_mode":true,"campfire_choices":[{"floor":6,"key":"DIG"},{"floor":10,"key":"DIG"},{"floor":15,"key":"DIG"}],"circlet_count":0,"master_deck":["Strike_R","Strike_R","Strike_R","Strike_R","Defend_R","Defend_R","Defend_R","Bash","Power Through","Corruption","Rampage","Feel No Pain","Uppercut","Headbutt","Juggernaut","Doubt","Replay:Many Hands","Warcry"],"relics":["Burning Blood","Shovel","WingedGreaves","Pear","Shuriken","Pantograph","betterThird:SlimedRelic","Strawberry","PreservedInsect","Pondfish Scales"],"acts_visited":["Exordium"],"potions_floor_usage":[7,13],"damage_taken":[{"damage":0,"enemies":"Cultist","floor":1,"turns":4},{"damage":3,"enemies":"2 Louse","floor":3,"turns":3},{"damage":18,"enemies":"Gremlin Nob","floor":7,"turns":4},{"damage":0,"enemies":"Small Slimes","floor":8,"turns":3},{"damage":34,"enemies":"Lagavulin","floor":13,"turns":9},{"damage":73,"enemies":"Fading Forest","floor":16,"turns":10}],"seed_played":"7973516010488391590","potions_obtained":[{"floor":3,"key":"SkillPotion"},{"floor":8,"key":"PowerPotion"}],"is_trial":false,"path_per_floor":["M","$","M","?","$","R","E","M","T","R","?","?","E","$","R","B"],"character_chosen":"IRONCLAD","items_purchased":["Feel No Pain","PreservedInsect","Warcry"],"campfire_rested":0,"item_purchase_floors":[2,14,14],"current_hp_per_floor":[62,62,65,65,65,65,63,69,69,69,69,58,37,37,37,0,0],"gold":63,"neow_bonus":"TRANSFORM_TWO_CARDS","is_daily":false,"chose_seed":false,"campfire_upgraded":0,"win_rate":0.0,"timestamp":1609614010,"path_taken":["M","?","M","?","$","R","E","M","T","R","?","?","E","$","R","BOSS"],"items_purchased_type":["Card","Relic","Card"],"build_version":"2020-12-22","purchased_purges":1,"victory":false,"max_hp_per_floor":[80,80,80,80,80,80,90,90,90,90,90,90,97,97,97,97,97],"relic_stats":{"Shovel":3,"counters":[6,33],"Shuriken":[2],"Pantograph":25,"PreservedInsect":0,"obtain_stats":[{"Pondfish Scales":15,"Shovel":4,"Pear":7,"Shuriken":9,"Pantograph":10,"betterThird:SlimedRelic":12,"Strawberry":13,"WingedGreaves":6,"PreservedInsect":14,"Burning Blood":0},{"Pondfish Scales":5,"Shovel":2,"Pear":3,"Shuriken":4,"Pantograph":4,"betterThird:SlimedRelic":4,"Strawberry":5,"WingedGreaves":2,"PreservedInsect":5,"Burning Blood":0},{"Pondfish Scales":23,"Shovel":7,"Pear":11,"Shuriken":14,"Pantograph":14,"betterThird:SlimedRelic":14,"Strawberry":23,"WingedGreaves":7,"PreservedInsect":23,"Burning Blood":0}],"Burning Blood":30},"card_choices":[{"not_picked":["Sword Boomerang","True Grit"],"picked":"Rampage","floor":1},{"not_picked":["Life Link","True Grit"],"picked":"Uppercut","floor":3},{"not_picked":["Metallicize","Body Slam"],"picked":"Headbutt","floor":7},{"not_picked":["Body Slam","Power Through"],"picked":"Juggernaut","floor":8},{"not_picked":["Warcry","True Grit"],"picked":"Replay:Many Hands","floor":13}],"player_experience":41017,"relics_obtained":[{"floor":6,"key":"WingedGreaves"},{"floor":7,"key":"Pear"},{"floor":9,"key":"Shuriken"},{"floor":10,"key":"Pantograph"},{"floor":13,"key":"Strawberry"},{"floor":15,"key":"Pondfish Scales"}],"event_choices":[{"damage_healed":0,"gold_gain":0,"player_choice":"Box","damage_taken":0,"relics_obtained":["Shovel"],"max_hp_gain":0,"max_hp_loss":0,"event_name":"Big Fish","floor":4,"gold_loss":0,"cards_obtained":["Regret"]},{"damage_healed":0,"gold_gain":175,"player_choice":"AGREE","damage_taken":65,"max_hp_gain":0,"max_hp_loss":0,"event_name":"betterThird:BetterSerpent","floor":11,"gold_loss":0},{"damage_healed":0,"gold_gain":0,"player_choice":"Slimed","damage_taken":11,"max_hp_gain":0,"max_hp_loss":0,"event_name":"betterThird:BetterGoop","floor":12,"gold_loss":28}],"is_beta":false,"boss_relics":[],"items_purged_floors":[5],"is_endless":false,"potions_floor_spawned":[3,8],"killed_by":"Fading Forest","ascension_level":2}}