{"host":"873t0y8ybyo38pfq","time":1609598666,"event":{"mods":["BaseMod","Bestiary","Colored Map","Colored Powertips","Highlight Path","Minty Spire (QoL Compilation)","Quick Restart","RNG Fix","Rare Cards Sparkle","Relic Stats","StSLib"],"gold_per_floor":[115,126,139,139,150,150,20,20,100,116,132,53,53,53,53,53,53],"floor_reached":16,"playtime":428,"items_purged":["Strike_B"],"score":184,"play_id":"396f95b4-71ac-4f5e-ad85-fb083d2a4727","local_time":"20210102094426","is_ascension_mode":true,"campfire_choices":[{"data":"Dualcast","floor":6,"key":"SMITH"},{"data":"Ball Lightning","floor":8,"key":"SMITH"},{"data":"Capacitor","floor":13,"key":"SMITH"},{"data":"Machine Learning","floor":15,"key":"SMITH"}],"circlet_count":0,"master_deck":["AscendersBane","Strike_B","Strike_B","Strike_B","Defend_B+1","Defend_B","Defend_B+1","Defend_B","Zap+1","Dualcast+1","Ball Lightning+1","Leap","Capacitor+1","Machine Learning+1"],"relics":["Cracked Core","NeowsBlessing","Letter Opener"],"acts_visited":["Exordium"],"potions_floor_usage":[16],"damage_taken":[{"damage":0,"enemies":"Cultist","floor":1,"turns":1},{"damage":0,"enemies":"Small Slimes","floor":2,"turns":1},{"damage":0,"enemies":"Jaw Worm","floor":3,"turns":1},{"damage":0,"enemies":"Large Slime","floor":5,"turns":4},{"damage":0,"enemies":"Red Slaver","floor":10,"turns":3},{"damage":9,"enemies":"Lots of Slimes","floor":11,"turns":4},{"damage":34,"enemies":"Hexaghost","floor":16,"turns":10}],"seed_played":"5272200061335898208","potions_obtained":[{"floor":1,"key":"FocusPotion"},{"floor":2,"key":"BlessingOfTheForge"}],"is_trial":false,"path_per_floor":["M","M","M","?","M","R","$","R","T","M","M","$","R","?","R","B"],"character_chosen":"DEFECT","items_purchased":["Leap","Machine Learning"],"campfire_rested":0,"item_purchase_floors":[7,12],"current_hp_per_floor":[64,64,64,64,64,64,64,64,64,64,55,55,55,34,34,0,0],"gold":53,"neow_bonus":"THREE_ENEMY_KILL","is_daily":false,"chose_seed":false,"campfire_upgraded":4,"win_rate":0.0,"timestamp":1609598666,"path_taken":["M","M","M","?","M","R","$","R","T","M","M","$","R","?","R","BOSS"],"items_purchased_type":["Card","Card"],"build_version":"2020-12-22","purchased_purges":1,"victory":false,"max_hp_per_floor":[71,71,71,71,71,71,71,71,71,71,71,71,71,71,71,71,71],"relic_stats":{"counters":[7,24],"Letter Opener":[25],"obtain_stats":[{"NeowsBlessing":0,"Letter Opener":9,"Cracked Core":0},{"NeowsBlessing":0,"Letter Opener":4,"Cracked Core":0},{"NeowsBlessing":0,"Letter Opener":7,"Cracked Core":0}]},"card_choices":[{"not_picked":["Sweeping Beam","Storm"],"picked":"Ball Lightning","floor":1},{"not_picked":["Scrape","Ball Lightning","Compile Driver"],"picked":"SKIP","floor":2},{"not_picked":["Heatsinks","Compile Driver","Ball Lightning"],"picked":"SKIP","floor":3},{"not_picked":["Gash","Coolheaded","Hologram"],"picked":"SKIP","floor":5},{"not_picked":["Stack","Compile Driver","Streamline"],"picked":"SKIP","floor":10},{"not_picked":["Darkness","Go for the Eyes"],"picked":"Capacitor","floor":11}],"player_experience":1480538,"relics_obtained":[{"floor":9,"key":"Letter Opener"}],"event_choices":[{"damage_healed":0,"gold_gain":0,"player_choice":"Grow","damage_taken":0,"max_hp_gain":0,"max_hp_loss":0,"event_name":"Living Wall","floor":4,"gold_loss":0,"cards_upgraded":["Zap"]},{"damage_healed":0,"gold_gain":0,"player_choice":"Entered Light","damage_taken":21,"max_hp_gain":0,"max_hp_loss":0,"event_name":"Shining Light","floor":14,"gold_loss":0,"cards_upgraded":["Defend_B","Defend_B"]}],"is_beta":false,"boss_relics":[],"items_purged_floors":[7],"is_endless":false,"potions_floor_spawned":[1,2,11],"killed_by":"Hexaghost","ascension_level":20}}