{"host":"0ydzwspkajt4brzd","time":1609582211,"event":{"mods":["AchievementEnabler","BaseMod","Colored Map","DeckTracker","Googly Eyes","Highlight Path","Minty Spire (QoL Compilation)","Quick Restart","Random Character Button","Rare Cards Sparkle"],"gold_per_floor":[110,110,126,137,149,149,175,186,265,600,600,613,648,661,661,760,760,776,776,776,776,776],"floor_reached":21,"playtime":1161,"items_purged":[],"score":312,"play_id":"895a3d46-3f7f-4379-adc6-855c12613034","local_time":"20210102021011","is_ascension_mode":true,"campfire_choices":[{"data":"Bash","floor":6,"key":"SMITH"},{"floor":11,"key":"REST"},{"floor":15,"key":"REST"}],"circlet_count":0,"master_deck":["AscendersBane","Strike_R+1","Strike_R+1","Defend_R+1","Defend_R+1","Defend_R+1","Defend_R+1","Bash+1","Warcry+1","Perfected Strike+1","Flame Barrier+1","Sword Boomerang","Twin Strike","Perfected Strike","Second Wind","Headbutt","Iron Wave","Shrug It Off","Whirlwind","Pommel Strike","Reaper","Offering","Rampage"],"relics":["Astrolabe","Juzu Bracelet","Blue Candle","Old Coin","Potion Belt","Velvet Choker"],"acts_visited":["Exordium","TheCity"],"potions_floor_usage":[10,13,14],"damage_taken":[{"damage":6,"enemies":"Jaw Worm","floor":1,"turns":6},{"damage":0,"enemies":"Small Slimes","floor":3,"turns":4},{"damage":3,"enemies":"2 Louse","floor":4,"turns":4},{"damage":9,"enemies":"Red Slaver","floor":5,"turns":4},{"damage":14,"enemies":"Gremlin Nob","floor":7,"turns":4},{"damage":15,"enemies":"3 Louse","floor":8,"turns":4},{"damage":16,"enemies":"Lagavulin","floor":10,"turns":10},{"damage":0,"enemies":"Blue Slaver","floor":12,"turns":6},{"damage":7,"enemies":"3 Sentries","floor":13,"turns":8},{"damage":6,"enemies":"Lots of Slimes","floor":14,"turns":2},{"damage":59,"enemies":"Slime Boss","floor":16,"turns":14},{"damage":0,"enemies":"Chosen","floor":18,"turns":4},{"damage":6,"enemies":"Shell Parasite","floor":21,"turns":2}],"seed_played":"-1592058234887343865","potions_obtained":[{"floor":1,"key":"ElixirPotion"},{"floor":5,"key":"PowerPotion"},{"floor":10,"key":"Fire Potion"},{"floor":13,"key":"Explosive Potion"},{"floor":16,"key":"Explosive Potion"}],"is_trial":false,"path_per_floor":["M","?","M","M","M","R","E","M","T","E","R","M","E","M","R","B",null,"M","?","?","M"],"character_chosen":"IRONCLAD","items_purchased":[],"campfire_rested":2,"item_purchase_floors":[],"current_hp_per_floor":[66,71,71,68,59,59,45,30,30,14,39,39,32,26,51,4,65,65,65,65,59,59],"gold":776,"neow_bonus":"BOSS_RELIC","is_daily":false,"chose_seed":false,"campfire_upgraded":1,"win_rate":0.0,"timestamp":1609582211,"path_taken":["M","?","M","M","M","R","E","M","T","E","R","M","E","M","R","BOSS","M","?","?","M"],"items_purchased_type":[],"build_version":"2020-12-22","purchased_purges":0,"victory":false,"max_hp_per_floor":[80,85,85,85,85,85,85,85,85,85,85,85,85,85,85,85,85,85,85,85,85,85],"card_choices":[{"not_picked":["Power Through","Warcry"],"picked":"Sword Boomerang","floor":1},{"not_picked":["Burning Pact","Clash"],"picked":"Twin Strike","floor":3},{"not_picked":["Warcry","Dark Embrace"],"picked":"Perfected Strike","floor":4},{"not_picked":["Fire Breathing","Combust"],"picked":"Second Wind","floor":5},{"not_picked":["Clash","Armaments"],"picked":"Headbutt","floor":7},{"not_picked":["Rampage","Body Slam"],"picked":"Iron Wave","floor":8},{"not_picked":["Iron Wave","Power Through"],"picked":"Shrug It Off","floor":10},{"not_picked":["Iron Wave","Dual Wield"],"picked":"Whirlwind","floor":12},{"not_picked":["Flame Barrier","Intimidate"],"picked":"Pommel Strike","floor":13},{"not_picked":["Rage","Flex"],"picked":"Reaper","floor":14},{"not_picked":["Exhume","Reaper"],"picked":"Offering","floor":16},{"not_picked":["Sword Boomerang","Body Slam"],"picked":"Rampage","floor":18}],"player_experience":424336,"relics_obtained":[{"floor":7,"key":"Juzu Bracelet"},{"floor":9,"key":"Blue Candle"},{"floor":10,"key":"Old Coin"},{"floor":13,"key":"Potion Belt"}],"event_choices":[{"damage_healed":0,"gold_gain":0,"player_choice":"Donut","damage_taken":0,"max_hp_gain":5,"max_hp_loss":0,"event_name":"Big Fish","floor":2,"gold_loss":0},{"damage_healed":0,"gold_gain":0,"player_choice":"Ignored","damage_taken":0,"max_hp_gain":0,"max_hp_loss":0,"event_name":"The Mausoleum","floor":19,"gold_loss":0},{"damage_healed":0,"gold_gain":0,"player_choice":"Simplicity","damage_taken":0,"max_hp_gain":0,"max_hp_loss":0,"event_name":"Back to Basics","floor":20,"gold_loss":0,"cards_upgraded":["Strike_R","Strike_R","Defend_R","Defend_R","Defend_R","Defend_R"]}],"is_beta":false,"boss_relics":[{"not_picked":["Black Star","Runic Dome"],"picked":"Velvet Choker"}],"items_purged_floors":[],"is_endless":false,"potions_floor_spawned":[1,5,7,10,13,16],"killed_by":"Shell Parasite","ascension_level":11}}