{"host":"50per11302020","time":1609578977,"event":{"mods":["AchievementEnabler","BaseMod","Colored Map","Minty Spire (QoL Compilation)","Relic Stats","StSLib"],"gold_per_floor":[367,30,30,30,105,139,4,22,70,70,99,115,145,0,0,99,99,89,89,108,207,207,207,218,252,252,280,280,309,309,321,321,419,419,434,451,451,464,14,14,44,44,96,108,108,123,153,153,153,153],"floor_reached":51,"playtime":4727,"items_purged":["Clumsy"],"score":925,"play_id":"c3b69431-f771-4621-80d5-367a6a7443f4","local_time":"20210102011617","is_ascension_mode":true,"campfire_choices":[{"floor":10,"key":"REST"},{"data":"Noxious Fumes","floor":15,"key":"SMITH"},{"floor":23,"key":"REST"},{"floor":28,"key":"REST"},{"data":"Corpse Explosion","floor":30,"key":"SMITH"},{"floor":32,"key":"REST"},{"data":"Calculated Gamble","floor":40,"key":"SMITH"},{"floor":42,"key":"REST"},{"data":"Calculated Gamble","floor":45,"key":"SMITH"},{"floor":49,"key":"REST"}],"circlet_count":0,"master_deck":["Strike_G","Strike_G","Defend_G","Defend_G","Defend_G","Defend_G","Defend_G","Survivor","Neutralize","Caltrops","Noxious Fumes+1","Riddle With Holes","Envenom","Calculated Gamble+1","Backflip","Crippling Poison","Leg Sweep","Blade Dance","Caltrops","Bouncing Flask","Corpse Explosion+1","Choke+1","Footwork+1","Tactician+1","Dodge and Roll","Blade Dance+1","Caltrops","PiercingWail","Escape Plan","Doppelganger","Catalyst+1","Leg Sweep+1","Corpse Explosion+1","Sucker Punch+1","Blade Dance","Shame","Calculated Gamble+1","Dash+1","Madness","Madness"],"relics":["Ring of the Snake","Frozen Eye","GremlinMask","Bottled Flame","Regal Pillow","Ninja Scroll","Lantern","Astrolabe","HornCleat","Peace Pipe","Gremlin Horn","Matryoshka","Bag of Preparation","Cursed Key","Kunai","Ancient Tea Set","Sundial","PreservedInsect","Nunchaku","Vajra"],"acts_visited":["Exordium","TheCity","TheBeyond"],"potions_floor_usage":[13,18,25,29,41,50,50,50],"damage_taken":[{"damage":2,"enemies":"2 Louse","floor":1,"turns":4},{"damage":27,"enemies":"3 Sentries","floor":6,"turns":8},{"damage":0,"enemies":"Cultist","floor":8,"turns":5},{"damage":12,"enemies":"Lagavulin","floor":11,"turns":6},{"damage":3,"enemies":"Jaw Worm","floor":12,"turns":4},{"damage":15,"enemies":"Gremlin Nob","floor":13,"turns":4},{"damage":8,"enemies":"The Guardian","floor":16,"turns":11},{"damage":11,"enemies":"2 Thieves","floor":18,"turns":4},{"damage":13,"enemies":"3 Byrds","floor":20,"turns":3},{"damage":0,"enemies":"Centurion and Healer","floor":24,"turns":8},{"damage":25,"enemies":"Book of Stabbing","floor":25,"turns":5},{"damage":16,"enemies":"Slavers","floor":27,"turns":6},{"damage":19,"enemies":"Gremlin Leader","floor":29,"turns":6},{"damage":25,"enemies":"Cultist and Chosen","floor":31,"turns":8},{"damage":30,"enemies":"Automaton","floor":33,"turns":10},{"damage":10,"enemies":"Orb Walker","floor":35,"turns":4},{"damage":0,"enemies":"3 Shapes","floor":36,"turns":4},{"damage":6,"enemies":"Jaw Worm Horde","floor":38,"turns":3},{"damage":21,"enemies":"Reptomancer","floor":41,"turns":9},{"damage":0,"enemies":"Spire Growth","floor":44,"turns":3},{"damage":0,"enemies":"Transient","floor":46,"turns":5},{"damage":6,"enemies":"Nemesis","floor":47,"turns":5},{"damage":39,"enemies":"Awakened One","floor":50,"turns":18}],"seed_played":"7182334982173553540","potions_obtained":[{"floor":6,"key":"SteroidPotion"},{"floor":11,"key":"GamblersBrew"},{"floor":12,"key":"Dexterity Potion"},{"floor":16,"key":"ColorlessPotion"},{"floor":18,"key":"LiquidMemories"},{"floor":24,"key":"Ancient Potion"},{"floor":27,"key":"FearPotion"},{"floor":29,"key":"EssenceOfSteel"},{"floor":41,"key":"SkillPotion"}],"is_trial":false,"path_per_floor":["M","$","?","$","?","E","$","M","T","R","E","M","E","$","R","B",null,"M","$","M","?","T","R","M","E","T","E","R","E","R","M","R","B",null,"M","M","?","M","$","R","E","R","T","M","R","M","E","?","R","B",null],"character_chosen":"THE_SILENT","items_purchased":["Noxious Fumes","Frozen Eye","Riddle With Holes","Calculated Gamble","Backflip","Caltrops","Bouncing Flask","Kunai","Ancient Tea Set","Blade Dance"],"campfire_rested":6,"item_purchase_floors":[2,2,2,7,7,14,14,39,39,39],"current_hp_per_floor":[68,68,68,68,57,30,30,30,30,66,54,51,36,36,36,28,70,59,59,46,46,46,70,70,45,45,29,65,46,46,21,57,27,70,60,60,60,54,54,54,33,69,69,69,69,69,63,54,70,31],"gold":153,"neow_bonus":"TWO_FIFTY_GOLD","is_daily":false,"chose_seed":false,"campfire_upgraded":4,"win_rate":0.0,"timestamp":1609578977,"path_taken":["M","$","?","?","?","E","?","M","T","R","E","M","E","$","R","BOSS","M","$","M","?","?","R","M","E","T","E","R","E","R","M","R","BOSS","M","M","?","?","$","R","E","R","T","M","R","M","E","?","R","BOSS"],"items_purchased_type":["Card","Relic","Card","Card","Card","Card","Card","Relic","Relic","Card"],"build_version":"2020-12-18","purchased_purges":1,"victory":true,"max_hp_per_floor":[70,70,70,70,70,70,70,70,70,70,70,70,70,70,70,70,70,70,70,70,70,70,70,70,70,70,70,70,70,70,70,70,70,70,70,70,70,70,70,70,70,70,70,70,70,70,70,70,70,70],"relic_stats":{"Regal Pillow":63,"Gremlin Horn":[21,21],"counters":[23,143],"Astrolabe":["Choke","Footwork","Tactician"],"PreservedInsect":47,"Bag of Preparation":[0],"Cursed Key":1,"Peace Pipe":0,"Nunchaku":[6],"Sundial":[2],"Kunai":[20],"obtain_stats":[{"Regal Pillow":9,"Lantern":13,"Gremlin Horn":26,"Astrolabe":17,"Vajra":47,"GremlinMask":3,"PreservedInsect":43,"Bag of Preparation":29,"Cursed Key":34,"Ancient Tea Set":39,"Peace Pipe":25,"Frozen Eye":2,"Bottled Flame":6,"Nunchaku":43,"HornCleat":22,"Matryoshka":27,"Ninja Scroll":11,"Sundial":41,"Kunai":39,"Ring of the Snake":0},{"Regal Pillow":3,"Lantern":6,"Gremlin Horn":11,"Astrolabe":7,"Vajra":22,"GremlinMask":1,"PreservedInsect":19,"Bag of Preparation":13,"Cursed Key":15,"Ancient Tea Set":18,"Peace Pipe":11,"Frozen Eye":1,"Bottled Flame":2,"Nunchaku":19,"HornCleat":9,"Matryoshka":12,"Ninja Scroll":4,"Sundial":19,"Kunai":18,"Ring of the Snake":0},{"Regal Pillow":17,"Lantern":31,"Gremlin Horn":62,"Astrolabe":42,"Vajra":125,"GremlinMask":4,"PreservedInsect":112,"Bag of Preparation":74,"Cursed Key":92,"Ancient Tea Set":103,"Peace Pipe":62,"Frozen Eye":4,"Bottled Flame":12,"Nunchaku":112,"HornCleat":49,"Matryoshka":68,"Ninja Scroll":23,"Sundial":112,"Kunai":103,"Ring of the Snake":0}],"Ring of the Snake":[46]},"card_choices":[{"not_picked":["Dagger Throw","Quick Slash"],"picked":"Caltrops","floor":1},{"not_picked":["Masterful Stab","Crippling Poison"],"picked":"Envenom","floor":6},{"not_picked":["Dagger Spray","Deadly Poison","Outmaneuver"],"picked":"SKIP","floor":8},{"not_picked":["Flying Knee","Dagger Spray"],"picked":"Crippling Poison","floor":11},{"not_picked":["Bane","All Out Attack"],"picked":"Leg Sweep","floor":12},{"not_picked":["Dash","Prepared"],"picked":"Blade Dance","floor":13},{"not_picked":["Envenom","Adrenaline"],"picked":"Corpse Explosion","floor":16},{"not_picked":["Dagger Throw","Quick Slash"],"picked":"Dodge and Roll","floor":18},{"not_picked":["Flying Knee","Deflect"],"picked":"Blade Dance+1","floor":20},{"not_picked":["Dash+1","PiercingWail"],"picked":"Caltrops","floor":24},{"not_picked":["Poisoned Stab","Finisher","Glass Knife"],"picked":"SKIP","floor":25},{"not_picked":["Riddle With Holes","Outmaneuver"],"picked":"PiercingWail","floor":27},{"not_picked":["Poisoned Stab","Riddle With Holes+1"],"picked":"Escape Plan","floor":29},{"not_picked":["Slice","Poisoned Stab","Predator"],"picked":"SKIP","floor":31},{"not_picked":["Storm of Steel","Bullet Time"],"picked":"Doppelganger","floor":33},{"not_picked":["Prepared+1","Dodge and Roll+1"],"picked":"Catalyst+1","floor":35},{"not_picked":["Poisoned Stab","Caltrops"],"picked":"Leg Sweep+1","floor":36},{"not_picked":["Bouncing Flask","Dagger Throw"],"picked":"Sucker Punch+1","floor":38},{"not_picked":["Slice","Dash","Expertise+1"],"picked":"SKIP","floor":41},{"not_picked":["Deflect+1","Sucker Punch"],"picked":"Calculated Gamble","floor":44},{"not_picked":["Footwork+1","Acrobatics+1"],"picked":"Dash+1","floor":46},{"not_picked":["Calculated Gamble","Slice+1","Distraction"],"picked":"SKIP","floor":47}],"player_experience":46592,"relics_obtained":[{"floor":6,"key":"Bottled Flame"},{"floor":9,"key":"Regal Pillow"},{"floor":11,"key":"Ninja Scroll"},{"floor":13,"key":"Lantern"},{"floor":22,"key":"HornCleat"},{"floor":25,"key":"Peace Pipe"},{"floor":26,"key":"Gremlin Horn"},{"floor":27,"key":"Matryoshka"},{"floor":29,"key":"Bag of Preparation"},{"floor":41,"key":"Sundial"},{"floor":43,"key":"PreservedInsect"},{"floor":43,"key":"Nunchaku"},{"floor":47,"key":"Vajra"}],"event_choices":[{"damage_healed":0,"gold_gain":0,"player_choice":"Trade","damage_taken":0,"relics_obtained":["GremlinMask"],"max_hp_gain":0,"max_hp_loss":0,"event_name":"FaceTrader","floor":3,"gold_loss":0},{"damage_healed":0,"gold_gain":75,"player_choice":"Gather Gold","damage_taken":11,"max_hp_gain":0,"max_hp_loss":0,"event_name":"World of Goop","floor":5,"gold_loss":0},{"damage_healed":0,"gold_gain":99,"player_choice":"Stole From Cult","damage_taken":0,"max_hp_gain":0,"max_hp_loss":0,"event_name":"Nest","floor":21,"gold_loss":0},{"damage_healed":0,"gold_gain":0,"player_choice":"Copied","damage_taken":0,"max_hp_gain":0,"max_hp_loss":0,"event_name":"Duplicator","floor":37,"gold_loss":0,"cards_obtained":["Corpse Explosion"]},{"damage_healed":0,"gold_gain":0,"player_choice":"Embrace Madness","damage_taken":9,"max_hp_gain":0,"max_hp_loss":0,"event_name":"Winding Halls","floor":48,"gold_loss":0,"cards_obtained":["Madness","Madness"]}],"is_beta":true,"boss_relics":[{"not_picked":["Runic Dome","WristBlade"],"picked":"Astrolabe"},{"not_picked":["Ring of the Serpent","Empty Cage"],"picked":"Cursed Key"}],"items_purged_floors":[2],"is_endless":false,"potions_floor_spawned":[6,11,12,16,18,24,27,29,41,47],"ascension_level":4}}