{"host":"tiwza2kisyyrpq7h","time":1609603050,"event":{"mods":["BaseMod","Colored Powertips","Minty Spire (QoL Compilation)","Quick Restart","Rare Cards Sparkle","StSLib","SuperFastMode","The Servant 0.9.4","óô»ðÖ¸ÄÏ"],"gold_per_floor":[110,127,127,127,147,147,147,162,162,186,201,201,201],"floor_reached":12,"playtime":207,"items_purged":[],"score":140,"play_id":"7c506814-9f84-47db-af32-b8f8b2de2fec","local_time":"20210102235730","is_ascension_mode":true,"campfire_choices":[{"data":"Eruption","floor":6.0,"key":"SMITH"}],"circlet_count":0,"master_deck":["AscendersBane","Strike_P","Strike_P","Strike_P","Strike_P","Defend_P","Defend_P","Defend_P","Defend_P","Eruption+1","Vigilance","PathToVictory","MentalFortress","Regret","Pray","Adaptation","Omniscience","Fasting2"],"relics":["Runic Pyramid","Sundial","Golden Idol","Ornamental Fan","Pantograph"],"acts_visited":["Exordium"],"potions_floor_usage":[12],"damage_taken":[{"damage":8.0,"enemies":"Small Slimes","floor":1.0,"turns":5.0},{"damage":0.0,"enemies":"Jaw Worm","floor":2.0,"turns":3.0},{"damage":5.0,"enemies":"Cultist","floor":5.0,"turns":3.0},{"damage":6.0,"enemies":"2 Fungi Beasts","floor":8.0,"turns":3.0},{"damage":15.0,"enemies":"Looter","floor":10.0,"turns":3.0},{"damage":8.0,"enemies":"3 Louse","floor":11.0,"turns":2.0},{"damage":24,"enemies":"Gremlin Nob","floor":12,"turns":3}],"seed_played":"2388342092192644413","potions_obtained":[{"floor":1.0,"key":"Explosive Potion"},{"floor":11.0,"key":"DuplicationPotion"}],"is_trial":false,"path_per_floor":["M","M","?","?","M","R","T","M","T","M","M","E"],"character_chosen":"WATCHER","items_purchased":[],"campfire_rested":0,"item_purchase_floors":[],"current_hp_per_floor":[53,53,53,53,48,48,48,42,42,27,19,0,0],"gold":201,"neow_bonus":"BOSS_RELIC","is_daily":false,"chose_seed":false,"campfire_upgraded":1,"win_rate":0.0,"timestamp":1609603050,"path_taken":["M","M","?","?","M","R","?","M","T","?","M","E"],"items_purchased_type":[],"build_version":"2020-12-22","purchased_purges":0,"victory":false,"max_hp_per_floor":[68,68,68,62,62,62,62,62,62,62,62,62,62],"card_choices":[{"not_picked":["ReachHeaven","Evaluate"],"picked":"PathToVictory","floor":1.0},{"not_picked":["Prostrate","ReachHeaven"],"picked":"MentalFortress","floor":2.0},{"not_picked":["ReachHeaven","Crescendo"],"picked":"Pray","floor":5.0},{"not_picked":["FlyingSleeves","ThirdEye"],"picked":"Adaptation","floor":8.0},{"not_picked":["Evaluate","PathToVictory"],"picked":"Omniscience","floor":10.0},{"not_picked":["EmptyFist","Crescendo"],"picked":"Fasting2","floor":11.0}],"player_experience":930861,"relics_obtained":[{"floor":7.0,"key":"Ornamental Fan"},{"floor":9.0,"key":"Pantograph"}],"event_choices":[{"damage_healed":0.0,"max_hp_gain":0.0,"max_hp_loss":0.0,"gold_gain":0.0,"event_name":"Big Fish","player_choice":"Box","floor":3.0,"gold_loss":0.0,"damage_taken":0.0,"relics_obtained":["Sundial"],"cards_obtained":["Regret"]},{"damage_healed":0.0,"max_hp_gain":0.0,"max_hp_loss":6.0,"gold_gain":0.0,"event_name":"Golden Idol","player_choice":"Lose Max HP","floor":4.0,"gold_loss":0.0,"damage_taken":0.0,"relics_obtained":["Golden Idol"]}],"is_beta":false,"boss_relics":[],"items_purged_floors":[],"is_endless":false,"potions_floor_spawned":[1,11],"killed_by":"Gremlin Nob","ascension_level":19}}