{"host":"2hea6pl5vmah38iy","time":1609585599,"event":{"mods":["AchievementEnabler","BaseMod","Colored Map","DeckTracker","Keyboard Shortcuts","Minty Spire (QoL Compilation)","Rare Cards Sparkle","StSLib","SuperFastMode","everything is the same but u backflip on backflip"],"gold_per_floor":[111,122,142,153,153,153,78,78,101,111,130,141,170,189,189,266,266,286,385,385,395,0,0,0],"floor_reached":23,"playtime":598,"items_purged":["Defend_P","Strike_P"],"score":374,"play_id":"0fd9d965-83e2-4ed9-b9e9-38d6816fad46","local_time":"20210102200639","is_ascension_mode":true,"campfire_choices":[{"data":"Tantrum","floor":6,"key":"SMITH"},{"floor":8,"key":"REST"},{"data":"Halt","floor":15,"key":"SMITH"}],"circlet_count":0,"master_deck":["AscendersBane","Strike_P","Strike_P","Defend_P","Defend_P","Eruption","Vigilance","Tantrum+1","Halt+1","SpiritShield"],"relics":["PureWater","Tiny Chest","Art of War","Philosopher\u0027s Stone","White Beast Statue","Torii"],"acts_visited":["Exordium","TheCity"],"potions_floor_usage":[16,16,18,21],"damage_taken":[{"damage":14,"enemies":"2 Louse","floor":1,"turns":2},{"damage":0,"enemies":"Cultist","floor":2,"turns":2},{"damage":24,"enemies":"Jaw Worm","floor":3,"turns":2},{"damage":0,"enemies":"Large Slime","floor":4,"turns":3},{"damage":0,"enemies":"2 Fungi Beasts","floor":10,"turns":2},{"damage":15,"enemies":"3 Louse","floor":11,"turns":3},{"damage":3,"enemies":"Looter","floor":12,"turns":3},{"damage":0,"enemies":"Gremlin Nob","floor":13,"turns":3},{"damage":0,"enemies":"Large Slime","floor":14,"turns":3},{"damage":13,"enemies":"Hexaghost","floor":16,"turns":5},{"damage":9,"enemies":"Chosen","floor":18,"turns":3},{"damage":35,"enemies":"3 Byrds","floor":21,"turns":5},{"damage":0,"enemies":"Book of Stabbing","floor":23,"turns":1}],"seed_played":"-8567599468327181642","potions_obtained":[{"floor":3,"key":"BottledMiracle"},{"floor":4,"key":"Weak Potion"},{"floor":13,"key":"EssenceOfSteel"},{"floor":14,"key":"Strength Potion"},{"floor":16,"key":"DistilledChaos"},{"floor":18,"key":"Weak Potion"},{"floor":21,"key":"BottledMiracle"}],"is_trial":false,"path_per_floor":["M","M","M","M","?","R","$","R","T","M","M","M","E","M","R","B",null,"M","?","T","M","$","E"],"character_chosen":"WATCHER","items_purchased":["Torii"],"campfire_rested":1,"item_purchase_floors":[22],"current_hp_per_floor":[47,47,23,23,23,23,23,41,41,41,26,23,23,23,23,10,49,40,40,40,5,5,5,5],"gold":0,"neow_bonus":"REMOVE_TWO","is_daily":false,"chose_seed":false,"campfire_upgraded":2,"win_rate":0.0,"timestamp":1609585599,"path_taken":["M","M","M","M","?","R","$","R","T","M","M","?","E","?","R","BOSS","M","?","?","M","$","E"],"items_purchased_type":["Relic"],"build_version":"2020-12-22","purchased_purges":2,"victory":false,"max_hp_per_floor":[62,62,62,62,62,62,62,62,62,62,62,62,62,62,62,62,62,62,62,62,62,62,62,62],"card_choices":[{"not_picked":["ThirdEye","BattleHymn","SashWhip"],"picked":"SKIP","floor":1},{"not_picked":["Wireheading","BowlingBash"],"picked":"Tantrum","floor":2},{"not_picked":["EmptyBody","BowlingBash","Protect"],"picked":"SKIP","floor":3},{"not_picked":["CutThroughFate","Crescendo","CarveReality"],"picked":"SKIP","floor":4},{"not_picked":["Evaluate","Fasting2","Protect"],"picked":"SKIP","floor":10},{"not_picked":["Prostrate","CrushJoints"],"picked":"Halt","floor":11},{"not_picked":["EmptyFist","WaveOfTheHand","BowlingBash"],"picked":"SKIP","floor":12},{"not_picked":["CutThroughFate","Blasphemy","Evaluate"],"picked":"SKIP","floor":13},{"not_picked":["FlurryOfBlows","Indignation","LikeWater"],"picked":"SKIP","floor":14},{"not_picked":["Ragnarok","DevaForm"],"picked":"SpiritShield","floor":16},{"not_picked":["Protect","Halt","Evaluate"],"picked":"SKIP","floor":18},{"not_picked":["FlyingSleeves","Protect","Swivel"],"picked":"SKIP","floor":21}],"player_experience":457408,"relics_obtained":[{"floor":9,"key":"Tiny Chest"},{"floor":13,"key":"Art of War"},{"floor":20,"key":"White Beast Statue"}],"event_choices":[{"damage_healed":0,"gold_gain":0,"player_choice":"0 cards matched","damage_taken":0,"max_hp_gain":0,"max_hp_loss":0,"event_name":"Match and Keep!","floor":5,"gold_loss":0,"cards_obtained":[]},{"damage_healed":0,"gold_gain":99,"player_choice":"Stole From Cult","damage_taken":0,"max_hp_gain":0,"max_hp_loss":0,"event_name":"Nest","floor":19,"gold_loss":0}],"is_beta":false,"boss_relics":[{"not_picked":["Snecko Eye","SlaversCollar"],"picked":"Philosopher\u0027s Stone"}],"items_purged_floors":[7,22],"is_endless":false,"potions_floor_spawned":[3,4,13,14,16,18,21],"killed_by":"Book of Stabbing","ascension_level":14}}