{"host":"wha9hktbkslqvblg","time":1609586812,"event":{"mods":["BaseMod","Colored Map","Minty Spire (QoL Compilation)","Relic Stats","SuperFastMode","everything is the same but u backflip on backflip"],"gold_per_floor":[119,42,59,7,7,7,38,38,38,51,84,84,9,26,26,26,26],"floor_reached":16,"playtime":260,"items_purged":["Strike_R"],"score":266,"play_id":"f1e440f8-e1e4-4d5f-aa2b-015fd4c0dd8f","local_time":"20210102202652","is_ascension_mode":true,"campfire_choices":[{"data":"Wild Strike","floor":6,"key":"SMITH"},{"data":"Shrug It Off","floor":8,"key":"SMITH"},{"data":"Evolve","floor":12,"key":"SMITH"},{"floor":15,"key":"RECALL"}],"circlet_count":0,"master_deck":["AscendersBane","Strike_R","Strike_R","Strike_R","Strike_R","Defend_R","Defend_R","Defend_R","Defend_R","Bash","Wild Strike+1","Evolve+1","Burning Pact","Body Slam+1","Shrug It Off+1"],"relics":["Burning Blood","NeowsBlessing","Orichalcum","PreservedInsect"],"acts_visited":["Exordium"],"potions_floor_usage":[11,16],"damage_taken":[{"damage":0,"enemies":"2 Louse","floor":1,"turns":2},{"damage":0,"enemies":"Cultist","floor":3,"turns":1},{"damage":0,"enemies":"3 Sentries","floor":7,"turns":2},{"damage":8,"enemies":"Jaw Worm","floor":10,"turns":4},{"damage":18,"enemies":"Lagavulin","floor":11,"turns":6},{"damage":5,"enemies":"Blue Slaver","floor":14,"turns":4},{"damage":61,"enemies":"Hexaghost","floor":16,"turns":10}],"seed_played":"1693590028917866466","potions_obtained":[{"floor":7,"key":"Fire Potion"},{"floor":14,"key":"Weak Potion"}],"is_trial":false,"path_per_floor":["M","$","M","$","?","R","E","R","T","M","E","R","$","M","R","B"],"character_chosen":"IRONCLAD","items_purchased":["Evolve","Body Slam"],"campfire_rested":0,"item_purchase_floors":[2,4],"current_hp_per_floor":[74,74,75,75,75,75,75,75,75,73,61,61,61,62,62,1,1],"gold":26,"neow_bonus":"THREE_ENEMY_KILL","is_daily":false,"chose_seed":false,"campfire_upgraded":3,"win_rate":0.0,"timestamp":1609586812,"path_taken":["M","$","M","$","?","R","E","R","T","?","E","R","?","M","R","BOSS"],"items_purchased_type":["Card","Card"],"build_version":"2020-12-22","purchased_purges":1,"victory":false,"max_hp_per_floor":[75,75,75,75,75,75,75,75,75,75,75,75,75,75,75,75,75],"relic_stats":{"counters":[7,29],"PreservedInsect":0,"Orichalcum":[24],"obtain_stats":[{"NeowsBlessing":0,"PreservedInsect":11,"Orichalcum":7,"Burning Blood":0},{"NeowsBlessing":0,"PreservedInsect":5,"Orichalcum":3,"Burning Blood":0},{"NeowsBlessing":0,"PreservedInsect":15,"Orichalcum":5,"Burning Blood":0}],"Burning Blood":25},"card_choices":[{"not_picked":["Cleave","Flex"],"picked":"Wild Strike","floor":1},{"not_picked":["Thunderclap","Clothesline"],"picked":"Burning Pact","floor":3},{"not_picked":["Juggernaut","Body Slam"],"picked":"Shrug It Off","floor":7},{"not_picked":["Heavy Blade","Havoc","Anger"],"picked":"SKIP","floor":10},{"not_picked":["Wild Strike","Metallicize","Bloodletting"],"picked":"SKIP","floor":11},{"not_picked":["Twin Strike","Wild Strike","Headbutt"],"picked":"SKIP","floor":14}],"player_experience":925756,"relics_obtained":[{"floor":7,"key":"Orichalcum"},{"floor":11,"key":"PreservedInsect"}],"event_choices":[{"damage_healed":0,"gold_gain":0,"player_choice":"Forge","damage_taken":0,"max_hp_gain":0,"max_hp_loss":0,"event_name":"Accursed Blacksmith","floor":5,"gold_loss":0,"cards_upgraded":["Body Slam"]}],"is_beta":false,"boss_relics":[],"items_purged_floors":[13],"is_endless":false,"potions_floor_spawned":[7,14],"killed_by":"Hexaghost","ascension_level":20}}