{"host":"fmwbmnqnrup981we","time":1609609076,"event":{"mods":["AchievementEnabler","Act Like it!","BaseMod","Better Match","Better Note","Better Skull","Better Synergies","Better Third Choice","Better Vampires","Block Reminder","Curses Come First","Downfall","Duelist Mod","Elementarium","GungeonMod","HexUI Lib","HornydragonMod","Marked Mod","Minty Spire (QoL Compilation)","Pikachu Mod","Quick Restart","Relic Stats","SIMod","StSLib","The Bug Knight","The Death Knight","The Forsaken","The Marked","The Necromancer","The Runesmith","The Servant 0.9.4","The Wild Card","TheHero","TheVacant","TheVelvet","Transform Curses","Waifu the Spire","Yuri Mod","everything is the same but u backflip on backflip"],"gold_per_floor":[217,236,248,64,64,64,79,109,109,109,109,120,134,166,166,166,166],"floor_reached":16,"playtime":665,"items_purged":[],"score":118,"play_id":"8c45567b-89ff-4186-9c05-73ad8dfddd27","local_time":"20210102173756","is_ascension_mode":true,"campfire_choices":[{"floor":6,"key":"RECALL"},{"floor":15,"key":"REST"}],"circlet_count":0,"master_deck":["Strike_R","Strike_R","Strike_R","Strike_R","Defend_R","Defend_R","Defend_R","Defend_R","Bash","Pommel Strike","Flex","expansioncontent:StudyTheSpire","Second Wind","Inflame","theWildCard:Metatron","Dropkick","Iron Wave","Pummel"],"relics":["Burning Blood","Bottled Flame","Bag of Marbles"],"acts_visited":["Exordium"],"potions_floor_usage":[14,16,16],"damage_taken":[{"damage":1,"enemies":"Cultist","floor":1,"turns":3},{"damage":6,"enemies":"Jaw Worm","floor":2,"turns":3},{"damage":1,"enemies":"Small Slimes","floor":3,"turns":3},{"damage":10,"enemies":"Looter","floor":7,"turns":3},{"damage":27,"enemies":"HollowMod:MossKnight","floor":8,"turns":8},{"damage":31,"enemies":"Exordium Thugs","floor":12,"turns":6},{"damage":10,"enemies":"Lots of Slimes","floor":13,"turns":2},{"damage":31,"enemies":"3 Sentries","floor":14,"turns":4},{"damage":62,"enemies":"Hexaghost","floor":16,"turns":10}],"seed_played":"7717363094725118964","potions_obtained":[{"floor":2,"key":"champ:CounterPotion"},{"floor":3,"key":"Regen Potion"},{"floor":8,"key":"champ:CounterPotion"},{"floor":12,"key":"ElixirPotion"},{"floor":14,"key":"Swift Potion"}],"is_trial":false,"path_per_floor":["M","M","M","$","?","R","M","E","T","?","?","M","M","E","R","B"],"character_chosen":"IRONCLAD","items_purchased":["expansioncontent:StudyTheSpire"],"campfire_rested":1,"item_purchase_floors":[4],"current_hp_per_floor":[80,80,80,80,80,80,76,55,55,55,80,55,51,38,62,0,0],"gold":166,"neow_bonus":"HUNDRED_GOLD","is_daily":false,"chose_seed":false,"campfire_upgraded":0,"win_rate":0.0,"timestamp":1609609076,"path_taken":["M","M","M","?","?","R","?","E","T","?","?","M","?","E","R","BOSS"],"items_purchased_type":["Card"],"build_version":"2020-12-22","purchased_purges":0,"victory":false,"max_hp_per_floor":[80,80,80,80,80,80,80,80,80,80,80,80,80,80,80,80,80],"relic_stats":{"counters":[9,42],"obtain_stats":[{"Bottled Flame":8,"DemoMod:GlassGuonStoneRelic":2,"Bag of Marbles":14,"Burning Blood":0},{"Bottled Flame":5,"DemoMod:GlassGuonStoneRelic":2,"Bag of Marbles":8,"Burning Blood":0},{"Bottled Flame":20,"DemoMod:GlassGuonStoneRelic":6,"Bag of Marbles":32,"Burning Blood":0}],"Burning Blood":38},"card_choices":[{"not_picked":["Shrug It Off","Combust"],"picked":"Pommel Strike","floor":1},{"not_picked":["Pummel","Heavy Blade","Flame Barrier"],"picked":"SKIP","floor":2},{"not_picked":["Iron Wave","Anger"],"picked":"Flex","floor":3},{"not_picked":["Wild Strike","Dropkick"],"picked":"Evolve","floor":7},{"not_picked":["Ghostly Armor","Sever Soul"],"picked":"Inflame","floor":8},{"not_picked":["Clothesline","Reaper"],"picked":"Dropkick","floor":12},{"not_picked":["Armaments","Reckless Charge"],"picked":"Iron Wave","floor":13},{"not_picked":["Iron Wave","Combust"],"picked":"Pummel","floor":14}],"player_experience":425500,"relics_obtained":[{"floor":8,"key":"Bottled Flame"},{"floor":14,"key":"Bag of Marbles"}],"event_choices":[{"damage_healed":0,"gold_gain":0,"cards_transformed":["Strike_R"],"player_choice":"Transformed","damage_taken":0,"max_hp_gain":0,"max_hp_loss":0,"event_name":"Transmorgrifier","floor":5,"gold_loss":0,"cards_obtained":["Second Wind"]},{"cards_removed":["Evolve"],"damage_healed":25,"gold_gain":0,"player_choice":"Offered Uncommon","damage_taken":0,"max_hp_gain":0,"max_hp_loss":0,"event_name":"Bonfire Elementals","floor":11,"gold_loss":0}],"is_beta":false,"boss_relics":[],"items_purged_floors":[],"is_endless":false,"potions_floor_spawned":[2,3,8,12,14],"killed_by":"Hexaghost","ascension_level":1}}