{"host":"q9718omregw4er46","time":1609575445,"event":{"mods":["BaseMod","Bestiary","Colored Powertips","Minty Spire (QoL Compilation)","Quick Restart","Relic Stats"],"gold_per_floor":[118,118,132,132,145,145,172,192,192,192,219,219,65,82,82,161,161,181,181,181,201,211,211,246,246,246,271,271,271,289,299,299,375,375,387,387,387],"floor_reached":36,"playtime":1066,"items_purged":[],"score":824,"play_id":"7c8f2ca3-22ed-4b68-a0b2-062a49cedc56","local_time":"20210102131725","is_ascension_mode":true,"campfire_choices":[{"data":"Lockon","floor":6,"key":"SMITH"},{"floor":10,"key":"REST"},{"data":"Cold Snap","floor":12,"key":"SMITH"},{"data":"Biased Cognition","floor":15,"key":"SMITH"},{"floor":23,"key":"REST"},{"floor":25,"key":"REST"},{"floor":29,"key":"REST"},{"data":"Ball Lightning","floor":32,"key":"SMITH"}],"circlet_count":0,"master_deck":["AscendersBane","Strike_B","Strike_B","Strike_B","Defend_B","Defend_B","Defend_B","Defend_B","Zap","Dualcast","Lockon+1","Cold Snap+1","Self Repair","White Noise","Ball Lightning+1","Doom and Gloom","Biased Cognition+1","Biased Cognition+1","Cold Snap+1","Core Surge","Storm+1","White Noise","Core Surge"],"relics":["Cracked Core","NeowsBlessing","Sundial","Emotion Chip","Thread and Needle","Ginger","Black Star","Dream Catcher","Bag of Marbles","Pantograph","Blood Vial","Centennial Puzzle","Mercury Hourglass","Philosopher\u0027s Stone"],"acts_visited":["Exordium","TheCity","TheBeyond"],"potions_floor_usage":[7,16,24],"damage_taken":[{"damage":0,"enemies":"Jaw Worm","floor":1,"turns":1},{"damage":0,"enemies":"Cultist","floor":3,"turns":1},{"damage":0,"enemies":"Small Slimes","floor":5,"turns":1},{"damage":25,"enemies":"Lagavulin","floor":7,"turns":6},{"damage":4,"enemies":"2 Fungi Beasts","floor":8,"turns":4},{"damage":7,"enemies":"Gremlin Nob","floor":11,"turns":3},{"damage":2,"enemies":"Looter","floor":14,"turns":2},{"damage":8,"enemies":"The Guardian","floor":16,"turns":11},{"damage":0,"enemies":"Chosen","floor":18,"turns":3},{"damage":2,"enemies":"Spheric Guardian","floor":21,"turns":3},{"damage":43,"enemies":"Shelled Parasite and Fungi","floor":22,"turns":4},{"damage":26,"enemies":"Gremlin Leader","floor":24,"turns":6},{"damage":13,"enemies":"Book of Stabbing","floor":27,"turns":3},{"damage":0,"enemies":"Cultist and Chosen","floor":30,"turns":4},{"damage":9,"enemies":"Centurion and Healer","floor":31,"turns":6},{"damage":64,"enemies":"Automaton","floor":33,"turns":12},{"damage":29,"enemies":"3 Darklings","floor":35,"turns":4}],"seed_played":"135825774562059433","potions_obtained":[{"floor":3,"key":"DuplicationPotion"},{"floor":16,"key":"LiquidMemories"},{"floor":24,"key":"Fire Potion"},{"floor":27,"key":"EssenceOfSteel"},{"floor":33,"key":"LiquidBronze"}],"is_trial":false,"path_per_floor":["M","?","M","?","M","R","E","M","T","R","E","R","$","M","R","B",null,"M","?","?","M","M","R","E","R","T","E","?","R","M","M","R","B",null,"M","$"],"character_chosen":"DEFECT","items_purchased":["Ball Lightning","Doom and Gloom","FocusPotion"],"campfire_rested":4,"item_purchase_floors":[13,13,13],"current_hp_per_floor":[64,64,64,53,53,53,28,24,24,45,45,45,45,43,43,42,64,71,51,51,56,20,42,23,45,45,32,32,54,63,63,63,19,62,35,35,35],"gold":387,"neow_bonus":"THREE_ENEMY_KILL","is_daily":false,"chose_seed":false,"campfire_upgraded":4,"win_rate":0.0,"timestamp":1609575445,"path_taken":["M","?","?","?","M","R","E","M","T","R","E","R","$","M","R","BOSS","M","?","?","M","?","R","E","R","T","E","?","R","M","M","R","BOSS","M","$"],"items_purchased_type":["Card","Card","Potion"],"build_version":"2020-12-22","purchased_purges":0,"victory":false,"max_hp_per_floor":[71,71,71,71,71,71,71,71,71,71,71,71,71,71,71,71,71,71,76,76,76,76,76,76,76,76,76,76,76,76,76,76,76,76,76,76,76],"relic_stats":{"Blood Vial":8,"Emotion Chip":[39,30,9,0,0],"Dream Catcher":2,"Centennial Puzzle":[9],"counters":[17,74],"Sundial":[8],"Pantograph":11,"Black Star":2,"Ginger":[8],"obtain_stats":[{"NeowsBlessing":0,"Thread and Needle":9,"Ginger":11,"Mercury Hourglass":28,"Blood Vial":27,"Emotion Chip":7,"Dream Catcher":24,"Centennial Puzzle":27,"Sundial":4,"Pantograph":26,"Philosopher\u0027s Stone":34,"Black Star":17,"Bag of Marbles":24,"Cracked Core":0},{"NeowsBlessing":0,"Thread and Needle":5,"Ginger":6,"Mercury Hourglass":13,"Blood Vial":13,"Emotion Chip":4,"Dream Catcher":12,"Centennial Puzzle":13,"Sundial":2,"Pantograph":12,"Philosopher\u0027s Stone":16,"Black Star":8,"Bag of Marbles":12,"Cracked Core":0},{"NeowsBlessing":0,"Thread and Needle":13,"Ginger":16,"Mercury Hourglass":48,"Blood Vial":48,"Emotion Chip":9,"Dream Catcher":45,"Centennial Puzzle":48,"Sundial":2,"Pantograph":45,"Philosopher\u0027s Stone":70,"Black Star":29,"Bag of Marbles":45,"Cracked Core":0}],"Mercury Hourglass":[108]},"card_choices":[{"not_picked":["Barrage","Conserve Battery","Steam"],"picked":"SKIP","floor":1},{"not_picked":["Hello World","Hologram"],"picked":"Lockon","floor":3},{"not_picked":["Barrage","Gash","Coolheaded"],"picked":"SKIP","floor":5},{"not_picked":["Steam","Turbo"],"picked":"Cold Snap","floor":7},{"not_picked":["Coolheaded","Cold Snap"],"picked":"Self Repair","floor":8},{"not_picked":["Recycle","Coolheaded"],"picked":"White Noise","floor":11},{"not_picked":["Ball Lightning","Rebound"],"picked":"Biased Cognition","floor":14},{"not_picked":["Thunder Strike","Amplify"],"picked":"Biased Cognition","floor":16},{"not_picked":["Scrape","Stack+1"],"picked":"Cold Snap+1","floor":18},{"not_picked":["Gash","Rebound"],"picked":"Core Surge","floor":21},{"not_picked":["Turbo","Ball Lightning","Sweeping Beam"],"picked":"SKIP","floor":22},{"not_picked":["Blizzard+1","Storm","Leap"],"picked":"SKIP","floor":24},{"not_picked":["Multi-Cast","Rebound","Tempest"],"picked":"SKIP","floor":27},{"not_picked":["Fusion","Cold Snap+1"],"picked":"Storm+1","floor":29},{"not_picked":["Redo","Turbo+1","Gash"],"picked":"SKIP","floor":30},{"not_picked":["Conserve Battery","FTL"],"picked":"White Noise","floor":31},{"not_picked":["Buffer","Thunder Strike"],"picked":"Core Surge","floor":33},{"not_picked":["Reprogram","Coolheaded","Double Energy"],"picked":"SKIP","floor":35}],"player_experience":1151028,"relics_obtained":[{"floor":7,"key":"Emotion Chip"},{"floor":9,"key":"Thread and Needle"},{"floor":11,"key":"Ginger"},{"floor":24,"key":"Dream Catcher"},{"floor":24,"key":"Bag of Marbles"},{"floor":26,"key":"Pantograph"},{"floor":27,"key":"Blood Vial"},{"floor":27,"key":"Centennial Puzzle"}],"event_choices":[{"cards_removed":["Strike_B"],"damage_healed":0,"gold_gain":0,"player_choice":"Offered Basic","damage_taken":0,"max_hp_gain":0,"max_hp_loss":0,"event_name":"Bonfire Elementals","floor":2,"gold_loss":0},{"damage_healed":0,"gold_gain":0,"player_choice":"Success","damage_taken":11,"relics_obtained":["Sundial"],"max_hp_gain":0,"max_hp_loss":0,"event_name":"Scrap Ooze","floor":4,"gold_loss":0},{"damage_healed":0,"gold_gain":0,"player_choice":"Shed Blood","damage_taken":25,"max_hp_gain":5,"max_hp_loss":0,"event_name":"Forgotten Altar","floor":19,"gold_loss":0},{"damage_healed":0,"gold_gain":0,"player_choice":"Upgraded","damage_taken":0,"max_hp_gain":0,"max_hp_loss":0,"event_name":"Upgrade Shrine","floor":20,"gold_loss":0,"cards_upgraded":["Biased Cognition"]},{"damage_healed":0,"gold_gain":0,"player_choice":"Gave Potion","damage_taken":0,"relics_obtained":["Mercury Hourglass"],"max_hp_gain":0,"max_hp_loss":0,"event_name":"WeMeetAgain","floor":28,"gold_loss":0}],"is_beta":false,"boss_relics":[{"not_picked":["Tiny House","FrozenCore"],"picked":"Black Star"},{"not_picked":["Astrolabe","Snecko Eye"],"picked":"Philosopher\u0027s Stone"}],"items_purged_floors":[],"is_endless":false,"potions_floor_spawned":[3,16,24,27,33],"ascension_level":20}}