{"host":"i4eavuqabbk5mi94","time":1609597819,"event":{"mods":["BaseMod","Googly Eyes","Minty Spire (QoL Compilation)"],"gold_per_floor":[359,373,373,70,83,110,126,137,137,137,137,137,137,160,160,290,290,304,288,288,303,323,348,39,53,78,78,78,122,122,122,122,248,248,268,268,281,302,227,227,248,248,248,283,283,324,338,359,359,359,359],"floor_reached":50,"playtime":3564,"items_purged":["Injury"],"score":601,"play_id":"f789d98e-3ebb-4b91-b6c8-2153fca3bd10","local_time":"20210102143019","is_ascension_mode":false,"campfire_choices":[{"floor":10.0,"key":"REST"},{"floor":13.0,"key":"REST"},{"data":"Fasting2","floor":15.0,"key":"SMITH"},{"floor":28.0,"key":"REST"},{"floor":30.0,"key":"REST"},{"floor":32.0,"key":"REST"},{"floor":40.0,"key":"RECALL"},{"floor":42.0,"key":"REST"},{"floor":45.0,"key":"REST"},{"floor":49,"key":"REST"}],"circlet_count":0,"master_deck":["Strike_P","Strike_P","Strike_P+1","Strike_P","Defend_P","Defend_P","Defend_P+1","Defend_P","Eruption","Vigilance","JustLucky","FollowUp","Vengeance","CarveReality","EmptyFist","Study","Fasting2+1","Pray","ThirdEye+1","DevaForm","EmptyBody+1","Conclude","Evaluate+1","ReachHeaven","Omniscience+1","Tantrum","LessonLearned","PathToVictory+1","Crescendo+1","ClearTheMind+1","CutThroughFate+1"],"relics":["PureWater","Damaru","HornCleat","Toxic Egg 2","Mercury Hourglass","Golden Idol","Sozu","Gambling Chip","Oddly Smooth Stone","Blood Vial","Nilry\u0027s Codex","Fusion Hammer","Centennial Puzzle","Bottled Tornado"],"acts_visited":["Exordium","TheCity","TheBeyond"],"potions_floor_usage":[],"damage_taken":[{"damage":0.0,"enemies":"Jaw Worm","floor":1.0,"turns":3.0},{"damage":0.0,"enemies":"2 Louse","floor":2.0,"turns":3.0},{"damage":0.0,"enemies":"Cultist","floor":5.0,"turns":3.0},{"damage":20.0,"enemies":"3 Sentries","floor":6.0,"turns":7.0},{"damage":11.0,"enemies":"3 Louse","floor":7.0,"turns":3.0},{"damage":0.0,"enemies":"Blue Slaver","floor":8.0,"turns":3.0},{"damage":5.0,"enemies":"Red Slaver","floor":14.0,"turns":3.0},{"damage":0.0,"enemies":"Slime Boss","floor":16.0,"turns":7.0},{"damage":9.0,"enemies":"3 Byrds","floor":18.0,"turns":6.0},{"damage":14.0,"enemies":"2 Thieves","floor":19.0,"turns":4.0},{"damage":12.0,"enemies":"Snake Plant","floor":21.0,"turns":2.0},{"damage":26.0,"enemies":"Chosen and Byrds","floor":22.0,"turns":7.0},{"damage":17.0,"enemies":"Cultist and Chosen","floor":23.0,"turns":7.0},{"damage":0.0,"enemies":"Centurion and Healer","floor":25.0,"turns":4.0},{"damage":25.0,"enemies":"Slavers","floor":29.0,"turns":6.0},{"damage":60.0,"enemies":"Collector","floor":33.0,"turns":6.0},{"damage":4.0,"enemies":"Orb Walker","floor":35.0,"turns":4.0},{"damage":5.0,"enemies":"3 Shapes","floor":37.0,"turns":4.0},{"damage":9.0,"enemies":"Sphere and 2 Shapes","floor":38.0,"turns":4.0},{"damage":0.0,"enemies":"Transient","floor":41.0,"turns":5.0},{"damage":32.0,"enemies":"Reptomancer","floor":44.0,"turns":4.0},{"damage":50.0,"enemies":"Giant Head","floor":46.0,"turns":8.0},{"damage":4,"enemies":"Writhing Mass","floor":47,"turns":7},{"damage":8,"enemies":"Sphere and 2 Shapes","floor":48,"turns":3},{"damage":35,"enemies":"Donu and Deca","floor":50,"turns":4}],"seed_played":"6757354268489900819","potions_obtained":[{"floor":1.0,"key":"Ambrosia"},{"floor":5.0,"key":"Regen Potion"},{"floor":14.0,"key":"Block Potion"}],"is_trial":false,"path_per_floor":["M","M","?","$","M","E","M","M","T","R","?","?","R","M","R","B",null,"M","M","?","M","M","M","$","M","T","?","R","E","R","?","R","B",null,"M","?","M","M","$","R","M","R","T","E","R","E","M","M","R","B"],"character_chosen":"WATCHER","items_purchased":["Damaru","FollowUp","Vengeance","CarveReality","Gambling Chip"],"campfire_rested":8,"item_purchase_floors":[4,4,4,4,24],"current_hp_per_floor":[65,65,70,70,70,50,39,39,39,60,57,57,70,65,65,65,70,61,61,70,58,32,15,15,15,15,38,59,34,55,39,60,2,70,66,70,65,58,58,58,60,70,70,38,59,11,9,3,24,0,0],"gold":359,"neow_bonus":"TWO_FIFTY_GOLD","is_daily":false,"chose_seed":false,"campfire_upgraded":1,"win_rate":0.0,"timestamp":1609597819,"path_taken":["M","M","?","$","M","E","M","M","T","R","?","?","R","M","R","BOSS","M","M","?","M","M","?","$","M","T","?","R","E","R","?","R","BOSS","M","?","?","?","$","R","M","R","T","E","R","E","M","M","R","BOSS"],"items_purchased_type":["Relic","Card","Card","Card","Relic"],"build_version":"2020-12-22","purchased_purges":1,"victory":false,"max_hp_per_floor":[65,65,70,70,70,70,70,70,70,70,70,70,70,70,70,70,70,70,70,70,70,70,70,70,70,70,70,70,70,70,70,70,70,70,70,70,70,70,70,70,70,70,70,70,70,70,70,70,70,70,70],"card_choices":[{"not_picked":["LikeWater","Halt"],"picked":"JustLucky","floor":1.0},{"not_picked":["SashWhip","CrushJoints"],"picked":"TalkToTheHand","floor":2.0},{"not_picked":["Crescendo","Perseverance"],"picked":"EmptyFist","floor":5.0},{"not_picked":["EmptyBody","FlurryOfBlows"],"picked":"Study","floor":6.0},{"not_picked":["WreathOfFlame","Perseverance"],"picked":"Fasting2","floor":7.0},{"not_picked":["BowlingBash","CrushJoints"],"picked":"Pray","floor":8.0},{"not_picked":["FollowUp","BowlingBash"],"picked":"ThirdEye+1","floor":14.0},{"not_picked":["Establishment","MasterReality"],"picked":"DevaForm","floor":16.0},{"not_picked":["Worship+1","JustLucky"],"picked":"EmptyBody+1","floor":18.0},{"not_picked":["TalkToTheHand","FollowUp"],"picked":"Conclude","floor":19.0},{"not_picked":["FlurryOfBlows+1","Nirvana"],"picked":"Evaluate+1","floor":21.0},{"not_picked":["Evaluate+1","FlurryOfBlows+1","JustLucky"],"picked":"SKIP","floor":22.0},{"not_picked":["FlurryOfBlows","Pray+1"],"picked":"ReachHeaven","floor":23.0},{"not_picked":["SandsOfTime","CutThroughFate"],"picked":"Omniscience+1","floor":25.0},{"not_picked":["Adaptation","Vengeance+1"],"picked":"Tantrum","floor":29.0},{"not_picked":["DeusExMachina+1","Omniscience+1"],"picked":"LessonLearned","floor":33.0},{"not_picked":["SashWhip+1","Evaluate+1"],"picked":"PathToVictory+1","floor":35.0},{"not_picked":["Adaptation","BowlingBash","Study+1"],"picked":"SKIP","floor":37.0},{"not_picked":["Nirvana+1","Protect+1"],"picked":"Crescendo+1","floor":38.0},{"not_picked":["JustLucky+1","CrushJoints","Halt+1"],"picked":"SKIP","floor":41.0},{"not_picked":["FearNoEvil","DevaForm"],"picked":"ClearTheMind+1","floor":44.0},{"not_picked":["Conclude+1","DeceiveReality+1","BowlingBash"],"picked":"SKIP","floor":46.0},{"not_picked":["Consecrate","FlyingSleeves"],"picked":"CutThroughFate+1","floor":47},{"not_picked":["WindmillStrike+1","CutThroughFate","Crescendo+1"],"picked":"SKIP","floor":48}],"player_experience":362624,"relics_obtained":[{"floor":6.0,"key":"HornCleat"},{"floor":9.0,"key":"Toxic Egg 2"},{"floor":26.0,"key":"Oddly Smooth Stone"},{"floor":29.0,"key":"Blood Vial"},{"floor":31.0,"key":"Nilry\u0027s Codex"},{"floor":44.0,"key":"Centennial Puzzle"},{"floor":46.0,"key":"Bottled Tornado"}],"event_choices":[{"damage_healed":0.0,"max_hp_gain":5.0,"max_hp_loss":0.0,"gold_gain":0.0,"event_name":"Big Fish","player_choice":"Donut","floor":3.0,"gold_loss":0.0,"damage_taken":0.0},{"damage_healed":0.0,"max_hp_gain":0.0,"max_hp_loss":0.0,"gold_gain":0.0,"event_name":"Scrap Ooze","player_choice":"Success","floor":11.0,"gold_loss":0.0,"damage_taken":3.0,"relics_obtained":["Mercury Hourglass"]},{"damage_healed":0.0,"max_hp_gain":0.0,"max_hp_loss":0.0,"gold_gain":0.0,"event_name":"Golden Idol","player_choice":"Take Wound","floor":12.0,"gold_loss":0.0,"damage_taken":0.0,"relics_obtained":["Golden Idol"],"cards_obtained":["Injury"]},{"cards_removed":["TalkToTheHand"],"damage_healed":9.0,"max_hp_gain":0.0,"max_hp_loss":0.0,"gold_gain":0.0,"event_name":"Bonfire Elementals","player_choice":"Offered Uncommon","floor":20.0,"gold_loss":0.0,"damage_taken":0.0},{"damage_healed":23.0,"max_hp_gain":0.0,"max_hp_loss":0.0,"gold_gain":0.0,"event_name":"The Library","player_choice":"Heal","floor":27.0,"gold_loss":0.0,"damage_taken":0.0},{"damage_healed":0.0,"max_hp_gain":0.0,"max_hp_loss":0.0,"gold_gain":0.0,"event_name":"Cursed Tome","player_choice":"Obtained Book","floor":31.0,"gold_loss":0.0,"damage_taken":16.0},{"damage_healed":4.0,"max_hp_gain":0.0,"max_hp_loss":0.0,"gold_gain":0.0,"event_name":"Wheel of Change","player_choice":"Full Heal","floor":36.0,"gold_loss":0.0,"damage_taken":0.0}],"is_beta":false,"boss_relics":[{"not_picked":["VioletLotus","Philosopher\u0027s Stone"],"picked":"Sozu"},{"not_picked":["Velvet Choker","Astrolabe"],"picked":"Fusion Hammer"}],"items_purged_floors":[39],"is_endless":false,"potions_floor_spawned":[1,5,14,18,21,23,25,37,41,44,47,48],"killed_by":"Donu and Deca","ascension_level":0}}