{"host":"p08oqmr389b4tgxi","time":1609561259,"event":{"mods":["Act Like it!","BaseMod","Colored Powertips","Friendly Minions","Gensokyo","Hermit","Minty Spire (QoL Compilation)","Pale of the Ancients","Relic Stats","Replay The Spire","StSLib","The Alterego","The Marked","UnlockEverythingMod","Yakumo Yukari mod"],"gold_per_floor":[138,138,151,151,170,170,205,220,301,330,363,363,394,407,407,506,506,516,534,550,75,75,75,101,101,126,126,142,168,188,202,202,297,297,308,308,318,337,354,387,387,414,414,414,428,444,457,457,457],"floor_reached":48,"playtime":10270,"items_purged":["Defend_purpleEX"],"score":641,"play_id":"f8bb4b51-b63f-4588-bd17-94dccf838048","local_time":"20210102122059","is_ascension_mode":false,"campfire_choices":[{"data":"DimensionStaggered_purple","floor":6.0,"key":"SMITH"},{"data":"MonsterNeedle_purple","floor":12.0,"key":"SMITH"},{"floor":15.0,"key":"DIG"},{"data":"LoveAcrossDimensions_purple","floor":23.0,"key":"SMITH"},{"data":"CommonSense_AntiCommonSense_purple","floor":25.0,"key":"SMITH"},{"data":"DarkRealmRedLine_purple","floor":27.0,"key":"SMITH"},{"data":"Nest_LightFlightworm_purple","floor":32.0,"key":"SMITH"},{"floor":41,"key":"RECALL"},{"floor":44,"key":"REST"}],"circlet_count":0,"master_deck":["Observe_purple_1","Observe_purple_2","MNeedle_purple+1","DimensionStaggered_purple+1","MonsterNeedle_purple+1","Nest_LightFlightworm_purple+1","CommonSense_AntiCommonSense_purple+1","Bait_HighSpeedFlying_purple","DarkRealmRedLine_purple+1","LoveAcrossDimensions_purple+1","BarrageBoundary_PipeDream_purple","ExternalForce_HighSpeedFlying_purple","GluttonyofRealm_purpleEX","MeetDecomposer_purple+1","ContainerChange_purple","RuptureOfTimeAndSpace_purple+1","BarrageBoundary_PipeDream_purple","WangLiang_OokamiKakushi_purple","AdvanceAttack_purple","Mirror_FourBoundary_purple+1"],"relics":["Boundary_crack","Memoryfragments_purpleEX","NeowsBlessing","WingedGreaves","Meat on the Bone","Replay:Baseball","Lizard Tail","Replay:Bottled Steam","Bottled Flame","Black Star","Replay:Mystery Machine","Pantograph","FossilizedHelix","MealTicket","Onion Ring","Ancient Tea Set","Replay:Grab Bag","Velvet Choker","Fusion Hammer","Pandora\u0027s Box","SacredBark","Turnip","Gambling Chip","Anchor","War Paint","Quantum Egg"],"acts_visited":["Exordium","TheCity","TheBeyond"],"potions_floor_usage":[48,48],"damage_taken":[{"damage":0.0,"enemies":"2 Louse","floor":1.0,"turns":1.0},{"damage":0.0,"enemies":"Small Slimes","floor":3.0,"turns":1.0},{"damage":0.0,"enemies":"Jaw Worm","floor":5.0,"turns":1.0},{"damage":29.0,"enemies":"Gremlin Nob","floor":7.0,"turns":8.0},{"damage":0.0,"enemies":"3 Louse","floor":8.0,"turns":5.0},{"damage":40.0,"enemies":"Lagavulin","floor":10.0,"turns":9.0},{"damage":19.0,"enemies":"Gremlin Nob","floor":11.0,"turns":5.0},{"damage":15.0,"enemies":"Lagavulin","floor":13.0,"turns":6.0},{"damage":0.0,"enemies":"Lots of Slimes","floor":14.0,"turns":4.0},{"damage":23.0,"enemies":"The Guardian","floor":16.0,"turns":16.0},{"damage":0.0,"enemies":"Chosen","floor":18.0,"turns":6.0},{"damage":0.0,"enemies":"Shell Parasite","floor":19.0,"turns":6.0},{"damage":0.0,"enemies":"Centurion and Healer","floor":20.0,"turns":8.0},{"damage":37.0,"enemies":"Slavers","floor":24.0,"turns":6.0},{"damage":10.0,"enemies":"Shelled Parasite and Fungi","floor":28.0,"turns":7.0},{"damage":26.0,"enemies":"Book of Stabbing","floor":29.0,"turns":6.0},{"damage":0.0,"enemies":"Snecko","floor":30.0,"turns":3.0},{"damage":0.0,"enemies":"Centurion and Healer","floor":31.0,"turns":6.0},{"damage":66.0,"enemies":"Collector","floor":33.0,"turns":10.0},{"damage":0.0,"enemies":"3 Darklings","floor":35.0,"turns":3.0},{"damage":0.0,"enemies":"3 Shapes","floor":37.0,"turns":3.0},{"damage":21.0,"enemies":"Maw","floor":38.0,"turns":8.0},{"damage":8.0,"enemies":"Transient","floor":39.0,"turns":5.0},{"damage":4,"enemies":"Giant Head","floor":40,"turns":8},{"damage":1,"enemies":"Nemesis","floor":42,"turns":5},{"damage":0,"enemies":"Jaw Worm Horde","floor":45,"turns":2},{"damage":0,"enemies":"4 Shapes","floor":46,"turns":4},{"damage":0,"enemies":"Sphere and 2 Shapes","floor":47,"turns":5},{"damage":162,"enemies":"Sphere and 2 Shapes","floor":48,"turns":17}],"seed_played":"7887699315100541465","potions_obtained":[{"floor":1.0,"key":"PowerPotion"},{"floor":3.0,"key":"Elixir"},{"floor":5.0,"key":"FairyPotion"},{"floor":18.0,"key":"LifebloodPotion"},{"floor":33.0,"key":"Elixir"},{"floor":36.0,"key":"Fruit Juice"},{"floor":36.0,"key":"Explosive Potion"},{"floor":39.0,"key":"Block Potion"}],"is_trial":false,"path_per_floor":["M","?","M","?","M","R","E","M","T","E","E","R","E","M","R","B",null,"M","M","M","$","?","R","E","R","T","R","M","E","M","M","R","B",null,"M","?","M","M","M","E","R","E","T","R","M","M","M","?"],"character_chosen":"Youkari","items_purchased":["Replay:Mystery Machine","Pantograph"],"campfire_rested":1,"item_purchase_floors":[21,21],"current_hp_per_floor":[70,70,70,63,63,63,38,43,43,20,15,15,17,34,34,34,70,70,70,70,70,70,70,48,48,48,48,50,41,42,47,47,20,70,70,80,83,68,60,66,66,70,70,86,86,89,92,0,0],"gold":457,"neow_bonus":"THREE_ENEMY_KILL","is_daily":false,"chose_seed":false,"campfire_upgraded":6,"win_rate":0.0,"timestamp":1609561259,"path_taken":["M","?","M","?","M","R","E","M","T","E","E","R","E","M","R","BOSS","M","M","M","$","?","R","E","R","T","R","M","E","M","M","R","BOSS","M","?","M","M","M","E","R","E","T","R","M","?","M","?"],"items_purchased_type":["Relic","Relic"],"build_version":"2020-12-22","purchased_purges":1,"victory":false,"max_hp_per_floor":[70,70,70,70,70,70,70,70,70,70,70,70,70,70,70,70,70,70,70,70,70,70,70,70,70,70,70,70,70,70,70,70,70,70,70,80,83,86,86,86,86,86,86,86,86,89,92,92,92],"relic_stats":{"Lizard Tail":46,"counters":[29,174],"Pantograph":23,"Gambling Chip":[28],"MealTicket":0,"Pandora\u0027s Box":["MeetDecomposer_purple","ContainerChange_purple","RuptureOfTimeAndSpace_purple","BarrageBoundary_PipeDream_purple","WangLiang_OokamiKakushi_purple","AdvanceAttack_purple"],"Turnip":[5],"Black Star":4,"War Paint":["RuptureOfTimeAndSpace_purple","MeetDecomposer_purple"],"obtain_stats":[{"SacredBark":34,"Replay:Mystery Machine":21,"Ancient Tea Set":29,"Lizard Tail":11,"Pantograph":21,"Gambling Chip":40,"MealTicket":24,"WingedGreaves":7,"Fusion Hammer":34,"Replay:Bottled Steam":13,"NeowsBlessing":0,"Replay:Grab Bag":34,"Quantum Egg":43,"Velvet Choker":34,"Boundary_crack":0,"War Paint":42,"Replay:Baseball":10,"Bottled Flame":15,"Anchor":42,"Onion Ring":29,"Pandora\u0027s Box":34,"Turnip":40,"Black Star":17,"FossilizedHelix":24,"Memoryfragments_purpleEX":0,"Meat on the Bone":9},{"SacredBark":19,"Replay:Mystery Machine":13,"Ancient Tea Set":16,"Lizard Tail":7,"Pantograph":13,"Gambling Chip":24,"MealTicket":14,"WingedGreaves":4,"Fusion Hammer":19,"Replay:Bottled Steam":8,"NeowsBlessing":0,"Replay:Grab Bag":19,"Quantum Egg":25,"Velvet Choker":19,"Boundary_crack":0,"War Paint":25,"Replay:Baseball":6,"Bottled Flame":9,"Anchor":25,"Onion Ring":16,"Pandora\u0027s Box":19,"Turnip":24,"Black Star":10,"FossilizedHelix":14,"Memoryfragments_purpleEX":0,"Meat on the Bone":5},{"SacredBark":114,"Replay:Mystery Machine":76,"Ancient Tea Set":95,"Lizard Tail":30,"Pantograph":76,"Gambling Chip":141,"MealTicket":82,"WingedGreaves":11,"Fusion Hammer":114,"Replay:Bottled Steam":36,"NeowsBlessing":0,"Replay:Grab Bag":114,"Quantum Egg":146,"Velvet Choker":114,"Boundary_crack":0,"War Paint":146,"Replay:Baseball":25,"Bottled Flame":40,"Anchor":146,"Onion Ring":95,"Pandora\u0027s Box":114,"Turnip":141,"Black Star":56,"FossilizedHelix":82,"Memoryfragments_purpleEX":0,"Meat on the Bone":16}],"Meat on the Bone":96},"card_choices":[{"not_picked":["Anti_communist_purple","DarkRealmRedLine_purple"],"picked":"MNeedle_purple","floor":1.0},{"not_picked":["ExistenceContinue_purple","SfantasyHide_purple"],"picked":"DimensionStaggered_purple","floor":3.0},{"not_picked":["Realm_recovery_purpleEX","Worldmountain_purple"],"picked":"MonsterNeedle_purple","floor":5.0},{"not_picked":["StateDuplicate_purple","Mirror_WaveAndshot_purple"],"picked":"Nest_LightFlightworm_purple","floor":7.0},{"not_picked":["WatchEChange_purple","StateDuplicate_purple"],"picked":"CommonSense_AntiCommonSense_purple","floor":8.0},{"not_picked":["Shallow_ocean_purpleEX","StateDuplicate_purple"],"picked":"Bait_HighSpeedFlying_purple","floor":10.0},{"not_picked":["RuleDissolution_purple","Fantasy_PerpetualMotionMachine_purple"],"picked":"DarkRealmRedLine_purple","floor":11.0},{"not_picked":["WorldDissolvedintheRealm_purple","Extrememeaning_purpleEX","WasteWire_Metro_purple"],"picked":"SKIP","floor":13.0},{"not_picked":["Boundary_ObjectiveBoundary_purple","Nest_LightFlightworm_purple","Charmbait_purple"],"picked":"SKIP","floor":14.0},{"not_picked":["Mirror_TwoAndThreeElementRealm_purple","Human_Monster_Realm_purple"],"picked":"LoveAcrossDimensions_purple","floor":16.0},{"not_picked":["DimensionStaggered_purple","StateDuplicate_purple+1","Boundary_DreamRealityDamnation_purple+1"],"picked":"SKIP","floor":18.0},{"not_picked":["Mirror_FormAndEmptin_purple","Shallow_ocean_purpleEX","DimensionStaggered_purple"],"picked":"SKIP","floor":19.0},{"not_picked":["SharpContractionReality_purple","MeetDecomposer_purple","Mirror_WaveAndshot_purple"],"picked":"SKIP","floor":20.0},{"not_picked":["Extrememeaning_purpleEX+1","SfantasyHide_purple"],"picked":"BarrageBoundary_PipeDream_purple","floor":24.0},{"not_picked":["OmniscientAndOmnipotent_Monster_purple+1","Mirror_WaveAndshot_purple","MeetDecomposer_purple"],"picked":"SKIP","floor":28.0},{"not_picked":["DimensionStaggered_purple+1","PositiveMatter_Antimatter_Universe_purple+1"],"picked":"ExternalForce_HighSpeedFlying_purple","floor":29.0},{"not_picked":["Worldmountain_purple","Charmbait_purple","PurpleNeedle_purple"],"picked":"SKIP","floor":30.0},{"not_picked":["StateDuplicate_purple+1","Bait_HighSpeedFlying_purple","Fantasy_PerpetualMotionMachine_purple"],"picked":"SKIP","floor":31.0},{"not_picked":["BarrageBoundary_PipeDream_purple","ContainerChange_purple"],"picked":"GluttonyofRealm_purpleEX","floor":33.0},{"not_picked":["MonsterNeedle_purple","Realm_recovery_purpleEX","StateErode_purple+1"],"picked":"SKIP","floor":35.0},{"not_picked":["Erosivefilter_purple","ExistenceContinue_purple+1","Extrememeaning_purpleEX"],"picked":"SKIP","floor":37.0},{"not_picked":["MeetDecomposer_purple+1","OmniscientAndOmnipotent_Monster_purple","ExistenceContinue_purple+1"],"picked":"SKIP","floor":38.0},{"not_picked":["Yakumo_Ran_purple","Charmbait_purple+1","Boundary_ObjectiveBoundary_purple"],"picked":"SKIP","floor":39.0},{"not_picked":["Worldmountain_purple","LoveAcrossDimensions_purple","SharpContractionReality_purple+1"],"picked":"SKIP","floor":40},{"not_picked":["UniverseChoice_purple","MeetDecomposer_purple","Line_surface_state_purple+1"],"picked":"SKIP","floor":42},{"not_picked":["Mirror_FormAndEmptin_purple+1","Realm_recovery_purpleEX","WingOfChimera_purple"],"picked":"SKIP","floor":45},{"not_picked":["SharpContractionReality_purple+1","Anti_communist_purple","ExistenceContinue_purple+1"],"picked":"SKIP","floor":46},{"not_picked":["Worldmountain_purple","AdvanceAttack_purple+1"],"picked":"Mirror_FourBoundary_purple+1","floor":47}],"player_experience":0,"relics_obtained":[{"floor":7.0,"key":"WingedGreaves"},{"floor":9.0,"key":"Meat on the Bone"},{"floor":10.0,"key":"Replay:Baseball"},{"floor":11.0,"key":"Lizard Tail"},{"floor":13.0,"key":"Replay:Bottled Steam"},{"floor":15.0,"key":"Bottled Flame"},{"floor":24.0,"key":"FossilizedHelix"},{"floor":24.0,"key":"MealTicket"},{"floor":29.0,"key":"Onion Ring"},{"floor":29.0,"key":"Ancient Tea Set"},{"floor":40,"key":"Turnip"},{"floor":40,"key":"Gambling Chip"},{"floor":42,"key":"Anchor"},{"floor":42,"key":"War Paint"},{"floor":43,"key":"Quantum Egg"}],"event_choices":[{"cards_removed":["AT_purpleEX"],"damage_healed":0.0,"max_hp_gain":0.0,"max_hp_loss":0.0,"gold_gain":0.0,"event_name":"Golden Wing","player_choice":"Card Removal","floor":4.0,"gold_loss":0.0,"damage_taken":7.0},{"damage_healed":0.0,"max_hp_gain":0.0,"max_hp_loss":0.0,"gold_gain":0.0,"event_name":"Ghosts","player_choice":"Ignored","floor":22.0,"gold_loss":0.0,"damage_taken":0.0},{"damage_healed":0.0,"max_hp_gain":0.0,"max_hp_loss":0.0,"gold_gain":0.0,"event_name":"Lab","player_choice":"Got Potions","floor":36.0,"gold_loss":0.0,"damage_taken":0.0}],"is_beta":false,"boss_relics":[{"not_picked":["ReplayTheSpireMod:DimensionalGlitch","Busted Crown"],"picked":"Black Star"},{"not_picked":["Astrolabe","Replay:Ancient Bell"],"picked":"Replay:Grab Bag"},{"not_picked":["Philosopher\u0027s Stone","Runic Dome"],"picked":"Velvet Choker"},{"not_picked":["Cursed Key","Sozu"],"picked":"Fusion Hammer"},{"not_picked":["Runic Pyramid","Seventeenyearold_girl_Forever"],"picked":"Pandora\u0027s Box"},{"not_picked":["Honey Jar","Snecko Eye"],"picked":"SacredBark"}],"items_purged_floors":[21],"is_endless":false,"potions_floor_spawned":[1,3,5,14,18,19,31,33,37,38,39,42],"killed_by":"Sphere and 2 Shapes","ascension_level":0}}