{"host":"hjw1ay65n7jm40lc","time":1609565210,"event":{"mods":["AchievementEnabler","BaseMod","Block Reminder","Colored Map","Colored Powertips","Curses Come First","Downfall","Googly Eyes","Hermit","Highlight Path","Jorbs\u0027s Wanderer Trilogy","Minty Spire (QoL Compilation)","Quick Restart","Relic Stats","StSLib"],"gold_per_floor":[110,120,120,133,133,159,159,175,202,213,226,226,237,87,87,186,186,186,34,34,34,34,34,34,34,34,34,34,34,34,34,34,34,34,34,34,34,34,34,34,34,34,34,34,34,34,34,34,34,34],"floor_reached":51,"playtime":10690,"items_purged":["hermit:Strike_Hermit"],"score":694,"play_id":"f46bfb0d-70de-497a-84d2-40d0da8af3cb","local_time":"20210102002650","is_ascension_mode":false,"campfire_choices":[{"data":"hermit:BigShot","floor":7.0,"key":"SMITH"},{"data":"hermit:Cheat","floor":12.0,"key":"SMITH"},{"data":"hermit:Gestalt","floor":15.0,"key":"SMITH"},{"floor":27.0,"key":"REST"},{"data":"hermit:Determination","floor":30.0,"key":"SMITH"},{"floor":32.0,"key":"REST"},{"data":"expansioncontent:QuickStudy","floor":40,"key":"SMITH"},{"data":"hermit:FatalDesire","floor":44,"key":"SMITH"},{"data":"hermit:Dissolve","floor":47,"key":"SMITH"},{"data":"expansioncontent:DecasProtection","floor":49,"key":"SMITH"}],"circlet_count":0,"master_deck":["hermit:Strike_Hermit","hermit:Defend_Hermit","hermit:Defend_Hermit","hermit:Defend_Hermit","hermit:Defend_Hermit","hermit:Snapshot","hermit:Covet","hermit:NoHoldsBarred+1","hermit:Vantage","hermit:Cheat+1","hermit:Desperado","hermit:BigShot+1","hermit:Headshot","hermit:Gestalt+1","hermit:RoundhouseKick","hermit:FatalDesire+1","hermit:Gestalt+1","hermit:Determination+1","hermit:WideOpen+1","hermit:Dissolve+1","CurseOfTheBell","hermit:Gambit","expansioncontent:DecasProtection+1","expansioncontent:QuickStudy+1","hermit:Snipe+1"],"relics":["hermit:Momento","Vajra","Akabeko","Ectoplasm","Nilry\u0027s Codex","Centennial Puzzle","Lantern","Orichalcum","Calling Bell","CeramicFish","Pear","Prayer Wheel","Strawberry","Toy Ornithopter"],"acts_visited":["Exordium","TheCity","TheBeyond"],"potions_floor_usage":[33,41,50,50],"damage_taken":[{"damage":2.0,"enemies":"2 Louse","floor":1.0,"turns":2.0},{"damage":1.0,"enemies":"Cultist","floor":2.0,"turns":3.0},{"damage":6.0,"enemies":"Jaw Worm","floor":4.0,"turns":3.0},{"damage":16.0,"enemies":"Lagavulin","floor":6.0,"turns":6.0},{"damage":0.0,"enemies":"Lots of Slimes","floor":8.0,"turns":3.0},{"damage":0.0,"enemies":"Large Slime","floor":10.0,"turns":3.0},{"damage":2.0,"enemies":"2 Fungi Beasts","floor":11.0,"turns":2.0},{"damage":6.0,"enemies":"Lots of Slimes","floor":13.0,"turns":2.0},{"damage":1.0,"enemies":"Slime Boss","floor":16.0,"turns":6.0},{"damage":0.0,"enemies":"3 Byrds","floor":18.0,"turns":4.0},{"damage":2.0,"enemies":"Chosen","floor":21.0,"turns":3.0},{"damage":17.0,"enemies":"Book of Stabbing","floor":23.0,"turns":6.0},{"damage":3.0,"enemies":"Centurion and Healer","floor":24.0,"turns":3.0},{"damage":3.0,"enemies":"Snecko","floor":25.0,"turns":5.0},{"damage":22.0,"enemies":"Slavers","floor":28.0,"turns":4.0},{"damage":0.0,"enemies":"3 Cultists","floor":29.0,"turns":3.0},{"damage":1.0,"enemies":"Centurion and Healer","floor":31.0,"turns":5.0},{"damage":8,"enemies":"Champ","floor":33,"turns":6},{"damage":7,"enemies":"3 Shapes","floor":35,"turns":5},{"damage":4,"enemies":"Orb Walker","floor":36,"turns":5},{"damage":3,"enemies":"Nemesis","floor":41,"turns":6},{"damage":0,"enemies":"Jaw Worm Horde","floor":42,"turns":2},{"damage":0,"enemies":"Sphere and 2 Shapes","floor":46,"turns":4},{"damage":56,"enemies":"Donu and Deca","floor":50,"turns":8}],"seed_played":"-6728289047094913064","potions_obtained":[{"floor":1.0,"key":"Energy Potion"},{"floor":2.0,"key":"Dexterity Potion"},{"floor":4.0,"key":"AttackPotion"},{"floor":11.0,"key":"Guardian:BlockOnCardUsePotion"},{"floor":16.0,"key":"champ:CounterPotion"},{"floor":22.0,"key":"PowerPotion"},{"floor":29.0,"key":"Energy Potion"},{"floor":31.0,"key":"Guardian:BlockOnCardUsePotion"},{"floor":35,"key":"DistilledChaos"},{"floor":42,"key":"Swift Potion"}],"is_trial":false,"path_per_floor":["M","M","?","M","?","E","R","M","T","M","M","R","M","$","R","B",null,"M","$","?","M","?","E","M","M","T","R","E","M","R","M","R","B",null,"M","M","?","$","?","R","E","M","T","R","?","M","R","?","R","B",null],"character_chosen":"HERMIT","items_purchased":["hermit:RoundhouseKick","hermit:Determination"],"campfire_rested":2,"item_purchase_floors":[14,19],"current_hp_per_floor":[80,79,79,73,73,57,57,57,57,57,55,55,49,49,49,48,82,82,82,66,64,64,47,44,41,41,65,43,43,43,42,66,58,92,85,81,81,81,71,71,75,75,75,75,75,75,75,75,75,29],"gold":34,"neow_bonus":"TEN_PERCENT_HP_BONUS","is_daily":false,"chose_seed":false,"campfire_upgraded":8,"win_rate":0.0,"timestamp":1609565210,"path_taken":["M","M","?","M","?","E","R","M","T","M","M","R","M","$","R","BOSS","M","$","?","M","?","E","?","?","T","R","E","M","R","M","R","BOSS","M","M","?","$","?","R","E","M","T","R","?","?","R","?","R","BOSS"],"items_purchased_type":["Card","Card"],"build_version":"2020-12-22","purchased_purges":1,"victory":true,"max_hp_per_floor":[82,82,82,82,82,82,82,82,82,82,82,82,82,82,82,82,82,82,82,82,82,82,82,82,82,82,82,82,82,82,82,82,82,92,92,92,87,87,87,87,94,94,94,94,94,94,94,94,94,94],"relic_stats":{"Centennial Puzzle":[27],"counters":[24,99],"CeramicFish":0,"Prayer Wheel":4,"Ectoplasm":443,"Orichalcum":[102],"obtain_stats":[{"Lantern":26,"Pear":34,"Nilry\u0027s Codex":20,"CeramicFish":34,"Vajra":6,"Orichalcum":28,"Akabeko":9,"Calling Bell":34,"Centennial Puzzle":23,"Strawberry":41,"Prayer Wheel":34,"Ectoplasm":17,"hermit:Momento":0,"Toy Ornithopter":43},{"Lantern":14,"Pear":18,"Nilry\u0027s Codex":10,"CeramicFish":18,"Vajra":4,"Orichalcum":15,"Akabeko":5,"Calling Bell":18,"Centennial Puzzle":12,"Strawberry":21,"Prayer Wheel":18,"Ectoplasm":9,"hermit:Momento":0,"Toy Ornithopter":22},{"Lantern":51,"Pear":69,"Nilry\u0027s Codex":34,"CeramicFish":69,"Vajra":14,"Orichalcum":55,"Akabeko":17,"Calling Bell":69,"Centennial Puzzle":43,"Strawberry":85,"Prayer Wheel":69,"Ectoplasm":30,"hermit:Momento":0,"Toy Ornithopter":87}],"Toy Ornithopter":10},"card_choices":[{"not_picked":["hermit:FlashPowder","hermit:Misfire"],"picked":"hermit:NoHoldsBarred","floor":1.0},{"not_picked":["hermit:FullyLoaded","hermit:WideOpen"],"picked":"hermit:Vantage","floor":2.0},{"not_picked":["hermit:BigShot","hermit:Enervate"],"picked":"hermit:Desperado","floor":4.0},{"not_picked":["hermit:Malice","hermit:Maintenance"],"picked":"hermit:BigShot","floor":6.0},{"not_picked":["hermit:FlashPowder","hermit:Misfire","hermit:Vantage"],"picked":"SKIP","floor":8.0},{"not_picked":["hermit:HoleUp","hermit:Roulette","hermit:LowProfile"],"picked":"SKIP","floor":10.0},{"not_picked":["hermit:ItchyTrigger","hermit:SprayPray"],"picked":"hermit:Headshot","floor":11.0},{"not_picked":["hermit:HeroicBravado","hermit:LoneWolf"],"picked":"hermit:Gestalt","floor":13.0},{"not_picked":["hermit:EternalForm","hermit:Dissolve"],"picked":"hermit:FatalDesire","floor":16.0},{"not_picked":["hermit:ItchyTrigger","hermit:BodyArmor"],"picked":"hermit:Gestalt+1","floor":18.0},{"not_picked":["hermit:Snipe","hermit:Virtue+1","hermit:GoldenBullet+1"],"picked":"SKIP","floor":21.0},{"not_picked":["hermit:NoHoldsBarred","hermit:Misfire"],"picked":"hermit:WideOpen+1","floor":23.0},{"not_picked":["hermit:Showdown","hermit:Quickdraw","hermit:Vantage"],"picked":"SKIP","floor":24.0},{"not_picked":["hermit:Quickdraw","hermit:Shortfuse","hermit:Snipe"],"picked":"SKIP","floor":25.0},{"not_picked":["hermit:Magnum","hermit:Roulette","hermit:Vantage"],"picked":"SKIP","floor":28.0},{"not_picked":["hermit:LuckOfTheDraw","hermit:Snipe+1","hermit:TakeAim"],"picked":"SKIP","floor":29.0},{"not_picked":["hermit:Manifest+1","hermit:Headshot+1","hermit:HoleUp"],"picked":"SKIP","floor":31.0},{"not_picked":["hermit:EternalForm","hermit:FatalDesire"],"picked":"hermit:Dissolve","floor":33},{"not_picked":["hermit:Vantage","hermit:CalledShot+1","hermit:Enervate"],"picked":"SKIP","floor":35},{"not_picked":["hermit:Dive+1","hermit:Roulette","hermit:WideOpen+1"],"picked":"SKIP","floor":35},{"not_picked":["hermit:Quickdraw+1","hermit:Enervate+1"],"picked":"hermit:Gambit","floor":36},{"not_picked":["hermit:TrackingShot+1","hermit:HighCaliber+1","hermit:Desperado"],"picked":"SKIP","floor":36},{"not_picked":["Secret Technique","PanicButton"],"picked":"expansioncontent:DecasProtection","floor":39},{"not_picked":["Metamorphosis","Secret Technique"],"picked":"expansioncontent:QuickStudy","floor":39},{"not_picked":["hermit:Combo+1","hermit:Deadeye+1","hermit:Vantage+1"],"picked":"SKIP","floor":41},{"not_picked":["hermit:CalledShot+1","hermit:Glare+1","hermit:LowProfile"],"picked":"SKIP","floor":42},{"not_picked":["hermit:Roughhouse","hermit:Brawl","hermit:CursedWeapon"],"picked":"SKIP","floor":42},{"not_picked":["hermit:WideOpen+1","hermit:Quickdraw+1"],"picked":"hermit:Snipe+1","floor":46},{"not_picked":["hermit:SprayPray+1","hermit:ItchyTrigger","hermit:Maintenance+1"],"picked":"SKIP","floor":46}],"player_experience":733787,"relics_obtained":[{"floor":6.0,"key":"Vajra"},{"floor":9.0,"key":"Akabeko"},{"floor":20.0,"key":"Nilry\u0027s Codex"},{"floor":23.0,"key":"Centennial Puzzle"},{"floor":26.0,"key":"Lantern"},{"floor":28.0,"key":"Orichalcum"},{"floor":34,"key":"CeramicFish"},{"floor":34,"key":"Pear"},{"floor":34,"key":"Prayer Wheel"},{"floor":41,"key":"Strawberry"},{"floor":43,"key":"Toy Ornithopter"}],"event_choices":[{"damage_healed":0.0,"max_hp_gain":0.0,"max_hp_loss":0.0,"gold_gain":0.0,"cards_transformed":["hermit:Strike_Hermit"],"event_name":"Living Wall","player_choice":"Change","floor":3.0,"gold_loss":0.0,"damage_taken":0.0,"cards_obtained":["hermit:Cheat"]},{"damage_healed":0.0,"max_hp_gain":0.0,"max_hp_loss":0.0,"gold_gain":0.0,"event_name":"Upgrade Shrine","player_choice":"Upgraded","floor":5.0,"gold_loss":0.0,"damage_taken":0.0,"cards_upgraded":["hermit:NoHoldsBarred"]},{"damage_healed":0.0,"max_hp_gain":0.0,"max_hp_loss":0.0,"gold_gain":0.0,"event_name":"Cursed Tome","player_choice":"Obtained Book","floor":20.0,"gold_loss":0.0,"damage_taken":16.0},{"damage_healed":0.0,"max_hp_gain":0.0,"max_hp_loss":0.0,"gold_gain":0.0,"event_name":"Lab","player_choice":"Got Potions","floor":22.0,"gold_loss":0.0,"damage_taken":0.0},{"damage_healed":0,"gold_gain":0,"player_choice":"Max HP","damage_taken":0,"max_hp_gain":0,"max_hp_loss":5,"event_name":"Winding Halls","floor":37,"gold_loss":0},{"damage_healed":0,"gold_gain":0,"player_choice":"Memory 3","damage_taken":10,"max_hp_gain":0,"max_hp_loss":0,"event_name":"SensoryStone","floor":39,"gold_loss":0},{"damage_healed":0,"gold_gain":0,"player_choice":"Ignored","damage_taken":0,"max_hp_gain":0,"max_hp_loss":0,"event_name":"NoteForYourself","floor":45,"gold_loss":0},{"cards_removed":["hermit:Strike_Hermit"],"damage_healed":0,"gold_gain":0,"player_choice":"Removed Attack","damage_taken":0,"max_hp_gain":0,"max_hp_loss":0,"event_name":"Falling","floor":48,"gold_loss":0}],"is_beta":false,"boss_relics":[{"not_picked":["SacredBark","Busted Crown"],"picked":"Ectoplasm"},{"not_picked":["Pandora\u0027s Box","Philosopher\u0027s Stone"],"picked":"Calling Bell"}],"items_purged_floors":[19],"is_endless":false,"potions_floor_spawned":[1,2,4,11,16,18,29,31,35,36,42],"ascension_level":0}}