{"host":"minbhrtlkaoly5f0","time":1609579706,"event":{"mods":["Act Like it!","BaseMod","Colored Map","Colored Powertips","Lobotomy","LobotomyExtend","Luminous","Minty Spire (QoL Compilation)","Quick Restart","StSLib"],"gold_per_floor":[113,129,54,69,88,88,88],"floor_reached":6,"playtime":360,"items_purged":["Strike_R"],"score":38,"play_id":"a6ae3152-6189-41c1-868c-3ec1ec792ee5","local_time":"20210102172826","is_ascension_mode":false,"campfire_choices":[],"circlet_count":0,"master_deck":["Strike_R","Strike_R","Strike_R","Strike_R","Defend_R","Defend_R","Defend_R","Defend_R","Bash","VoidDream","Headbutt","MHz","Heavy Blade","DespairKnight","OldLady"],"relics":["Burning Blood","CogitoBucket","LetterFromLob"],"acts_visited":["Exordium"],"potions_floor_usage":[],"damage_taken":[{"damage":6,"enemies":"Cultist","floor":1,"turns":3},{"damage":0,"enemies":"2 Louse","floor":2,"turns":3},{"damage":1,"enemies":"Jaw Worm","floor":4,"turns":3},{"damage":11,"enemies":"Blue Slaver","floor":5,"turns":6},{"damage":49,"enemies":"Lagavulin","floor":6,"turns":9}],"seed_played":"7795122993026010854","potions_obtained":[{"floor":4,"key":"Dexterity Potion"}],"is_trial":false,"path_per_floor":["M","M","$","M","M","E"],"character_chosen":"IRONCLAD","items_purchased":[],"campfire_rested":0,"item_purchase_floors":[],"current_hp_per_floor":[80,80,80,80,75,26,26],"gold":88,"neow_bonus":"","is_daily":false,"chose_seed":false,"campfire_upgraded":0,"win_rate":0.0,"timestamp":1609579706,"path_taken":["M","M","?","M","M","E"],"items_purchased_type":[],"build_version":"2020-12-22","purchased_purges":1,"victory":false,"max_hp_per_floor":[80,80,80,80,80,80,80],"card_choices":[{"not_picked":["Bloodbath","OSAHOGD","UniverseFragment"],"picked":"Singing Bowl","floor":1},{"not_picked":["Variant","BeautyBeast"],"picked":"VoidDream","floor":1},{"not_picked":["Iron Wave","Pummel"],"picked":"Headbutt","floor":1},{"not_picked":["DreamingCurrent","OSAHOGD"],"picked":"MHz","floor":2},{"not_picked":["Burning Pact","Body Slam"],"picked":"Heavy Blade","floor":2},{"not_picked":["DreamingCurrent","ShyLook","BeautyBeast"],"picked":"Singing Bowl","floor":4},{"not_picked":["Murderer","BeautyBeast"],"picked":"DespairKnight","floor":4},{"not_picked":["Intimidate","Armaments","True Grit"],"picked":"SKIP","floor":4},{"not_picked":["Rudolta","OldLady","BeautyBeast"],"picked":"Singing Bowl","floor":5},{"not_picked":["QueenBee","SpiderBud"],"picked":"OldLady","floor":5},{"not_picked":["Sword Boomerang","Headbutt","Reckless Charge"],"picked":"SKIP","floor":5},{"not_picked":["Sword Boomerang","Headbutt","Reckless Charge"],"picked":"SKIP","floor":5}],"player_experience":11941,"relics_obtained":[{"floor":1,"key":"LetterFromLob"}],"event_choices":[],"is_beta":false,"boss_relics":[],"items_purged_floors":[3],"is_endless":false,"potions_floor_spawned":[4],"killed_by":"Lagavulin","ascension_level":0}}