{"host":"tfkz8stxzb1up54p","time":1609579221,"event":{"mods":["AchievementEnabler","BaseMod","Better Note","Block Reminder","Colored Powertips","Curses Come First","Disable Question Mark Monsters","Displayed Cursed Tome","Emptier Cage","Gold Saver","Gremlin Skip","Highlight Path","Minty Spire (QoL Compilation)","Permanent Neow","StSLib"],"gold_per_floor":[1083,274,289,304,304,319,319,349,349,364,394,94,109,124,124,224,224,239,314,29,44,143,173,188,203,228,243,273,273,303,11,11,111,111,126,126,141,156,171,201,201,201,226,176,176,206,81,81,81,81],"floor_reached":51,"playtime":2965,"items_purged":["Wild Strike","Shame","Regret"],"score":1177,"play_id":"cb99dff6-49c9-4dc7-aa3c-c4ae166b8b09","local_time":"20210102092021","daily_mods":["Insanity","Time Dilation","Binary"],"is_ascension_mode":false,"campfire_choices":[{"floor":15,"key":"DIG"},{"floor":29,"key":"DIG"},{"floor":32,"key":"DIG"},{"floor":41,"key":"DIG"},{"floor":49,"key":"DIG"}],"circlet_count":0,"master_deck":["Uppercut+1","Shrug It Off+1","Anger+1","Perfected Strike+1","Headbutt+1","Flame Barrier+1","Armaments+1","Sentinel+1","Heavy Blade+1","Havoc+1","Rage+1","Dropkick+1","Cleave+1","Havoc+1","Dark Embrace+1","Twin Strike+1","Battle Trance+1","Bloodletting+1","Twin Strike+1","Cleave+1","Inflame+1","True Grit+1","Burning Pact+1","Searing Blow+1","Spot Weakness+1","Bloodletting+1","Twin Strike+1","Twin Strike+1","Heavy Blade+1","True Grit+1","Warcry+1","True Grit+1","Cleave+1","Searing Blow+1","Shrug It Off+1","Body Slam+1","Thunderclap+1","Wild Strike+1","Havoc+1","Flex+1","Dual Wield+1","Sentinel+1","Clothesline+1","Perfected Strike+1","Anger+1","Flex+1","Rampage+1","Warcry+1","Clash+1","Perfected Strike+1","Mind Blast+1","Shrug It Off+1","Shockwave+1","Inflame+1","Flame Barrier+1","Thunderclap+1","Twin Strike+1","Thunderclap+1","True Grit+1","Cleave+1","Flex+1","Rage+1","Sword Boomerang+1","Immolate+1","Pommel Strike+1","Injury","Seeing Red+1","Armaments+1","Warcry+1","Anger+1","Shrug It Off+1","Pummel+1","Carnage+1","Trip+1","Disarm+1","Mayhem+1","Immolate+1","Disarm+1","Inflame+1","Thunderclap+1","Headbutt+1","Parasite","Clothesline+1"],"relics":["Burning Blood","Tiny Chest","Thread and Needle","Orrery","Kunai","Bag of Preparation","Pear","Happy Flower","Shovel","Smiling Mask","Cursed Key","Shuriken","Paper Frog","Strawberry","Bronze Scales","Turnip","Lantern","Centennial Puzzle","Membership Card","Ornamental Fan","Black Star","Vajra","War Paint","Bottled Flame","White Beast Statue","Boot","Mark of the Bloom","Toy Ornithopter","MealTicket","Pen Nib","Pocketwatch"],"acts_visited":["Exordium","TheCity","TheBeyond"],"potions_floor_usage":[16,16,18,28,28,38,50,50,50],"damage_taken":[{"damage":0,"enemies":"Cultist","floor":1,"turns":3},{"damage":0,"enemies":"Jaw Worm","floor":3,"turns":1},{"damage":0,"enemies":"2 Louse","floor":4,"turns":2},{"damage":0,"enemies":"Blue Slaver","floor":6,"turns":1},{"damage":0,"enemies":"Gremlin Nob","floor":8,"turns":2},{"damage":0,"enemies":"2 Fungi Beasts","floor":10,"turns":1},{"damage":3,"enemies":"Lagavulin","floor":11,"turns":2},{"damage":0,"enemies":"Lots of Slimes","floor":13,"turns":2},{"damage":0,"enemies":"Looter","floor":14,"turns":1},{"damage":23,"enemies":"Hexaghost","floor":16,"turns":3},{"damage":0,"enemies":"2 Thieves","floor":18,"turns":1},{"damage":0,"enemies":"Shell Parasite","floor":21,"turns":1},{"damage":2,"enemies":"Slavers","floor":23,"turns":4},{"damage":0,"enemies":"Centurion and Healer","floor":24,"turns":4},{"damage":0,"enemies":"Sentry and Sphere","floor":25,"turns":2},{"damage":0,"enemies":"Snake Plant","floor":27,"turns":1},{"damage":0,"enemies":"Gremlin Leader","floor":28,"turns":1},{"damage":3,"enemies":"Slavers","floor":30,"turns":3},{"damage":0,"enemies":"Collector","floor":33,"turns":3},{"damage":0,"enemies":"Orb Walker","floor":35,"turns":1},{"damage":0,"enemies":"3 Darklings","floor":37,"turns":3},{"damage":3,"enemies":"Spire Growth","floor":38,"turns":1},{"damage":0,"enemies":"Transient","floor":39,"turns":5},{"damage":0,"enemies":"Nemesis","floor":40,"turns":1},{"damage":5,"enemies":"Giant Head","floor":46,"turns":2},{"damage":21,"enemies":"Donu and Deca","floor":50,"turns":4}],"seed_played":"-4486375853315586652","potions_obtained":[{"floor":1,"key":"SmokeBomb"},{"floor":4,"key":"DuplicationPotion"},{"floor":13,"key":"LiquidBronze"},{"floor":16,"key":"SneckoOil"},{"floor":23,"key":"ElixirPotion"},{"floor":24,"key":"FearPotion"},{"floor":28,"key":"BloodPotion"},{"floor":33,"key":"EssenceOfSteel"},{"floor":35,"key":"SteroidPotion"},{"floor":37,"key":"EssenceOfSteel"},{"floor":40,"key":"Swift Potion"},{"floor":46,"key":"Swift Potion"}],"is_trial":false,"path_per_floor":["M","$","M","M","?","M","T","E","T","M","E","$","M","M","R","B",null,"M","T","$","M","?","E","M","M","T","M","E","R","E","$","R","B",null,"M","?","M","M","M","E","R","T","T","$","?","E","$","?","R","B",null],"character_chosen":"IRONCLAD","items_purchased":["Mind Blast","Tiny Chest","Thread and Needle","Shrug It Off","Orrery","Shovel","Paper Frog","Seeing Red","Membership Card","Trip","Disarm","Mayhem","Pen Nib"],"campfire_rested":0,"item_purchase_floors":[2,2,2,2,2,12,20,20,31,31,31,31,47],"current_hp_per_floor":[80,80,80,80,64,70,70,76,86,90,90,90,90,90,90,73,90,90,90,90,90,90,97,97,97,97,97,97,97,97,97,97,97,97,97,107,107,107,107,107,107,107,107,107,107,102,102,102,102,81],"gold":81,"neow_bonus":"","is_daily":true,"chose_seed":false,"campfire_upgraded":0,"win_rate":0.0,"timestamp":1609579221,"path_taken":["M","$","M","?","?","M","?","E","T","M","E","$","M","M","R","BOSS","M","?","$","M","?","E","M","M","T","M","E","R","E","?","R","BOSS","M","?","M","M","M","E","R","?","T","$","?","E","?","?","R","BOSS"],"items_purchased_type":["Card","Relic","Relic","Card","Relic","Relic","Relic","Card","Relic","Card","Card","Card","Relic"],"build_version":"2020-12-22","purchased_purges":3,"victory":true,"max_hp_per_floor":[80,80,80,80,80,80,80,80,90,90,90,90,90,90,90,90,90,90,90,90,90,90,97,97,97,97,97,97,97,97,97,97,97,97,97,107,107,107,107,107,107,107,107,107,107,107,107,107,107,107],"card_choices":[{"not_picked":["Warcry"],"picked":"Perfected Strike","floor":1},{"not_picked":["Armaments"],"picked":"Shockwave","floor":2},{"not_picked":["Perfected Strike"],"picked":"Inflame","floor":2},{"not_picked":["Heavy Blade"],"picked":"Flame Barrier","floor":2},{"not_picked":["Clothesline"],"picked":"Demon Form","floor":2},{"not_picked":["Clothesline"],"picked":"Thunderclap","floor":2},{"not_picked":["Dropkick"],"picked":"Twin Strike","floor":3},{"not_picked":["Thunderclap","Armaments"],"picked":"SKIP","floor":4},{"not_picked":["Armaments"],"picked":"Thunderclap","floor":4},{"not_picked":["Cleave"],"picked":"True Grit","floor":6},{"not_picked":["Clothesline"],"picked":"Cleave","floor":8},{"not_picked":["Headbutt"],"picked":"Flex","floor":10},{"not_picked":["Body Slam"],"picked":"Rage","floor":11},{"not_picked":["Evolve","Warcry"],"picked":"SKIP","floor":13},{"not_picked":["Bludgeon"],"picked":"Sword Boomerang","floor":14},{"not_picked":["Exhume"],"picked":"Immolate","floor":16},{"not_picked":["Warcry+1"],"picked":"Pommel Strike","floor":18},{"not_picked":["Fire Breathing"],"picked":"Armaments+1","floor":21},{"not_picked":["True Grit"],"picked":"Warcry","floor":23},{"not_picked":["Wild Strike"],"picked":"Anger","floor":24},{"not_picked":["Blood for Blood","Body Slam"],"picked":"SKIP","floor":25},{"not_picked":["Headbutt"],"picked":"Shrug It Off","floor":27},{"not_picked":["Anger"],"picked":"Pummel","floor":28},{"not_picked":["Evolve+1"],"picked":"Carnage+1","floor":30},{"not_picked":["Juggernaut"],"picked":"Immolate","floor":33},{"not_picked":["Searing Blow+1"],"picked":"Disarm","floor":35},{"not_picked":["Body Slam","Wild Strike+1"],"picked":"SKIP","floor":37},{"not_picked":["Burning Pact"],"picked":"Inflame+1","floor":38},{"not_picked":["Blood for Blood+1"],"picked":"Thunderclap","floor":39},{"not_picked":["Immolate"],"picked":"Headbutt+1","floor":40},{"not_picked":["Iron Wave"],"picked":"Clothesline+1","floor":46}],"player_experience":1300595,"relics_obtained":[{"floor":7,"key":"Kunai"},{"floor":8,"key":"Bag of Preparation"},{"floor":9,"key":"Pear"},{"floor":11,"key":"Happy Flower"},{"floor":15,"key":"Smiling Mask"},{"floor":19,"key":"Shuriken"},{"floor":23,"key":"Strawberry"},{"floor":26,"key":"Bronze Scales"},{"floor":28,"key":"Turnip"},{"floor":29,"key":"Lantern"},{"floor":30,"key":"Centennial Puzzle"},{"floor":32,"key":"Ornamental Fan"},{"floor":40,"key":"Vajra"},{"floor":40,"key":"War Paint"},{"floor":41,"key":"Bottled Flame"},{"floor":42,"key":"White Beast Statue"},{"floor":43,"key":"Boot"},{"floor":46,"key":"Toy Ornithopter"},{"floor":46,"key":"MealTicket"},{"floor":49,"key":"Pocketwatch"}],"event_choices":[{"damage_healed":0,"gold_gain":0,"player_choice":"Entered Light","damage_taken":16,"max_hp_gain":0,"max_hp_loss":0,"event_name":"Shining Light","floor":5,"gold_loss":0,"cards_upgraded":["Burning Pact","Thunderclap"]},{"damage_healed":0,"gold_gain":99,"player_choice":"Stole From Cult","damage_taken":0,"max_hp_gain":0,"max_hp_loss":0,"event_name":"Nest","floor":22,"gold_loss":0},{"cards_removed":["Demon Form"],"damage_healed":0,"gold_gain":0,"player_choice":"Offered Rare","damage_taken":0,"max_hp_gain":10,"max_hp_loss":0,"event_name":"Bonfire Elementals","floor":36,"gold_loss":0},{"damage_healed":0,"gold_gain":0,"player_choice":"Upgrade","damage_taken":0,"relics_obtained":["Mark of the Bloom"],"max_hp_gain":0,"max_hp_loss":0,"event_name":"MindBloom","floor":45,"gold_loss":0,"cards_upgraded":["Uppercut","Shrug It Off","Anger","Perfected Strike","Headbutt","Flame Barrier","Armaments","Sentinel","Heavy Blade","Rage","Dropkick","Cleave","Havoc","Dark Embrace","Twin Strike","Battle Trance","Bloodletting","Twin Strike","Cleave","Inflame","True Grit","Searing Blow","Spot Weakness","Bloodletting","Twin Strike","Twin Strike","Heavy Blade","True Grit","Warcry","True Grit","Cleave","Searing Blow","Shrug It Off","Body Slam","Thunderclap","Wild Strike","Havoc","Flex","Dual Wield","Sentinel","Clothesline","Perfected Strike","Anger","Flex","Rampage","Warcry","Clash","Perfected Strike","Mind Blast","Shrug It Off","Inflame","Flame Barrier","Thunderclap","Twin Strike","True Grit","Cleave","Flex","Rage","Sword Boomerang","Immolate","Pommel Strike","Seeing Red","Warcry","Anger","Shrug It Off","Pummel","Trip","Disarm","Mayhem","Immolate","Disarm","Thunderclap"]},{"damage_healed":0,"gold_gain":0,"player_choice":"Ignored","damage_taken":0,"max_hp_gain":0,"max_hp_loss":0,"event_name":"Tomb of Lord Red Mask","floor":48,"gold_loss":0}],"is_beta":false,"boss_relics":[{"not_picked":["Sozu","Busted Crown"],"picked":"Cursed Key"},{"not_picked":["Calling Bell","SlaversCollar"],"picked":"Black Star"}],"items_purged_floors":[2,44,47],"is_endless":false,"potions_floor_spawned":[1,4,13,16,23,24,28,33,35,37,40,46],"ascension_level":0}}