{"host":"m6h67kf6cz80m3yv","time":1609549002,"event":{"mods":["Bartender","BaseMod","Better Third Choice","BetterRewards","CatGirl Mod","Colored Powertips","Downfall","Duelist Mod","Hermit","Marisa????????","Minty Spire (QoL Compilation)","Prisma Mod","Quick Restart","Shade Mod","Shop Mod","StSLib","SuperFastMode","The Dragon Tamer","The Marked","The Servant 0.9.4"],"gold_per_floor":[119,119,119,131,149,180,180,218,218,554,738,778,853,894,894,894,894],"floor_reached":16,"playtime":535,"items_purged":[],"score":143,"play_id":"f1c2c01a-8f3e-416f-aadf-0a07584d60a0","local_time":"20210101225642","is_ascension_mode":true,"campfire_choices":[{"floor":7.0,"key":"REST"},{"floor":15.0,"key":"REST"}],"circlet_count":0,"master_deck":["theMarked:Strike","theMarked:Strike","theMarked:Strike","theMarked:Strike","theMarked:Strike","theMarked:Defend","theMarked:Defend","theMarked:Defend","theMarked:Defend","theMarked:SoldierOfQuellstein+1","theMarked:EmpowerWeapon+1","theMarked:ElementalBlade","theMarked:Generate","theMarked:UnarmedFury","theMarked:MagicAdept","theMarked:Improvise","Doubt","theMarked:ComboAttacks","theMarked:MysticalArsenal"],"relics":["theMarked:ArtifactOfAir","Unceasing Top","Sundial","CeramicFish","Turnip","Old Coin","Girya","Omamori"],"acts_visited":["Exordium"],"potions_floor_usage":[],"damage_taken":[{"damage":1.0,"enemies":"Cultist","floor":1.0,"turns":3.0},{"damage":0.0,"enemies":"Small Slimes","floor":4.0,"turns":2.0},{"damage":2.0,"enemies":"2 Louse","floor":5.0,"turns":2.0},{"damage":26.0,"enemies":"Lagavulin","floor":6.0,"turns":6.0},{"damage":6.0,"enemies":"Gremlin Nob","floor":8.0,"turns":3.0},{"damage":22.0,"enemies":"3 Sentries","floor":10.0,"turns":7.0},{"damage":18.0,"enemies":"Lagavulin","floor":12.0,"turns":4.0},{"damage":22.0,"enemies":"3 Sentries","floor":14.0,"turns":7.0},{"damage":32,"enemies":"The Guardian","floor":16,"turns":2}],"seed_played":"-623050704595806761","potions_obtained":[{"floor":1.0,"key":"FairyPotion"},{"floor":5.0,"key":"champ:CounterPotion"},{"floor":6.0,"key":"champ:CounterPotion"},{"floor":8.0,"key":"DistilledChaos"}],"is_trial":false,"path_per_floor":["M","T","?","M","M","E","R","E","T","E","?","E","?","E","R","B"],"character_chosen":"THE_DEFAULT","items_purchased":[],"campfire_rested":2,"item_purchase_floors":[],"current_hp_per_floor":[69,69,69,69,67,41,62,56,56,34,34,16,5,8,29,0,0],"gold":894,"neow_bonus":"UPGRADE_CARD","is_daily":false,"chose_seed":false,"campfire_upgraded":0,"win_rate":0.0,"timestamp":1609549002,"path_taken":["M","?","?","?","M","E","R","E","T","E","?","E","?","E","R","BOSS"],"items_purchased_type":[],"build_version":"2020-12-22","purchased_purges":0,"victory":false,"max_hp_per_floor":[70,70,70,70,70,70,70,70,70,70,70,70,70,70,70,70,70],"card_choices":[{"not_picked":["theMarked:ComboAttacks","theMarked:KeepCalmAndFightOn"],"picked":"theMarked:EmpowerWeapon","floor":1.0},{"not_picked":["theMarked:TwofoldDefense","theMarked:ResourceFulStrike"],"picked":"theMarked:ElementalBlade","floor":4.0},{"not_picked":["theMarked:TakeCover","theMarked:Overthink"],"picked":"theMarked:Generate","floor":5.0},{"not_picked":["theMarked:Overthink","theMarked:Parry"],"picked":"theMarked:UnarmedFury","floor":6.0},{"not_picked":["theMarked:ElectricStrings","theMarked:ResourceFulStrike"],"picked":"theMarked:MagicAdept","floor":8.0},{"not_picked":["theMarked:ElectricStrings","theMarked:ShockingTouch"],"picked":"theMarked:Improvise","floor":10.0},{"not_picked":["theMarked:Aftermath","theMarked:LightningStrikesTwice"],"picked":"theMarked:ComboAttacks","floor":12.0},{"not_picked":["theMarked:Vacuum","theMarked:WardOff"],"picked":"theMarked:MysticalArsenal","floor":14.0}],"player_experience":324650,"relics_obtained":[{"floor":2.0,"key":"Unceasing Top"},{"floor":6.0,"key":"Sundial"},{"floor":8.0,"key":"CeramicFish"},{"floor":9.0,"key":"Turnip"},{"floor":10.0,"key":"Old Coin"},{"floor":12.0,"key":"Girya"},{"floor":14.0,"key":"Omamori"}],"event_choices":[{"damage_healed":0.0,"max_hp_gain":0.0,"max_hp_loss":0.0,"gold_gain":0.0,"event_name":"Accursed Blacksmith","player_choice":"Forge","floor":3.0,"gold_loss":0.0,"damage_taken":0.0,"cards_upgraded":["theMarked:EmpowerWeapon"]},{"damage_healed":0.0,"max_hp_gain":0.0,"max_hp_loss":0.0,"gold_gain":175.0,"event_name":"betterThird:BetterSerpent","player_choice":"AGREE","floor":11.0,"gold_loss":0.0,"damage_taken":554.0},{"damage_healed":0.0,"max_hp_gain":0.0,"max_hp_loss":0.0,"gold_gain":75.0,"event_name":"betterThird:BetterGoop","player_choice":"Gold","floor":13.0,"gold_loss":0.0,"damage_taken":11.0}],"is_beta":false,"boss_relics":[],"items_purged_floors":[],"is_endless":false,"potions_floor_spawned":[1,5,6,8,10],"killed_by":"The Guardian","ascension_level":1}}