{"host":"z9811rt50ti81n54","time":1609595408,"event":{"mods":["BaseMod","Minty Spire (QoL Compilation)","Relic Stats"],"gold_per_floor":[118,118,1,1,16,16,28,28,28,92,110,26,26,44,44,149,149,168,188,188,188,188,188,205,237,263,263,80,80,80,95,95,197,197,208,208,4,4,23,23,40,50,50,50,50,67,84,84,84,84],"floor_reached":51,"playtime":1218,"items_purged":["Strike_R","Strike_R"],"score":755,"play_id":"a7226d23-7531-4ae3-a729-044a24ce0033","local_time":"20210102225008","is_ascension_mode":false,"campfire_choices":[{"data":"Bash","floor":6.0,"key":"SMITH"},{"data":"Battle Trance","floor":8.0,"key":"SMITH"},{"data":"Flame Barrier","floor":13.0,"key":"SMITH"},{"data":"Uppercut","floor":15.0,"key":"SMITH"},{"data":"Immolate","floor":23.0,"key":"SMITH"},{"data":"Evolve","floor":27.0,"key":"SMITH"},{"data":"Power Through","floor":29.0,"key":"SMITH"},{"data":"Swift Strike","floor":32,"key":"SMITH"},{"data":"Demon Form","floor":40,"key":"SMITH"},{"floor":49,"key":"RECALL"}],"circlet_count":0,"master_deck":["Defend_R+1","Defend_R+1","Bash+1","Power Through+1","Reckless Charge+1","Battle Trance+1","Flame Barrier+1","Second Wind+1","Swift Strike+1","Uppercut+1","Immolate+1","Evolve+1","Armaments+1","Demon Form+1","Immolate+1","Apotheosis+1","Dark Shackles+1","Intimidate+1"],"relics":["Burning Blood","Lantern","StrikeDummy","Vajra","Busted Crown","Enchiridion","Thread and Needle","The Courier","Centennial Puzzle","Bag of Preparation","Empty Cage","DollysMirror","Darkstone Periapt","Mark of the Bloom"],"acts_visited":["Exordium","TheCity","TheBeyond"],"potions_floor_usage":[50,50,50],"damage_taken":[{"damage":5.0,"enemies":"Small Slimes","floor":1.0,"turns":3.0},{"damage":0.0,"enemies":"Cultist","floor":5.0,"turns":2.0},{"damage":0.0,"enemies":"Jaw Worm","floor":7.0,"turns":2.0},{"damage":0.0,"enemies":"2 Fungi Beasts","floor":11.0,"turns":3.0},{"damage":0.0,"enemies":"3 Louse","floor":14.0,"turns":3.0},{"damage":0.0,"enemies":"Slime Boss","floor":16.0,"turns":6.0},{"damage":10.0,"enemies":"2 Thieves","floor":18.0,"turns":3.0},{"damage":1.0,"enemies":"Chosen","floor":19.0,"turns":3.0},{"damage":2.0,"enemies":"Centurion and Healer","floor":24.0,"turns":3.0},{"damage":0.0,"enemies":"Slavers","floor":25.0,"turns":2.0},{"damage":0,"enemies":"Sentry and Sphere","floor":31,"turns":3},{"damage":18,"enemies":"Automaton","floor":33,"turns":8},{"damage":0,"enemies":"Orb Walker","floor":35,"turns":2},{"damage":0,"enemies":"3 Shapes","floor":39,"turns":2},{"damage":0,"enemies":"Transient","floor":41,"turns":5},{"damage":0,"enemies":"3 Darklings","floor":42,"turns":2},{"damage":0,"enemies":"4 Shapes","floor":46,"turns":2},{"damage":0,"enemies":"Writhing Mass","floor":47,"turns":5},{"damage":21,"enemies":"Donu and Deca","floor":50,"turns":6}],"seed_played":"953367898373716731","potions_obtained":[{"floor":11.0,"key":"FearPotion"},{"floor":14.0,"key":"SpeedPotion"},{"floor":16.0,"key":"Strength Potion"},{"floor":33,"key":"DistilledChaos"},{"floor":39,"key":"HeartOfIron"}],"is_trial":false,"path_per_floor":["M","?","$","T","M","R","M","R","T","?","M","$","R","M","R","B",null,"M","M","?","?","T","R","M","E","T","R","$","R","?","M","R","B",null,"M","?","$","?","M","R","M","M","T","?","?","M","M","?","R","B",null],"character_chosen":"IRONCLAD","items_purchased":["Power Through","Reckless Charge","Swift Strike","Bag of Preparation","DollysMirror"],"campfire_rested":0,"item_purchase_floors":[3,3,12,28,37],"current_hp_per_floor":[72,72,72,72,72,72,72,72,72,72,72,72,72,72,72,72,72,68,72,56,56,56,56,60,66,66,66,66,66,66,72,72,60,72,72,72,72,72,72,72,72,72,72,72,62,68,72,72,72,51],"gold":84,"neow_bonus":"REMOVE_TWO","is_daily":false,"chose_seed":false,"campfire_upgraded":9,"win_rate":0.0,"timestamp":1609595408,"path_taken":["M","?","?","?","M","R","M","R","T","?","M","$","R","M","R","BOSS","M","M","?","?","?","R","?","E","T","R","?","R","?","M","R","BOSS","M","?","$","?","?","R","M","M","T","?","?","M","M","?","R","BOSS"],"items_purchased_type":["Card","Card","Card","Relic","Relic"],"build_version":"2020-12-22","purchased_purges":2,"victory":true,"max_hp_per_floor":[72,72,72,72,72,72,72,72,72,72,72,72,72,72,72,72,72,72,72,72,72,72,72,72,72,72,72,72,72,72,72,72,72,72,72,72,72,72,72,72,72,72,72,72,72,72,72,72,72,72],"relic_stats":{"Darkstone Periapt":0,"Centennial Puzzle":[3],"Mark of the Bloom":6,"Busted Crown":30,"counters":[19,65],"Bag of Preparation":[18],"obtain_stats":[{"Darkstone Periapt":43,"Lantern":2,"Mark of the Bloom":48,"Vajra":9,"Enchiridion":20,"Thread and Needle":22,"The Courier":25,"Bag of Preparation":28,"Empty Cage":34,"Burning Blood":0,"Centennial Puzzle":26,"Busted Crown":17,"DollysMirror":37,"StrikeDummy":4},{"Darkstone Periapt":16,"Lantern":1,"Mark of the Bloom":18,"Vajra":3,"Enchiridion":8,"Thread and Needle":8,"The Courier":10,"Bag of Preparation":10,"Empty Cage":12,"Burning Blood":0,"Centennial Puzzle":10,"Busted Crown":6,"DollysMirror":13,"StrikeDummy":1},{"Darkstone Periapt":52,"Lantern":3,"Mark of the Bloom":59,"Vajra":7,"Enchiridion":25,"Thread and Needle":25,"The Courier":30,"Bag of Preparation":30,"Empty Cage":41,"Burning Blood":0,"Centennial Puzzle":30,"Busted Crown":19,"DollysMirror":43,"StrikeDummy":3}],"Burning Blood":50},"card_choices":[{"not_picked":["Armaments","Shrug It Off"],"picked":"Clothesline","floor":1.0},{"not_picked":["Clothesline","Armaments"],"picked":"Battle Trance","floor":5.0},{"not_picked":["Sever Soul","Shrug It Off"],"picked":"Flame Barrier","floor":7.0},{"not_picked":["Havoc","Inflame"],"picked":"Second Wind","floor":11.0},{"not_picked":["Armaments","Havoc"],"picked":"Uppercut","floor":14.0},{"not_picked":["Limit Break","Fiend Fire"],"picked":"Immolate","floor":16.0},{"not_picked":["Sword Boomerang"],"picked":"SKIP","floor":18.0},{"not_picked":["Twin Strike"],"picked":"SKIP","floor":19.0},{"not_picked":[],"picked":"Armaments+1","floor":24.0},{"not_picked":["Carnage"],"picked":"SKIP","floor":25.0},{"not_picked":["Body Slam"],"picked":"SKIP","floor":31},{"not_picked":[],"picked":"Demon Form","floor":33},{"not_picked":["Armaments+1"],"picked":"SKIP","floor":35},{"not_picked":["Shrug It Off"],"picked":"SKIP","floor":39},{"not_picked":["Headbutt"],"picked":"SKIP","floor":41},{"not_picked":["Clothesline+1"],"picked":"SKIP","floor":42},{"not_picked":[],"picked":"Apotheosis","floor":45},{"not_picked":[],"picked":"Dark Shackles","floor":45},{"not_picked":["Armaments+1"],"picked":"SKIP","floor":46},{"not_picked":["Intimidate+1"],"picked":"SKIP","floor":47},{"not_picked":[],"picked":"Intimidate+1","floor":47}],"player_experience":269537,"relics_obtained":[{"floor":4.0,"key":"StrikeDummy"},{"floor":9.0,"key":"Vajra"},{"floor":20.0,"key":"Enchiridion"},{"floor":22.0,"key":"Thread and Needle"},{"floor":25.0,"key":"The Courier"},{"floor":26.0,"key":"Centennial Puzzle"},{"floor":43,"key":"Darkstone Periapt"}],"event_choices":[{"cards_removed":["Clothesline"],"damage_healed":0.0,"max_hp_gain":0.0,"max_hp_loss":0.0,"gold_gain":0.0,"event_name":"WeMeetAgain","player_choice":"Gave Card","floor":2.0,"gold_loss":0.0,"damage_taken":0.0,"relics_obtained":["Lantern"]},{"damage_healed":0.0,"max_hp_gain":0.0,"max_hp_loss":0.0,"gold_gain":64.0,"event_name":"Golden Wing","player_choice":"Gained Gold","floor":10.0,"gold_loss":0.0,"damage_taken":0.0},{"damage_healed":0.0,"max_hp_gain":0.0,"max_hp_loss":0.0,"gold_gain":0.0,"event_name":"Cursed Tome","player_choice":"Obtained Book","floor":20.0,"gold_loss":0.0,"damage_taken":16.0},{"damage_healed":0.0,"max_hp_gain":0.0,"max_hp_loss":0.0,"gold_gain":0.0,"event_name":"The Library","player_choice":"Read","floor":21.0,"gold_loss":0.0,"damage_taken":0.0,"cards_obtained":["Evolve"]},{"damage_healed":0.0,"max_hp_gain":0.0,"max_hp_loss":0.0,"gold_gain":0.0,"event_name":"Ghosts","player_choice":"Ignored","floor":30.0,"gold_loss":0.0,"damage_taken":0.0},{"damage_healed":0,"gold_gain":0,"player_choice":"Ignored","damage_taken":0,"max_hp_gain":0,"max_hp_loss":0,"event_name":"Tomb of Lord Red Mask","floor":36,"gold_loss":0},{"cards_removed":["Defend_R"],"damage_healed":0,"gold_gain":0,"player_choice":"Offered Basic","damage_taken":0,"max_hp_gain":0,"max_hp_loss":0,"event_name":"Bonfire Elementals","floor":38,"gold_loss":0},{"damage_healed":0,"gold_gain":0,"player_choice":"Ignored","damage_taken":0,"max_hp_gain":0,"max_hp_loss":0,"event_name":"Mysterious Sphere","floor":44,"gold_loss":0},{"damage_healed":0,"gold_gain":0,"player_choice":"Memory 3","damage_taken":10,"max_hp_gain":0,"max_hp_loss":0,"event_name":"SensoryStone","floor":45,"gold_loss":0},{"damage_healed":0,"gold_gain":0,"player_choice":"Upgrade","damage_taken":0,"relics_obtained":["Mark of the Bloom"],"max_hp_gain":0,"max_hp_loss":0,"event_name":"MindBloom","floor":48,"gold_loss":0,"cards_upgraded":["Defend_R","Defend_R","Reckless Charge","Second Wind","Apotheosis","Dark Shackles"]}],"is_beta":false,"boss_relics":[{"not_picked":["Black Star","Cursed Key"],"picked":"Busted Crown"},{"not_picked":["SlaversCollar","Astrolabe"],"picked":"Empty Cage"}],"items_purged_floors":[28,37],"is_endless":false,"potions_floor_spawned":[11,14,16,18,24,33,39,41],"ascension_level":0}}