{"host":"Timothy","time":1609589021,"event":{"mods":["AchievementEnabler","BaseMod","Bestiary","Highlight Path","Minty Spire (QoL Compilation)","Quick Restart","Slay-I"],"gold_per_floor":[113,126,1,16,31,31,65,79,103,23,23,23,43,71,71,174,174,184,209,221,236,236,267,267,66,66,91,91,104,104,120,120,216,216,230,247,247,267,116,116,92,92,92,17,47,64,76,126,126,126,126,126,48,80,80,80],"floor_reached":55,"playtime":5126,"items_purged":["Defend_G"],"score":937,"play_id":"116f1ebb-e6b7-4ae1-b7e9-934481b68ede","local_time":"20210102040341","is_ascension_mode":false,"campfire_choices":[{"data":"Leg Sweep","floor":6.0,"key":"SMITH"},{"data":"Footwork","floor":15.0,"key":"SMITH"},{"data":"Neutralize","floor":24.0,"key":"SMITH"},{"data":"Defend_G","floor":28,"key":"SMITH"},{"data":"Backflip","floor":30,"key":"SMITH"},{"data":"Strike_G","floor":32,"key":"SMITH"},{"data":"Defend_G","floor":40,"key":"SMITH"},{"data":"Backflip","floor":42,"key":"SMITH"},{"floor":49,"key":"RECALL"},{"data":"Dash","floor":52,"key":"SMITH"}],"circlet_count":0,"master_deck":["Strike_G","Strike_G","Strike_G+1","Defend_G","Defend_G+1","Defend_G+1","Survivor","Neutralize+1","Dash+1","Flash of Steel","Leg Sweep+1","Dagger Throw","Infinite Blades","Leg Sweep","Footwork+1","Die Die Die","Prepared+1","Backstab","Backflip+1","Dodge and Roll+1","Adrenaline","Deflect+1","Backflip+1","Darkness","Backflip+1","Blur","Footwork"],"relics":["Ring of the Snake","Nunchaku","Anchor","Bottled Tornado","Odd Mushroom","Sozu","Red Mask","Art of War","Oddly Smooth Stone","Orichalcum","Philosopher\u0027s Stone","Blood Vial","Kunai","Unceasing Top","Mango","Pen Nib"],"acts_visited":["TheCity","TheBeyond","TheEnding"],"potions_floor_usage":[27,55,55],"damage_taken":[{"damage":11.0,"enemies":"Cultist","floor":1.0,"turns":8.0},{"damage":4.0,"enemies":"2 Louse","floor":2.0,"turns":5.0},{"damage":0.0,"enemies":"Jaw Worm","floor":4.0,"turns":5.0},{"damage":0.0,"enemies":"3 Louse","floor":5.0,"turns":5.0},{"damage":23.0,"enemies":"Lagavulin","floor":7.0,"turns":11.0},{"damage":0.0,"enemies":"Exordium Wildlife","floor":8.0,"turns":4.0},{"damage":0.0,"enemies":"Looter","floor":13.0,"turns":3.0},{"damage":0.0,"enemies":"The Mushroom Lair","floor":14.0,"turns":6.0},{"damage":3.0,"enemies":"The Guardian","floor":16.0,"turns":22.0},{"damage":0.0,"enemies":"Spheric Guardian","floor":18.0,"turns":6.0},{"damage":25.0,"enemies":"Masked Bandits","floor":19.0,"turns":8.0},{"damage":0.0,"enemies":"Shell Parasite","floor":20.0,"turns":6.0},{"damage":0.0,"enemies":"Centurion and Healer","floor":21.0,"turns":8.0},{"damage":11.0,"enemies":"Slavers","floor":23.0,"turns":8.0},{"damage":0,"enemies":"Gremlin Leader","floor":27,"turns":8},{"damage":0,"enemies":"Snake Plant","floor":29,"turns":9},{"damage":0,"enemies":"Snecko","floor":31,"turns":7},{"damage":3,"enemies":"Collector","floor":33,"turns":20},{"damage":0,"enemies":"Orb Walker","floor":35,"turns":4},{"damage":7,"enemies":"3 Shapes","floor":36,"turns":7},{"damage":11,"enemies":"3 Darklings","floor":38,"turns":6},{"damage":4,"enemies":"Giant Head","floor":45,"turns":16},{"damage":1,"enemies":"4 Shapes","floor":46,"turns":7},{"damage":0,"enemies":"Sphere and 2 Shapes","floor":47,"turns":6},{"damage":0,"enemies":"Mind Bloom Boss Battle","floor":48,"turns":11},{"damage":26,"enemies":"Donu and Deca","floor":50,"turns":28},{"damage":16,"enemies":"Shield and Spear","floor":54,"turns":36},{"damage":105,"enemies":"The Heart","floor":55,"turns":17}],"seed_played":"1920852340124524258","potions_obtained":[{"floor":2.0,"key":"Energy Potion"},{"floor":4.0,"key":"PowerPotion"},{"floor":8.0,"key":"GamblersBrew"},{"floor":13.0,"key":"Ancient Potion"}],"is_trial":false,"path_per_floor":["M","M","$","M","M","R","E","M","T","$","?","T","M","?","R","B",null,"M","?","M","M","?","E","R","$","T","E","R","M","R","M","R","B",null,"M","M","?","M","$","R","$","R","T","$","E","M","M","?","R","B",null,"R","$","E","B"],"character_chosen":"THE_SILENT","items_purchased":["Flash of Steel","Leg Sweep","Footwork","Oddly Smooth Stone","Backflip","Blood Vial","Backflip","Footwork"],"campfire_rested":0,"item_purchase_floors":[3,3,10,25,25,39,41,53],"current_hp_per_floor":[59,55,55,55,55,55,32,32,32,32,37,37,37,37,37,34,75,75,50,50,50,50,39,39,39,39,39,39,39,39,39,39,36,75,75,68,68,57,57,57,57,57,57,57,55,56,58,74,74,50,89,89,89,73,0,0],"gold":80,"neow_bonus":"REMOVE_CARD","is_daily":false,"chose_seed":false,"campfire_upgraded":9,"win_rate":0.0,"timestamp":1609589021,"path_taken":["M","M","$","M","?","R","E","M","T","$","?","?","M","?","R","BOSS","M","?","M","M","?","E","R","$","T","E","R","M","R","M","R","BOSS","M","?","?","M","$","R","?","R","T","$","E","M","M","?","R","BOSS","R","$","E","BOSS"],"items_purchased_type":["Card","Card","Card","Relic","Card","Relic","Card","Card"],"build_version":"2020-12-18","purchased_purges":1,"victory":false,"max_hp_per_floor":[70,70,70,70,70,70,70,70,70,70,75,75,75,75,75,75,75,75,75,75,75,75,75,75,75,75,75,75,75,75,75,75,75,75,75,75,75,75,75,75,75,75,75,75,75,75,75,89,89,89,89,89,89,89,89,89],"card_choices":[{"not_picked":["Acrobatics","Choke","Flechettes"],"picked":"SKIP","floor":1.0},{"not_picked":["Caltrops","Cloak And Dagger"],"picked":"Dash","floor":2.0},{"not_picked":["Underhanded Strike","PiercingWail"],"picked":"Dagger Throw","floor":4.0},{"not_picked":["Dagger Throw","Blade Dance"],"picked":"Infinite Blades","floor":5.0},{"not_picked":["Outmaneuver","Cloak And Dagger","Prepared"],"picked":"SKIP","floor":7.0},{"not_picked":["Infinite Blades","Underhanded Strike"],"picked":"Leg Sweep","floor":8.0},{"not_picked":["Catalyst","Concentrate","Crippling Poison"],"picked":"SKIP","floor":13.0},{"not_picked":["Envenom","Phantasmal Killer"],"picked":"Die Die Die","floor":16.0},{"not_picked":["Outmaneuver","Eviscerate+1","Leg Sweep"],"picked":"SKIP","floor":18.0},{"not_picked":["Deadly Poison","Blur"],"picked":"Prepared+1","floor":19.0},{"not_picked":["Caltrops+1","Sucker Punch"],"picked":"Backstab","floor":20.0},{"not_picked":["Prepared","Riddle With Holes","Catalyst"],"picked":"SKIP","floor":21.0},{"not_picked":["Cloak And Dagger","Backflip","Deflect"],"picked":"SKIP","floor":23.0},{"not_picked":["Flying Knee","Dagger Throw","Venomology"],"picked":"SKIP","floor":27},{"not_picked":["Slice","Finisher","Underhanded Strike"],"picked":"SKIP","floor":29},{"not_picked":["Underhanded Strike","Reflex"],"picked":"Dodge and Roll+1","floor":31},{"not_picked":["Night Terror","Envenom"],"picked":"Adrenaline","floor":33},{"not_picked":["Blade Dance","Outmaneuver+1"],"picked":"Deflect+1","floor":35},{"not_picked":["Deflect","Acrobatics+1"],"picked":"Backflip+1","floor":36},{"not_picked":["Blade Dance","Crippling Poison+1","Quick Slash+1"],"picked":"SKIP","floor":38},{"not_picked":["PiercingWail+1","Dagger Spray+1","Poisoned Stab"],"picked":"SKIP","floor":45},{"not_picked":["Dagger Throw","Malaise","Poisoned Stab"],"picked":"SKIP","floor":46},{"not_picked":["Finisher+1","Slice+1"],"picked":"Blur","floor":47},{"not_picked":["Bane+1","Concentrate","Sucker Punch"],"picked":"SKIP","floor":54}],"player_experience":706188,"relics_obtained":[{"floor":7.0,"key":"Nunchaku"},{"floor":9.0,"key":"Anchor"},{"floor":12.0,"key":"Bottled Tornado"},{"floor":14.0,"key":"Odd Mushroom"},{"floor":19.0,"key":"Red Mask"},{"floor":23.0,"key":"Art of War"},{"floor":27,"key":"Orichalcum"},{"floor":43,"key":"Kunai"},{"floor":45,"key":"Unceasing Top"},{"floor":48,"key":"Mango"},{"floor":54,"key":"Pen Nib"}],"event_choices":[{"damage_healed":0.0,"max_hp_gain":5.0,"max_hp_loss":0.0,"gold_gain":0.0,"event_name":"Big Fish","player_choice":"Donut","floor":11.0,"gold_loss":0.0,"damage_taken":0.0},{"damage_healed":0.0,"max_hp_gain":0.0,"max_hp_loss":0.0,"gold_gain":0.0,"event_name":"Mushrooms","player_choice":"Fought Mushrooms","floor":14.0,"gold_loss":0.0,"damage_taken":0.0},{"damage_healed":0.0,"max_hp_gain":0.0,"max_hp_loss":0.0,"gold_gain":0.0,"event_name":"Masked Bandits","player_choice":"Fought Bandits","floor":19.0,"gold_loss":0.0,"damage_taken":0.0},{"cards_removed":["Strike_G"],"damage_healed":0.0,"max_hp_gain":0.0,"max_hp_loss":0.0,"gold_gain":0.0,"event_name":"Bonfire Elementals","player_choice":"Offered Basic","floor":22.0,"gold_loss":0.0,"damage_taken":0.0},{"cards_removed":["Defend_G"],"damage_healed":0,"gold_gain":0,"player_choice":"Took Card","damage_taken":0,"max_hp_gain":0,"max_hp_loss":0,"event_name":"NoteForYourself","floor":37,"gold_loss":0,"cards_obtained":["Darkness"]},{"damage_healed":0,"gold_gain":0,"player_choice":"Fight","damage_taken":0,"max_hp_gain":0,"max_hp_loss":0,"event_name":"MindBloom","floor":48,"gold_loss":0}],"is_beta":true,"boss_relics":[{"not_picked":["Fusion Hammer","Busted Crown"],"picked":"Sozu"},{"not_picked":["Velvet Choker","Calling Bell"],"picked":"Philosopher\u0027s Stone"}],"items_purged_floors":[44],"is_endless":false,"potions_floor_spawned":[2,4,8,13,21,27,31,33,38,45,54],"killed_by":"The Heart","ascension_level":0}}