{"host":"qj91dvco5uhu9oti","time":1609622193,"event":{"mods":["BaseMod","Colored Map","Keyboard Shortcuts","Minty Spire (QoL Compilation)","Permanent Neow","Relic Stats","StSLib","SuperFastMode","everything is the same but u backflip on backflip"],"gold_per_floor":[110,110,122,153,179,226,238,269,281,304,150,150,177,177,177,253,253,273,273,60,60,32,32,67,67,67,67,94,109,109,119,119,194,194,208,233,233,25,42,42,67,17,44,44,64,64,92,92,92,92],"floor_reached":51,"playtime":1086,"items_purged":["Strike_G","Strike_G"],"score":1559,"play_id":"efe24ca6-4c50-48b5-9632-1e946cc0b1fb","local_time":"20210103061633","is_ascension_mode":true,"campfire_choices":[{"data":"Blade Dance","floor":7.0,"key":"SMITH"},{"data":"Cloak And Dagger","floor":12.0,"key":"SMITH"},{"data":"Accuracy","floor":15.0,"key":"SMITH"},{"data":"Cloak And Dagger","floor":23.0,"key":"SMITH"},{"data":"Terror","floor":25.0,"key":"SMITH"},{"floor":27.0,"key":"REST"},{"data":"Accuracy","floor":30,"key":"SMITH"},{"data":"After Image","floor":32,"key":"SMITH"},{"data":"Wraith Form v2","floor":40,"key":"SMITH"},{"data":"Accuracy","floor":44,"key":"SMITH"},{"data":"Prepared","floor":49,"key":"SMITH"}],"circlet_count":0,"master_deck":["AscendersBane","Strike_G","Defend_G","Defend_G","Defend_G","Defend_G","Survivor","Predator","Leg Sweep","Accuracy+1","Blade Dance+1","Accuracy+1","Acrobatics","Backflip","Cloak And Dagger+1","Cloak And Dagger+1","Prepared+1","PiercingWail","Accuracy+1","Malaise","Dodge and Roll","Glass Knife","Terror+1","Footwork","Blade Dance+1","Dodge and Roll+1","After Image+1","Blade Dance+1","Wraith Form v2+1","PiercingWail"],"relics":["Ring of the Snake","NeowsBlessing","MawBank","Pear","Happy Flower","Orrery","Bronze Scales","SacredBark","Pen Nib","HornCleat","Eternal Feather","Busted Crown","Torii","Art of War","Potion Belt","Anchor"],"acts_visited":["Exordium","TheCity","TheBeyond"],"potions_floor_usage":[29,50,50,50],"damage_taken":[{"damage":0.0,"enemies":"Cultist","floor":1.0,"turns":1.0},{"damage":0.0,"enemies":"Jaw Worm","floor":4.0,"turns":1.0},{"damage":0.0,"enemies":"Small Slimes","floor":5.0,"turns":1.0},{"damage":27.0,"enemies":"3 Sentries","floor":6.0,"turns":9.0},{"damage":0.0,"enemies":"2 Fungi Beasts","floor":8.0,"turns":5.0},{"damage":1.0,"enemies":"3 Louse","floor":10.0,"turns":3.0},{"damage":0.0,"enemies":"Gremlin Nob","floor":13.0,"turns":3.0},{"damage":4.0,"enemies":"The Guardian","floor":16.0,"turns":8.0},{"damage":18.0,"enemies":"Spheric Guardian","floor":18.0,"turns":4.0},{"damage":10.0,"enemies":"2 Thieves","floor":22.0,"turns":4.0},{"damage":16.0,"enemies":"Gremlin Leader","floor":24.0,"turns":4.0},{"damage":12.0,"enemies":"Book of Stabbing","floor":28.0,"turns":6.0},{"damage":0,"enemies":"Chosen and Byrds","floor":29,"turns":2},{"damage":0,"enemies":"Centurion and Healer","floor":31,"turns":3},{"damage":22,"enemies":"Collector","floor":33,"turns":6},{"damage":0,"enemies":"Orb Walker","floor":35,"turns":3},{"damage":0,"enemies":"Mind Bloom Boss Battle","floor":36,"turns":4},{"damage":8,"enemies":"3 Darklings","floor":39,"turns":4},{"damage":16,"enemies":"Nemesis","floor":41,"turns":7},{"damage":2,"enemies":"Sphere and 2 Shapes","floor":45,"turns":7},{"damage":9,"enemies":"Giant Head","floor":47,"turns":6},{"damage":0,"enemies":"Donu and Deca","floor":50,"turns":7}],"seed_played":"936335683340952126","potions_obtained":[{"floor":4.0,"key":"Swift Potion"},{"floor":8.0,"key":"SkillPotion"},{"floor":10.0,"key":"SteroidPotion"},{"floor":24.0,"key":"SpeedPotion"},{"floor":33,"key":"AttackPotion"},{"floor":35,"key":"Block Potion"},{"floor":45,"key":"EssenceOfSteel"},{"floor":47,"key":"LiquidMemories"}],"is_trial":false,"path_per_floor":["M","?","?","M","M","E","R","M","T","M","$","R","E","?","R","B",null,"M","?","$","?","M","R","E","R","T","R","E","M","R","M","R","B",null,"M","?","?","$","M","R","E","$","T","R","M","?","E","?","R","B",null],"character_chosen":"THE_SILENT","items_purchased":["Orrery","Footwork","Weak Potion","FairyPotion","PiercingWail"],"campfire_rested":1,"item_purchase_floors":[11,20,20,38,42],"current_hp_per_floor":[59,54,54,54,54,37,37,37,37,36,36,36,36,61,61,57,71,53,53,53,53,43,43,27,27,27,49,37,37,52,52,70,48,69,69,69,69,69,61,76,60,60,60,76,74,72,63,63,72,72],"gold":92,"neow_bonus":"THREE_ENEMY_KILL","is_daily":false,"chose_seed":false,"campfire_upgraded":10,"win_rate":0.0,"timestamp":1609622193,"path_taken":["M","?","?","M","?","E","R","M","T","M","$","R","E","?","R","BOSS","M","?","$","?","M","R","E","R","T","R","E","M","R","M","R","BOSS","M","?","?","$","M","R","E","$","T","R","M","?","E","?","R","BOSS"],"items_purchased_type":["Relic","Card","Potion","Potion","Card"],"build_version":"2020-12-22","purchased_purges":2,"victory":true,"max_hp_per_floor":[66,66,66,66,66,76,76,76,76,76,76,76,76,76,76,76,76,76,76,76,76,76,76,76,76,76,76,76,76,76,76,76,76,76,76,76,76,76,76,76,76,76,76,76,76,72,72,72,72,72],"relic_stats":{"Busted Crown":12,"Happy Flower":[27],"Torii":1,"counters":[22,98],"Bronze Scales":[222],"Eternal Feather":73,"Pen Nib":[17],"Art of War":[4],"MawBank":108,"obtain_stats":[{"Potion Belt":43,"Pear":6,"NeowsBlessing":0,"Happy Flower":9,"Torii":36,"SacredBark":17,"Eternal Feather":28,"Pen Nib":24,"MawBank":2,"Anchor":47,"HornCleat":26,"Busted Crown":34,"Bronze Scales":13,"Orrery":11,"Art of War":41,"Ring of the Snake":0},{"Potion Belt":19,"Pear":4,"NeowsBlessing":0,"Happy Flower":5,"Torii":17,"SacredBark":8,"Eternal Feather":12,"Pen Nib":11,"MawBank":1,"Anchor":21,"HornCleat":11,"Busted Crown":15,"Bronze Scales":7,"Orrery":6,"Art of War":19,"Ring of the Snake":0},{"Potion Belt":78,"Pear":12,"NeowsBlessing":0,"Happy Flower":17,"Torii":67,"SacredBark":31,"Eternal Feather":49,"Pen Nib":43,"MawBank":1,"Anchor":91,"HornCleat":43,"Busted Crown":60,"Bronze Scales":23,"Orrery":20,"Art of War":78,"Ring of the Snake":0}],"Ring of the Snake":[44]},"card_choices":[{"not_picked":["Bane","Quick Slash"],"picked":"Predator","floor":1.0},{"not_picked":["Backflip","Sucker Punch"],"picked":"Accuracy","floor":4.0},{"not_picked":["Prepared","Flying Knee"],"picked":"Blade Dance","floor":5.0},{"not_picked":["Bane","Flying Knee"],"picked":"Accuracy","floor":6.0},{"not_picked":["Concentrate","Deadly Poison"],"picked":"Acrobatics","floor":8.0},{"not_picked":["Dagger Spray","Tools of the Trade"],"picked":"Backflip","floor":10.0},{"not_picked":["PiercingWail","Skewer"],"picked":"Cloak And Dagger","floor":11.0},{"not_picked":["Escape Plan","Outmaneuver"],"picked":"Cloak And Dagger","floor":11.0},{"not_picked":["Leg Sweep","Underhanded Strike"],"picked":"Prepared","floor":11.0},{"not_picked":["Poisoned Stab","Flying Knee"],"picked":"PiercingWail","floor":11.0},{"not_picked":["Flechettes","Malaise"],"picked":"Accuracy","floor":13.0},{"not_picked":["Envenom","Tools of the Trade"],"picked":"Malaise","floor":16.0},{"not_picked":["Choke","Dagger Spray"],"picked":"Dodge and Roll","floor":18.0},{"not_picked":["Deadly Poison","Dodge and Roll+1"],"picked":"Blade Dance+1","floor":22.0},{"not_picked":["Skewer","Footwork"],"picked":"Dodge and Roll+1","floor":24.0},{"not_picked":["PiercingWail","Underhanded Strike"],"picked":"After Image","floor":28.0},{"not_picked":["Concentrate","Prepared","Bouncing Flask+1"],"picked":"SKIP","floor":29},{"not_picked":["Backstab","Deadly Poison"],"picked":"Blade Dance+1","floor":31},{"not_picked":["Venomology","Burst"],"picked":"Wraith Form v2","floor":33},{"not_picked":["Acrobatics"],"picked":"SKIP","floor":35},{"not_picked":["Caltrops"],"picked":"SKIP","floor":39},{"not_picked":["Poisoned Stab"],"picked":"SKIP","floor":41},{"not_picked":["Outmaneuver"],"picked":"SKIP","floor":45},{"not_picked":["Reflex+1"],"picked":"SKIP","floor":47}],"player_experience":333188,"relics_obtained":[{"floor":6.0,"key":"Pear"},{"floor":9.0,"key":"Happy Flower"},{"floor":13.0,"key":"Bronze Scales"},{"floor":24.0,"key":"Pen Nib"},{"floor":26.0,"key":"HornCleat"},{"floor":28.0,"key":"Eternal Feather"},{"floor":36,"key":"Torii"},{"floor":41,"key":"Art of War"},{"floor":43,"key":"Potion Belt"},{"floor":47,"key":"Anchor"}],"event_choices":[{"damage_healed":0.0,"max_hp_gain":0.0,"max_hp_loss":0.0,"gold_gain":0.0,"event_name":"Scrap Ooze","player_choice":"Success","floor":2.0,"gold_loss":0.0,"damage_taken":5.0,"relics_obtained":["MawBank"]},{"damage_healed":0.0,"max_hp_gain":0.0,"max_hp_loss":0.0,"gold_gain":0.0,"cards_transformed":["Strike_G"],"event_name":"Transmorgrifier","player_choice":"Transformed","floor":3.0,"gold_loss":0.0,"damage_taken":0.0,"cards_obtained":["Leg Sweep"]},{"damage_healed":25.0,"max_hp_gain":0.0,"max_hp_loss":0.0,"gold_gain":0.0,"event_name":"Big Fish","player_choice":"Banana","floor":14.0,"gold_loss":0.0,"damage_taken":0.0},{"damage_healed":0.0,"max_hp_gain":0.0,"max_hp_loss":0.0,"gold_gain":0.0,"cards_transformed":["Strike_G","Defend_G"],"event_name":"Drug Dealer","player_choice":"Became Test Subject","floor":19.0,"gold_loss":0.0,"damage_taken":0.0,"cards_obtained":["Glass Knife","Terror"]},{"damage_healed":0.0,"max_hp_gain":0.0,"max_hp_loss":0.0,"gold_gain":0.0,"event_name":"Ghosts","player_choice":"Ignored","floor":21.0,"gold_loss":0.0,"damage_taken":0.0},{"damage_healed":0,"gold_gain":0,"player_choice":"Fight","damage_taken":0,"max_hp_gain":0,"max_hp_loss":0,"event_name":"MindBloom","floor":36,"gold_loss":0},{"damage_healed":0,"gold_gain":0,"player_choice":"Ignored","damage_taken":0,"max_hp_gain":0,"max_hp_loss":0,"event_name":"Tomb of Lord Red Mask","floor":37,"gold_loss":0},{"damage_healed":0,"gold_gain":0,"player_choice":"Max HP","damage_taken":0,"max_hp_gain":0,"max_hp_loss":4,"event_name":"Winding Halls","floor":46,"gold_loss":0},{"cards_removed":["Neutralize"],"damage_healed":0,"gold_gain":0,"player_choice":"Removed Attack","damage_taken":0,"max_hp_gain":0,"max_hp_loss":0,"event_name":"Falling","floor":48,"gold_loss":0}],"is_beta":false,"boss_relics":[{"not_picked":["Runic Dome","Ectoplasm"],"picked":"SacredBark"},{"not_picked":["Tiny House","Snecko Eye"],"picked":"Busted Crown"}],"items_purged_floors":[20,38],"is_endless":false,"potions_floor_spawned":[4,8,10,24,33,35,45,47],"ascension_level":19}}