{"host":"nqsrckqog5ia9mbo","time":1609618959,"event":{"mods":["AchievementEnabler","BaseMod","Colored Map","Highlight Path","Minty Spire (QoL Compilation)"],"gold_per_floor":[115,42,42,61,61,89,14,14,14,24,41,66,66,82,82,82,82],"floor_reached":16,"playtime":949,"items_purged":["Defend_B"],"score":116,"play_id":"cdd864b3-10a0-4d28-9129-3afffd2de32d","local_time":"20210102212239","is_ascension_mode":true,"campfire_choices":[{"data":"Dualcast","floor":8,"key":"SMITH"},{"data":"Cold Snap","floor":13,"key":"SMITH"},{"floor":15,"key":"REST"}],"circlet_count":0,"master_deck":["Strike_B","Strike_B","Strike_B","Strike_B","Defend_B","Defend_B","Defend_B","Zap","Dualcast+1","Rebound","Turbo","Leap","Hologram","Turbo","Cold Snap+1","Chill"],"relics":["Cracked Core","Calipers","Lizard Tail","Singing Bowl","Prayer Wheel"],"acts_visited":["Exordium"],"potions_floor_usage":[],"damage_taken":[{"damage":2,"enemies":"2 Louse","floor":1,"turns":3},{"damage":0,"enemies":"Cultist","floor":4,"turns":4},{"damage":28,"enemies":"3 Sentries","floor":6,"turns":9},{"damage":6,"enemies":"Jaw Worm","floor":10,"turns":3},{"damage":3,"enemies":"3 Louse","floor":11,"turns":3},{"damage":43,"enemies":"Lagavulin","floor":12,"turns":8},{"damage":10,"enemies":"Looter","floor":14,"turns":3},{"damage":54,"enemies":"Slime Boss","floor":16,"turns":6}],"seed_played":"-7902904669573199350","potions_obtained":[{"floor":1,"key":"PowerPotion"},{"floor":11,"key":"Energy Potion"}],"is_trial":false,"path_per_floor":["M","$","?","M","$","E","$","R","T","M","M","E","R","M","R","B"],"character_chosen":"DEFECT","items_purchased":["Turbo","Leap"],"campfire_rested":1,"item_purchase_floors":[2,2],"current_hp_per_floor":[52,52,52,52,52,24,24,24,24,20,19,27,27,19,43,0,0],"gold":82,"neow_bonus":"ONE_RARE_RELIC","is_daily":false,"chose_seed":false,"campfire_upgraded":2,"win_rate":0.0,"timestamp":1609618959,"path_taken":["M","$","?","M","$","E","$","R","T","M","M","E","R","M","R","BOSS"],"items_purchased_type":["Card","Card"],"build_version":"2020-12-22","purchased_purges":1,"victory":false,"max_hp_per_floor":[75,75,75,75,75,75,75,75,75,77,79,79,79,81,81,81,81],"card_choices":[{"not_picked":["Double Energy","Conserve Battery"],"picked":"Rebound","floor":1},{"not_picked":["Doom and Gloom","Static Discharge"],"picked":"Hologram","floor":4},{"not_picked":["Sweeping Beam","Gash"],"picked":"Turbo","floor":6},{"not_picked":["Rebound","Consume","Leap"],"picked":"Singing Bowl","floor":10},{"not_picked":["Hologram","Doom and Gloom","Leap"],"picked":"Singing Bowl","floor":11},{"not_picked":["Go for the Eyes","Gash"],"picked":"Cold Snap","floor":12},{"not_picked":["Scrape","Heatsinks","Steam Power"],"picked":"Singing Bowl","floor":14},{"not_picked":["Steam","Conserve Battery"],"picked":"Chill","floor":14}],"player_experience":90172,"relics_obtained":[{"floor":6,"key":"Lizard Tail"},{"floor":9,"key":"Singing Bowl"},{"floor":12,"key":"Prayer Wheel"}],"event_choices":[{"damage_healed":0,"gold_gain":0,"player_choice":"Ignored","damage_taken":0,"max_hp_gain":0,"max_hp_loss":0,"event_name":"Shining Light","floor":3,"gold_loss":0}],"is_beta":false,"boss_relics":[],"items_purged_floors":[7],"is_endless":false,"potions_floor_spawned":[1,11],"killed_by":"Slime Boss","ascension_level":1}}