{"host":"emut9mh212kd9b86","time":1609577879,"event":{"mods":["ATMod(阿瑾Mod)","Act Like it!","BaseMod","Better Vampires","Downfall","Koishi","KomeijiMod","Minty Spire (QoL Compilation)","MostiFishMod","Shop Mod","Spicy Shops","StSLib","TestMod","Waifu the Spire","noobMod","【遗物卡牌】REMEMod"],"gold_per_floor":[99,119,294,311,327,360,408,423,448,464,483,493,75,85,98,196,196,121,139,139,239,309,344,344,387,5,40,61,84,118,168,185,295,295,295,311,329,429,479,532,532,597,662,679,704,895,895,912,922,934],"floor_reached":51,"playtime":1182,"items_purged":["Doubt","Koishi:RoseHell","Koishi:BasicDefend"],"score":1907,"play_id":"ac492b18-34a3-4716-8cd4-bda56eac9667","local_time":"20210102165759","is_ascension_mode":true,"campfire_choices":[{"floor":1,"key":"RECALL"},{"data":"Koishi:SilentAndRestless","floor":18,"key":"SMITH"},{"data":"Double Tap","floor":35,"key":"SMITH"},{"data":"Koishi:Jaunt","floor":47,"key":"SMITH"}],"circlet_count":0,"master_deck":["Koishi:BasicStrike","Koishi:BasicStrike","Koishi:BasicStrike","Koishi:BasicStrike","Koishi:BasicDefend","Koishi:BasicDefend","Koishi:BasicDefend","Koishi:Provoke","Koishi:HauntingSlash","Double Tap+1","Koishi:DreadfulBlow","Koishi:Jaunt+1","Koishi:SilentAndRestless+1"],"relics":["Koishi:ImaginaryFriend","testmod-TestBox","ice","DaveBox","AT_ATBox","REME_ComplimentaryCards","Civilization","testmod-BatchProcessingSystem","REME_PuzzleBoxRelic","Bag of Preparation","testmod-BouquetWithThorns","MerchantsRug","testmod-ArcanaOfDestiny","Omamori","AT_RedTearstoneRing","GuanYuAspect","downfall:HeartBlessingRed","downfall:CloakOfManyFaces","CultistMask","FaceOfCleric","NlothsMask","GremlinMask","SsserpentHead","REME_ArchaeologicalTools","Singing Bowl","ClockworkSouvenir","Ornamental Fan","Ice Cream","AT_SilvercatRing","testmod-IndustrialRevolution","Mercury Hourglass","Happy Flower"],"acts_visited":["Exordium","TheCity","TheBeyond"],"potions_floor_usage":[13],"damage_taken":[{"damage":0,"enemies":"Small Slimes","floor":2,"turns":3},{"damage":0,"enemies":"2 Louse","floor":4,"turns":2},{"damage":0,"enemies":"Cultist","floor":5,"turns":3},{"damage":0,"enemies":"Gremlin Nob","floor":6,"turns":3},{"damage":0,"enemies":"2 Fungi Beasts","floor":8,"turns":2},{"damage":0,"enemies":"3 Sentries","floor":9,"turns":4},{"damage":6,"enemies":"Exordium Thugs","floor":10,"turns":2},{"damage":0,"enemies":"Lots of Slimes","floor":11,"turns":2},{"damage":0,"enemies":"Exordium Wildlife","floor":12,"turns":1},{"damage":0,"enemies":"downfall:FleeingMerchant","floor":13,"turns":4},{"damage":0,"enemies":"Gremlin Gang","floor":14,"turns":2},{"damage":0,"enemies":"3 Louse","floor":15,"turns":1},{"damage":0,"enemies":"downfall:Watcher","floor":16,"turns":1},{"damage":0,"enemies":"Spheric Guardian","floor":19,"turns":1},{"damage":0,"enemies":"downfall:FaceTrader","floor":21,"turns":1},{"damage":0,"enemies":"Shell Parasite","floor":22,"turns":1},{"damage":0,"enemies":"Slavers","floor":23,"turns":1},{"damage":0,"enemies":"Centurion and Healer","floor":25,"turns":1},{"damage":0,"enemies":"Book of Stabbing","floor":27,"turns":1},{"damage":0,"enemies":"Cultist and Chosen","floor":28,"turns":1},{"damage":0,"enemies":"Chosen and Byrds","floor":29,"turns":1},{"damage":0,"enemies":"Gremlin Leader","floor":30,"turns":1},{"damage":0,"enemies":"Centurion and Healer","floor":32,"turns":1},{"damage":0,"enemies":"downfall:Defect","floor":33,"turns":1},{"damage":0,"enemies":"3 Shapes","floor":36,"turns":1},{"damage":0,"enemies":"Orb Walker","floor":37,"turns":1},{"damage":0,"enemies":"Mind Bloom Boss Battle","floor":38,"turns":1},{"damage":0,"enemies":"Reptomancer","floor":40,"turns":1},{"damage":0,"enemies":"Spire Growth","floor":42,"turns":1},{"damage":0,"enemies":"Jaw Worm Horde","floor":43,"turns":1},{"damage":0,"enemies":"Maw","floor":44,"turns":1},{"damage":0,"enemies":"Giant Head","floor":45,"turns":1},{"damage":0,"enemies":"3 Darklings","floor":48,"turns":1},{"damage":0,"enemies":"Spire Growth","floor":49,"turns":1},{"damage":0,"enemies":"downfall:Silent","floor":50,"turns":1}],"seed_played":"5713705679841164956","potions_obtained":[{"floor":5,"key":"Regen Potion"},{"floor":8,"key":"Block Potion"},{"floor":14,"key":"Fire Potion"},{"floor":15,"key":"hexamod:EctoCoolerPotion"},{"floor":16,"key":"SmokeBomb"},{"floor":19,"key":"SkillPotion"},{"floor":23,"key":"PowerPotion"},{"floor":27,"key":"hexamod:EctoCoolerPotion"},{"floor":30,"key":"Swift Potion"},{"floor":40,"key":"UndeadPotion"},{"floor":42,"key":"RedTea"},{"floor":44,"key":"Block Potion"},{"floor":49,"key":"SkillPotion"}],"is_trial":false,"path_per_floor":["R","M","?","M","M","E","T","M","E","M","M","M","$","M","M","B",null,"R","M","?","?","M","E","T","M","$","E","M","M","E","?","M","B",null,"R","M","M","?","T","E","T","M","M","M","E","$","R","M","M","B",null],"character_chosen":"KOISHI","items_purchased":["MerchantsRug","testmod-ArcanaOfDestiny","Fruit Juice","Omamori","AT_RedTearstoneRing","Singing Bowl","ClockworkSouvenir"],"campfire_rested":0,"item_purchase_floors":[13,13,13,13,13,26,26],"current_hp_per_floor":[60,62,62,66,71,77,77,85,96,103,121,141,173,198,226,255,129,129,144,144,164,184,210,210,236,236,260,288,317,348,353,384,420,572,572,599,631,662,662,696,696,729,772,812,858,858,858,897,935,975],"gold":934,"neow_bonus":"ONE_RANDOM_RARE_CARD","is_daily":false,"chose_seed":false,"campfire_upgraded":3,"win_rate":0.0,"timestamp":1609577879,"path_taken":["R","M","?","M","M","E","T","M","E","M","M","M","$","M","M","BOSS","R","M","?","?","?","E","T","M","$","E","M","M","E","?","M","BOSS","R","M","M","?","?","E","T","?","?","M","E","$","R","M","M","BOSS"],"items_purchased_type":["Relic","Relic","Potion","Relic","Relic","Relic","Relic"],"build_version":"2020-12-22","purchased_purges":3,"victory":true,"max_hp_per_floor":[60,62,62,66,71,77,77,85,96,109,127,147,175,200,228,257,129,129,159,159,190,223,259,259,297,297,338,381,426,473,473,522,572,572,572,625,679,734,734,792,792,851,913,976,1040,1040,1040,1110,1181,1251],"card_choices":[{"not_picked":["Koishi:LastRemote","Koishi:RacingHeart","Koishi:TremblingHands"],"picked":"SKIP","floor":2},{"not_picked":["Koishi:ReflexRadar","Koishi:PhantomStrike","Koishi:PhilosophyOfTheDespised"],"picked":"SKIP","floor":4},{"not_picked":["Koishi:FleetingPhantom","Koishi:HeartfeltFancy","Koishi:BramblyRoseGarden"],"picked":"SKIP","floor":5},{"not_picked":["Koishi:ApparitionsStalkTheNight","Koishi:HeartfeltFancy","Koishi:PhantomBarrier"],"picked":"SKIP","floor":6},{"not_picked":["Koishi:DNAsFlaw","Koishi:SprinkleStarAndHeart","Koishi:Ego"],"picked":"SKIP","floor":8},{"not_picked":["Koishi:ApparitionsStalkTheNight","Koishi:FourthEye","Koishi:CatchAndRose"],"picked":"SKIP","floor":9},{"not_picked":["Koishi:DanmakuParanoia","Koishi:Whimsy"],"picked":"Koishi:DreadfulBlow","floor":10},{"not_picked":["Koishi:SprinkleStarAndHeart","Koishi:BloodcurdlingScream","Koishi:HeartfeltFancy"],"picked":"SKIP","floor":11},{"not_picked":["Koishi:GhostParty","Koishi:YoukaiPolygraph","Koishi:FleetingPhantom"],"picked":"SKIP","floor":12},{"not_picked":["Koishi:StingingMind","Koishi:Vanish","Koishi:PhantomBarrier"],"picked":"SKIP","floor":13},{"not_picked":["Koishi:PhantomBarrier","Koishi:ReflexRadar"],"picked":"Koishi:Jaunt","floor":14},{"not_picked":["Koishi:Untouchable","Koishi:Prune","Koishi:FleetingPhantom"],"picked":"SKIP","floor":15},{"not_picked":["Koishi:RoseHell","Koishi:MentalBreakdown"],"picked":"Koishi:SilentAndRestless","floor":16},{"not_picked":["Koishi:ApparitionsStalkTheNight","Koishi:PhilosophyOfTheDespised","Koishi:MindNumbingTerror"],"picked":"SKIP","floor":19},{"not_picked":["Koishi:PredatoryInstincts","Koishi:UnansweredLove","Koishi:RacingHeart"],"picked":"SKIP","floor":22},{"not_picked":["Koishi:EmbryosDream","Koishi:UnseenTerror+1","Koishi:TerrifyingSpectre"],"picked":"SKIP","floor":23},{"not_picked":["Koishi:TraumaticStroke","Koishi:PredatoryInstincts+1","Koishi:UnconsciousUprising"],"picked":"SKIP","floor":25},{"not_picked":["Koishi:FourthEye+1","Koishi:Whimsy","Koishi:UnseenTerror"],"picked":"Singing Bowl","floor":27},{"not_picked":["Koishi:ReflexRadar","Koishi:PhilosophyOfTheDespised","Koishi:Prune"],"picked":"Singing Bowl","floor":28},{"not_picked":["Koishi:FleetingPhantom","Koishi:GhostParty","Koishi:SubconsciousSweep"],"picked":"Singing Bowl","floor":29},{"not_picked":["Koishi:TremblingHands","Koishi:YoukaiPolygraph","Koishi:ImGoingToCallYouNow"],"picked":"Singing Bowl","floor":30},{"not_picked":["Koishi:YoukaiPolygraph","Koishi:RacingHeart","Koishi:GhostParty"],"picked":"Singing Bowl","floor":32},{"not_picked":["Koishi:GrowingPain","Koishi:ConditionedTeleport","Koishi:TerrifyingSpectre"],"picked":"Singing Bowl","floor":33},{"not_picked":["Koishi:Whimsy+1","Koishi:CatchAndRose","Koishi:PhantomStrike"],"picked":"Singing Bowl","floor":36},{"not_picked":["Koishi:SubconsciousSweep","Koishi:TremblingHands","Koishi:MassHysteria+1"],"picked":"Singing Bowl","floor":37},{"not_picked":["Koishi:BloodcurdlingScream+1","Koishi:PhilosophyOfTheDespised+1","Koishi:GrowingPain"],"picked":"Singing Bowl","floor":38},{"not_picked":["Koishi:DreadfulBlow","Koishi:PhantomBarrier","Koishi:EmbryosDream+1"],"picked":"Singing Bowl","floor":40},{"not_picked":["Koishi:RacingHeart+1","Koishi:HeartfeltFancy","Koishi:ParalyzingFear"],"picked":"Singing Bowl","floor":42},{"not_picked":["Koishi:EmbersOfLove+1","Koishi:FidgetySnatcher","Koishi:StrangeCloudFist+1"],"picked":"Singing Bowl","floor":43},{"not_picked":["Koishi:PhantomStrike","Koishi:ParalyzingFear","Koishi:Vanish"],"picked":"Singing Bowl","floor":44},{"not_picked":["Koishi:Bloodlust","Koishi:UnansweredLove","Koishi:SuperEgo"],"picked":"Singing Bowl","floor":45},{"not_picked":["Koishi:CatchAndRose","Koishi:EmbryosDream","Koishi:UnansweredLove+1"],"picked":"Singing Bowl","floor":48},{"not_picked":["Koishi:HeartAttack","Koishi:UnconsciousUprising+1","Koishi:ParalyzingFear"],"picked":"Singing Bowl","floor":49}],"player_experience":408013,"relics_obtained":[{"floor":6,"key":"REME_PuzzleBoxRelic"},{"floor":7,"key":"Bag of Preparation"},{"floor":9,"key":"testmod-BouquetWithThorns"},{"floor":21,"key":"downfall:CloakOfManyFaces"},{"floor":23,"key":"REME_ArchaeologicalTools"},{"floor":27,"key":"AT_GuinsooRageblade"},{"floor":30,"key":"Ornamental Fan"},{"floor":38,"key":"Ice Cream"},{"floor":39,"key":"AT_SilvercatRing"},{"floor":40,"key":"testmod-IndustrialRevolution"},{"floor":41,"key":"Mercury Hourglass"},{"floor":45,"key":"Happy Flower"}],"event_choices":[{"damage_healed":0,"gold_gain":0,"player_choice":"Ignored","damage_taken":0,"max_hp_gain":0,"max_hp_loss":0,"event_name":"给自己的盒子","floor":20,"gold_loss":0}],"is_beta":false,"boss_relics":[{"not_picked":["testmod-HarvestTotem","GreenFoldingFan"],"picked":"GuanYuAspect"},{"not_picked":["Runic Pyramid","REME_ChargedStone"],"picked":"REME_DuelDisc"}],"items_purged_floors":[13,26,46],"is_endless":false,"potions_floor_spawned":[5,8,14,15,16,19,23,25,27,30,40,42,44,45,49],"ascension_level":4}}