{"host":"2461dio7vetlq1z3","time":1609610151,"event":{"mods":["2.2 Compatiblity","AchievementEnabler","BaseMod","Better Third Choice","Friendly Minions","Minty Spire (QoL Compilation)","Relic Stats","Replay The Spire","Spicy Shops","StSLib","Waifu the Spire"],"gold_per_floor":[114,114,39,57,57,57,92,92,137,172,195,235,256,303,303,380,380,415,435,435,62,72,72],"floor_reached":22,"playtime":931,"items_purged":["Strike_B","Strike_B"],"score":454,"play_id":"eba37d46-eb6d-40f4-a5cd-81d7503caefe","local_time":"20210102185551","is_ascension_mode":true,"campfire_choices":[{"data":"Doom and Gloom","floor":6,"key":"SMITH"},{"data":"Self Repair","floor":8,"key":"SMITH"},{"data":"ReplayTheSpireMod:Calculation Training","floor":15,"key":"SMITH"}],"circlet_count":0,"master_deck":["AscendersBane","Strike_B","Defend_B+1","Defend_B+1","Defend_B+1","Defend_B+1","Zap","Dualcast+1","Doom and Gloom+1","Self Repair+1","Streamline","Rebound","Reinforced Body","ReplayTheSpireMod:Calculation Training+1","Buffer","Capacitor+1","Defragment+1"],"relics":["Cracked Core","NeowsBlessing","Replay:Bottled Eggs","Replay:Bandana","Happy Flower","Odd Mushroom","MealTicket","Smiling Mask","Replay:Bronze Core","Turnip"],"acts_visited":["Exordium","TheCity"],"potions_floor_usage":[12,16,18,19],"damage_taken":[{"damage":0,"enemies":"2 Louse","floor":1,"turns":1},{"damage":0,"enemies":"Cultist","floor":4,"turns":1},{"damage":0,"enemies":"Gremlin Nob","floor":7,"turns":1},{"damage":2,"enemies":"The Mushroom Lair","floor":10,"turns":3},{"damage":0,"enemies":"Jaw Worm","floor":11,"turns":4},{"damage":20,"enemies":"Lagavulin","floor":12,"turns":6},{"damage":6,"enemies":"2 Fungi Beasts","floor":13,"turns":2},{"damage":14,"enemies":"3 Sentries","floor":14,"turns":6},{"damage":37,"enemies":"The Guardian","floor":16,"turns":9},{"damage":16,"enemies":"3 Byrds","floor":18,"turns":4},{"damage":13,"enemies":"Spheric Guardian","floor":19,"turns":7},{"damage":81,"enemies":"Cultist and Chosen","floor":22,"turns":5}],"seed_played":"-8802169311361392726","potions_obtained":[{"floor":7,"key":"Fire Potion"},{"floor":11,"key":"Dexterity Potion"},{"floor":12,"key":"Dexterity Potion"},{"floor":16,"key":"PotionOfCapacity"},{"floor":18,"key":"Adrenaline Potion"}],"is_trial":false,"path_per_floor":["M","?","$","M","?","R","E","R","T","?","M","E","M","E","R","B",null,"M","M","?","$","M"],"character_chosen":"DEFECT","items_purchased":["Turnip"],"campfire_rested":0,"item_purchase_floors":[21],"current_hp_per_floor":[64,64,64,64,64,64,64,64,64,71,71,61,65,61,61,34,62,56,53,53,68,0,0],"gold":72,"neow_bonus":"THREE_ENEMY_KILL","is_daily":false,"chose_seed":false,"campfire_upgraded":3,"win_rate":0.0,"timestamp":1609610151,"path_taken":["M","?","$","?","?","R","E","R","T","?","M","E","M","E","R","BOSS","M","M","?","$","M"],"items_purchased_type":["Relic"],"build_version":"2020-12-22","purchased_purges":2,"victory":false,"max_hp_per_floor":[71,71,71,71,71,71,71,71,71,71,71,71,71,71,71,71,71,71,71,71,71,71,71],"relic_stats":{"Happy Flower":[15],"counters":[12,49],"MealTicket":15,"Turnip":[0],"Smiling Mask":50,"obtain_stats":[{"Replay:Bandana":7,"NeowsBlessing":0,"Happy Flower":9,"Replay:Bronze Core":17,"MealTicket":12,"Turnip":21,"Replay:Bottled Eggs":2,"Odd Mushroom":10,"Cracked Core":0,"Smiling Mask":14},{"Replay:Bandana":3,"NeowsBlessing":0,"Happy Flower":3,"Replay:Bronze Core":9,"MealTicket":6,"Turnip":11,"Replay:Bottled Eggs":1,"Odd Mushroom":4,"Cracked Core":0,"Smiling Mask":8},{"Replay:Bandana":3,"NeowsBlessing":0,"Happy Flower":3,"Replay:Bronze Core":33,"MealTicket":16,"Turnip":44,"Replay:Bottled Eggs":1,"Odd Mushroom":6,"Cracked Core":0,"Smiling Mask":24}]},"card_choices":[{"not_picked":["ReplaySolidLightProjector","White Noise"],"picked":"Sweeping Beam","floor":1},{"not_picked":["Turbo","Storm"],"picked":"Doom and Gloom","floor":4},{"not_picked":["Conserve Battery","Gash"],"picked":"Self Repair","floor":7},{"not_picked":["Steam","Barrage"],"picked":"Streamline","floor":10},{"not_picked":["Steam","Stack"],"picked":"Rebound","floor":11},{"not_picked":["Scrape","Steam"],"picked":"Reinforced Body","floor":12},{"not_picked":["Sweeping Beam","Heatsinks","ReplaySort"],"picked":"SKIP","floor":13},{"not_picked":["Reprogram","Sweeping Beam"],"picked":"ReplayTheSpireMod:Calculation Training","floor":14},{"not_picked":["Hyperbeam","Biased Cognition"],"picked":"Buffer","floor":16},{"not_picked":["Sweeping Beam","Stack"],"picked":"Capacitor+1","floor":18},{"not_picked":["Coolheaded+1","Panic Button"],"picked":"Defragment+1","floor":19}],"player_experience":1020689,"relics_obtained":[{"floor":7,"key":"Replay:Bandana"},{"floor":9,"key":"Happy Flower"},{"floor":10,"key":"Odd Mushroom"},{"floor":12,"key":"MealTicket"},{"floor":14,"key":"Smiling Mask"}],"event_choices":[{"cards_removed":["Sweeping Beam"],"damage_healed":0,"gold_gain":0,"player_choice":"Gave Card","damage_taken":0,"relics_obtained":["Replay:Bottled Eggs"],"max_hp_gain":0,"max_hp_loss":0,"event_name":"WeMeetAgain","floor":2,"gold_loss":0},{"damage_healed":0,"gold_gain":0,"player_choice":"Fought Mushrooms","damage_taken":0,"max_hp_gain":0,"max_hp_loss":0,"event_name":"Mushrooms","floor":10,"gold_loss":0},{"cards_removed":["Strike_B"],"damage_healed":0,"gold_gain":0,"player_choice":"Offered Basic","damage_taken":0,"max_hp_gain":0,"max_hp_loss":0,"event_name":"Bonfire Elementals","floor":20,"gold_loss":0}],"is_beta":false,"boss_relics":[{"not_picked":["SlaversCollar","ReplayTheSpireMod:DimensionalGlitch"],"picked":"Replay:Bronze Core"}],"items_purged_floors":[3,21],"is_endless":false,"potions_floor_spawned":[7,11,12,16,18],"killed_by":"Cultist and Chosen","ascension_level":20}}