{"host":"j356dfgkwbkgh9zu","time":1609594937,"event":{"mods":["2.2 Compatiblity","ATMod(阿瑾Mod)","Act Like it!","BaseMod","Colored Map","Colored Powertips","Hermit","Lobotomy","Luminous","Minty Spire (QoL Compilation)","Quick Restart","RumiaBox-露米娅的神秘盒子","Shop Mod","Spicy Shops","StSLib","The Marked","The Mystic","【功能Mod】混沌之环修复补丁","篝火指南"],"gold_per_floor":[129,129,129,165,165,165,165,261,288,34,34,34,121,217,217,217,217],"floor_reached":16,"playtime":623,"items_purged":[],"score":228,"play_id":"26e29e14-58a3-47fe-9e85-dc46bff93a67","local_time":"20210102214217","daily_mods":["Heirloom","Time Dilation","Flight","DeadlyEvents","Elite Swarm","Midas"],"is_ascension_mode":true,"campfire_choices":[{"floor":6,"key":"DIG"},{"floor":7,"key":"DIG"},{"floor":11,"key":"REST"},{"floor":12,"key":"REST"},{"floor":15,"key":"REST"}],"circlet_count":0,"master_deck":["AscendersBane","mysticmod:Strike_Mystic","mysticmod:Strike_Mystic","mysticmod:Strike_Mystic","mysticmod:Strike_Mystic","mysticmod:Defend_Mystic","mysticmod:Defend_Mystic+1","mysticmod:Defend_Mystic","mysticmod:Defend_Mystic","mysticmod:ArcaneDodge+1","mysticmod:ShockingGrasp","mysticmod:IllusionOfCalm","Regret","mysticmod:ClosingBarrage","mysticmod:MysticalShield","mysticmod:Natural20+1"],"relics":["mysticmod:SpellBook","mysticmod:CrystalBall","AT_ATBox","Mango","AT_BladeRuinedKing","Shovel","LastBattle","Nunchaku","MerchantsRug","CeramicFish","Bag of Preparation","Toxic Egg 2"],"acts_visited":["Exordium"],"potions_floor_usage":[14,16],"damage_taken":[{"damage":4,"enemies":"Small Slimes","floor":1,"turns":3},{"damage":0,"enemies":"Cultist","floor":4,"turns":4},{"damage":54,"enemies":"Lagavulin","floor":8,"turns":6},{"damage":30,"enemies":"Gremlin Nob","floor":13,"turns":4},{"damage":38,"enemies":"Lagavulin","floor":14,"turns":7},{"damage":28,"enemies":"The Guardian","floor":16,"turns":10}],"seed_played":"-4699401523631550256","potions_obtained":[{"floor":4,"key":"LiquidMemories"},{"floor":8,"key":"SkillPotion"},{"floor":14,"key":"DistilledChaos"}],"is_trial":true,"path_per_floor":["M","?","$","M","?","R","R","E","T","R","R","R","E","E","R","B"],"character_chosen":"MYSTIC_CLASS","items_purchased":["MerchantsRug","CeramicFish"],"campfire_rested":3,"item_purchase_floors":[10,10],"current_hp_per_floor":[75,75,75,75,75,75,75,21,21,21,46,71,41,3,28,0,0],"gold":217,"neow_bonus":"","is_daily":false,"chose_seed":false,"campfire_upgraded":0,"win_rate":0.0,"timestamp":1609594937,"path_taken":["M","?","$","?","?","R","R","E","T","R","R","R","?","?","R","BOSS"],"items_purchased_type":["Relic","Relic"],"build_version":"2020-12-22","purchased_purges":0,"victory":false,"max_hp_per_floor":[86,86,86,86,86,86,86,86,86,86,86,86,86,86,86,86,86],"card_choices":[{"not_picked":["mysticmod:BulkUp","mysticmod:Probe"],"picked":"mysticmod:IllusionOfCalm","floor":1},{"not_picked":["mysticmod:SpellCombat","mysticmod:Daze","mysticmod:HeavyStrike"],"picked":"SKIP","floor":4},{"not_picked":["mysticmod:ObscuringMist","mysticmod:GreaterInvisibility"],"picked":"mysticmod:ClosingBarrage","floor":8},{"not_picked":["mysticmod:GeminiForm","mysticmod:Doublecast"],"picked":"mysticmod:MysticalShield","floor":13},{"not_picked":["mysticmod:Disintegrate","mysticmod:MirrorEntity"],"picked":"mysticmod:Natural20+1","floor":14}],"player_experience":218027,"relics_obtained":[{"floor":2,"key":"AT_BladeRuinedKing"},{"floor":6,"key":"War Paint"},{"floor":7,"key":"Bag of Marbles"},{"floor":8,"key":"LastBattle"},{"floor":9,"key":"Nunchaku"},{"floor":13,"key":"Bag of Preparation"},{"floor":14,"key":"Toxic Egg 2"}],"event_choices":[{"damage_healed":0,"gold_gain":0,"player_choice":"Relic","damage_taken":0,"max_hp_gain":0,"max_hp_loss":0,"event_name":"Wheel of Change","floor":2,"gold_loss":0},{"damage_healed":0,"gold_gain":0,"player_choice":"Box","damage_taken":0,"relics_obtained":["Shovel"],"max_hp_gain":0,"max_hp_loss":0,"event_name":"Big Fish","floor":5,"gold_loss":0,"cards_obtained":["Regret"]}],"is_beta":false,"boss_relics":[],"items_purged_floors":[],"is_endless":true,"potions_floor_spawned":[4,8,14],"killed_by":"The Guardian","ascension_level":20}}