{"host":"w9yruvs4bqht6bhw","time":1609627813,"event":{"mods":["BaseMod","Colored Powertips","Minty Spire (QoL Compilation)"],"gold_per_floor":[111,126,126,137,137,137,152,180,180,193,193,193,217,233,233,233,233],"floor_reached":16,"playtime":661,"items_purged":[],"score":140,"play_id":"a777dbc1-c6c9-4123-a799-8e48ca583b1f","local_time":"20210102175013","is_ascension_mode":true,"campfire_choices":[{"data":"Searing Blow+1","floor":6,"key":"SMITH"},{"data":"Searing Blow+2","floor":12,"key":"SMITH"},{"data":"Searing Blow+3","floor":15,"key":"SMITH"}],"circlet_count":0,"master_deck":["Strike_R","Strike_R+1","Strike_R","Strike_R","Defend_R","Defend_R","Defend_R","Defend_R","Bash","Pommel Strike","Searing Blow+4","Shrug It Off","Twin Strike","Infernal Blade","Headbutt+1","Pommel Strike+1","Shrug It Off"],"relics":["Burning Blood","Centennial Puzzle","Ornamental Fan","Molten Egg 2","Golden Idol"],"acts_visited":["Exordium"],"potions_floor_usage":[8,14,16],"damage_taken":[{"damage":1,"enemies":"Cultist","floor":1,"turns":3},{"damage":6,"enemies":"Jaw Worm","floor":2,"turns":4},{"damage":0,"enemies":"Small Slimes","floor":4,"turns":4},{"damage":3,"enemies":"3 Louse","floor":7,"turns":6},{"damage":12,"enemies":"3 Sentries","floor":8,"turns":6},{"damage":3,"enemies":"Blue Slaver","floor":10,"turns":3},{"damage":11,"enemies":"Looter","floor":13,"turns":2},{"damage":21,"enemies":"Exordium Thugs","floor":14,"turns":5},{"damage":49,"enemies":"Hexaghost","floor":16,"turns":8}],"seed_played":"7105264444125202472","potions_obtained":[{"floor":2,"key":"Strength Potion"},{"floor":13,"key":"SpeedPotion"},{"floor":14,"key":"GamblersBrew"}],"is_trial":false,"path_per_floor":["M","M","T","M","?","R","M","E","T","M","?","R","M","M","R","B"],"character_chosen":"IRONCLAD","items_purchased":[],"campfire_rested":0,"item_purchase_floors":[],"current_hp_per_floor":[77,77,77,80,64,64,67,61,61,64,64,64,59,44,44,0,0],"gold":233,"neow_bonus":"TRANSFORM_CARD","is_daily":false,"chose_seed":false,"campfire_upgraded":3,"win_rate":0.0,"timestamp":1609627813,"path_taken":["M","M","?","M","?","R","M","E","T","M","?","R","M","M","R","BOSS"],"items_purchased_type":[],"build_version":"2020-12-22","purchased_purges":0,"victory":false,"max_hp_per_floor":[80,80,80,80,80,80,80,80,80,80,74,74,74,74,74,74,74],"card_choices":[{"not_picked":["Heavy Blade","Warcry"],"picked":"Searing Blow","floor":1},{"not_picked":["Disarm","Power Through"],"picked":"Shrug It Off","floor":2},{"not_picked":["Armaments","Cleave"],"picked":"Twin Strike","floor":4},{"not_picked":["Sentinel","Havoc","Dark Embrace"],"picked":"SKIP","floor":7},{"not_picked":["Blood for Blood","Searing Blow"],"picked":"Infernal Blade","floor":8},{"not_picked":["Shockwave","Iron Wave+1"],"picked":"Headbutt+1","floor":10},{"not_picked":["Pummel+1","Twin Strike+1"],"picked":"Pommel Strike+1","floor":13},{"not_picked":["Pummel+1","Clothesline+1"],"picked":"Shrug It Off","floor":14}],"player_experience":273093,"relics_obtained":[{"floor":3,"key":"Centennial Puzzle"},{"floor":8,"key":"Ornamental Fan"},{"floor":9,"key":"Molten Egg 2"}],"event_choices":[{"damage_healed":0,"gold_gain":0,"player_choice":"Entered Light","damage_taken":16,"max_hp_gain":0,"max_hp_loss":0,"event_name":"Shining Light","floor":5,"gold_loss":0,"cards_upgraded":["Strike_R","Searing Blow"]},{"damage_healed":0,"gold_gain":0,"player_choice":"Lose Max HP","damage_taken":0,"relics_obtained":["Golden Idol"],"max_hp_gain":0,"max_hp_loss":6,"event_name":"Golden Idol","floor":11,"gold_loss":0}],"is_beta":false,"boss_relics":[],"items_purged_floors":[],"is_endless":false,"potions_floor_spawned":[2,13,14],"killed_by":"Hexaghost","ascension_level":7}}