{"host":"cwp0xoxch9uxtnfk","time":1609624544,"event":{"mods":["AchievementEnabler","BaseMod","Bestiary","Colored Map","Colored Powertips","DeckTracker","Highlight Path","Minty Spire (QoL Compilation)","Rare Cards Sparkle","Relic Sorter","Relic Stats"],"gold_per_floor":[117,17,17,32,45,45,80,100,100,100,0,28,46,46,46,142,142,154,174,185,200,22,52,52,52,52,69,85,98,109,129,129,129,129],"floor_reached":33,"playtime":2719,"items_purged":["Strike_B","Strike_B","Strike_B"],"score":283,"play_id":"782efe1c-45af-48b0-ac28-723ad46190be","local_time":"20210102215544","is_ascension_mode":false,"campfire_choices":[{"floor":6,"key":"RECALL"},{"floor":10,"key":"REST"},{"data":"Dualcast","floor":15,"key":"SMITH"},{"floor":32,"key":"REST"}],"circlet_count":0,"master_deck":["Defend_B+1","Defend_B","Defend_B","Defend_B","Zap","Dualcast+1","Conserve Battery+1","Cold Snap","Compile Driver","Compile Driver","Sweeping Beam+1","Multi-Cast","Compile Driver+1","Rebound+1","Ball Lightning+1","Sweeping Beam+1","Cold Snap+1","Loop+1","Ball Lightning+1","Blizzard+1","Barrage+1"],"relics":["Cracked Core","Tiny Chest","Molten Egg 2","Velvet Choker","Toy Ornithopter","Nunchaku"],"acts_visited":["Exordium","TheCity"],"potions_floor_usage":[12,23,23,30,33,33],"damage_taken":[{"damage":0,"enemies":"Cultist","floor":1,"turns":4},{"damage":0,"enemies":"Jaw Worm","floor":4,"turns":4},{"damage":0,"enemies":"2 Louse","floor":5,"turns":2},{"damage":20,"enemies":"Gremlin Nob","floor":7,"turns":5},{"damage":0,"enemies":"Looter","floor":8,"turns":3},{"damage":11,"enemies":"3 Sentries","floor":12,"turns":7},{"damage":0,"enemies":"Blue Slaver","floor":13,"turns":3},{"damage":40,"enemies":"Slime Boss","floor":16,"turns":13},{"damage":13,"enemies":"2 Thieves","floor":18,"turns":4},{"damage":0,"enemies":"Shell Parasite","floor":19,"turns":6},{"damage":10,"enemies":"Snake Plant","floor":20,"turns":5},{"damage":6,"enemies":"Chosen and Byrds","floor":21,"turns":5},{"damage":10,"enemies":"Gremlin Leader","floor":23,"turns":6},{"damage":8,"enemies":"3 Cultists","floor":27,"turns":3},{"damage":0,"enemies":"Centurion and Healer","floor":28,"turns":6},{"damage":0,"enemies":"Sentry and Sphere","floor":29,"turns":3},{"damage":9,"enemies":"Shelled Parasite and Fungi","floor":30,"turns":5},{"damage":21,"enemies":"Snake Plant","floor":31,"turns":4},{"damage":35,"enemies":"Automaton","floor":33,"turns":8}],"seed_played":"-7883308228819676975","potions_obtained":[{"floor":5,"key":"Energy Potion"},{"floor":7,"key":"LiquidBronze"},{"floor":16,"key":"Fire Potion"},{"floor":21,"key":"SkillPotion"},{"floor":28,"key":"Fire Potion"},{"floor":29,"key":"BlessingOfTheForge"},{"floor":30,"key":"ColorlessPotion"}],"is_trial":false,"path_per_floor":["M","$","?","M","M","R","E","M","T","R","$","E","M","?","R","B",null,"M","M","M","M","$","E","?","$","T","M","M","M","M","M","R","B"],"character_chosen":"DEFECT","items_purchased":["Conserve Battery","Cold Snap+1"],"campfire_rested":2,"item_purchase_floors":[2,22],"current_hp_per_floor":[75,75,60,60,60,60,40,40,40,62,62,51,51,75,75,35,75,62,62,52,46,46,36,36,36,36,28,28,28,24,3,25,0,0],"gold":129,"neow_bonus":"REMOVE_CARD","is_daily":false,"chose_seed":false,"campfire_upgraded":1,"win_rate":0.0,"timestamp":1609624544,"path_taken":["M","?","?","M","M","R","E","M","T","R","$","E","M","?","R","BOSS","M","M","M","M","$","E","?","$","T","M","M","M","M","M","R","BOSS"],"items_purchased_type":["Card","Card"],"build_version":"2020-12-22","purchased_purges":3,"victory":false,"max_hp_per_floor":[75,75,75,75,75,75,75,75,75,75,75,75,75,75,75,75,75,75,75,75,75,75,75,75,75,75,75,75,75,75,75,75,75,75],"relic_stats":{"Nunchaku":[8],"counters":[19,96],"Tiny Chest":0,"obtain_stats":[{"Nunchaku":26,"Velvet Choker":17,"Tiny Chest":7,"Molten Egg 2":12,"Cracked Core":0,"Toy Ornithopter":23},{"Nunchaku":13,"Velvet Choker":8,"Tiny Chest":4,"Molten Egg 2":6,"Cracked Core":0,"Toy Ornithopter":13},{"Nunchaku":67,"Velvet Choker":41,"Tiny Chest":15,"Molten Egg 2":25,"Cracked Core":0,"Toy Ornithopter":67}],"Toy Ornithopter":15},"card_choices":[{"not_picked":["Steam","Hello World","Gash"],"picked":"SKIP","floor":1},{"not_picked":["Turbo","Rebound"],"picked":"Cold Snap","floor":4},{"not_picked":["Coolheaded","Go for the Eyes"],"picked":"Compile Driver","floor":5},{"not_picked":["Compile Driver","Scrape","Recycle"],"picked":"SKIP","floor":7},{"not_picked":["Steam","Go for the Eyes"],"picked":"Compile Driver","floor":8},{"not_picked":["Leap","Steam Power","Undo"],"picked":"SKIP","floor":12},{"not_picked":["Storm","Buffer"],"picked":"Sweeping Beam+1","floor":13},{"not_picked":["Core Surge+1","All For One+1"],"picked":"Multi-Cast","floor":16},{"not_picked":["Skim","Hologram"],"picked":"Compile Driver+1","floor":18},{"not_picked":["White Noise","Storm"],"picked":"Rebound+1","floor":19},{"not_picked":["Double Energy","Gash+1"],"picked":"Ball Lightning+1","floor":20},{"not_picked":["Melter+1","Gash+1"],"picked":"Sweeping Beam+1","floor":21},{"not_picked":["Self Repair","Fusion"],"picked":"Loop+1","floor":23},{"not_picked":["Steam","Cold Snap+1","Scrape+1"],"picked":"SKIP","floor":27},{"not_picked":["Aggregate+1","Multi-Cast"],"picked":"Ball Lightning+1","floor":28},{"not_picked":["Go for the Eyes+1","Rebound+1","Turbo"],"picked":"SKIP","floor":29},{"not_picked":["Hologram","Steam"],"picked":"Blizzard+1","floor":30},{"not_picked":["Compile Driver+1","Turbo+1"],"picked":"Barrage+1","floor":31}],"player_experience":144050,"relics_obtained":[{"floor":7,"key":"Tiny Chest"},{"floor":12,"key":"Molten Egg 2"},{"floor":23,"key":"Toy Ornithopter"},{"floor":26,"key":"Nunchaku"}],"event_choices":[{"damage_healed":0,"gold_gain":0,"player_choice":"Entered Light","damage_taken":15,"max_hp_gain":0,"max_hp_loss":0,"event_name":"Shining Light","floor":3,"gold_loss":0,"cards_upgraded":["Defend_B","Conserve Battery"]},{"damage_healed":25,"gold_gain":0,"player_choice":"Banana","damage_taken":0,"max_hp_gain":0,"max_hp_loss":0,"event_name":"Big Fish","floor":14,"gold_loss":0}],"is_beta":false,"boss_relics":[{"not_picked":["Sozu","Empty Cage"],"picked":"Velvet Choker"}],"items_purged_floors":[2,11,22],"is_endless":false,"potions_floor_spawned":[5,7,16,21,28,29,30],"killed_by":"Automaton","ascension_level":0}}