{"host":"szp1d6dso4pv7ddl","time":1609572516,"event":{"mods":["AchievementEnabler","Alarm Clock","BaseMod","Bestiary","Block Reminder","Colored Map","Colored Powertips","Curses Come First","Displayed Cursed Tome","Highlight Path","Minty Spire (QoL Compilation)","Permanent Neow","Quick Restart","Relic Sorter","Relic Stats","StSLib","Synergy Search"],"gold_per_floor":[216,233,253,205,205,205,218,218,273,295,307,335,375,387,399,513,525,556,568,495,507,325,325,358,368,449,449,548,577,131,147,147,147,147],"floor_reached":33,"playtime":1912,"items_purged":["Strike_R","Strike_R"],"score":421,"play_id":"0d7ddde2-68a3-42ca-a62a-fc4d59faaadb","local_time":"20210101232836","is_ascension_mode":true,"campfire_choices":[{"data":"Pommel Strike","floor":6,"key":"SMITH"},{"data":"Sever Soul","floor":8,"key":"SMITH"},{"data":"Wild Strike","floor":11,"key":"SMITH"},{"floor":15,"key":"REST"},{"data":"Power Through","floor":23,"key":"SMITH"},{"floor":27,"key":"REST"},{"floor":32,"key":"REST"}],"circlet_count":0,"master_deck":["AscendersBane","Strike_R","Strike_R","Strike_R","Defend_R","Defend_R","Defend_R","Defend_R+1","Bash+1","Thunderclap","Wild Strike+1","Shrug It Off","Pommel Strike+1","Sever Soul+1","Power Through+1","Feed","Power Through+1","True Grit+1","Seeing Red+1","Feel No Pain","Sentinel+1","Burning Pact+1","True Grit+1"],"relics":["Burning Blood","MawBank","Lantern","Mark of Pain","Toxic Egg 2","Art of War","HornCleat","Red Mask","Torii"],"acts_visited":["Exordium","TheCity"],"potions_floor_usage":[12,24],"damage_taken":[{"damage":1,"enemies":"Cultist","floor":1,"turns":4},{"damage":12,"enemies":"Jaw Worm","floor":2,"turns":3},{"damage":10,"enemies":"Small Slimes","floor":3,"turns":3},{"damage":0,"enemies":"3 Louse","floor":7,"turns":3},{"damage":0,"enemies":"2 Fungi Beasts","floor":10,"turns":2},{"damage":12,"enemies":"Gremlin Gang","floor":12,"turns":3},{"damage":29,"enemies":"3 Sentries","floor":13,"turns":11},{"damage":85,"enemies":"The Guardian","floor":16,"turns":16},{"damage":3,"enemies":"2 Thieves","floor":18,"turns":4},{"damage":37,"enemies":"Slavers","floor":24,"turns":11},{"damage":12,"enemies":"Chosen","floor":25,"turns":4},{"damage":37,"enemies":"Masked Bandits","floor":29,"turns":7},{"damage":1,"enemies":"Shelled Parasite and Fungi","floor":31,"turns":6},{"damage":64,"enemies":"Automaton","floor":33,"turns":10}],"seed_played":"-8570906913784983324","potions_obtained":[{"floor":2,"key":"FairyPotion"},{"floor":3,"key":"DistilledChaos"},{"floor":16,"key":"AttackPotion"},{"floor":31,"key":"Fire Potion"}],"is_trial":false,"path_per_floor":["M","M","M","$","?","R","M","R","T","M","R","M","E","$","R","B",null,"M","?","?","?","$","R","E","M","T","R","?","?","$","M","R","B"],"character_chosen":"IRONCLAD","items_purchased":["Pommel Strike","Seeing Red+1","Feel No Pain","Torii","True Grit+1"],"campfire_rested":3,"item_purchase_floors":[4,22,22,30,30],"current_hp_per_floor":[77,71,67,67,51,51,57,57,57,63,63,57,34,34,58,14,64,67,67,67,67,67,67,36,30,30,54,54,26,26,31,55,0,0],"gold":147,"neow_bonus":"HUNDRED_GOLD","is_daily":false,"chose_seed":false,"campfire_upgraded":4,"win_rate":0.0,"timestamp":1609572516,"path_taken":["M","?","M","$","?","R","M","R","T","M","R","M","E","$","R","BOSS","M","?","?","?","$","R","E","M","T","R","?","?","?","M","R","BOSS"],"items_purchased_type":["Card","Card","Card","Relic","Card"],"build_version":"2020-12-22","purchased_purges":2,"victory":false,"max_hp_per_floor":[80,80,80,80,80,80,80,80,80,80,80,80,80,80,80,80,80,80,80,80,80,80,80,80,80,80,80,80,83,83,83,83,83,83],"relic_stats":{"Torii":3,"counters":[14,87],"Art of War":[1],"MawBank":156,"obtain_stats":[{"Lantern":13,"HornCleat":26,"Torii":30,"Mark of Pain":17,"Art of War":24,"Red Mask":29,"Toxic Egg 2":20,"MawBank":9,"Burning Blood":0},{"Lantern":7,"HornCleat":11,"Torii":12,"Mark of Pain":8,"Art of War":10,"Red Mask":12,"Toxic Egg 2":9,"MawBank":4,"Burning Blood":0},{"Lantern":29,"HornCleat":64,"Torii":71,"Mark of Pain":45,"Art of War":60,"Red Mask":71,"Toxic Egg 2":49,"MawBank":13,"Burning Blood":0}],"Burning Blood":78},"card_choices":[{"not_picked":["Sword Boomerang","Clash"],"picked":"Thunderclap","floor":1},{"not_picked":["Intimidate","Searing Blow"],"picked":"Wild Strike","floor":2},{"not_picked":["Feel No Pain","Cleave"],"picked":"Shrug It Off","floor":3},{"not_picked":["Warcry","Flex"],"picked":"Sever Soul","floor":7},{"not_picked":["Heavy Blade","Rupture","Disarm"],"picked":"SKIP","floor":10},{"not_picked":["Havoc","Armaments"],"picked":"Power Through","floor":12},{"not_picked":["Flex","Headbutt","Clothesline"],"picked":"SKIP","floor":13},{"not_picked":["Berserk","Barricade"],"picked":"Feed","floor":16},{"not_picked":["Wild Strike+1","Flex"],"picked":"Power Through+1","floor":18},{"not_picked":["Heavy Blade","Brutality"],"picked":"Sentinel+1","floor":24},{"not_picked":["Clothesline","Combust","Perfected Strike"],"picked":"SKIP","floor":25},{"not_picked":["Cleave","Clothesline+1"],"picked":"Burning Pact+1","floor":29},{"not_picked":["True Grit+1","Disarm+1","Armaments+1"],"picked":"SKIP","floor":31}],"player_experience":1097052,"relics_obtained":[{"floor":9,"key":"MawBank"},{"floor":13,"key":"Lantern"},{"floor":24,"key":"Art of War"},{"floor":26,"key":"HornCleat"},{"floor":29,"key":"Red Mask"}],"event_choices":[{"damage_healed":0,"gold_gain":0,"player_choice":"Entered Light","damage_taken":16,"max_hp_gain":0,"max_hp_loss":0,"event_name":"Shining Light","floor":5,"gold_loss":0,"cards_upgraded":["Defend_R","Bash"]},{"damage_healed":0,"gold_gain":0,"player_choice":"Ignored","damage_taken":0,"max_hp_gain":0,"max_hp_loss":0,"event_name":"Ghosts","floor":19,"gold_loss":0},{"damage_healed":0,"gold_gain":0,"player_choice":"Obtained Relic","damage_taken":0,"relics_obtained":["Toxic Egg 2"],"max_hp_gain":0,"max_hp_loss":0,"event_name":"Addict","floor":20,"gold_loss":85},{"damage_healed":0,"gold_gain":0,"player_choice":"Read","damage_taken":0,"max_hp_gain":0,"max_hp_loss":0,"event_name":"The Library","floor":21,"gold_loss":0,"cards_obtained":["True Grit"]},{"damage_healed":0,"gold_gain":99,"player_choice":"Stole From Cult","damage_taken":0,"max_hp_gain":0,"max_hp_loss":0,"event_name":"Nest","floor":28,"gold_loss":0},{"damage_healed":0,"gold_gain":0,"player_choice":"Fought Bandits","damage_taken":0,"max_hp_gain":0,"max_hp_loss":0,"event_name":"Masked Bandits","floor":29,"gold_loss":0}],"is_beta":false,"boss_relics":[{"not_picked":["Runic Dome","Fusion Hammer"],"picked":"Mark of Pain"}],"items_purged_floors":[22,30],"is_endless":false,"potions_floor_spawned":[2,3,7,16,31],"killed_by":"Automaton","ascension_level":12}}