{"host":"foq4mrde4mssg7vt","time":1609622787,"event":{"mods":["AchievementEnabler","BaseMod","Colored Map","Colored Powertips","Highlight Path","Minty Spire (QoL Compilation)","Relic Stats","everything is the same but u backflip on backflip"],"gold_per_floor":[112,131,141,56,56,81,81,115,115,147,147,161,161,178,178,249,249,251,296,19,19,61,61,92,107,107,107,148,162,212,250,250,350,350,363,363,383,333,368,419,458,511,585,636,636,636,636,204,204,229,229,229,42,42,42],"floor_reached":54,"playtime":3642,"items_purged":["Defend_P","MasterReality","Parasite"],"score":1572,"play_id":"8d7acbea-13ac-4652-90f2-883f9dd705d2","local_time":"20210103052627","is_ascension_mode":true,"campfire_choices":[{"data":"SashWhip","floor":7,"key":"SMITH"},{"data":"TalkToTheHand","floor":13,"key":"SMITH"},{"data":"Wallop","floor":15,"key":"SMITH"},{"floor":23,"key":"REST"},{"floor":27,"key":"REST"},{"data":"Wallop","floor":32,"key":"SMITH"},{"floor":46,"key":"REST"},{"floor":49,"key":"RECALL"},{"data":"MentalFortress","floor":52,"key":"SMITH"}],"circlet_count":0,"master_deck":["AscendersBane","Eruption+1","Vigilance","BattleHymn","SashWhip+1","WindmillStrike","FearNoEvil","Protect","Wallop+1","TalkToTheHand+1","Tantrum","Wish","Flash of Steel","Wallop+1","LikeWater","DeceiveReality","ClearTheMind","FlyingSleeves","FlyingSleeves","Judgement","CutThroughFate","Adaptation","MentalFortress+1","InnerPeace","Wireheading","FlurryOfBlows"],"relics":["PureWater","Whetstone","Toy Ornithopter","Mercury Hourglass","Potion Belt","Smiling Mask","Busted Crown","Akabeko","White Beast Statue","Shuriken","Pandora\u0027s Box","Ice Cream","CaptainsWheel","Happy Flower","Anchor","TheAbacus"],"acts_visited":["Exordium","TheCity","TheBeyond","TheEnding"],"potions_floor_usage":[19,24,28,29,30,33,39,40,41,42,42,47,54,54,54],"damage_taken":[{"damage":0,"enemies":"2 Louse","floor":1,"turns":3},{"damage":7,"enemies":"Jaw Worm","floor":2,"turns":3},{"damage":0,"enemies":"Cultist","floor":3,"turns":2},{"damage":0,"enemies":"Lagavulin","floor":6,"turns":4},{"damage":12,"enemies":"Gremlin Nob","floor":8,"turns":3},{"damage":5,"enemies":"Lagavulin","floor":10,"turns":5},{"damage":0,"enemies":"2 Fungi Beasts","floor":12,"turns":2},{"damage":6,"enemies":"Exordium Thugs","floor":14,"turns":2},{"damage":11,"enemies":"The Guardian","floor":16,"turns":7},{"damage":26,"enemies":"2 Thieves","floor":18,"turns":4},{"damage":11,"enemies":"Chosen","floor":19,"turns":5},{"damage":0,"enemies":"Snecko","floor":22,"turns":3},{"damage":20,"enemies":"Book of Stabbing","floor":24,"turns":6},{"damage":1,"enemies":"3 Cultists","floor":25,"turns":3},{"damage":2,"enemies":"Shelled Parasite and Fungi","floor":28,"turns":7},{"damage":13,"enemies":"Chosen and Byrds","floor":29,"turns":5},{"damage":0,"enemies":"Gremlin Leader","floor":30,"turns":6},{"damage":0,"enemies":"Sentry and Sphere","floor":31,"turns":3},{"damage":8,"enemies":"Champ","floor":33,"turns":10},{"damage":0,"enemies":"Orb Walker","floor":35,"turns":3},{"damage":2,"enemies":"3 Shapes","floor":37,"turns":6},{"damage":12,"enemies":"3 Darklings","floor":39,"turns":5},{"damage":21,"enemies":"Giant Head","floor":40,"turns":8},{"damage":30,"enemies":"Writhing Mass","floor":41,"turns":7},{"damage":6,"enemies":"Reptomancer","floor":42,"turns":6},{"damage":24,"enemies":"Giant Head","floor":44,"turns":8},{"damage":0,"enemies":"Jaw Worm Horde","floor":47,"turns":1},{"damage":16,"enemies":"Awakened One","floor":50,"turns":10},{"damage":89,"enemies":"Shield and Spear","floor":54,"turns":5}],"seed_played":"-1814411453439437726","potions_obtained":[{"floor":3,"key":"Fruit Juice"},{"floor":8,"key":"BottledMiracle"},{"floor":14,"key":"Ancient Potion"},{"floor":16,"key":"AttackPotion"},{"floor":22,"key":"PowerPotion"},{"floor":24,"key":"ColorlessPotion"},{"floor":25,"key":"LiquidMemories"},{"floor":28,"key":"SpeedPotion"},{"floor":29,"key":"Explosive Potion"},{"floor":30,"key":"Block Potion"},{"floor":33,"key":"BottledMiracle"},{"floor":37,"key":"Fruit Juice"},{"floor":39,"key":"Regen Potion"},{"floor":40,"key":"Block Potion"},{"floor":41,"key":"Strength Potion"},{"floor":42,"key":"ColorlessPotion"},{"floor":44,"key":"SmokeBomb"}],"is_trial":false,"path_per_floor":["M","M","M","$","?","E","R","E","T","E","?","M","R","M","R","B",null,"M","M","$","?","M","R","E","M","T","R","M","M","E","M","R","B",null,"M","?","M","$","M","E","M","E","T","E","?","R","M","$","R","B",null,"R","$","E"],"character_chosen":"WATCHER","items_purchased":["FearNoEvil","Flash of Steel","Wallop","LikeWater","InnerPeace","Anchor","Wireheading","StancePotion","FlurryOfBlows","TheAbacus"],"campfire_rested":3,"item_purchase_floors":[4,20,20,20,48,48,48,48,53,53],"current_hp_per_floor":[61,54,54,54,54,54,54,42,42,37,37,37,37,31,31,20,56,30,24,24,24,24,44,34,33,33,54,57,49,54,54,54,51,68,68,73,71,71,69,62,37,41,41,17,17,40,45,45,45,29,64,64,64,0,0],"gold":42,"neow_bonus":"RANDOM_COMMON_RELIC","is_daily":false,"chose_seed":false,"campfire_upgraded":5,"win_rate":0.0,"timestamp":1609622787,"path_taken":["M","M","M","$","?","E","R","E","T","E","?","?","R","M","R","BOSS","M","M","$","?","M","R","E","M","T","R","M","M","E","M","R","BOSS","M","?","M","?","M","E","?","E","T","E","?","R","M","$","R","BOSS","R","$","E"],"items_purchased_type":["Card","Card","Card","Card","Card","Relic","Card","Potion","Card","Relic"],"build_version":"2020-12-22","purchased_purges":3,"victory":false,"max_hp_per_floor":[68,68,68,68,68,68,68,68,68,68,68,68,68,68,68,68,68,68,68,68,68,68,68,73,73,73,73,73,73,73,73,73,73,73,73,73,73,73,78,78,78,78,78,78,78,78,78,75,75,75,75,75,75,75,75],"relic_stats":{"Busted Crown":36,"TheAbacus":[6],"Happy Flower":[5],"counters":[29,142],"Shuriken":[39],"Pandora\u0027s Box":["ClearTheMind","FlyingSleeves","FlyingSleeves","Judgement","MasterReality","CutThroughFate"],"Whetstone":["Eruption","Strike_P"],"Smiling Mask":150,"obtain_stats":[{"Potion Belt":9,"Ice Cream":40,"Happy Flower":44,"Whetstone":0,"Smiling Mask":10,"Akabeko":24,"White Beast Statue":26,"Mercury Hourglass":8,"CaptainsWheel":42,"Anchor":48,"Busted Crown":17,"TheAbacus":53,"Shuriken":30,"Pandora\u0027s Box":34,"PureWater":0,"Toy Ornithopter":6},{"Potion Belt":5,"Ice Cream":23,"Happy Flower":26,"Whetstone":0,"Smiling Mask":6,"Akabeko":13,"White Beast Statue":14,"Mercury Hourglass":5,"CaptainsWheel":25,"Anchor":27,"Busted Crown":9,"TheAbacus":28,"Shuriken":17,"Pandora\u0027s Box":19,"PureWater":0,"Toy Ornithopter":4},{"Potion Belt":15,"Ice Cream":105,"Happy Flower":126,"Whetstone":0,"Smiling Mask":20,"Akabeko":49,"White Beast Statue":52,"Mercury Hourglass":15,"CaptainsWheel":118,"Anchor":127,"Busted Crown":31,"TheAbacus":137,"Shuriken":70,"Pandora\u0027s Box":83,"PureWater":0,"Toy Ornithopter":12}],"Toy Ornithopter":75,"Mercury Hourglass":[444]},"card_choices":[{"not_picked":["Protect","ThirdEye"],"picked":"BattleHymn","floor":1},{"not_picked":["ClearTheMind","InnerPeace"],"picked":"SashWhip","floor":2},{"not_picked":["Pray","InnerPeace"],"picked":"WindmillStrike","floor":3},{"not_picked":["Fasting2","DeusExMachina"],"picked":"Protect","floor":6},{"not_picked":["EmptyMind","WreathOfFlame"],"picked":"Wallop","floor":8},{"not_picked":["Weave","ReachHeaven"],"picked":"TalkToTheHand","floor":10},{"not_picked":["Prostrate","Sanctity","FearNoEvil"],"picked":"SKIP","floor":12},{"not_picked":["JustLucky","Consecrate"],"picked":"Tantrum","floor":14},{"not_picked":["Omniscience","DevaForm"],"picked":"Wish","floor":16},{"not_picked":["EmptyMind+1"],"picked":"SKIP","floor":18},{"not_picked":["WheelKick"],"picked":"SKIP","floor":19},{"not_picked":["ThirdEye"],"picked":"SKIP","floor":22},{"not_picked":["Evaluate"],"picked":"SKIP","floor":24},{"not_picked":["FlyingSleeves"],"picked":"SKIP","floor":25},{"not_picked":["FollowUp"],"picked":"SKIP","floor":28},{"not_picked":["BowlingBash"],"picked":"SKIP","floor":29},{"not_picked":[],"picked":"DeceiveReality","floor":30},{"not_picked":["Protect"],"picked":"SKIP","floor":31},{"not_picked":["WindmillStrike"],"picked":"SKIP","floor":35},{"not_picked":[],"picked":"Adaptation","floor":37},{"not_picked":["EmptyFist"],"picked":"SKIP","floor":39},{"not_picked":[],"picked":"MentalFortress","floor":40},{"not_picked":["FlyingSleeves"],"picked":"SKIP","floor":41},{"not_picked":["FlyingSleeves"],"picked":"SKIP","floor":42},{"not_picked":["Prostrate"],"picked":"SKIP","floor":44}],"player_experience":378714,"relics_obtained":[{"floor":6,"key":"Toy Ornithopter"},{"floor":8,"key":"Mercury Hourglass"},{"floor":9,"key":"Potion Belt"},{"floor":10,"key":"Smiling Mask"},{"floor":24,"key":"Akabeko"},{"floor":26,"key":"White Beast Statue"},{"floor":30,"key":"Shuriken"},{"floor":40,"key":"Ice Cream"},{"floor":42,"key":"CaptainsWheel"},{"floor":44,"key":"Happy Flower"}],"event_choices":[{"damage_healed":0,"gold_gain":0,"player_choice":"Leave","damage_taken":0,"max_hp_gain":0,"max_hp_loss":0,"event_name":"The Cleric","floor":5,"gold_loss":0},{"cards_removed":["Strike_P"],"damage_healed":0,"gold_gain":0,"player_choice":"Purged","damage_taken":0,"max_hp_gain":0,"max_hp_loss":0,"event_name":"Purifier","floor":11,"gold_loss":0},{"damage_healed":0,"gold_gain":0,"player_choice":"Ignored","damage_taken":0,"max_hp_gain":0,"max_hp_loss":0,"event_name":"Cursed Tome","floor":21,"gold_loss":0},{"damage_healed":5,"gold_gain":0,"player_choice":"Full Heal","damage_taken":0,"max_hp_gain":0,"max_hp_loss":0,"event_name":"Wheel of Change","floor":36,"gold_loss":0},{"damage_healed":0,"gold_gain":0,"player_choice":"Memory 1","damage_taken":0,"max_hp_gain":0,"max_hp_loss":0,"event_name":"SensoryStone","floor":45,"gold_loss":0}],"is_beta":false,"boss_relics":[{"not_picked":["Runic Dome","SacredBark"],"picked":"Busted Crown"},{"not_picked":["Runic Pyramid","Snecko Eye"],"picked":"Pandora\u0027s Box"}],"items_purged_floors":[20,38,48],"is_endless":false,"potions_floor_spawned":[3,8,14,16,22,24,25,28,29,30,31,33,35,37,39,40,41,42,44,47],"killed_by":"Shield and Spear","ascension_level":18}}