{"host":"eydwxg59205c3vtl","time":1609546750,"event":{"mods":["2.2 Compatiblity","BaseMod","Colored Map","Colored Powertips","Hubris","Minty Spire (QoL Compilation)","StSLib","The Necromancer"],"gold_per_floor":[109,121,121,121,72,72,102,118,144,144,219,0,0,32,32,132,132,151,176,5,104,121,121,131,131,131,131,131,150,175,193,193,193,193],"floor_reached":33,"playtime":1311,"items_purged":["Strike_G"],"score":514,"play_id":"487ba4a6-a3c7-43c6-8db9-91f0b41ca645","local_time":"20210101191910","is_ascension_mode":true,"campfire_choices":[{"data":"Blur","floor":6.0,"key":"SMITH"},{"data":"Crippling Poison","floor":10.0,"key":"SMITH"},{"floor":15,"key":"REST"},{"data":"Burst","floor":23,"key":"SMITH"},{"floor":25,"key":"REST"},{"floor":27,"key":"REST"},{"floor":32,"key":"REST"}],"circlet_count":0,"master_deck":["AscendersBane","Strike_G","Strike_G","Strike_G","Defend_G","Defend_G","Defend_G","Survivor","Neutralize+1","Blur+1","Crippling Poison+1","Deflect","Backflip","Quick Slash","Burst+1","Skewer","Corpse Explosion","Deflect","All Out Attack","Noxious Fumes","Dodge and Roll","Flying Knee","Flying Knee","Poisoned Stab","Writhe","Dash","Stop_Heart"],"relics":["Ring of the Snake","NeowsBlessing","hubris:Reverence","Art of War","hubris:DisguiseKit","Empty Cage","Red Mask","Mercury Hourglass","Toy Ornithopter","Gambling Chip"],"acts_visited":["Exordium","TheCity"],"potions_floor_usage":[14,16,16,18,30,33],"damage_taken":[{"damage":0.0,"enemies":"Cultist","floor":1.0,"turns":1.0},{"damage":0.0,"enemies":"Jaw Worm","floor":2.0,"turns":1.0},{"damage":0.0,"enemies":"Lagavulin","floor":7.0,"turns":1.0},{"damage":0.0,"enemies":"Small Slimes","floor":8.0,"turns":5.0},{"damage":26,"enemies":"3 Sentries","floor":14,"turns":22},{"damage":30,"enemies":"The Guardian","floor":16,"turns":18},{"damage":16,"enemies":"2 Thieves","floor":18,"turns":4},{"damage":20,"enemies":"Masked Bandits","floor":19,"turns":3},{"damage":5,"enemies":"Chosen","floor":22,"turns":6},{"damage":13,"enemies":"Centurion and Healer","floor":24,"turns":7},{"damage":20,"enemies":"Sentry and Sphere","floor":29,"turns":4},{"damage":16,"enemies":"Slavers","floor":30,"turns":4},{"damage":5,"enemies":"Shelled Parasite and Fungi","floor":31,"turns":6},{"damage":42,"enemies":"Champ","floor":33,"turns":12}],"seed_played":"5589567993613467945","potions_obtained":[{"floor":1.0,"key":"SteroidPotion"},{"floor":7.0,"key":"LiquidMemories"},{"floor":14,"key":"GamblersBrew"},{"floor":18,"key":"Fruit Juice"},{"floor":29,"key":"SteroidPotion"},{"floor":30,"key":"Weak Potion"}],"is_trial":false,"path_per_floor":["M","M","?","?","$","R","E","M","T","R","?","$","$","E","R","B",null,"M","?","$","?","M","R","M","R","T","R","?","M","E","M","R","B"],"character_chosen":"THE_SILENT","items_purchased":["Deflect","Burst","Noxious Fumes","Dodge and Roll","Flying Knee"],"campfire_rested":4,"item_purchase_floors":[5,12,20,20,20],"current_hp_per_floor":[63,63,56,56,56,56,56,56,56,56,45,45,45,19,40,10,55,44,24,24,24,19,19,6,28,28,50,50,30,19,14,36,0,0],"gold":193,"neow_bonus":"THREE_ENEMY_KILL","is_daily":false,"chose_seed":false,"campfire_upgraded":3,"win_rate":0.0,"timestamp":1609546750,"path_taken":["M","?","?","?","$","R","E","M","T","R","?","$","?","E","R","BOSS","M","?","$","?","M","R","M","R","T","R","?","M","E","M","R","BOSS"],"items_purchased_type":["Card","Card","Card","Card","Card"],"build_version":"2020-12-22","purchased_purges":1,"victory":false,"max_hp_per_floor":[70,70,70,70,70,70,70,70,70,70,70,70,70,70,70,70,70,75,75,75,75,75,75,75,75,75,75,75,75,75,75,75,75,75],"card_choices":[{"not_picked":["Flying Knee","Underhanded Strike"],"picked":"Blur","floor":1.0},{"not_picked":["Flying Knee","Bane"],"picked":"Crippling Poison","floor":2.0},{"not_picked":["Underhanded Strike","Outmaneuver"],"picked":"Backflip","floor":7.0},{"not_picked":["Outmaneuver","Flying Knee"],"picked":"Quick Slash","floor":8.0},{"not_picked":["hubris:Counter","Calculated Gamble"],"picked":"Skewer","floor":14},{"not_picked":["Burst","Venomology","Grasp_Heart"],"picked":"Corpse Explosion","floor":16},{"not_picked":["hubris:TrickCloak","Accuracy","Chill_Blood"],"picked":"Deflect","floor":18},{"not_picked":["hubris:SlightOfHand","Underhanded Strike","Blood_Curse"],"picked":"All Out Attack","floor":19},{"not_picked":["Dagger Throw","Underhanded Strike","Bone_Shift"],"picked":"Flying Knee","floor":22},{"not_picked":["Expertise","Finisher","Reap_The_Weak"],"picked":"Poisoned Stab","floor":24},{"not_picked":["Prepared","Dagger Throw+1","Scare"],"picked":"Dash","floor":29},{"not_picked":["Blade Dance+1","PiercingWail","Corpse Explosion","Chill_Blood"],"picked":"SKIP","floor":30},{"not_picked":["Prepared","Expertise","Quick Slash"],"picked":"Stop_Heart","floor":31}],"player_experience":577001,"relics_obtained":[{"floor":7.0,"key":"hubris:Reverence"},{"floor":9.0,"key":"Art of War"},{"floor":14,"key":"hubris:DisguiseKit"},{"floor":19,"key":"Red Mask"},{"floor":26,"key":"Mercury Hourglass"},{"floor":30,"key":"Gambling Chip"}],"event_choices":[{"cards_removed":["Strike_G"],"damage_healed":0.0,"max_hp_gain":0.0,"max_hp_loss":0.0,"gold_gain":0.0,"event_name":"Golden Wing","player_choice":"Card Removal","floor":3.0,"gold_loss":0.0,"damage_taken":7.0},{"damage_healed":0.0,"max_hp_gain":0.0,"max_hp_loss":0.0,"gold_gain":75.0,"event_name":"World of Goop","player_choice":"Gather Gold","floor":11.0,"gold_loss":0.0,"damage_taken":11.0},{"damage_healed":0,"gold_gain":0,"player_choice":"Fought Bandits","damage_taken":0,"max_hp_gain":0,"max_hp_loss":0,"event_name":"Masked Bandits","floor":19,"gold_loss":0},{"damage_healed":0,"gold_gain":99,"player_choice":"Stole From Cult","damage_taken":0,"max_hp_gain":0,"max_hp_loss":0,"event_name":"Nest","floor":21,"gold_loss":0},{"damage_healed":0,"gold_gain":0,"player_choice":"Opened","damage_taken":0,"relics_obtained":["Toy Ornithopter"],"max_hp_gain":0,"max_hp_loss":0,"event_name":"The Mausoleum","floor":28,"gold_loss":0,"cards_obtained":["Writhe"]}],"is_beta":false,"boss_relics":[{"not_picked":["HoveringKite","WristBlade"],"picked":"Empty Cage"}],"items_purged_floors":[12],"is_endless":false,"potions_floor_spawned":[1,7,14,18,29,30],"killed_by":"Champ","ascension_level":12}}