{"host":"l1ihaotq1cxp1b6b","time":1609609571,"event":{"mods":["AchievementEnabler","BaseMod","Colored Map","Custom Start","DeckTracker","Minty Spire (QoL Compilation)","StSLib","SuperFastMode","everything is the same but u backflip on backflip"],"gold_per_floor":[111,111,36,0,0,0,16,16,16,51,67,80,115,126,126,222,222,239,239,251,2,14,14,14],"floor_reached":23,"playtime":694,"items_purged":["Strike_G","Finisher"],"score":339,"play_id":"b434619b-d4c2-4a99-8505-18b412f41c64","local_time":"20210103024611","is_ascension_mode":true,"campfire_choices":[{"data":"Footwork","floor":6.0,"key":"SMITH"},{"data":"Blade Dance","floor":8.0,"key":"SMITH"},{"floor":15.0,"key":"REST"}],"circlet_count":0,"master_deck":["AscendersBane","Strike_G","Strike_G","Strike_G","Strike_G","Defend_G","Defend_G","Defend_G","Defend_G","Survivor","Neutralize","Footwork+1","Blade Dance+1","Accuracy","Acrobatics","Reflex","Venomology","Riddle With Holes","Finisher+1","Backflip+1","Blade Dance","Slice"],"relics":["Ring of the Snake","NeowsBlessing","Potion Belt","Bottled Tornado","Gremlin Horn","Peace Pipe","Cursed Key","Orrery"],"acts_visited":["Exordium","TheCity"],"potions_floor_usage":[16,16,22,22],"damage_taken":[{"damage":0.0,"enemies":"Cultist","floor":1.0,"turns":1.0},{"damage":0.0,"enemies":"Jaw Worm","floor":7.0,"turns":1.0},{"damage":0.0,"enemies":"3 Sentries","floor":10.0,"turns":1.0},{"damage":0.0,"enemies":"Small Slimes","floor":11.0,"turns":4.0},{"damage":12.0,"enemies":"2 Fungi Beasts","floor":12.0,"turns":4.0},{"damage":15.0,"enemies":"Lagavulin","floor":13.0,"turns":9.0},{"damage":22.0,"enemies":"3 Louse","floor":14.0,"turns":4.0},{"damage":16,"enemies":"The Guardian","floor":16,"turns":12},{"damage":1,"enemies":"3 Byrds","floor":18,"turns":6},{"damage":33,"enemies":"Spheric Guardian","floor":20,"turns":4},{"damage":18,"enemies":"Snake Plant","floor":22,"turns":3},{"damage":21,"enemies":"Slavers","floor":23,"turns":2}],"seed_played":"-3281039664319868737","potions_obtained":[{"floor":10.0,"key":"BlessingOfTheForge"},{"floor":12.0,"key":"Poison Potion"},{"floor":14.0,"key":"Fire Potion"},{"floor":18,"key":"Strength Potion"}],"is_trial":false,"path_per_floor":["M","?","$","$","?","R","M","R","T","E","M","M","E","M","R","B",null,"M","?","M","$","M","E"],"character_chosen":"THE_SILENT","items_purchased":["Footwork","Orrery"],"campfire_rested":1,"item_purchase_floors":[4,21],"current_hp_per_floor":[63,63,63,63,63,63,63,63,63,63,63,51,36,14,35,19,57,56,70,37,37,19,0,0],"gold":14,"neow_bonus":"THREE_ENEMY_KILL","is_daily":false,"chose_seed":false,"campfire_upgraded":2,"win_rate":0.0,"timestamp":1609609571,"path_taken":["M","?","?","$","?","R","M","R","T","E","M","M","E","?","R","BOSS","M","?","M","?","M","E"],"items_purchased_type":["Card","Relic"],"build_version":"2020-12-22","purchased_purges":2,"victory":false,"max_hp_per_floor":[70,70,70,70,70,70,70,70,70,70,70,70,70,70,70,70,70,70,70,70,70,70,70,70],"card_choices":[{"not_picked":["Masterful Stab","Caltrops"],"picked":"Deadly Poison","floor":1.0},{"not_picked":["Bane","Blur"],"picked":"Blade Dance","floor":7.0},{"not_picked":["Poisoned Stab","Deadly Poison"],"picked":"Accuracy","floor":10.0},{"not_picked":["Sucker Punch","Dagger Throw"],"picked":"Acrobatics","floor":11.0},{"not_picked":["Masterful Stab","Setup"],"picked":"Reflex","floor":12.0},{"not_picked":["Infinite Blades","A Thousand Cuts"],"picked":"Finisher","floor":13.0},{"not_picked":["Well Laid Plans","Escape Plan","Flying Knee"],"picked":"SKIP","floor":14.0},{"not_picked":["Doppelganger","Envenom"],"picked":"Venomology","floor":16},{"not_picked":["Deadly Poison","Underhanded Strike"],"picked":"Riddle With Holes","floor":18},{"not_picked":["Deadly Poison","Setup"],"picked":"Finisher+1","floor":20},{"not_picked":["Quick Slash","Poisoned Stab"],"picked":"Backflip+1","floor":21},{"not_picked":["Masterful Stab","Dodge and Roll"],"picked":"Blade Dance","floor":21},{"not_picked":["Noxious Fumes+1","Underhanded Strike"],"picked":"Slice","floor":22}],"player_experience":536788,"relics_obtained":[{"floor":9.0,"key":"Bottled Tornado"},{"floor":10.0,"key":"Gremlin Horn"},{"floor":13.0,"key":"Peace Pipe"}],"event_choices":[{"cards_removed":["Deadly Poison"],"damage_healed":0.0,"max_hp_gain":0.0,"max_hp_loss":0.0,"gold_gain":0.0,"event_name":"WeMeetAgain","player_choice":"Gave Card","floor":2.0,"gold_loss":0.0,"damage_taken":0.0,"relics_obtained":["Potion Belt"]},{"cards_removed":["Defend_G"],"damage_healed":0.0,"max_hp_gain":0.0,"max_hp_loss":0.0,"gold_gain":0.0,"event_name":"Bonfire Elementals","player_choice":"Offered Basic","floor":5.0,"gold_loss":0.0,"damage_taken":0.0},{"damage_healed":14,"gold_gain":0,"player_choice":"Full Heal","damage_taken":0,"max_hp_gain":0,"max_hp_loss":0,"event_name":"Wheel of Change","floor":19,"gold_loss":0}],"is_beta":false,"boss_relics":[{"not_picked":["Ring of the Serpent","Snecko Eye"],"picked":"Cursed Key"}],"items_purged_floors":[3,21],"is_endless":false,"potions_floor_spawned":[10,12,14,18],"killed_by":"Slavers","ascension_level":10}}