{"host":"rylkjufw9dlhr07b","time":1609612150,"event":{"mods":["AchievementEnabler","BaseMod","Better Note","BetterRewards","Hubris","Minty Spire (QoL Compilation)","Quick Restart","Replay The Spire","StSLib"],"gold_per_floor":[111,125,135,81,81,81,144,190,237,237,251,35,94,94,94,172,172,186,50,50,109,109,150,48,48,75,132,132,188,188,13,13,87,87,100,100,170,184,213,213,293,293,293,413,40,40,119,190,190,230,230],"floor_reached":50,"playtime":2880,"items_purged":["hubris:Lust"],"score":1368,"play_id":"57b1630a-158f-4e7d-8d61-af96cb26750c","local_time":"20210102192910","is_ascension_mode":true,"campfire_choices":[{"data":"Armaments","floor":6.0,"key":"SMITH"},{"floor":15.0,"key":"DIG"},{"data":"Armaments","floor":25.0,"key":"SMITH"},{"data":"Replay:Sssssssssshield","floor":32.0,"key":"SMITH"},{"floor":40.0,"key":"REST"},{"data":"Fire Breathing","floor":46,"key":"SMITH"},{"floor":49,"key":"REST"}],"circlet_count":0,"master_deck":["AscendersBane","Strike_R","Strike_R","Strike_R","Strike_R+1","Strike_R+1","Defend_R","Defend_R","Defend_R","Defend_R","Bash","Finesse+1","Carnage","Carnage","Evolve","Swift Strike","Metamorphosis","Metamorphosis","Iron Wave","Evolve","True Grit","Armaments+1","Intimidate","Flex","Uppercut","Armaments+1","Metallicize","Pot Of Greed+1","Pot Of Greed+1","Pot Of Greed+1","Shrug It Off","Noxious Fumes+1","Juggernaut","Cleave","Clash","Sword Boomerang","Finesse","Injury","Pommel Strike","Pot Of Greed+1","ReplayTheSpireMod:Muscle Training","Inflame","Replay:Sssssssssshield+1","Demon Form","Fire Breathing+1","Writhe","ReplayTheSpireMod:Limb From Limb+1","True Grit+1","Pummel","Clash","Juggernaut","Pot Of Greed+1","Finesse+1","ReplayTheSpireMod:Muscle Training+1"],"relics":["Burning Blood","Anchor","ReplayTheSpireMod:ShopPack","Pet Ghost","Eternal Feather","ClockworkSouvenir","ReplayTheSpireMod:Ring of Challenge","ReplayTheSpireMod:Ring of Addiction","Potion Belt","SacredBark","Blue Candle","Replay:Mystery Machine","Grinning Jar","Replay:WaspNest","Cursed Key","GremlinMask","Gremlin Food","ReplayFunnel","hubris:ToyBattleship","Ooze Armor","Magic Flower","Replay:Bandana","Replay:Bottled Eggs","DollysMirror"],"acts_visited":["Exordium","TheCity","TheBeyond"],"potions_floor_usage":[44,47,50,50],"damage_taken":[{"damage":6.0,"enemies":"Cultist","floor":1.0,"turns":3.0},{"damage":7.0,"enemies":"Small Slimes","floor":2.0,"turns":3.0},{"damage":0.0,"enemies":"Jaw Worm","floor":3.0,"turns":3.0},{"damage":3.0,"enemies":"Large Slime","floor":7.0,"turns":3.0},{"damage":0.0,"enemies":"Exordium Wildlife","floor":11.0,"turns":3.0},{"damage":0.0,"enemies":"Red Slaver","floor":13.0,"turns":3.0},{"damage":4.0,"enemies":"Hexaghost","floor":16.0,"turns":8.0},{"damage":9.0,"enemies":"2 Thieves","floor":18.0,"turns":4.0},{"damage":6.0,"enemies":"Shell Parasite","floor":21.0,"turns":5.0},{"damage":34.0,"enemies":"Book of Stabbing","floor":23.0,"turns":4.0},{"damage":36.0,"enemies":"Centurion and Healer","floor":27.0,"turns":7.0},{"damage":8.0,"enemies":"Snake Plant","floor":29.0,"turns":4.0},{"damage":1.0,"enemies":"Collector","floor":33.0,"turns":6.0},{"damage":20.0,"enemies":"3 Darklings","floor":35.0,"turns":6.0},{"damage":26.0,"enemies":"Mind Bloom Boss Battle","floor":37.0,"turns":6.0},{"damage":16.0,"enemies":"3 Shapes","floor":38.0,"turns":4.0},{"damage":33.0,"enemies":"3 Darklings","floor":39.0,"turns":6.0},{"damage":56,"enemies":"Writhing Mass","floor":41,"turns":5},{"damage":12,"enemies":"Maw","floor":44,"turns":7},{"damage":35,"enemies":"Spire Growth","floor":47,"turns":4},{"damage":28,"enemies":"3 Darklings","floor":48,"turns":5},{"damage":75,"enemies":"Time Eater","floor":50,"turns":7}],"seed_played":"6049655263291658379","potions_obtained":[{"floor":2.0,"key":"Flashbang"},{"floor":5.0,"key":"Milkshake"},{"floor":5.0,"key":"Weak Potion"},{"floor":5.0,"key":"SkillPotion"},{"floor":13.0,"key":"ColorlessPotion"},{"floor":16.0,"key":"Languid Potion"},{"floor":21.0,"key":"FearPotion"},{"floor":23.0,"key":"SkillPotion"},{"floor":29.0,"key":"BlessingOfTheForge"},{"floor":33.0,"key":"DistilledChaos"},{"floor":37.0,"key":"Energy Potion"},{"floor":41,"key":"Weak Potion"},{"floor":48,"key":"SkillPotion"}],"is_trial":false,"path_per_floor":["M","M","M","$","?","R","M","?","T","?","M","$","M","?","R","B",null,"M","$","?","M","$","E","$","R","T","M","?","M","?","$","R","B",null,"M","?","?","M","M","R","M","?","T","M","$","R","M","M","R","B"],"character_chosen":"IRONCLAD","items_purchased":["Finesse","Anchor","ReplayTheSpireMod:ShopPack","Pet Ghost","Eternal Feather","ClockworkSouvenir","Carnage","Evolve","Adrenaline Potion","Block Potion","Armaments","Metallicize","Grinning Jar","Clash","CultistPotion","Finesse","Inflame","Replay:Sssssssssshield","Regen Potion","DollysMirror","Swift Potion"],"campfire_rested":2,"item_purchase_floors":[0,0,0,0,0,0,0,0,0,0,4,12,12,19,19,24,31,31,45,45,45],"current_hp_per_floor":[20,19,25,25,25,37,40,40,40,40,46,46,52,52,70,72,73,70,70,70,70,70,42,42,63,63,33,36,34,34,34,58,63,68,54,68,48,41,17,64,17,17,17,14,14,44,47,28,66,0,0],"gold":230,"neow_bonus":"","is_daily":false,"chose_seed":false,"campfire_upgraded":4,"win_rate":0.0,"timestamp":1609612150,"path_taken":["M","M","?","$","?","R","M","?","T","?","?","?","?","?","R","BOSS","M","$","?","M","?","E","?","R","T","M","?","M","?","?","R","BOSS","M","?","?","M","M","R","M","?","T","M","?","R","M","?","R","BOSS"],"items_purchased_type":["Card","Relic","Relic","Relic","Relic","Relic","Card","Card","Potion","Potion","Card","Card","Relic","Card","Potion","Card","Card","Card","Potion","Relic","Potion"],"build_version":"2020-12-22","purchased_purges":1,"victory":false,"max_hp_per_floor":[75,75,75,75,75,75,75,75,75,75,73,73,73,73,73,73,73,73,73,73,73,73,73,73,73,73,71,74,74,72,72,72,70,70,70,70,68,68,68,68,68,68,68,66,66,66,66,66,66,66,66],"card_choices":[{"not_picked":["Enlightenment","Panacea"],"picked":"Swift Strike","floor":0.0},{"not_picked":["Impatience","Mayhem"],"picked":"Metamorphosis","floor":0.0},{"not_picked":["The Bomb","Violence"],"picked":"Metamorphosis","floor":0.0},{"not_picked":["Dark Embrace","Shrug It Off"],"picked":"Iron Wave","floor":1.0},{"not_picked":["Sword Boomerang","Twin Strike"],"picked":"Evolve","floor":2.0},{"not_picked":["ReplayTheSpireMod:Limb From Limb","Bloodletting"],"picked":"True Grit","floor":3.0},{"not_picked":["Clash","Flex"],"picked":"Intimidate","floor":7.0},{"not_picked":["Brutality","Rampage"],"picked":"Flex","floor":8.0},{"not_picked":["Heavy Blade","Perfected Strike"],"picked":"Uppercut","floor":8.0},{"not_picked":["Thunderclap","Wild Strike"],"picked":"Armaments","floor":11.0},{"not_picked":["Hemokinesis","Bloodletting"],"picked":"Shrug It Off","floor":13.0},{"not_picked":["Demon Form","Eclipse"],"picked":"Juggernaut","floor":16.0},{"not_picked":["Warcry","Reckless Charge"],"picked":"Cleave","floor":18.0},{"not_picked":["Hemokinesis","Burning Pact","Battle Trance"],"picked":"SKIP","floor":21.0},{"not_picked":["Demon Form","ReplayTheSpireMod:Corrosion Curse"],"picked":"Sword Boomerang","floor":23.0},{"not_picked":["Reckless Charge","Perfected Strike"],"picked":"Pommel Strike","floor":27.0},{"not_picked":["ReplayTheSpireMod:Corrosion Curse","Bloodletting"],"picked":"ReplayTheSpireMod:Muscle Training","floor":29.0},{"not_picked":["Corruption","Fiend Fire"],"picked":"Demon Form","floor":33.0},{"not_picked":["Clothesline","Twin Strike"],"picked":"Fire Breathing","floor":35.0},{"not_picked":["True Grit+1","Pommel Strike"],"picked":"ReplayTheSpireMod:Limb From Limb+1","floor":37.0},{"not_picked":["Replay:Undeath\u0027s Touch","Perfected Strike"],"picked":"True Grit+1","floor":38.0},{"not_picked":["Pommel Strike","Warcry+1"],"picked":"Pummel","floor":39.0},{"not_picked":["Cleave","Warcry"],"picked":"Clash","floor":41},{"not_picked":["True Grit","Iron Wave"],"picked":"Juggernaut","floor":44},{"not_picked":["Body Slam","Flame Barrier"],"picked":"ReplayTheSpireMod:Muscle Training+1","floor":47},{"not_picked":["True Grit","Havoc","Clothesline"],"picked":"SKIP","floor":48}],"player_experience":513359,"relics_obtained":[{"floor":5.0,"key":"ReplayTheSpireMod:Ring of Challenge"},{"floor":5.0,"key":"ReplayTheSpireMod:Ring of Addiction"},{"floor":5.0,"key":"Potion Belt"},{"floor":5.0,"key":"SacredBark"},{"floor":8.0,"key":"Blue Candle"},{"floor":9.0,"key":"Replay:Mystery Machine"},{"floor":15.0,"key":"Replay:WaspNest"},{"floor":23.0,"key":"Gremlin Food"},{"floor":23.0,"key":"ReplayFunnel"},{"floor":26.0,"key":"hubris:ToyBattleship"},{"floor":37.0,"key":"Magic Flower"},{"floor":39.0,"key":"Replay:Bandana"},{"floor":43,"key":"Replay:Bottled Eggs"}],"event_choices":[{"cards_removed":["Finesse"],"damage_healed":0.0,"max_hp_gain":0.0,"max_hp_loss":0.0,"gold_gain":0.0,"event_name":"betterNote:BetterNote","player_choice":"Take \u0026 Give","floor":14.0,"gold_loss":0.0,"damage_taken":0.0,"cards_obtained":["Noxious Fumes"]},{"damage_healed":0.0,"max_hp_gain":0.0,"max_hp_loss":0.0,"gold_gain":0.0,"event_name":"FaceTrader","player_choice":"Trade","floor":20.0,"gold_loss":0.0,"damage_taken":0.0,"relics_obtained":["GremlinMask"]},{"damage_healed":14.0,"max_hp_gain":0.0,"max_hp_loss":0.0,"gold_gain":0.0,"event_name":"Winding Halls","player_choice":"Writhe","floor":36.0,"gold_loss":0.0,"damage_taken":0.0,"cards_obtained":["Writhe"]},{"damage_healed":0.0,"max_hp_gain":0.0,"max_hp_loss":0.0,"gold_gain":0.0,"event_name":"MindBloom","player_choice":"Fight","floor":37.0,"gold_loss":0.0,"damage_taken":0.0},{"damage_healed":0,"gold_gain":0,"player_choice":"Ignored","damage_taken":0,"max_hp_gain":0,"max_hp_loss":0,"event_name":"Tomb of Lord Red Mask","floor":42,"gold_loss":0}],"is_beta":false,"boss_relics":[{"not_picked":["Astrolabe","Black Star"],"picked":"Cursed Key"},{"not_picked":["Runic Pyramid","hubris:RunicObelisk"],"picked":"Ooze Armor"}],"items_purged_floors":[45],"is_endless":false,"potions_floor_spawned":[2,13,16,21,23,29,33,37,41,48],"killed_by":"Time Eater","ascension_level":18}}