{"host":"y89x8uui45kcjy42","time":1609563320,"event":{"mods":["2.2 Compatiblity","BaseMod","CapriCore","Colored Map","Colored Powertips","Custom Start","Friendly Minions","Keyboard Shortcuts","Minty Spire (QoL Compilation)","Relic Stats","Slay the Relics Exporter","StSLib","SuperFastMode"],"gold_per_floor":[116,116,116,116,36,36,36,71,97,120,70,90,129,129,129,222,222,243,168,168,105,124,124,45,78,104,19,35,79,204,243,243,341,341,360,379,172,172,172,172],"floor_reached":39,"playtime":1012,"items_purged":["Strike_P","Defend_P","Defend_P"],"score":932,"play_id":"c7662944-f4ed-4011-aff5-5d33f5c93516","local_time":"20210102135520","is_ascension_mode":true,"campfire_choices":[{"data":"TalkToTheHand","floor":6,"key":"SMITH"},{"data":"Wallop","floor":15,"key":"SMITH"},{"data":"Ragnarok","floor":23,"key":"SMITH"},{"floor":32,"key":"RECALL"}],"circlet_count":0,"master_deck":["Eruption+1","Vigilance+1","DevaForm+1","SashWhip+1","FearNoEvil+1","TalkToTheHand+1","Devotion+1","Wallop+1","Ragnarok+1","Adaptation+1","CrushJoints","BattleHymn+1","Madness","Madness"],"relics":["PureWater","Bottled Tornado","Golden Idol","Membership Card","Frozen Egg 2","Centennial Puzzle","Whetstone","Orichalcum","Black Star","Bag of Preparation","Mercury Hourglass","War Paint","Blood Vial","Damaru","Unceasing Top","MealTicket","CloakClasp","White Beast Statue","Pantograph","Smiling Mask","Busted Crown","Oddly Smooth Stone","HandDrill"],"acts_visited":["Exordium","TheCity","TheBeyond"],"potions_floor_usage":[13,16,31],"damage_taken":[{"damage":3,"enemies":"2 Louse","floor":1,"turns":3},{"damage":0,"enemies":"Lagavulin","floor":8,"turns":5},{"damage":20,"enemies":"Small Slimes","floor":10,"turns":3},{"damage":0,"enemies":"Cultist","floor":12,"turns":2},{"damage":37,"enemies":"3 Sentries","floor":13,"turns":5},{"damage":12,"enemies":"Hexaghost","floor":16,"turns":7},{"damage":5,"enemies":"Spheric Guardian","floor":18,"turns":3},{"damage":0,"enemies":"Chosen","floor":22,"turns":5},{"damage":39,"enemies":"Gremlin Leader","floor":25,"turns":5},{"damage":18,"enemies":"Snake Plant","floor":28,"turns":3},{"damage":14,"enemies":"Book of Stabbing","floor":29,"turns":4},{"damage":32,"enemies":"Colosseum Slavers","floor":30,"turns":3},{"damage":26,"enemies":"Colosseum Nobs","floor":30,"turns":4},{"damage":86,"enemies":"Slavers","floor":31,"turns":5},{"damage":26,"enemies":"Collector","floor":33,"turns":4},{"damage":15,"enemies":"Orb Walker","floor":35,"turns":3},{"damage":24,"enemies":"3 Darklings","floor":36,"turns":3},{"damage":41,"enemies":"Sphere and 2 Shapes","floor":39,"turns":3}],"seed_played":"-1525039956709296627","potions_obtained":[{"floor":1,"key":"DuplicationPotion"},{"floor":12,"key":"SkillPotion"},{"floor":13,"key":"Dexterity Potion"},{"floor":16,"key":"Dexterity Potion"},{"floor":29,"key":"DuplicationPotion"},{"floor":31,"key":"Regen Potion"},{"floor":33,"key":"PowerPotion"}],"is_trial":false,"path_per_floor":["M","?","?","?","$","R","T","E","T","M","$","M","E","?","R","B",null,"M","?","?","$","M","R","$","E","T","?","M","E","?","E","R","B",null,"M","M","$","?","M"],"character_chosen":"WATCHER","items_purchased":["TalkToTheHand","Bag of Preparation","Oddly Smooth Stone","HandDrill","BattleHymn+1"],"campfire_rested":0,"item_purchase_floors":[5,24,37,37,37],"current_hp_per_floor":[58,38,15,15,15,15,15,65,65,45,45,45,56,61,61,49,67,62,62,62,62,62,62,62,73,73,73,55,43,39,54,54,47,67,54,32,47,34,0,0],"gold":172,"neow_bonus":"THREE_CARDS","is_daily":false,"chose_seed":false,"campfire_upgraded":3,"win_rate":0.0,"timestamp":1609563320,"path_taken":["M","?","?","?","$","R","?","E","T","M","?","M","E","?","R","BOSS","M","?","?","$","?","R","$","E","T","?","M","E","?","E","R","BOSS","M","M","$","?","M"],"items_purchased_type":["Card","Relic","Relic","Relic","Card"],"build_version":"2020-12-22","purchased_purges":3,"victory":false,"max_hp_per_floor":[68,68,68,68,68,68,68,68,68,68,68,68,68,73,73,73,73,73,73,73,73,73,73,73,73,73,73,73,73,73,73,73,73,73,73,73,73,73,73,73],"relic_stats":{"counters":[18,70],"Golden Idol":131,"Bag of Preparation":[20],"CloakClasp":[52],"Whetstone":["FearNoEvil"],"Orichalcum":[96],"War Paint":["Vigilance"],"Smiling Mask":0,"Mercury Hourglass":[177],"Blood Vial":14,"Centennial Puzzle":[42],"Busted Crown":4,"Pantograph":19,"MealTicket":15,"Black Star":3,"HandDrill":[2],"obtain_stats":[{"Golden Idol":3,"Damaru":27,"Oddly Smooth Stone":37,"Bag of Preparation":24,"CloakClasp":30,"Whetstone":9,"Bottled Tornado":0,"Frozen Egg 2":7,"Orichalcum":13,"War Paint":25,"Smiling Mask":31,"White Beast Statue":30,"Mercury Hourglass":25,"Blood Vial":26,"Centennial Puzzle":8,"Busted Crown":34,"Pantograph":31,"MealTicket":29,"Black Star":17,"HandDrill":37,"Membership Card":4,"PureWater":0,"Unceasing Top":29},{"Golden Idol":1,"Damaru":9,"Oddly Smooth Stone":17,"Bag of Preparation":8,"CloakClasp":13,"Whetstone":2,"Bottled Tornado":0,"Frozen Egg 2":1,"Orichalcum":5,"War Paint":9,"Smiling Mask":14,"White Beast Statue":13,"Mercury Hourglass":9,"Blood Vial":9,"Centennial Puzzle":2,"Busted Crown":15,"Pantograph":14,"MealTicket":11,"Black Star":6,"HandDrill":17,"Membership Card":1,"PureWater":0,"Unceasing Top":11},{"Golden Idol":3,"Damaru":38,"Oddly Smooth Stone":67,"Bag of Preparation":33,"CloakClasp":52,"Whetstone":8,"Bottled Tornado":0,"Frozen Egg 2":3,"Orichalcum":18,"War Paint":38,"Smiling Mask":57,"White Beast Statue":52,"Mercury Hourglass":38,"Blood Vial":38,"Centennial Puzzle":8,"Busted Crown":61,"Pantograph":57,"MealTicket":45,"Black Star":25,"HandDrill":67,"Membership Card":3,"PureWater":0,"Unceasing Top":45}],"Unceasing Top":[0]},"card_choices":[{"not_picked":["BowlingBash","PathToVictory"],"picked":"SashWhip","floor":0},{"not_picked":["FlurryOfBlows","Crescendo"],"picked":"FearNoEvil","floor":1},{"not_picked":["SandsOfTime","Halt"],"picked":"Devotion+1","floor":8},{"not_picked":["Study+1","Crescendo","JustLucky"],"picked":"SKIP","floor":10},{"not_picked":["ThirdEye","SignatureMove","SandsOfTime"],"picked":"SKIP","floor":12},{"not_picked":["Weave","BowlingBash"],"picked":"Wallop","floor":13},{"not_picked":["DeusExMachina","DevaForm+1"],"picked":"Ragnarok","floor":16},{"not_picked":["ClearTheMind","Nirvana+1","Evaluate"],"picked":"SKIP","floor":18},{"not_picked":["ForeignInfluence","Wallop","Halt"],"picked":"SKIP","floor":22},{"not_picked":["SashWhip+1","JustLucky"],"picked":"Adaptation+1","floor":25},{"not_picked":["Crescendo","Nirvana+1","FlyingSleeves"],"picked":"SKIP","floor":28},{"not_picked":["Ragnarok","EmptyFist","Nirvana+1"],"picked":"SKIP","floor":29},{"not_picked":["CarveReality","ReachHeaven"],"picked":"CrushJoints","floor":30},{"not_picked":["ClearTheMind","SashWhip","ThirdEye"],"picked":"SKIP","floor":31},{"not_picked":["Sanctity"],"picked":"SKIP","floor":35},{"not_picked":["SashWhip+1"],"picked":"SKIP","floor":36}],"player_experience":539173,"relics_obtained":[{"floor":7,"key":"Frozen Egg 2"},{"floor":8,"key":"Centennial Puzzle"},{"floor":9,"key":"Whetstone"},{"floor":13,"key":"Orichalcum"},{"floor":25,"key":"Mercury Hourglass"},{"floor":25,"key":"War Paint"},{"floor":26,"key":"Blood Vial"},{"floor":29,"key":"Unceasing Top"},{"floor":29,"key":"MealTicket"},{"floor":30,"key":"CloakClasp"},{"floor":30,"key":"White Beast Statue"},{"floor":31,"key":"Pantograph"},{"floor":31,"key":"Smiling Mask"}],"event_choices":[{"damage_healed":0,"gold_gain":0,"player_choice":"Entered Light","damage_taken":20,"max_hp_gain":0,"max_hp_loss":0,"event_name":"Shining Light","floor":2,"gold_loss":0,"cards_upgraded":["Strike_P","Eruption"]},{"damage_healed":0,"gold_gain":0,"player_choice":"Take Damage","damage_taken":23,"relics_obtained":["Golden Idol"],"max_hp_gain":0,"max_hp_loss":0,"event_name":"Golden Idol","floor":3,"gold_loss":0},{"damage_healed":0,"gold_gain":0,"player_choice":"Grow","damage_taken":0,"max_hp_gain":0,"max_hp_loss":0,"event_name":"Living Wall","floor":4,"gold_loss":0,"cards_upgraded":["SashWhip"]},{"damage_healed":0,"gold_gain":0,"player_choice":"Donut","damage_taken":0,"max_hp_gain":5,"max_hp_loss":0,"event_name":"Big Fish","floor":14,"gold_loss":0},{"cards_removed":["Strike_P"],"damage_healed":0,"gold_gain":0,"player_choice":"Gave Gold","damage_taken":0,"max_hp_gain":0,"max_hp_loss":0,"event_name":"Beggar","floor":19,"gold_loss":75},{"damage_healed":0,"gold_gain":0,"player_choice":"Got Potions","damage_taken":0,"max_hp_gain":0,"max_hp_loss":0,"event_name":"Lab","floor":20,"gold_loss":0},{"damage_healed":0,"gold_gain":0,"player_choice":"Obtained Relic","damage_taken":0,"relics_obtained":["Damaru"],"max_hp_gain":0,"max_hp_loss":0,"event_name":"Addict","floor":27,"gold_loss":85},{"damage_healed":0,"gold_gain":0,"player_choice":"Fight","damage_taken":0,"max_hp_gain":0,"max_hp_loss":0,"event_name":"Colosseum","floor":30,"gold_loss":0},{"damage_healed":0,"gold_gain":0,"player_choice":"Fought Nobs","damage_taken":0,"max_hp_gain":0,"max_hp_loss":0,"event_name":"Colosseum","floor":30,"gold_loss":0},{"damage_healed":0,"gold_gain":0,"player_choice":"Embrace Madness","damage_taken":13,"max_hp_gain":0,"max_hp_loss":0,"event_name":"Winding Halls","floor":38,"gold_loss":0,"cards_obtained":["Madness","Madness"]}],"is_beta":false,"boss_relics":[{"not_picked":["Empty Cage","Velvet Choker"],"picked":"Black Star"},{"not_picked":["Runic Pyramid","Coffee Dripper"],"picked":"Busted Crown"}],"items_purged_floors":[5,11,21],"is_endless":false,"potions_floor_spawned":[1,12,13,16,18,25,29,30,31,33,35,36],"killed_by":"Sphere and 2 Shapes","ascension_level":20}}