{"host":"baymyijz6sxaqj5s","time":1609596035,"event":{"mods":["AchievementEnabler","BaseMod","Colored Map","Colored Powertips","DeckTracker","Highlight Path","KOR Keyword Fix","Keyboard Shortcuts","Minty Spire (QoL Compilation)","Quick Restart","StSLib","SuperFastMode"],"gold_per_floor":[117,67,77,92,92,92,92,92,118,118,131,150,169,199,199,298,298,317,300,300,300],"floor_reached":20,"playtime":651,"items_purged":[],"score":216,"play_id":"d66755a1-59e7-4810-a3bc-1a13abfc78c5","local_time":"20210102230035","is_ascension_mode":false,"campfire_choices":[{"data":"Dualcast","floor":6,"key":"SMITH"},{"data":"Redo","floor":10,"key":"SMITH"},{"data":"Zap","floor":15,"key":"SMITH"}],"circlet_count":0,"master_deck":["Strike_B","Strike_B","Defend_B","Defend_B","Defend_B","Defend_B","Zap+1","Dualcast+1","Conserve Battery","Redo+1","Leap","Sweeping Beam","Steam","Cold Snap","Multi-Cast","Coolheaded"],"relics":["Cracked Core","Happy Flower","Odd Mushroom","Nuclear Battery"],"acts_visited":["Exordium","TheCity"],"potions_floor_usage":[14,16,16,16,20],"damage_taken":[{"damage":0,"enemies":"Cultist","floor":1,"turns":3},{"damage":0,"enemies":"Jaw Worm","floor":3,"turns":5},{"damage":2,"enemies":"Small Slimes","floor":4,"turns":4},{"damage":12,"enemies":"Exordium Thugs","floor":11,"turns":5},{"damage":0,"enemies":"Large Slime","floor":12,"turns":7},{"damage":0,"enemies":"2 Fungi Beasts","floor":13,"turns":3},{"damage":0,"enemies":"The Mushroom Lair","floor":14,"turns":4},{"damage":0,"enemies":"Slime Boss","floor":16,"turns":14},{"damage":10,"enemies":"3 Byrds","floor":18,"turns":7},{"damage":15,"enemies":"2 Thieves","floor":19,"turns":4},{"damage":9,"enemies":"Centurion and Healer","floor":20,"turns":10}],"seed_played":"-85969524580964630","potions_obtained":[{"floor":11,"key":"Block Potion"},{"floor":12,"key":"ColorlessPotion"},{"floor":13,"key":"Swift Potion"},{"floor":14,"key":"EssenceOfSteel"},{"floor":19,"key":"GamblersBrew"}],"is_trial":false,"path_per_floor":["M","?","M","M","?","R","?","?","T","R","M","M","M","?","R","B",null,"M","M","M"],"character_chosen":"DEFECT","items_purchased":[],"campfire_rested":0,"item_purchase_floors":[],"current_hp_per_floor":[82,82,82,80,85,85,85,78,78,78,66,66,66,66,66,66,87,77,62,53,53],"gold":300,"neow_bonus":"TEN_PERCENT_HP_BONUS","is_daily":false,"chose_seed":false,"campfire_upgraded":3,"win_rate":0.0,"timestamp":1609596035,"path_taken":["M","?","M","M","?","R","?","?","T","R","M","?","M","?","R","BOSS","M","M","M"],"items_purchased_type":[],"build_version":"2020-12-22","purchased_purges":0,"victory":false,"max_hp_per_floor":[82,82,82,82,87,87,87,87,87,87,87,87,87,87,87,87,87,87,87,87,87],"card_choices":[{"not_picked":["Compile Driver","Heatsinks"],"picked":"Conserve Battery","floor":1},{"not_picked":["Turbo","Rip and Tear"],"picked":"Redo","floor":3},{"not_picked":["Barrage","Rebound"],"picked":"Leap","floor":4},{"not_picked":["Genetic Algorithm","BootSequence","Reboot"],"picked":"SKIP","floor":11},{"not_picked":["Hologram","Melter"],"picked":"Sweeping Beam","floor":12},{"not_picked":["Conserve Battery","Beam Cell"],"picked":"Steam","floor":13},{"not_picked":["Reprogram","Streamline"],"picked":"Cold Snap","floor":14},{"not_picked":["Echo Form","Machine Learning"],"picked":"Multi-Cast","floor":16},{"not_picked":["Cold Snap","Redo+1","Aggregate+1"],"picked":"SKIP","floor":18},{"not_picked":["Turbo","Barrage"],"picked":"Coolheaded","floor":19}],"player_experience":290104,"relics_obtained":[{"floor":9,"key":"Happy Flower"},{"floor":14,"key":"Odd Mushroom"}],"event_choices":[{"cards_removed":["Strike_B"],"damage_healed":0,"gold_gain":0,"player_choice":"Card Removal","damage_taken":0,"max_hp_gain":0,"max_hp_loss":0,"event_name":"The Cleric","floor":2,"gold_loss":50},{"damage_healed":0,"gold_gain":0,"player_choice":"Donut","damage_taken":0,"max_hp_gain":5,"max_hp_loss":0,"event_name":"Big Fish","floor":5,"gold_loss":0},{"damage_healed":0,"gold_gain":0,"player_choice":"Ignored","damage_taken":0,"max_hp_gain":0,"max_hp_loss":0,"event_name":"Golden Idol","floor":7,"gold_loss":0},{"cards_removed":["Strike_B"],"damage_healed":0,"gold_gain":0,"player_choice":"Card Removal","damage_taken":7,"max_hp_gain":0,"max_hp_loss":0,"event_name":"Golden Wing","floor":8,"gold_loss":0},{"damage_healed":0,"gold_gain":0,"player_choice":"Fought Mushrooms","damage_taken":0,"max_hp_gain":0,"max_hp_loss":0,"event_name":"Mushrooms","floor":14,"gold_loss":0}],"is_beta":false,"boss_relics":[{"not_picked":["Snecko Eye","Coffee Dripper"],"picked":"Nuclear Battery"}],"items_purged_floors":[],"is_endless":false,"potions_floor_spawned":[11,12,13,14,19],"killed_by":"Centurion and Healer","ascension_level":0}}