{"host":"sav7uxregyirlf69","time":1609559701,"event":{"mods":["AchievementEnabler","BaseMod","Colored Map","DeckTracker","Keyboard Shortcuts","Minty Spire (QoL Compilation)","READ ME - Guardian Mod","StSLib","SuperFastMode"],"gold_per_floor":[110,125,141,66,46,46,64,64,88,101,135,135,135,149,149,225,225,242,242,259,278,36,36,36],"floor_reached":23,"playtime":366,"items_purged":["Strike_R","Strike_R"],"score":386,"play_id":"479eee3e-0ac4-477a-999d-20f471d673e7","local_time":"20210102125501","is_ascension_mode":true,"campfire_choices":[{"data":"Blood for Blood","floor":6,"key":"SMITH"},{"floor":12,"key":"REST"},{"data":"Demon Form","floor":15,"key":"SMITH"}],"circlet_count":0,"master_deck":["AscendersBane","Strike_R","Strike_R+1","Defend_R","Defend_R","Defend_R","Defend_R+1","Bash","Flame Barrier","Blood for Blood+1","Hemokinesis","Impervious","Demon Form+1","Barricade","Combust","Rupture"],"relics":["Burning Blood","NeowsBlessing","Strawberry","Lantern","Busted Crown"],"acts_visited":["Exordium","TheCity"],"potions_floor_usage":[10,16,20,21,23,23],"damage_taken":[{"damage":0,"enemies":"Cultist","floor":1,"turns":1},{"damage":0,"enemies":"Small Slimes","floor":2,"turns":1},{"damage":0,"enemies":"Jaw Worm","floor":3,"turns":1},{"damage":14,"enemies":"3 Louse","floor":7,"turns":4},{"damage":6,"enemies":"Exordium Thugs","floor":10,"turns":4},{"damage":34,"enemies":"Gremlin Nob","floor":11,"turns":4},{"damage":2,"enemies":"2 Fungi Beasts","floor":14,"turns":3},{"damage":22,"enemies":"The Guardian","floor":16,"turns":10},{"damage":39,"enemies":"3 Byrds","floor":18,"turns":6},{"damage":32,"enemies":"Shell Parasite","floor":20,"turns":7},{"damage":15,"enemies":"Snake Plant","floor":21,"turns":4},{"damage":37,"enemies":"Slavers","floor":23,"turns":4}],"seed_played":"1052076465067820343","potions_obtained":[{"floor":2,"key":"Strength Potion"},{"floor":3,"key":"Swift Potion"},{"floor":11,"key":"ElixirPotion"},{"floor":14,"key":"Regen Potion"},{"floor":18,"key":"Swift Potion"},{"floor":20,"key":"Weak Potion"}],"is_trial":false,"path_per_floor":["M","M","M","$","?","R","M","?","T","M","E","R","T","M","R","B",null,"M","?","M","M","$","E"],"character_chosen":"IRONCLAD","items_purchased":["Rupture","BloodPotion"],"campfire_rested":1,"item_purchase_floors":[22,22],"current_hp_per_floor":[74,75,75,75,75,75,67,44,51,51,23,47,47,51,51,35,70,37,37,26,17,17,0,0],"gold":36,"neow_bonus":"THREE_ENEMY_KILL","is_daily":false,"chose_seed":false,"campfire_upgraded":2,"win_rate":0.0,"timestamp":1609559701,"path_taken":["M","?","M","$","?","R","?","?","T","M","E","R","?","M","R","BOSS","M","?","M","M","$","E"],"items_purchased_type":["Card","Potion"],"build_version":"2020-12-22","purchased_purges":2,"victory":false,"max_hp_per_floor":[75,75,75,75,75,75,75,75,82,82,82,82,82,82,82,82,82,82,82,82,82,82,82,82],"card_choices":[{"not_picked":["Clash","Evolve"],"picked":"Flame Barrier","floor":1},{"not_picked":["Iron Wave","Headbutt","Searing Blow"],"picked":"SKIP","floor":2},{"not_picked":["Clash","Uppercut"],"picked":"Blood for Blood","floor":3},{"not_picked":["Heavy Blade","Battle Trance"],"picked":"Hemokinesis","floor":7},{"not_picked":["Dropkick","Reckless Charge","Flex"],"picked":"SKIP","floor":10},{"not_picked":["Pommel Strike","Headbutt"],"picked":"Impervious","floor":11},{"not_picked":["Cleave","Perfected Strike"],"picked":"Demon Form","floor":14},{"not_picked":["Brutality","Impervious"],"picked":"Barricade","floor":16},{"not_picked":[],"picked":"Combust","floor":18},{"not_picked":["True Grit"],"picked":"SKIP","floor":20},{"not_picked":["Sentinel"],"picked":"SKIP","floor":21}],"player_experience":1108949,"relics_obtained":[{"floor":9,"key":"Strawberry"},{"floor":11,"key":"Lantern"}],"event_choices":[{"damage_healed":0,"gold_gain":0,"player_choice":"Bought 1 Potion","damage_taken":0,"max_hp_gain":0,"max_hp_loss":0,"event_name":"The Woman in Blue","floor":5,"gold_loss":0},{"damage_healed":0,"gold_gain":0,"player_choice":"Entered Light","damage_taken":23,"max_hp_gain":0,"max_hp_loss":0,"event_name":"Shining Light","floor":8,"gold_loss":0,"cards_upgraded":["Strike_R","Defend_R"]},{"cards_removed":["Strike_R"],"damage_healed":0,"gold_gain":0,"player_choice":"Card Removal","damage_taken":0,"max_hp_gain":0,"max_hp_loss":0,"event_name":"Wheel of Change","floor":19,"gold_loss":0}],"is_beta":false,"boss_relics":[{"not_picked":["Runic Dome","Tiny House"],"picked":"Busted Crown"}],"items_purged_floors":[4,22],"is_endless":false,"potions_floor_spawned":[2,3,11,14,18,20],"killed_by":"Slavers","ascension_level":20}}