{"host":"lzpp66udqthct9jv","time":1609559488,"event":{"mods":["Act Like it!","BaseMod","Better-Laid Plans","Chen","Emptier Cage","Gensokyo","Highlight Path","Koishi","Marisa£®ÏF”Í°°ƒß¿Ì…≥£©","Minty Spire (QoL Compilation)","Pale of the Ancients","Quick Restart","Reimu£®≤©¿ˆ¡È√Œ£©","Remilia£®¿Ÿ√◊¿Ú—«£©","Shop Mod","StSLib","The Administrix","The Servant 0.9.4","Yakumo Yukari mod","Youmu£®ªÍ∆«—˝√Œ£©","Yuyuko","ÛÙª÷∏ƒœ"],"gold_per_floor":[217,147,72,85,117,117,147,159,159,92,124,141,320,320,320,423,423,441,88,88,112,112,141,141,141,141,173,192,231,231,256,256,362,362,383,383,403,403,412,446,446,473,498,22,31,31,66,66,66,316,316,78,58,97,97],"floor_reached":56,"playtime":3913,"items_purged":["Defend_R","Strike_R"],"score":1607,"play_id":"e4d1e853-8bed-4303-8a3d-14f6bde24462","local_time":"20210102115128","is_ascension_mode":true,"campfire_choices":[{"data":"True Grit","floor":6.0,"key":"SMITH"},{"data":"Gensokyo:CrescentMoonSlash","floor":15.0,"key":"SMITH"},{"data":"Evolve","floor":32.0,"key":"SMITH"},{"floor":41.0,"key":"RECALL"},{"data":"Corruption","floor":46.0,"key":"SMITH"},{"data":"Feel No Pain","floor":49.0,"key":"SMITH"}],"circlet_count":0,"master_deck":["Strike_R+1","Strike_R","Defend_R","Defend_R+1","Defend_R","Bash","True Grit+1","Intimidate","Evolve+1","Exhume","Shockwave","Ghostly Armor","Impervious","Gensokyo:CrescentMoonSlash+1","Double Tap","Burning Pact","Battle Trance","Feel No Pain+1","Corruption+1","True Grit+1","Flame Barrier+1","Burning Pact+1","Gensokyo:GapWoman","Gensokyo:MorningStar","Feel No Pain+1","Dark Embrace","Armaments+1"],"relics":["Burning Blood","Turnip","Unceasing Top","Dead Branch","Tea:ReiMu","Juzu Bracelet","ScarletDevilRocket","Sozu","Mummified Hand","Nunchaku","Eternal Feather","Gensokyo:ConquerorOfFear","Gensokyo:SongOfSouls","Letter Opener","Shuriken","CeramicFish","Happy Flower","Ancient Tea Set","RedLine:ReiMu","The Courier","Self Forming Clay","TentaclePot:ReiMu","Incense Burner","White Beast Statue","Lizard Tail","CaptainsWheel"],"acts_visited":["Gensokyo:Gensokyo","Gensokyo:Gensokyoer","Gensokyo:Gensokyoest","TheEnding"],"potions_floor_usage":[55],"damage_taken":[{"damage":1.0,"enemies":"Gensokyo:Python","floor":1.0,"turns":4.0},{"damage":7.0,"enemies":"Gensokyo:Gryphon","floor":4.0,"turns":3.0},{"damage":28.0,"enemies":"Gensokyo:Aya","floor":5.0,"turns":6.0},{"damage":14.0,"enemies":"Gensokyo:Aya","floor":7.0,"turns":6.0},{"damage":0.0,"enemies":"Gensokyo:2_Kodama","floor":8.0,"turns":2.0},{"damage":24.0,"enemies":"Gensokyo:Mamizou","floor":11.0,"turns":9.0},{"damage":7.0,"enemies":"Gensokyo:LivingMonolith","floor":12.0,"turns":4.0},{"damage":17.0,"enemies":"Gensokyo:Aya","floor":13.0,"turns":7.0},{"damage":30.0,"enemies":"Gensokyo:Reimu","floor":16.0,"turns":8.0},{"damage":13.0,"enemies":"Gensokyo:CosmicMonolith","floor":18.0,"turns":4.0},{"damage":12.0,"enemies":"Gensokyo:Koishi","floor":23.0,"turns":6.0},{"damage":39.0,"enemies":"Gensokyo:Tenshi","floor":27.0,"turns":5.0},{"damage":0.0,"enemies":"Gensokyo:Chomper","floor":28.0,"turns":2.0},{"damage":9.0,"enemies":"Gensokyo:Reisen","floor":29.0,"turns":3.0},{"damage":0.0,"enemies":"Gensokyo:Koishi","floor":31.0,"turns":4.0},{"damage":12.0,"enemies":"Gensokyo:Eternal_Rivals","floor":33.0,"turns":6.0},{"damage":2.0,"enemies":"Gensokyo:3_Boulders","floor":35.0,"turns":1.0},{"damage":0.0,"enemies":"Gensokyo:AncientGuardian","floor":37.0,"turns":1.0},{"damage":0.0,"enemies":"Gensokyo:Kasen","floor":40.0,"turns":2.0},{"damage":4.0,"enemies":"Gensokyo:Doremy","floor":42.0,"turns":2.0},{"damage":25.0,"enemies":"Gensokyo:Doremy","floor":45.0,"turns":10.0},{"damage":10.0,"enemies":"Gensokyo:Kasen","floor":47.0,"turns":3.0},{"damage":19.0,"enemies":"Gensokyo:Shinki","floor":50.0,"turns":21.0},{"damage":0.0,"enemies":"Shield and Spear","floor":54.0,"turns":3.0},{"damage":25,"enemies":"The Heart","floor":55,"turns":6}],"seed_played":"1695164896985977319","potions_obtained":[{"floor":1.0,"key":"LiquidBronze"},{"floor":5.0,"key":"ZuzhouPotion:ReiMu"},{"floor":11.0,"key":"FairyPotion"},{"floor":12.0,"key":"GrandPatriotsElixir:ReiMu"}],"is_trial":false,"path_per_floor":["M","?","$","M","?","R","E","M","T","COS","E","M","E","?","R","B",null,"M","$","?","T","$","E","?","?","T","E","M","E","?","E","R","B",null,"M","?","M","?","?","E","R","E","T","COS","?","R","E","$","R","B",null,"R","$","E","B",null],"character_chosen":"IRONCLAD","items_purchased":["Mummified Hand","Incense Burner","Dark Embrace"],"campfire_rested":0,"item_purchase_floors":[19,52,53],"current_hp_per_floor":[80,80,80,79,57,57,49,55,55,55,37,36,25,13,13,20,80,73,73,73,73,73,67,67,67,67,34,40,37,37,43,55,49,74,74,74,74,74,74,74,74,74,74,74,74,74,72,72,74,61,74,74,74,74,55],"gold":97,"neow_bonus":"HUNDRED_GOLD","is_daily":false,"chose_seed":false,"campfire_upgraded":5,"win_rate":0.0,"timestamp":1609559488,"path_taken":["M","?","$","M","?","R","E","M","T","COS","E","?","E","?","R","BOSS","M","$","?","?","$","E","?","?","T","E","M","E","?","E","R","BOSS","M","?","M","?","?","E","R","E","T","COS","?","R","E","?","R","BOSS","R","$","E","BOSS"],"items_purchased_type":["Relic","Relic","Card"],"build_version":"2020-12-22","purchased_purges":2,"victory":true,"max_hp_per_floor":[80,80,80,80,80,80,80,80,80,80,80,80,80,80,80,80,80,80,80,80,80,80,80,80,80,80,80,80,80,74,74,74,74,74,74,74,74,74,74,74,74,74,74,74,74,74,74,74,74,74,74,74,74,74,74],"card_choices":[{"not_picked":["Blood for Blood","Anger"],"picked":"True Grit","floor":1.0},{"not_picked":["Flex","Iron Wave"],"picked":"Carnage","floor":4.0},{"not_picked":["Wild Strike","Havoc"],"picked":"Intimidate","floor":5.0},{"not_picked":["Flex","Body Slam"],"picked":"Evolve","floor":7.0},{"not_picked":["Sever Soul","Cleave"],"picked":"Exhume","floor":8.0},{"not_picked":["Armaments","Warcry"],"picked":"Shockwave","floor":11.0},{"not_picked":["Anger","Clothesline"],"picked":"Ghostly Armor","floor":12.0},{"not_picked":["Rupture","Pommel Strike"],"picked":"Impervious","floor":13.0},{"not_picked":["Reaper","Impervious"],"picked":"Double Tap","floor":16.0},{"not_picked":["Armaments","Clothesline"],"picked":"Burning Pact","floor":18.0},{"not_picked":["Iron Wave","Pommel Strike","Sword Boomerang"],"picked":"SKIP","floor":23.0},{"not_picked":["Havoc","Exhume"],"picked":"Battle Trance","floor":27.0},{"not_picked":["Pummel","Anger","Warcry"],"picked":"SKIP","floor":28.0},{"not_picked":["Whirlwind","Clothesline+1"],"picked":"Feel No Pain","floor":29.0},{"not_picked":["Heavy Blade","Warcry","Rampage"],"picked":"SKIP","floor":31.0},{"not_picked":["Bludgeon","Brutality"],"picked":"Corruption","floor":33.0},{"not_picked":["Reckless Charge+1","Clothesline"],"picked":"True Grit+1","floor":35.0},{"not_picked":["Reckless Charge","Anger+1"],"picked":"Flame Barrier+1","floor":37.0},{"not_picked":["Shrug It Off+1","Intimidate"],"picked":"Burning Pact+1","floor":40.0},{"not_picked":["Intimidate+1","Clothesline+1","Havoc"],"picked":"SKIP","floor":42.0},{"not_picked":["Gensokyo:DreamlikeParadise","Gensokyo:RainbowDanmaku"],"picked":"Gensokyo:MorningStar","floor":45.0},{"not_picked":["Impervious","Thunderclap+1"],"picked":"Feel No Pain+1","floor":47.0},{"not_picked":["True Grit+1","Perfected Strike"],"picked":"Armaments+1","floor":54.0}],"player_experience":1809439,"relics_obtained":[{"floor":5.0,"key":"Turnip"},{"floor":7.0,"key":"Unceasing Top"},{"floor":9.0,"key":"Dead Branch"},{"floor":11.0,"key":"Tea:ReiMu"},{"floor":13.0,"key":"ScarletDevilRocket"},{"floor":21.0,"key":"Nunchaku"},{"floor":23.0,"key":"Eternal Feather"},{"floor":26.0,"key":"Letter Opener"},{"floor":27.0,"key":"Gensokyo:ConquerorOfFear"},{"floor":27.0,"key":"Shuriken"},{"floor":29.0,"key":"CeramicFish"},{"floor":31.0,"key":"Ancient Tea Set"},{"floor":40.0,"key":"The Courier"},{"floor":42.0,"key":"Self Forming Clay"},{"floor":54.0,"key":"Lizard Tail"}],"event_choices":[],"is_beta":false,"boss_relics":[{"not_picked":["Cursed Key","Tiny House"],"picked":"Sozu"},{"not_picked":["Black Blood","Calling Bell"],"picked":"RedLine:ReiMu"}],"items_purged_floors":[3,19],"is_endless":false,"potions_floor_spawned":[1,5,11,12,23,27,31,40,47,54],"ascension_level":1}}