{"host":"os7ajuuouznx3pj7","time":1609626886,"event":{"mods":["AchievementEnabler","BaseMod","Bestiary","Block Reminder","Colored Map","Colored Powertips","Keyboard Shortcuts","Minty Spire (QoL Compilation)","Quick Restart","Relic Stats","SuperFastMode"],"gold_per_floor":[18,18,18,31,50,50,64,140,140,140,140],"floor_reached":10,"playtime":950,"items_purged":[],"score":116,"play_id":"ffa3dc06-4828-4676-9c0a-b80dbeeeeee3","local_time":"20210102203446","is_ascension_mode":true,"campfire_choices":[{"data":"Uppercut","floor":6.0,"key":"SMITH"}],"circlet_count":0,"master_deck":["AscendersBane","Strike_R","Strike_R","Strike_R","Strike_R","Strike_R","Defend_R","Defend_R","Defend_R","Defend_R","Bash","Bloodletting","Uppercut+1","Rupture","Perfected Strike"],"relics":["Burning Blood","Bird Faced Urn","Golden Idol","Toxic Egg 2"],"acts_visited":["Exordium"],"potions_floor_usage":[7,10],"damage_taken":[{"damage":8.0,"enemies":"2 Louse","floor":1.0,"turns":4.0},{"damage":7.0,"enemies":"Jaw Worm","floor":4.0,"turns":3.0},{"damage":4.0,"enemies":"Cultist","floor":5.0,"turns":4.0},{"damage":38,"enemies":"Exordium Wildlife","floor":7,"turns":7},{"damage":40,"enemies":"3 Sentries","floor":10,"turns":6}],"seed_played":"-108413988161199168","potions_obtained":[{"floor":1.0,"key":"Strength Potion"},{"floor":4.0,"key":"Ancient Potion"}],"is_trial":false,"path_per_floor":["M","?","$","M","M","R","M","?","T","E"],"character_chosen":"IRONCLAD","items_purchased":[],"campfire_rested":0,"item_purchase_floors":[],"current_hp_per_floor":[66,66,66,65,67,67,37,37,37,0,0],"gold":140,"neow_bonus":"ONE_RARE_RELIC","is_daily":false,"chose_seed":false,"campfire_upgraded":1,"win_rate":0.0,"timestamp":1609626886,"path_taken":["M","?","?","M","?","R","M","?","T","E"],"items_purchased_type":[],"build_version":"2020-12-22","purchased_purges":0,"victory":false,"max_hp_per_floor":[75,68,68,68,68,68,68,68,68,68,68],"relic_stats":{"counters":[5,24],"Golden Idol":10,"Bird Faced Urn":[2],"obtain_stats":[{"Golden Idol":2,"Bird Faced Urn":0,"Toxic Egg 2":9,"Burning Blood":0},{"Golden Idol":1,"Bird Faced Urn":0,"Toxic Egg 2":4,"Burning Blood":0},{"Golden Idol":4,"Bird Faced Urn":0,"Toxic Egg 2":18,"Burning Blood":0}],"Burning Blood":24},"card_choices":[{"not_picked":["Anger","Dropkick"],"picked":"Bloodletting","floor":1.0},{"not_picked":["Sword Boomerang","Anger"],"picked":"Uppercut","floor":4.0},{"not_picked":["Whirlwind","Flex"],"picked":"Rupture","floor":5.0},{"not_picked":["Clash","Clothesline"],"picked":"Perfected Strike","floor":7}],"player_experience":766282,"relics_obtained":[{"floor":9,"key":"Toxic Egg 2"}],"event_choices":[{"damage_healed":0.0,"max_hp_gain":0.0,"max_hp_loss":7.0,"gold_gain":0.0,"event_name":"Golden Idol","player_choice":"Lose Max HP","floor":2.0,"gold_loss":0.0,"damage_taken":0.0,"relics_obtained":["Golden Idol"]},{"damage_healed":0,"gold_gain":76,"player_choice":"Gained Gold","damage_taken":0,"max_hp_gain":0,"max_hp_loss":0,"event_name":"Golden Wing","floor":8,"gold_loss":0}],"is_beta":false,"boss_relics":[],"items_purged_floors":[],"is_endless":false,"potions_floor_spawned":[1,4],"killed_by":"3 Sentries","ascension_level":20}}