{"host":"vhikgave70uorr7d","time":1609619966,"event":{"mods":["AchievementEnabler","Act Like it!","Ascension Reborn","Ascension Unlocker","BaseMod","Beaked The Cultist","Better Altar","Better Match","Better Note","Better Sensory Stone","Better Skull","Better Third Choice","BetterRewards","ChefMod","Colored Powertips","Custom Start","Defuse TimeMaze Blight","Downfall","Elementarium","Energized Spire","GifTheSpireLib","Hermit","Hero for Fun","Highlight Path","Hubris","Infinite Spire","JesterMod","Menagerie","Mimic Mod","Minty Spire (QoL Compilation)","MostiFishMod","Permanent Neow","Pikachu Mod","Quick Restart","Rare Cards Sparkle","Relic Filter","Remove Card Discount Mod","Replay The Spire","Retaliation","Shade Mod","Small Relic Pack","Spicy Shops","StSLib","Swap Starting Deck Mod","Td1madao Mod","The Accelerator","The Alterego","The Animator","The Bladedancer","The Blue Laboratory","The Bug Knight","The Construct","The Cursed","The Disciple","The Hayseed","The Hierophant","The Mystic","The Necromancer","The Runesmith","The Servant 0.9.4","The Vixen","The Wild Card","TheFirefly","TheSwordswoman","TheVacant","Transform Curses"],"gold_per_floor":[117,30,30,45,45,45,45,45,220,240,240,270,345,357,314,365,365,464,464,484,484,500,518,498,498,514,514,514,530,530],"floor_reached":29,"playtime":1857,"items_purged":["Zap","Stack","Stack","Stack","Stack","Doubt"],"score":323,"play_id":"48809f96-3932-4a9a-8266-e85d107444d2","local_time":"20210102153926","is_ascension_mode":false,"campfire_choices":[{"floor":8,"key":"REST"},{"data":"Creative AI","floor":17,"key":"SMITH"},{"data":"Fission","floor":25,"key":"SMITH"},{"data":"Defragment","floor":27,"key":"SMITH"}],"circlet_count":0,"master_deck":["Ball Lightning+1","Ball Lightning+1","Ball Lightning+1","Ball Lightning","Thunder Strike+1","Crystallizer+1","MostiFishMod:PushDownKick+1","theWildCard:Odin+1","Creative AI+1","Chaos","Conserve Battery+1","Crystallizer","Capacitor","Fission+1","Defragment+1","MostiFishMod:Exploitation+1","Fusion+1","Static Discharge+1","Hello World+1"],"relics":["Cracked Core","DaveBox","DSteel32","SynthV:TestCard","Happy Flower","Garlic","Dream Catcher","ReplayTheSpireMod:TigerMarble","energizedSpire:OldTV","Potion Belt","Darkstone Periapt"],"acts_visited":["Exordium","TheCity"],"potions_floor_usage":[],"damage_taken":[{"damage":0,"enemies":"Cultist","floor":1,"turns":2},{"damage":13,"enemies":"2 Louse","floor":4,"turns":2},{"damage":0,"enemies":"Small Slimes","floor":10,"turns":2},{"damage":0,"enemies":"3 Sentries","floor":12,"turns":3},{"damage":10,"enemies":"3 Louse","floor":14,"turns":2},{"damage":0,"enemies":"Hexaghost","floor":18,"turns":10},{"damage":0,"enemies":"Spheric Guardian","floor":20,"turns":2},{"damage":20,"enemies":"3 Byrds","floor":22,"turns":3},{"damage":14,"enemies":"Snecko","floor":23,"turns":4},{"damage":24,"enemies":"3 Cultists","floor":26,"turns":4},{"damage":0,"enemies":"Centurion and Healer","floor":29,"turns":5}],"seed_played":"4525759811217320554","potions_obtained":[{"floor":1,"key":"Adrenaline Potion"},{"floor":12,"key":"blueLaboratory:SavagePotion"},{"floor":16,"key":"Flashbang"},{"floor":18,"key":"PowerPotion"},{"floor":23,"key":"blueLaboratory:RelayPotion"},{"floor":24,"key":"EssenceOfDarkness"}],"is_trial":false,"path_per_floor":["M","$","?","M","?","PTL","PTL","R","?","M","T","E","?","M","$","?","R","B",null,"M","?","M","M","?","R","M","R","T","M"],"character_chosen":"DEFECT","items_purchased":["Crystallizer","Conserve Battery"],"campfire_rested":1,"item_purchase_floors":[2,15],"current_hp_per_floor":[38,38,26,13,13,13,13,35,35,35,35,35,35,25,25,7,7,7,75,75,75,55,41,41,41,17,17,17,57,57],"gold":530,"neow_bonus":"","is_daily":false,"chose_seed":false,"campfire_upgraded":3,"win_rate":0.0,"timestamp":1609619966,"path_taken":["M","$","?","M","?","PTL","PTL","R","?","M","T","E","?","M","$","?","R","BOSS","M","?","?","M","?","R","M","R","T","M"],"items_purchased_type":["Card","Card"],"build_version":"2020-12-22","purchased_purges":6,"victory":false,"max_hp_per_floor":[75,75,75,75,75,75,75,75,75,75,75,75,75,75,75,75,75,75,75,75,75,75,75,75,75,75,75,75,75,75],"card_choices":[{"not_picked":["Hologram","Sweeping Beam","Compile Driver"],"picked":"SKIP","floor":1},{"not_picked":["Gash","Coolheaded","MostiFishMod:LinkProtocol","ReplayGash"],"picked":"MostiFishMod:PushDownKick","floor":4},{"not_picked":["Gash","Compile Driver","Turbo","ReplaySort","Streamline"],"picked":"SKIP","floor":10},{"not_picked":["Streamline","Tempest","Glacier","MostiFishMod:ReprogramOld"],"picked":"Creative AI","floor":12},{"not_picked":["Stack","Gash","Chill","Hologram"],"picked":"Chaos","floor":14},{"not_picked":["Go for the Eyes","Ball Lightning","ReplayTheSpireMod:System Scan","Compile Driver"],"picked":"Crystallizer","floor":16},{"not_picked":["Ball Lightning","Coolheaded","Turbo","Conserve Battery"],"picked":"Capacitor","floor":16},{"not_picked":["MostiFishMod:Hijack","MostiFishMod:TalkingToTheRain","MostiFishMod:Nova","MostiFishMod:Culaccino"],"picked":"Fission","floor":18},{"not_picked":["Go for the Eyes","Rebound+1","Barrage+1","Tempest"],"picked":"Defragment","floor":20},{"not_picked":["Self Repair+1","MostiFishMod:PushDownKick","Consume","Turbo"],"picked":"Fusion+1","floor":22},{"not_picked":["BasicCrystalCard","Redo","hubris:Ukulele","Heatsinks"],"picked":"Static Discharge","floor":23},{"not_picked":["Coolheaded","Compile Driver","Turbo","Consume"],"picked":"Hello World","floor":26}],"player_experience":347147,"relics_obtained":[{"floor":1,"key":"SynthV:TestCard"},{"floor":11,"key":"Garlic"},{"floor":12,"key":"Dream Catcher"},{"floor":16,"key":"ReplayTheSpireMod:TigerMarble"},{"floor":28,"key":"Darkstone Periapt"}],"event_choices":[{"damage_healed":0,"gold_gain":0,"player_choice":"Relic ","damage_taken":12,"max_hp_gain":0,"max_hp_loss":0,"event_name":"betterThird:BetterScrap","floor":3,"gold_loss":0,"cards_obtained":["MostiFishMod:SpreadingSpore"]},{"damage_healed":0,"gold_gain":175,"player_choice":"AGREE","damage_taken":45,"max_hp_gain":0,"max_hp_loss":0,"event_name":"betterThird:BetterSerpent","floor":9,"gold_loss":0},{"damage_healed":0,"gold_gain":0,"cards_transformed":["Conserve Battery"],"player_choice":"Transformed","damage_taken":0,"max_hp_gain":0,"max_hp_loss":0,"event_name":"Transmorgrifier","floor":21,"gold_loss":0,"cards_obtained":["MostiFishMod:Exploitation"]},{"damage_healed":0,"gold_gain":0,"player_choice":"Bought 1 Potion","damage_taken":0,"max_hp_gain":0,"max_hp_loss":0,"event_name":"The Woman in Blue","floor":24,"gold_loss":0}],"is_beta":false,"boss_relics":[{"not_picked":["FrozenCore","ReplayTheSpireMod:SealedPack"],"picked":"energizedSpire:OldTV"}],"items_purged_floors":[2,2,2,2,15,15],"is_endless":false,"potions_floor_spawned":[1,12,18,20,23],"killed_by":"Centurion and Healer","ascension_level":0}}