{"host":"mytek2nu1hrzdnew","time":1609594399,"event":{"mods":["Aspiration","BaseMod","Conspire","Evolution","GifTheSpireLib","Gold Saver","Hubris","Minty Spire (QoL Compilation)","Replay The Spire","StSLib","Stuff the Spire","Uncapped"],"gold_per_floor":[379,397,409,419,437,463,463,482,482,482,516,536,549,568,568,667,667,686,701,701,701],"floor_reached":20,"playtime":896,"items_purged":[],"score":217,"play_id":"87ab1c8e-d35a-4908-af60-92ce1587c3a4","local_time":"20210102083319","is_ascension_mode":false,"campfire_choices":[{"data":"StuffTheSpire:RockThrow","floor":7,"key":"SMITH"},{"data":"Spot Weakness","floor":10,"key":"SMITH"},{"floor":15,"key":"REST"}],"circlet_count":0,"master_deck":["Run Through","Run Through","Run Through","Run Through","Run Through","Defend_R","Defend_R","Defend_R","Defend_R","StuffTheSpire:Slingshot+1","Spot Weakness+1","ReplayTheSpireMod:Strike From Hell+1","StuffTheSpire:RockThrow+1","Flex","Anger","conspire:Charge","Armaments","Limit Break","Havoc"],"relics":["Burning Blood","EVO:Axolotl","conspire:Dentures","Whetstone","hubris:Potato","conspire:SpecialSausage"],"acts_visited":["Exordium","TheCity"],"potions_floor_usage":[13,16,16,18],"damage_taken":[{"damage":1,"enemies":"Jaw Worm","floor":1,"turns":3},{"damage":1,"enemies":"Cultist","floor":2,"turns":3},{"damage":5,"enemies":"Small Slimes","floor":3,"turns":3},{"damage":7,"enemies":"Blue Slaver","floor":4,"turns":2},{"damage":0,"enemies":"Large Slime","floor":5,"turns":3},{"damage":8,"enemies":"Gremlin Nob","floor":6,"turns":3},{"damage":8,"enemies":"3 Louse","floor":8,"turns":3},{"damage":36,"enemies":"Lagavulin","floor":11,"turns":5},{"damage":16,"enemies":"Red Slaver","floor":12,"turns":3},{"damage":0,"enemies":"Gremlin Gang","floor":13,"turns":3},{"damage":5,"enemies":"Looter","floor":14,"turns":2},{"damage":31,"enemies":"Hexaghost","floor":16,"turns":6},{"damage":33,"enemies":"3 Byrds","floor":18,"turns":5},{"damage":26,"enemies":"Shell Parasite","floor":19,"turns":4},{"damage":37,"enemies":"Snake Plant","floor":20,"turns":3}],"seed_played":"5627405593003197924","potions_obtained":[{"floor":3,"key":"CultistPotion"},{"floor":5,"key":"LifebloodPotion"},{"floor":11,"key":"DuplicationPotion"},{"floor":14,"key":"Block Potion"},{"floor":16,"key":"AttackPotion"}],"is_trial":false,"path_per_floor":["M","M","M","M","M","E","R","M","T","R","E","M","M","M","R","B",null,"M","M","M"],"character_chosen":"IRONCLAD","items_purchased":[],"campfire_rested":1,"item_purchase_floors":[],"current_hp_per_floor":[80,80,80,79,80,78,78,76,76,76,46,36,42,43,67,42,80,53,33,0,0],"gold":701,"neow_bonus":"REMOVE_CARD","is_daily":false,"chose_seed":false,"campfire_upgraded":2,"win_rate":0.0,"timestamp":1609594399,"path_taken":["M","M","M","M","M","E","R","M","T","R","E","M","M","M","R","BOSS","M","M","M"],"items_purchased_type":[],"build_version":"2020-12-22","purchased_purges":0,"victory":false,"max_hp_per_floor":[80,80,80,80,80,80,80,80,80,80,80,80,80,80,80,80,80,80,80,80,80],"card_choices":[{"not_picked":["ReplayTheSpireMod:LeadingStrike","Infernal Blade","Uppercut"],"picked":"SKIP","floor":1},{"not_picked":["Sword Boomerang","Armaments"],"picked":"StuffTheSpire:Slingshot","floor":2},{"not_picked":["Armaments","Cleave"],"picked":"Spot Weakness","floor":3},{"not_picked":["Shrug It Off","StuffTheSpire:BloodClot"],"picked":"ReplayTheSpireMod:Strike From Hell","floor":4},{"not_picked":["ReplayTheSpireMod:Stacked","Clash"],"picked":"StuffTheSpire:RockThrow","floor":5},{"not_picked":["Uppercut","Blood for Blood"],"picked":"Flex","floor":6},{"not_picked":["Iron Wave","Clothesline"],"picked":"Anger","floor":8},{"not_picked":["Feel No Pain","Iron Wave"],"picked":"conspire:Charge","floor":11},{"not_picked":["Sword Boomerang","Blood for Blood","Pommel Strike"],"picked":"SKIP","floor":12},{"not_picked":["Infernal Blade","hubris:ReadiedAction","Cleave"],"picked":"SKIP","floor":13},{"not_picked":["Twin Strike","Dropkick"],"picked":"Armaments","floor":14},{"not_picked":["Demon Form","conspire:HitWhereItHurts"],"picked":"Limit Break","floor":16},{"not_picked":["ReplayTheSpireMod:Strike From Hell","Anger+1"],"picked":"Havoc","floor":18},{"not_picked":["Warcry","hubris:ReadiedAction","Disarm"],"picked":"SKIP","floor":19}],"player_experience":974274,"relics_obtained":[{"floor":6,"key":"conspire:Dentures"},{"floor":9,"key":"Whetstone"},{"floor":11,"key":"hubris:Potato"}],"event_choices":[],"is_beta":false,"boss_relics":[{"not_picked":["Pandora\u0027s Box","conspire:RunicOctahedron"],"picked":"conspire:SpecialSausage"}],"items_purged_floors":[],"is_endless":false,"potions_floor_spawned":[1,3,5,11,14,16],"killed_by":"Snake Plant","ascension_level":0}}