{"host":"kev6uqotw4tlyx8l","time":1609609214,"event":{"mods":["Act Like it!","Aspiration","BaseMod","Colored Powertips","Dota2Spire","Downfall","Hallownest","Infinite Spire","Marisa????????","Minty Spire (QoL Compilation)","Quick Restart","Remilia??????","Replay The Spire","StSLib","The Cursed","The Jungle","The Marked","The Mystic","The Servant 0.9.4"],"gold_per_floor":[119,119,164,182,282,282,316,328,328,42,58,58,71,102,102,199,199,217,235,235,355,355,355,398,408,408,408,426,444,474,493,493,593,593,605,565,580,362,376,376,410,410,482,482,482,502,502,555,555,555],"floor_reached":51,"playtime":1398,"items_purged":[],"score":911,"play_id":"3eb88133-528b-4d9f-abba-c8aa3e9b4088","local_time":"20210103004014","is_ascension_mode":true,"campfire_choices":[{"data":"Slice","floor":6,"key":"SMITH"},{"floor":15,"key":"REST"},{"data":"Adrenaline","floor":23,"key":"SMITH"},{"data":"ReplayTheSpireMod:Limb From Limb","floor":27,"key":"SMITH"},{"floor":32,"key":"REST"},{"data":"Backstab","floor":40,"key":"SMITH"},{"data":"Inflame","floor":45,"key":"SMITH"},{"data":"infinitespire:OneForAll","floor":47,"key":"SMITH"},{"data":"infinitespire:Collect","floor":49,"key":"SMITH"}],"circlet_count":0,"master_deck":["Strike_R","Strike_R+1","Strike_R","Strike_R","Strike_R","Defend_R","Defend_R","Defend_R","Defend_R","Bash","Slice+1","Prepared","Run Through","Pommel Strike+1","Inflame+1","Backstab+1","infinitespire:OneForAll+1","Burning Pact","Adrenaline+1","Blood for Blood+1","Armaments","infinitespire:Collect+1","ReplayTheSpireMod:Splinters","Anger","ReplayTheSpireMod:Limb From Limb+1","Heavy Blade+1","Dropkick","Armaments+1","Iron Wave+1","Demon Form","Cleave","Rage","Infernal Blade","Thunderclap+1","Headbutt","Twin Strike+1","Infernal Blade+1"],"relics":["Burning Blood","aspiration:Nostalgia","m_TsuchinokoRing","Oddly Smooth Stone","Dota2Spire:PowerTreads","Dota2Spire:EyeOfSkadi","infinitespire:BottledMercury","Gremlin Horn","Champion Belt","aspiration:FutureDiary","Dota2Spire:BattleFury","Magic Flower","Dota2Spire:LinkenSphere","Dota2Spire:Dagon","infinitespire:Cupcake","Whetstone","Replay:Mystery Machine","Eternal Feather","Replay:Towering Pillar of Hats","Bird Faced Urn"],"acts_visited":["Exordium","Exordium","TheBeyond"],"potions_floor_usage":[7,14,19,29,33,36,39,39,48,50,50],"damage_taken":[{"damage":6,"enemies":"Cultist","floor":1,"turns":3},{"damage":8,"enemies":"2 Louse","floor":4,"turns":2},{"damage":40,"enemies":"Lagavulin","floor":7,"turns":5},{"damage":10,"enemies":"infinitespire:Voidling","floor":8,"turns":2},{"damage":4,"enemies":"Exordium Thugs","floor":11,"turns":3},{"damage":1,"enemies":"Large Slime","floor":13,"turns":3},{"damage":12,"enemies":"Gremlin Nob","floor":14,"turns":3},{"damage":34,"enemies":"Hexaghost","floor":16,"turns":7},{"damage":14,"enemies":"theJungle:MUSHROOMGANG","floor":18,"turns":2},{"damage":7,"enemies":"theJungle:5_Spyders","floor":19,"turns":4},{"damage":0,"enemies":"theJungle:JungleHuntersEncounter","floor":25,"turns":3},{"damage":4,"enemies":"theJungle:Snecko_Cultist_And_Trap","floor":28,"turns":2},{"damage":49,"enemies":"theJungle:Lyon","floor":29,"turns":5},{"damage":0,"enemies":"theJungle:MamaSnecko","floor":30,"turns":2},{"damage":0,"enemies":"theJungle:SlimyTreeVines","floor":31,"turns":2},{"damage":15,"enemies":"theJungle:TotemBoss","floor":33,"turns":3},{"damage":14,"enemies":"3 Shapes","floor":35,"turns":2},{"damage":0,"enemies":"3 Darklings","floor":37,"turns":2},{"damage":18,"enemies":"Writhing Mass","floor":39,"turns":2},{"damage":30,"enemies":"Nemesis","floor":41,"turns":5},{"damage":6,"enemies":"Spire Growth","floor":46,"turns":2},{"damage":0,"enemies":"2 Orb Walkers","floor":48,"turns":1},{"damage":65,"enemies":"Awakened One","floor":50,"turns":6}],"seed_played":"3719949032479326748","potions_obtained":[{"floor":1,"key":"Dota2Spire:HealingSalve"},{"floor":8,"key":"LiquidMemories"},{"floor":18,"key":"FearPotion"},{"floor":19,"key":"Doom Potion"},{"floor":31,"key":"champ:CounterPotion"},{"floor":36,"key":"BlessingOfTheForge"},{"floor":36,"key":"LiquidMemories"},{"floor":36,"key":"Fruit Juice"},{"floor":39,"key":"Elixir"},{"floor":41,"key":"Swift Potion"},{"floor":48,"key":"Explosive Potion"}],"is_trial":false,"path_per_floor":["M","?","T","M","?","R","E","M","T","$","M","$","M","E","R","B",null,"M","M","?","?","AVR","R","?","M","T","R","M","M","E","M","R","B",null,"M","?","M","$","M","R","E","?","T","T","R","M","R","?","R","B",null],"character_chosen":"IRONCLAD","items_purchased":["Inflame","Gremlin Horn","Whetstone","Infernal Blade"],"campfire_rested":2,"item_purchase_floors":[10,10,38,38],"current_hp_per_floor":[80,73,73,71,71,71,45,41,41,41,43,43,48,42,67,39,85,77,76,56,44,44,44,44,53,53,53,58,18,27,36,61,55,85,80,85,90,90,81,81,60,60,60,60,81,84,90,90,90,40],"gold":555,"neow_bonus":"NOSTALGIA","is_daily":false,"chose_seed":false,"campfire_upgraded":7,"win_rate":0.0,"timestamp":1609609214,"path_taken":["M","?","?","M","?","R","E","?","T","?","M","$","M","E","R","BOSS","M","M","?","?","AVR","R","?","M","T","R","M","M","E","M","R","BOSS","M","?","?","$","M","R","E","?","T","?","R","M","R","?","R","BOSS"],"items_purchased_type":["Card","Relic","Relic","Card"],"build_version":"2020-12-22","purchased_purges":0,"victory":true,"max_hp_per_floor":[80,80,80,80,80,80,85,85,85,85,85,85,85,85,85,85,85,85,85,85,85,85,85,85,85,85,85,85,85,85,85,85,85,85,85,90,90,90,90,90,90,90,90,90,90,90,90,90,90,90],"card_choices":[{"not_picked":["Pummel","ReplayReversal"],"picked":"Slice","floor":1},{"not_picked":["Feel No Pain","Intimidate"],"picked":"Prepared","floor":4},{"not_picked":["Replay:Undeath\u0027s Touch","Iron Wave"],"picked":"Run Through","floor":7},{"not_picked":["Second Wind","Iron Wave"],"picked":"Pommel Strike","floor":8},{"not_picked":["ReplayTheSpireMod:Strike From Hell","Skewer"],"picked":"Backstab","floor":11},{"not_picked":["Choke","Iron Wave"],"picked":"infinitespire:OneForAll","floor":13},{"not_picked":["Corruption","Outmaneuver"],"picked":"Burning Pact","floor":14},{"not_picked":["Offering","Night Terror"],"picked":"Adrenaline","floor":16},{"not_picked":["Havoc","Life Link+1"],"picked":"Blood for Blood+1","floor":18},{"not_picked":["Hemokinesis","Bloodletting"],"picked":"Armaments","floor":19},{"not_picked":["True Grit","Second Wind"],"picked":"Anger","floor":24},{"not_picked":["Combust","Battle Trance"],"picked":"ReplayTheSpireMod:Limb From Limb","floor":25},{"not_picked":["Warcry","Clash"],"picked":"Heavy Blade+1","floor":28},{"not_picked":["Flex","Spot Weakness"],"picked":"Dropkick","floor":29},{"not_picked":["Flame Barrier","Seeing Red+1"],"picked":"Armaments+1","floor":30},{"not_picked":["Havoc","Spot Weakness+1"],"picked":"Iron Wave+1","floor":31},{"not_picked":["Berserk","Replay:Many Hands"],"picked":"Demon Form","floor":33},{"not_picked":["Evolve","Clothesline"],"picked":"Cleave","floor":35},{"not_picked":["Fire Breathing+1","Run Through"],"picked":"Rage","floor":37},{"not_picked":["Warcry+1","Shrug It Off+1"],"picked":"Thunderclap+1","floor":39},{"not_picked":["Ghostly Armor+1","Perfected Strike+1"],"picked":"Headbutt","floor":41},{"not_picked":["Intimidate+1","Whirlwind+1"],"picked":"Twin Strike+1","floor":46},{"not_picked":["Sword Boomerang","Clothesline"],"picked":"Infernal Blade+1","floor":48}],"player_experience":67146,"relics_obtained":[{"floor":3,"key":"Dota2Spire:PowerTreads"},{"floor":7,"key":"Dota2Spire:EyeOfSkadi"},{"floor":9,"key":"infinitespire:BottledMercury"},{"floor":14,"key":"Champion Belt"},{"floor":24,"key":"Magic Flower"},{"floor":26,"key":"Dota2Spire:LinkenSphere"},{"floor":30,"key":"Dota2Spire:Dagon"},{"floor":41,"key":"Replay:Mystery Machine"},{"floor":43,"key":"Eternal Feather"},{"floor":44,"key":"Replay:Towering Pillar of Hats"},{"floor":48,"key":"Bird Faced Urn"}],"event_choices":[{"damage_healed":0,"gold_gain":0,"player_choice":"Success","damage_taken":7,"relics_obtained":["Oddly Smooth Stone"],"max_hp_gain":0,"max_hp_loss":0,"event_name":"Scrap Ooze","floor":2,"gold_loss":0},{"damage_healed":0,"gold_gain":100,"player_choice":"Pray","damage_taken":0,"max_hp_gain":0,"max_hp_loss":0,"event_name":"Golden Shrine","floor":5,"gold_loss":0},{"damage_healed":0,"gold_gain":0,"player_choice":"Bought 3 Potions","damage_taken":0,"max_hp_gain":0,"max_hp_loss":0,"event_name":"The Woman in Blue","floor":36,"gold_loss":0},{"damage_healed":0,"gold_gain":0,"player_choice":"Ignored","damage_taken":0,"max_hp_gain":0,"max_hp_loss":0,"event_name":"Tomb of Lord Red Mask","floor":42,"gold_loss":0},{"damage_healed":0,"gold_gain":0,"player_choice":"Fight","damage_taken":0,"max_hp_gain":0,"max_hp_loss":0,"event_name":"Mysterious Sphere","floor":48,"gold_loss":0}],"is_beta":false,"boss_relics":[{"not_picked":["aspiration:PoetsPen_weak","Kintsugi"],"picked":"aspiration:FutureDiary"},{"not_picked":["Cursed Key","Electric Blood"],"picked":"infinitespire:Cupcake"}],"items_purged_floors":[],"is_endless":false,"potions_floor_spawned":[1,8,14,18,19,31,39,41,48],"ascension_level":3}}