{"host":"c7jf6qmun6p1cqff","time":1609572745,"event":{"mods":["BaseMod","Colored Map","HumanHunterMod(π÷ŒÔ…±»Àmod)","Minty Spire (QoL Compilation)","The Servant 0.9.4","noobMod"],"gold_per_floor":[119,119,137,157,173,173,206,206,229,304,329,342,354,165,165,240,240,259,259,259,269,287,22,55,75,75,90,90,103,130,161,173,263,275,303,315,327,357,381,425,437,475,487,524,556,568,580,580],"floor_reached":47,"playtime":2221,"items_purged":["Strike_R","Writhe"],"score":1313,"play_id":"edd9f147-e2b6-4e85-b6db-c516e1d6a920","local_time":"20210102153225","is_ascension_mode":true,"campfire_choices":[{"floor":6,"key":"RECALL"},{"data":"Limit Break","floor":8,"key":"SMITH"},{"data":"Heavy Blade","floor":15,"key":"SMITH"},{"data":"Limit Break","floor":28,"key":"SMITH"},{"data":"Heavy Blade","floor":32,"key":"SMITH"},{"data":"Heavy Blade","floor":41,"key":"SMITH"},{"data":"Double Tap","floor":46,"key":"SMITH"}],"circlet_count":0,"master_deck":["AscendersBane","Strike_R","Strike_R","Strike_R","Strike_R","Defend_R","Defend_R","Defend_R","Defend_R","Bash","Uppercut","Shrug It Off","Flex","Limit Break+1","Cleave","Clothesline","Heavy Blade+1","Shrug It Off","Twin Strike+1","Sword Boomerang","Heavy Blade+1","Limit Break+1","Shrug It Off","Writhe","Limit Break+1","Thunderclap+1","Double Tap+1","Pummel","Master of Strategy","Heavy Blade+1","Sword Boomerang","Sword Boomerang+1","Twin Strike+1","Cleave","Whirlwind"],"relics":["Burning Blood","ice","NeowsBlessing","Vajra","Nunchaku","Bronze Scales","Cursed Key","Ancient Tea Set","DollysMirror","Bag of Marbles","Bottled Flame","MawBank","Philosopher\u0027s Stone","Bird Faced Urn","Lantern","Omamori","Smiling Mask","Orichalcum"],"acts_visited":["Exordium","TheCity","TheBeyond"],"potions_floor_usage":[5,5,7,11,39,42],"damage_taken":[{"damage":0,"enemies":"2 Louse","floor":1,"turns":1},{"damage":0,"enemies":"Small Slimes","floor":3,"turns":1},{"damage":0,"enemies":"Jaw Worm","floor":4,"turns":1},{"damage":26,"enemies":"2 Fungi Beasts","floor":5,"turns":3},{"damage":33,"enemies":"Gremlin Nob","floor":7,"turns":4},{"damage":89,"enemies":"3 Sentries","floor":11,"turns":16},{"damage":0,"enemies":"Exordium Thugs","floor":12,"turns":2},{"damage":0,"enemies":"3 Louse","floor":13,"turns":2},{"damage":35,"enemies":"Hexaghost","floor":16,"turns":4},{"damage":0,"enemies":"Spheric Guardian","floor":18,"turns":4},{"damage":0,"enemies":"3 Byrds","floor":21,"turns":2},{"damage":0,"enemies":"3 Cultists","floor":22,"turns":3},{"damage":13,"enemies":"Slavers","floor":24,"turns":4},{"damage":0,"enemies":"Snecko","floor":25,"turns":2},{"damage":0,"enemies":"Snake Plant","floor":27,"turns":1},{"damage":0,"enemies":"Cultist and Chosen","floor":29,"turns":2},{"damage":0,"enemies":"Book of Stabbing","floor":30,"turns":2},{"damage":14,"enemies":"Shelled Parasite and Fungi","floor":31,"turns":2},{"damage":11,"enemies":"Champ","floor":33,"turns":4},{"damage":35,"enemies":"3 Shapes","floor":35,"turns":9},{"damage":1,"enemies":"3 Darklings","floor":38,"turns":3},{"damage":18,"enemies":"Maw","floor":39,"turns":4},{"damage":2,"enemies":"Giant Head","floor":40,"turns":4},{"damage":37,"enemies":"Nemesis","floor":42,"turns":6},{"damage":21,"enemies":"Giant Head","floor":44,"turns":3},{"damage":17,"enemies":"Sphere and 2 Shapes","floor":45,"turns":3},{"damage":175,"enemies":"Transient","floor":47,"turns":3}],"seed_played":"6965693495544859253","potions_obtained":[{"floor":1,"key":"Regen Potion"},{"floor":3,"key":"BloodPotion"},{"floor":5,"key":"Ancient Potion"},{"floor":7,"key":"DuplicationPotion"},{"floor":21,"key":"AttackPotion"},{"floor":25,"key":"BlessingOfTheForge"},{"floor":40,"key":"PowerPotion"},{"floor":42,"key":"Fire Potion"},{"floor":44,"key":"ColorlessPotion"}],"is_trial":false,"path_per_floor":["M","?","M","M","M","R","E","R","T","?","E","M","M","$","R","B",null,"M","?","?","M","M","$","E","M","T","M","R","M","E","M","R","B",null,"M","?","?","M","M","E","R","E","T","E","M","R","M"],"character_chosen":"IRONCLAD","items_purchased":["Heavy Blade","Shrug It Off","DollysMirror"],"campfire_rested":0,"item_purchase_floors":[14,14,23],"current_hp_per_floor":[74,48,54,60,60,60,33,33,33,22,87,88,89,89,89,60,87,93,93,93,99,104,104,97,103,103,107,107,113,119,111,111,106,122,93,93,93,98,86,90,90,61,61,46,35,35,0,0],"gold":580,"neow_bonus":"THREE_ENEMY_KILL","is_daily":false,"chose_seed":false,"campfire_upgraded":6,"win_rate":0.0,"timestamp":1609572745,"path_taken":["M","?","M","M","M","R","E","R","T","?","E","M","M","$","R","BOSS","M","?","?","M","M","$","E","M","T","M","R","?","E","M","R","BOSS","M","?","?","?","M","E","R","E","T","E","M","R","?"],"items_purchased_type":["Card","Card","Relic"],"build_version":"2020-12-22","purchased_purges":2,"victory":false,"max_hp_per_floor":[75,75,75,75,75,75,75,75,75,75,87,88,89,89,89,96,96,99,99,99,102,104,104,107,107,107,107,107,113,123,124,124,127,127,133,133,133,134,135,136,136,143,143,145,147,147,10147,10147],"card_choices":[{"not_picked":["Burning Pact","Shockwave"],"picked":"Uppercut","floor":1},{"not_picked":["Combust","Headbutt","Second Wind"],"picked":"SKIP","floor":3},{"not_picked":["Carnage","Anger"],"picked":"Shrug It Off","floor":4},{"not_picked":["Infernal Blade","Searing Blow"],"picked":"Flex","floor":5},{"not_picked":["Impervious","Body Slam"],"picked":"Limit Break","floor":7},{"not_picked":["Intimidate","Blood for Blood"],"picked":"Cleave","floor":11},{"not_picked":["Clash","Dropkick","True Grit"],"picked":"SKIP","floor":12},{"not_picked":["Dual Wield","Spot Weakness"],"picked":"Clothesline","floor":13},{"not_picked":["Flex","Carnage+1"],"picked":"Twin Strike","floor":18},{"not_picked":["Inflame","Ghostly Armor"],"picked":"Sword Boomerang","floor":21},{"not_picked":["Burning Pact","Body Slam"],"picked":"Heavy Blade","floor":22},{"not_picked":["Wild Strike","Combust+1","True Grit"],"picked":"SKIP","floor":24},{"not_picked":["Blood for Blood","Perfected Strike"],"picked":"Shrug It Off","floor":25},{"not_picked":["Armaments","Intimidate"],"picked":"Limit Break","floor":27},{"not_picked":["Flex","Pummel","Power Through"],"picked":"SKIP","floor":29},{"not_picked":["Feed","Entrench","Havoc"],"picked":"SKIP","floor":30},{"not_picked":["Sever Soul","Clothesline"],"picked":"Thunderclap+1","floor":31},{"not_picked":["Fiend Fire","Exhume"],"picked":"Double Tap","floor":33},{"not_picked":["Havoc","Ghostly Armor+1"],"picked":"Pummel","floor":35},{"not_picked":["Swift Strike","Jack Of All Trades"],"picked":"Master of Strategy","floor":36},{"not_picked":["Ghostly Armor+1","Headbutt+1"],"picked":"Heavy Blade","floor":38},{"not_picked":["Twin Strike","True Grit+1"],"picked":"Sword Boomerang","floor":39},{"not_picked":["Shrug It Off","Dropkick"],"picked":"Sword Boomerang+1","floor":40},{"not_picked":["Reckless Charge","Berserk"],"picked":"Twin Strike+1","floor":42},{"not_picked":["Fire Breathing","Iron Wave+1"],"picked":"Cleave","floor":44},{"not_picked":["Bloodletting","Rage+1"],"picked":"Whirlwind","floor":45}],"player_experience":50149,"relics_obtained":[{"floor":7,"key":"Nunchaku"},{"floor":11,"key":"Bronze Scales"},{"floor":24,"key":"Bag of Marbles"},{"floor":26,"key":"Bottled Flame"},{"floor":30,"key":"MawBank"},{"floor":40,"key":"Lantern"},{"floor":42,"key":"Omamori"},{"floor":43,"key":"Smiling Mask"},{"floor":44,"key":"Orichalcum"}],"event_choices":[{"damage_healed":0,"gold_gain":0,"player_choice":"Success","damage_taken":26,"relics_obtained":["Vajra"],"max_hp_gain":0,"max_hp_loss":0,"event_name":"Scrap Ooze","floor":2,"gold_loss":0},{"damage_healed":0,"gold_gain":75,"player_choice":"Gather Gold","damage_taken":11,"max_hp_gain":0,"max_hp_loss":0,"event_name":"World of Goop","floor":10,"gold_loss":0},{"damage_healed":0,"gold_gain":0,"player_choice":"Opened","damage_taken":0,"relics_obtained":["Ancient Tea Set"],"max_hp_gain":0,"max_hp_loss":0,"event_name":"The Mausoleum","floor":19,"gold_loss":0,"cards_obtained":["Writhe"]},{"damage_healed":0,"gold_gain":0,"player_choice":"Forge","damage_taken":0,"max_hp_gain":0,"max_hp_loss":0,"event_name":"Accursed Blacksmith","floor":20,"gold_loss":0,"cards_upgraded":["Twin Strike"]},{"damage_healed":0,"gold_gain":0,"player_choice":"Memory 1","damage_taken":0,"max_hp_gain":0,"max_hp_loss":0,"event_name":"SensoryStone","floor":36,"gold_loss":0},{"damage_healed":0,"gold_gain":0,"player_choice":"Gave Potion","damage_taken":0,"relics_obtained":["Bird Faced Urn"],"max_hp_gain":0,"max_hp_loss":0,"event_name":"WeMeetAgain","floor":37,"gold_loss":0}],"is_beta":false,"boss_relics":[{"not_picked":["Pandora\u0027s Box","SlaversCollar"],"picked":"Cursed Key"},{"not_picked":["Tiny House","Snecko Eye"],"picked":"Philosopher\u0027s Stone"}],"items_purged_floors":[14,23],"is_endless":false,"potions_floor_spawned":[1,3,5,7,21,25,27,29,30,40,42,44],"killed_by":"Transient","ascension_level":20}}