{"host":"ow66nzv2xecjoor3","time":1609576667,"event":{"mods":["BaseMod","Bestiary","Block Reminder","Colored Powertips","Curses Come First","Highlight Path","Keyboard Shortcuts","Marisa（霧雨　魔理沙）","Minty Spire (QoL Compilation)","Permanent Neow","Relic Stats","StSLib","The Servant 0.9.4","UnlockEverythingMod"],"gold_per_floor":[118,136,12,31,66,66,97,111,136,136,180,180,205,231,231,334,334,346,371,391,15,46,71,71,101,101,135,135,167,167,184,184,300,300,310,66,79,110,143,143,143,143,166,207,207,254,287,303,303,303,303],"floor_reached":50,"playtime":3408,"items_purged":[],"score":719,"play_id":"26df951c-f78a-49f2-b0a8-82440f5c850d","local_time":"20210102023747","is_ascension_mode":true,"campfire_choices":[{"data":"BigCrunch","floor":6.0,"key":"SMITH"},{"data":"OortCloud","floor":10.0,"key":"SMITH"},{"data":"Singularity","floor":15.0,"key":"SMITH"},{"floor":28.0,"key":"REST"},{"data":"IllusionStar","floor":30.0,"key":"SMITH"},{"data":"Orbital","floor":32.0,"key":"SMITH"},{"floor":40.0,"key":"REST"},{"data":"JA","floor":42.0,"key":"SMITH"},{"floor":45.0,"key":"RECALL"},{"floor":49.0,"key":"REST"}],"circlet_count":0,"master_deck":["Strike_MRS","Strike_MRS","Strike_MRS","Strike_MRS","Defend_MRS","Defend_MRS+1","Defend_MRS","Defend_MRS","MasterSpark","UpSweep","Parasite","BigCrunch+1","AlicesGift","GravityBeat","GalacticHalo+1","Finesse","WitchOfGreed","MilkyWay","EnergyFlow","OortCloud+1","Singularity+1","Orbital+1","JA+1","SuperNova","MeteoricShower+1","IllusionStar+1","DarkMatter","EventHorizon","MeteoricShower","MilkyWay+1","Decay","MysteriousBeam+1","OortCloud","TreasureHunter","AlicesGift+1","FinalSpark","Singularity+1","IllusionStar+1","ShootTheMoon+1","PowerUp+1","DragonMeteor+1","MilkyWay+1"],"relics":["MiniHakkero","Vajra","Lantern","Tiny Chest","Akabeko","RampagingMagicTools","SimpleLauncher","PreservedInsect","Darkstone Periapt","Ancient Tea Set","Bronze Scales","Busted Crown","Mummified Hand","Juzu Bracelet","Letter Opener","Kunai"],"acts_visited":["Exordium","TheCity","TheBeyond"],"potions_floor_usage":[],"damage_taken":[{"damage":0.0,"enemies":"Jaw Worm","floor":1.0,"turns":3.0},{"damage":7.0,"enemies":"2 Louse","floor":2.0,"turns":3.0},{"damage":4.0,"enemies":"Cultist","floor":4.0,"turns":3.0},{"damage":17.0,"enemies":"3 Louse","floor":5.0,"turns":4.0},{"damage":16.0,"enemies":"Lagavulin","floor":7.0,"turns":7.0},{"damage":0.0,"enemies":"Looter","floor":8.0,"turns":3.0},{"damage":7.0,"enemies":"3 Sentries","floor":11.0,"turns":6.0},{"damage":0.0,"enemies":"2 Fungi Beasts","floor":13.0,"turns":3.0},{"damage":0.0,"enemies":"Gremlin Nob","floor":14.0,"turns":2.0},{"damage":8.0,"enemies":"The Guardian","floor":16.0,"turns":13.0},{"damage":5.0,"enemies":"Chosen","floor":18.0,"turns":3.0},{"damage":0.0,"enemies":"Spheric Guardian","floor":19.0,"turns":1.0},{"damage":11.0,"enemies":"Shelled Parasite and Fungi","floor":20.0,"turns":3.0},{"damage":4.0,"enemies":"Centurion and Healer","floor":22.0,"turns":5.0},{"damage":19.0,"enemies":"Book of Stabbing","floor":23.0,"turns":4.0},{"damage":5.0,"enemies":"3 Cultists","floor":25.0,"turns":3.0},{"damage":16.0,"enemies":"Slavers","floor":27.0,"turns":3.0},{"damage":2.0,"enemies":"Gremlin Leader","floor":29.0,"turns":3.0},{"damage":13.0,"enemies":"Sentry and Sphere","floor":31.0,"turns":3.0},{"damage":2.0,"enemies":"Champ","floor":33.0,"turns":7.0},{"damage":2.0,"enemies":"Orb Walker","floor":35.0,"turns":2.0},{"damage":0.0,"enemies":"3 Shapes","floor":37.0,"turns":2.0},{"damage":13.0,"enemies":"3 Darklings","floor":38.0,"turns":2.0},{"damage":21.0,"enemies":"Transient","floor":39.0,"turns":5.0},{"damage":0.0,"enemies":"Nemesis","floor":44.0,"turns":2.0},{"damage":8.0,"enemies":"Giant Head","floor":46.0,"turns":3.0},{"damage":0.0,"enemies":"Maw","floor":47.0,"turns":4.0},{"damage":0.0,"enemies":"Spire Growth","floor":48.0,"turns":1.0},{"damage":90,"enemies":"Awakened One","floor":50,"turns":7}],"seed_played":"-1653442847192646206","potions_obtained":[{"floor":1.0,"key":"Ancient Potion"},{"floor":2.0,"key":"BlessingOfTheForge"},{"floor":5.0,"key":"EssenceOfSteel"},{"floor":11.0,"key":"EssenceOfSteel"},{"floor":13.0,"key":"FearPotion"},{"floor":13.0,"key":"DuplicationPotion"},{"floor":19.0,"key":"EssenceOfSteel"},{"floor":20.0,"key":"Fruit Juice"},{"floor":22.0,"key":"SteroidPotion"},{"floor":33.0,"key":"Swift Potion"},{"floor":33.0,"key":"GamblersBrew"},{"floor":39.0,"key":"Strength Potion"},{"floor":44.0,"key":"Strength Potion"}],"is_trial":false,"path_per_floor":["M","M","$","M","M","R","E","M","T","R","E","?","M","E","R","B",null,"M","M","M","$","M","E","?","M","T","E","R","E","R","M","R","B",null,"M","$","M","M","M","R","T","R","T","E","R","E","M","M","R","B"],"character_chosen":"MARISA","items_purchased":["GalacticHalo","Finesse","SimpleLauncher","EventHorizon","Mummified Hand"],"campfire_rested":3,"item_purchase_floors":[3,3,21,21,36],"current_hp_per_floor":[75,68,68,64,47,47,31,31,31,31,24,9,9,9,9,1,75,70,70,59,59,60,41,41,36,36,20,44,42,42,29,29,27,80,78,78,78,65,44,68,68,68,68,68,68,60,60,60,80,0,0],"gold":303,"neow_bonus":"THREE_RARE_CARDS","is_daily":false,"chose_seed":false,"campfire_upgraded":6,"win_rate":0.0,"timestamp":1609576667,"path_taken":["M","M","$","M","M","R","E","M","T","R","E","?","M","E","R","BOSS","M","M","M","$","M","E","?","M","T","E","R","E","R","M","R","BOSS","M","$","M","M","?","R","?","R","T","E","R","E","M","M","R","BOSS"],"items_purchased_type":["Card","Card","Relic","Card","Relic"],"build_version":"2020-12-22","purchased_purges":0,"victory":false,"max_hp_per_floor":[75,75,75,75,75,75,75,75,75,75,75,75,75,75,75,75,75,75,75,75,75,80,80,80,80,80,80,80,80,80,80,80,80,80,80,80,80,80,80,80,80,80,80,80,80,80,80,80,80,80,80],"relic_stats":{"Darkstone Periapt":0,"Busted Crown":16,"counters":[29,110],"Mummified Hand":[46],"Bronze Scales":[96],"Tiny Chest":1,"PreservedInsect":258,"Juzu Bracelet":0,"Letter Opener":[55],"Kunai":[11],"obtain_stats":[{"Darkstone Periapt":26,"Lantern":9,"Vajra":7,"PreservedInsect":23,"Juzu Bracelet":43,"Letter Opener":44,"Ancient Tea Set":27,"Akabeko":14,"Busted Crown":34,"Mummified Hand":36,"Bronze Scales":29,"Tiny Chest":11,"MiniHakkero":0,"Kunai":46,"RampagingMagicTools":17,"SimpleLauncher":21},{"Darkstone Periapt":16,"Lantern":6,"Vajra":5,"PreservedInsect":15,"Juzu Bracelet":24,"Letter Opener":25,"Ancient Tea Set":17,"Akabeko":9,"Busted Crown":20,"Mummified Hand":21,"Bronze Scales":18,"Tiny Chest":7,"MiniHakkero":0,"Kunai":26,"RampagingMagicTools":10,"SimpleLauncher":13},{"Darkstone Periapt":66,"Lantern":23,"Vajra":20,"PreservedInsect":63,"Juzu Bracelet":93,"Letter Opener":95,"Ancient Tea Set":69,"Akabeko":34,"Busted Crown":82,"Mummified Hand":84,"Bronze Scales":72,"Tiny Chest":29,"MiniHakkero":0,"Kunai":98,"RampagingMagicTools":47,"SimpleLauncher":54}]},"card_choices":[{"not_picked":["AbsoluteMagnitude","JA"],"picked":"BigCrunch","floor":0.0},{"not_picked":["MysteriousBeam","MilkyWay"],"picked":"AlicesGift","floor":1.0},{"not_picked":["OneTimeOff","SporeBomb"],"picked":"GravityBeat","floor":2.0},{"not_picked":["DoubleSpark","DC"],"picked":"WitchOfGreed","floor":4.0},{"not_picked":["WitchOfGreed","SporeBomb"],"picked":"MilkyWay","floor":5.0},{"not_picked":["EscapeVelocity","WitchLeyline"],"picked":"EnergyFlow","floor":7.0},{"not_picked":["SporeBomb","WitchLeyline"],"picked":"OortCloud","floor":8.0},{"not_picked":["BlazingStar","WitchLeyline"],"picked":"Singularity","floor":11.0},{"not_picked":["MysteriousBeam","DoubleSpark"],"picked":"Orbital","floor":13.0},{"not_picked":["Acceleration","ShootTheMoon"],"picked":"JA","floor":14.0},{"not_picked":["ManaRampage","StarDustReverie"],"picked":"SuperNova","floor":16.0},{"not_picked":["SprinkleStarSeal","DoubleSpark"],"picked":"MeteoricShower+1","floor":18.0},{"not_picked":["GrandCross+1","ShootTheMoon"],"picked":"IllusionStar","floor":19.0},{"not_picked":["UnstableBomb","OrrerysSun"],"picked":"DarkMatter","floor":20.0},{"not_picked":["DC","AlicesGift"],"picked":"MeteoricShower","floor":22.0},{"not_picked":["SporeBomb","6A+1"],"picked":"MilkyWay+1","floor":23.0},{"not_picked":["AbsoluteMagnitude","EnergyFlow"],"picked":"MysteriousBeam+1","floor":25.0},{"not_picked":["DoubleSpark","MeteoricShower"],"picked":"OortCloud","floor":27.0},{"not_picked":["WitchLeyline","AsteroidBelt"],"picked":"TreasureHunter","floor":29.0},{"not_picked":["WitchLeyline+1","LuminesStrike+1"],"picked":"AlicesGift+1","floor":31.0},{"not_picked":["StarDustReverie","CollectingQuirk"],"picked":"FinalSpark","floor":33.0},{"not_picked":[],"picked":"Singularity+1","floor":35.0},{"not_picked":[],"picked":"IllusionStar+1","floor":37.0},{"not_picked":[],"picked":"ShootTheMoon+1","floor":38.0},{"not_picked":["AsteroidBelt+1"],"picked":"SKIP","floor":39.0},{"not_picked":[],"picked":"PowerUp+1","floor":44.0},{"not_picked":["NonDirectionalLaser+1"],"picked":"SKIP","floor":46.0},{"not_picked":[],"picked":"DragonMeteor+1","floor":47.0},{"not_picked":[],"picked":"MilkyWay+1","floor":48.0}],"player_experience":2696090,"relics_obtained":[{"floor":7.0,"key":"Vajra"},{"floor":9.0,"key":"Lantern"},{"floor":11.0,"key":"Tiny Chest"},{"floor":14.0,"key":"Akabeko"},{"floor":23.0,"key":"PreservedInsect"},{"floor":26.0,"key":"Darkstone Periapt"},{"floor":27.0,"key":"Ancient Tea Set"},{"floor":29.0,"key":"Bronze Scales"},{"floor":43.0,"key":"Juzu Bracelet"},{"floor":44.0,"key":"Letter Opener"},{"floor":46.0,"key":"Kunai"}],"event_choices":[{"damage_healed":0.0,"max_hp_gain":0.0,"max_hp_loss":0.0,"gold_gain":0.0,"event_name":"Shining Light","player_choice":"Entered Light","floor":12.0,"gold_loss":0.0,"damage_taken":15.0,"cards_upgraded":["GalacticHalo","Defend_MRS"]},{"damage_healed":0.0,"max_hp_gain":0.0,"max_hp_loss":0.0,"gold_gain":0.0,"event_name":"Wheel of Change","player_choice":"Cursed","floor":24.0,"gold_loss":0.0,"damage_taken":0.0,"cards_obtained":["Decay"]}],"is_beta":false,"boss_relics":[{"not_picked":["Velvet Choker","Fusion Hammer"],"picked":"RampagingMagicTools"},{"not_picked":["SlaversCollar","Empty Cage"],"picked":"Busted Crown"}],"items_purged_floors":[],"is_endless":false,"potions_floor_spawned":[1,2,11,13,20,23,27,33,35,38,48],"killed_by":"Awakened One","ascension_level":1}}