{"host":"yer03dsd277nstsn","time":1609578145,"event":{"mods":["BaseMod","Colored Powertips","Minty Spire (QoL Compilation)"],"gold_per_floor":[159,159,134,191,236,323,422,422,422],"floor_reached":8,"playtime":676,"items_purged":[],"score":282,"play_id":"138abb16-0cd4-4932-a385-f95aded62c5b","local_time":"20210102030225","daily_mods":["SealedDeck","Chimera","Vintage","Diverse","Colorless Cards","Heirloom","Time Dilation","Flight","DeadlyEvents","Elite Swarm","Midas"],"is_ascension_mode":true,"campfire_choices":[],"circlet_count":0,"master_deck":["AscendersBane","Bash","Survivor","Zap","Eruption","Strike_R","Strike_G","Strike_B","Defend_R","Defend_G","Defend_P","Shrug It Off","Calculated Gamble","BattleHymn","Turbo","Discovery","EmptyBody","Meditate","Conserve Battery","Ball Lightning","Doom and Gloom","ClearTheMind","SpiritShield","MasterReality"],"relics":["Cracked Core","Unceasing Top","Omamori","Centennial Puzzle","Happy Flower","Gremlin Horn","Thread and Needle"],"acts_visited":["Exordium"],"potions_floor_usage":[8],"damage_taken":[{"damage":0,"enemies":"Small Slimes","floor":1,"turns":2},{"damage":0,"enemies":"Jaw Worm","floor":4,"turns":1},{"damage":4,"enemies":"2 Louse","floor":5,"turns":3},{"damage":0,"enemies":"Gremlin Nob","floor":6,"turns":2},{"damage":13,"enemies":"Lagavulin","floor":7,"turns":5},{"damage":63,"enemies":"Gremlin Nob","floor":8,"turns":3}],"seed_played":"1367204221776723191","potions_obtained":[{"floor":5,"key":"Weak Potion"},{"floor":6,"key":"SteroidPotion"},{"floor":7,"key":"EssenceOfSteel"}],"is_trial":true,"path_per_floor":["M","?","$","M","M","E","E","E"],"character_chosen":"DEFECT","items_purchased":["ClearTheMind"],"campfire_rested":0,"item_purchase_floors":[3],"current_hp_per_floor":[64,64,64,64,60,60,47,0,0],"gold":422,"neow_bonus":"","is_daily":false,"chose_seed":false,"campfire_upgraded":0,"win_rate":0.0,"timestamp":1609578145,"path_taken":["M","?","$","M","M","E","E","E"],"items_purchased_type":["Card"],"build_version":"2020-12-22","purchased_purges":0,"victory":false,"max_hp_per_floor":[71,71,71,71,71,71,71,71,71],"card_choices":[{"not_picked":["ConjureBlade","Barricade"],"picked":"SpiritShield","floor":6},{"not_picked":["Judgement","Secret Technique"],"picked":"MasterReality","floor":7}],"player_experience":436340,"relics_obtained":[{"floor":1,"key":"Omamori"},{"floor":4,"key":"Centennial Puzzle"},{"floor":5,"key":"Happy Flower"},{"floor":6,"key":"Gremlin Horn"},{"floor":7,"key":"Thread and Needle"}],"event_choices":[{"damage_healed":0,"gold_gain":0,"player_choice":"Ignored","damage_taken":0,"max_hp_gain":0,"max_hp_loss":0,"event_name":"Shining Light","floor":2,"gold_loss":0}],"is_beta":false,"boss_relics":[],"items_purged_floors":[],"is_endless":true,"potions_floor_spawned":[5,6,7],"killed_by":"Gremlin Nob","ascension_level":20}}