{"host":"tw7a6rmo9h75ssrt","time":1609557695,"event":{"mods":["Act Like it!","BaseMod","Colored Map","Highlight Path","Minty Spire (QoL Compilation)","Permanent Neow","Quick Restart","Relic Stats","SuperFastMode"],"gold_per_floor":[117,117,67,67,81,81,81,99,99,99,111,36,54,84,84,181,181,197,214,214,227,227,227,243,260,260,260,11,24,24,56,56,159,159,179,179,193,68,68,68,68,68],"floor_reached":41,"playtime":2241,"items_purged":["Strike_R","Strike_R","Strike_R"],"score":682,"play_id":"71d2184b-0ede-407f-ae4f-23880645b12c","local_time":"20210102112135","is_ascension_mode":true,"campfire_choices":[{"data":"Bash","floor":6.0,"key":"SMITH"},{"data":"Bludgeon","floor":10.0,"key":"SMITH"},{"data":"Battle Trance","floor":15.0,"key":"SMITH"},{"data":"Berserk","floor":23.0,"key":"SMITH"},{"floor":27.0,"key":"REST"},{"floor":30.0,"key":"REST"},{"data":"Shockwave","floor":32.0,"key":"SMITH"},{"data":"Barricade","floor":40.0,"key":"SMITH"}],"circlet_count":0,"master_deck":["AscendersBane","Defend_R","Defend_R","Defend_R","Defend_R","Bash+1","Bludgeon+1","Clumsy","Flex","Battle Trance+1","Berserk+1","Bludgeon+1","Shockwave+1","Barricade+1","Pommel Strike"],"relics":["Cursed Key","Darkstone Periapt","Gremlin Horn","Sozu","Pen Nib","Pantograph","Mark of Pain"],"acts_visited":["Exordium","TheCity","TheBeyond"],"potions_floor_usage":[],"damage_taken":[{"damage":0.0,"enemies":"Small Slimes","floor":1.0,"turns":3.0},{"damage":0.0,"enemies":"2 Louse","floor":5.0,"turns":4.0},{"damage":2.0,"enemies":"Jaw Worm","floor":8.0,"turns":3.0},{"damage":0.0,"enemies":"Exordium Thugs","floor":11.0,"turns":3.0},{"damage":3.0,"enemies":"Blue Slaver","floor":13.0,"turns":3.0},{"damage":25.0,"enemies":"The Guardian","floor":16.0,"turns":5.0},{"damage":2.0,"enemies":"Chosen","floor":18.0,"turns":3.0},{"damage":0.0,"enemies":"Spheric Guardian","floor":19.0,"turns":2.0},{"damage":16.0,"enemies":"Shelled Parasite and Fungi","floor":21.0,"turns":4.0},{"damage":15.0,"enemies":"Chosen and Byrds","floor":24.0,"turns":4.0},{"damage":0.0,"enemies":"3 Cultists","floor":25.0,"turns":4.0},{"damage":14.0,"enemies":"Snake Plant","floor":29.0,"turns":2.0},{"damage":26.0,"enemies":"Slavers","floor":31.0,"turns":5.0},{"damage":63.0,"enemies":"Automaton","floor":33.0,"turns":8.0},{"damage":1.0,"enemies":"Orb Walker","floor":35.0,"turns":2.0},{"damage":11.0,"enemies":"3 Darklings","floor":37.0,"turns":4.0},{"damage":75,"enemies":"Nemesis","floor":41,"turns":6}],"seed_played":"-1786247275065068619","potions_obtained":[{"floor":8.0,"key":"DuplicationPotion"},{"floor":11.0,"key":"Energy Potion"},{"floor":16.0,"key":"DistilledChaos"}],"is_trial":false,"path_per_floor":["M","?","?","$","M","R","?","M","T","R","M","$","M","?","R","B",null,"M","M","?","M","?","R","M","M","T","R","$","M","R","E","R","B",null,"M","?","M","$","?","R","E"],"character_chosen":"IRONCLAD","items_purchased":["Pen Nib"],"campfire_rested":2,"item_purchase_floors":[28],"current_hp_per_floor":[72,72,72,72,72,72,72,70,70,70,70,70,67,67,67,42,71,69,69,69,53,53,53,38,38,38,62,62,48,72,46,46,8,62,61,61,50,50,50,50,0,0],"gold":68,"neow_bonus":"BOSS_RELIC","is_daily":false,"chose_seed":false,"campfire_upgraded":6,"win_rate":0.0,"timestamp":1609557695,"path_taken":["M","?","?","$","M","R","?","M","T","R","M","$","M","?","R","BOSS","M","M","?","M","?","R","?","M","T","R","$","M","R","E","R","BOSS","M","?","M","$","?","R","E"],"items_purchased_type":["Relic"],"build_version":"2020-12-22","purchased_purges":3,"victory":false,"max_hp_per_floor":[80,80,80,80,80,80,80,80,80,80,80,80,80,80,80,80,80,80,80,80,80,80,80,80,80,80,80,80,80,80,80,80,80,80,80,80,80,80,80,80,80,80],"relic_stats":{"Darkstone Periapt":0,"Sozu":4,"Gremlin Horn":[6,11],"counters":[17,65],"Pantograph":25,"Pen Nib":[3],"Cursed Key":1,"obtain_stats":[{"Darkstone Periapt":9,"Sozu":17,"Gremlin Horn":14,"Pantograph":31,"Pen Nib":28,"Mark of Pain":34,"Cursed Key":0,"Burning Blood":0},{"Darkstone Periapt":3,"Sozu":6,"Gremlin Horn":5,"Pantograph":13,"Pen Nib":11,"Mark of Pain":14,"Cursed Key":0,"Burning Blood":0},{"Darkstone Periapt":10,"Sozu":21,"Gremlin Horn":16,"Pantograph":45,"Pen Nib":38,"Mark of Pain":53,"Cursed Key":0,"Burning Blood":0}]},"card_choices":[{"not_picked":["Shrug It Off","Reckless Charge","Armaments"],"picked":"SKIP","floor":1.0},{"not_picked":["Combust","Warcry","Headbutt"],"picked":"SKIP","floor":5.0},{"not_picked":["Iron Wave","Anger"],"picked":"Bludgeon","floor":8.0},{"not_picked":["Hemokinesis","Pommel Strike"],"picked":"Flex","floor":11.0},{"not_picked":["Clash","Warcry"],"picked":"Battle Trance","floor":13.0},{"not_picked":["Juggernaut","Corruption"],"picked":"Berserk","floor":16.0},{"not_picked":["Headbutt","Entrench","Flex"],"picked":"SKIP","floor":18.0},{"not_picked":["True Grit","Combust+1","Blood for Blood"],"picked":"SKIP","floor":19.0},{"not_picked":["Heavy Blade","Body Slam"],"picked":"Second Wind","floor":21.0},{"not_picked":["Twin Strike+1","Juggernaut","Spot Weakness"],"picked":"SKIP","floor":24.0},{"not_picked":["Ghostly Armor","Cleave","Heavy Blade"],"picked":"SKIP","floor":25.0},{"not_picked":["Entrench","Shrug It Off","Flame Barrier"],"picked":"SKIP","floor":29.0},{"not_picked":["Entrench","Shrug It Off","Flame Barrier"],"picked":"SKIP","floor":29.0},{"not_picked":["Twin Strike","Clash"],"picked":"Shockwave","floor":31.0},{"not_picked":["Offering","Juggernaut"],"picked":"Barricade","floor":33.0},{"not_picked":["Thunderclap+1","Armaments","Dual Wield"],"picked":"SKIP","floor":35.0},{"not_picked":["Body Slam","Anger"],"picked":"Pommel Strike","floor":37.0}],"player_experience":85853,"relics_obtained":[{"floor":9.0,"key":"Darkstone Periapt"},{"floor":31.0,"key":"Pantograph"}],"event_choices":[{"damage_healed":0.0,"max_hp_gain":0.0,"max_hp_loss":0.0,"gold_gain":0.0,"event_name":"Shining Light","player_choice":"Ignored","floor":2.0,"gold_loss":0.0,"damage_taken":0.0},{"cards_removed":["Strike_R"],"damage_healed":0.0,"max_hp_gain":0.0,"max_hp_loss":0.0,"gold_gain":0.0,"event_name":"The Cleric","player_choice":"Card Removal","floor":3.0,"gold_loss":50.0,"damage_taken":0.0},{"cards_removed":["Strike_R"],"damage_healed":0.0,"max_hp_gain":0.0,"max_hp_loss":0.0,"gold_gain":0.0,"event_name":"Living Wall","player_choice":"Forget","floor":7.0,"gold_loss":0.0,"damage_taken":0.0},{"damage_healed":0.0,"max_hp_gain":0.0,"max_hp_loss":0.0,"gold_gain":30.0,"event_name":"Dead Adventurer","player_choice":"Searched \u00272\u0027 times","floor":14.0,"gold_loss":0.0,"damage_taken":0.0,"relics_obtained":["Gremlin Horn"]},{"damage_healed":0.0,"max_hp_gain":0.0,"max_hp_loss":0.0,"gold_gain":0.0,"event_name":"Vampires","player_choice":"Ignored","floor":20.0,"gold_loss":0.0,"damage_taken":0.0},{"damage_healed":0.0,"max_hp_gain":0.0,"max_hp_loss":0.0,"gold_gain":0.0,"event_name":"Duplicator","player_choice":"Copied","floor":22.0,"gold_loss":0.0,"damage_taken":0.0,"cards_obtained":["Bludgeon"]},{"damage_healed":0.0,"max_hp_gain":0.0,"max_hp_loss":0.0,"gold_gain":0.0,"event_name":"Mysterious Sphere","player_choice":"Ignored","floor":36.0,"gold_loss":0.0,"damage_taken":0.0},{"cards_removed":["Second Wind"],"damage_healed":0.0,"max_hp_gain":0.0,"max_hp_loss":0.0,"gold_gain":0.0,"event_name":"Falling","player_choice":"Removed Skill","floor":39.0,"gold_loss":0.0,"damage_taken":0.0}],"is_beta":false,"boss_relics":[{"not_picked":["Tiny House","SacredBark"],"picked":"Sozu"},{"not_picked":["Black Star","Velvet Choker"],"picked":"Mark of Pain"}],"items_purged_floors":[12,28,38],"is_endless":false,"potions_floor_spawned":[8,11,13,16,19,24,33,35],"killed_by":"Nemesis","ascension_level":12}}