{"host":"k9ktbd3ums043v5c","time":1609583513,"event":{"mods":["BaseMod","GifTheSpireLib","Googly Eyes","KinomotoSakuraMod(木之本樱)","Lobotomy","LobotomyExtend","Luminous","Marisa（F雨　魔理沙）","Minty Spire (QoL Compilation)","SIMod","StSLib","SuperFastMode","The Gatherer","Yuyuko","【功能Mod】聪明的最终Boss"],"gold_per_floor":[118,136,150,163,163,163,175,175,175,201,215,226,226,226,226,325,325,341,358,358,358,358],"floor_reached":21,"playtime":1143,"items_purged":[],"score":208,"play_id":"f2bdfd6e-5ca9-4768-a479-79862ec7c08d","local_time":"20210102183153","is_ascension_mode":false,"campfire_choices":[],"circlet_count":0,"master_deck":["SpecialBullet","SpecialBullet","SpecialBullet","SpecialBullet","SpecialBullet","SpecialBullet","SpecialBullet","SpecialBullet","InformationCode","CentralCode","WelfareCode","BlueScar","WristCuter","OldLady","SolemnVow","HappyTeddy","Twilight","Tough","ControlCode","Laetitia_ego","BlueScar","Heaven","Rudolta","TT2Protocol","TrainingCode","CENSORED_ego","Ecstasy","CUTE"],"relics":["CogitoBucket","LetterFromLob","CultistMask","Oddly Smooth Stone","Happy Flower","HellTrain","Black Star","Nilry\u0027s Codex"],"acts_visited":["Exordium","TheCity"],"potions_floor_usage":[],"damage_taken":[{"damage":0.0,"enemies":"Jaw Worm","floor":1.0,"turns":2.0},{"damage":0.0,"enemies":"Cultist","floor":2.0,"turns":3.0},{"damage":6.0,"enemies":"2 Louse","floor":3.0,"turns":2.0},{"damage":12.0,"enemies":"2 Fungi Beasts","floor":4.0,"turns":3.0},{"damage":10,"enemies":"Looter","floor":7,"turns":2},{"damage":0,"enemies":"Gremlin Nob","floor":10,"turns":2},{"damage":9,"enemies":"Red Slaver","floor":11,"turns":4},{"damage":0,"enemies":"Exordium Wildlife","floor":12,"turns":5},{"damage":42,"enemies":"Hexaghost","floor":16,"turns":6},{"damage":20,"enemies":"2 Thieves","floor":18,"turns":3},{"damage":5,"enemies":"Shell Parasite","floor":19,"turns":5},{"damage":30,"enemies":"Centurion and Healer","floor":21,"turns":4}],"seed_played":"4648626611069379059","potions_obtained":[{"floor":4.0,"key":"CultistPotion"},{"floor":12,"key":"BlessingOfTheForge"},{"floor":16,"key":"SpeedPotion"}],"is_trial":false,"path_per_floor":["M","M","M","M","?","R","M","R","T","E","M","M","R","?","R","B",null,"M","M","?","M"],"character_chosen":"Angela","items_purchased":[],"campfire_rested":0,"item_purchase_floors":[],"current_hp_per_floor":[70,70,64,52,52,52,42,42,42,42,33,33,33,56,56,14,70,50,45,29,0,0],"gold":358,"neow_bonus":"THREE_CARDS","is_daily":false,"chose_seed":false,"campfire_upgraded":0,"win_rate":0.0,"timestamp":1609583513,"path_taken":["M","M","M","M","?","R","M","R","T","E","M","M","R","?","R","BOSS","M","M","?","M"],"items_purchased_type":[],"build_version":"2020-12-22","purchased_purges":0,"victory":false,"max_hp_per_floor":[70,70,70,70,70,70,70,70,70,70,70,70,70,70,70,70,70,70,70,70,70,70],"card_choices":[{"not_picked":["Penitence","Lantern"],"picked":"LifeForTheDareDevil","floor":0.0},{"not_picked":["RapturousDream"],"picked":"BlueScar","floor":1.0},{"not_picked":["Soda"],"picked":"WristCuter","floor":2.0},{"not_picked":["FairyFestival","Variant"],"picked":"OldLady","floor":2.0},{"not_picked":["SomewhereSpear"],"picked":"SolemnVow","floor":3.0},{"not_picked":["UniverseFragment","OSAHOGD"],"picked":"HappyTeddy","floor":4.0},{"not_picked":["GreenStem"],"picked":"Twilight","floor":4.0},{"not_picked":["RapturousDream"],"picked":"Tough","floor":7},{"not_picked":["WristCuter"],"picked":"Laetitia_ego","floor":10},{"not_picked":["Noise"],"picked":"BlueScar","floor":11},{"not_picked":["Tough"],"picked":"Heaven","floor":12},{"not_picked":["ShyLook","WallGazer"],"picked":"Rudolta","floor":12},{"not_picked":["Justitia"],"picked":"CENSORED_ego","floor":16},{"not_picked":["Tough"],"picked":"Ecstasy","floor":18},{"not_picked":["Galaxy"],"picked":"CUTE","floor":19}],"player_experience":60776,"relics_obtained":[{"floor":1.0,"key":"LetterFromLob"},{"floor":9,"key":"Oddly Smooth Stone"},{"floor":10,"key":"Happy Flower"},{"floor":20,"key":"Nilry\u0027s Codex"}],"event_choices":[{"damage_healed":0,"gold_gain":0,"player_choice":"Trade","damage_taken":0,"relics_obtained":["CultistMask"],"max_hp_gain":0,"max_hp_loss":0,"event_name":"FaceTrader","floor":5,"gold_loss":0},{"damage_healed":23,"gold_gain":0,"player_choice":"Banana","damage_taken":0,"max_hp_gain":0,"max_hp_loss":0,"event_name":"Big Fish","floor":14,"gold_loss":0},{"damage_healed":0,"gold_gain":0,"player_choice":"Obtained Book","damage_taken":16,"max_hp_gain":0,"max_hp_loss":0,"event_name":"Cursed Tome","floor":20,"gold_loss":0}],"is_beta":false,"boss_relics":[{"not_picked":["Calling Bell","Ectoplasm"],"picked":"Black Star"}],"items_purged_floors":[],"is_endless":false,"potions_floor_spawned":[4,12,16,19],"killed_by":"Centurion and Healer","ascension_level":0}}