{"host":"d42v9a78iaxjks5w","time":1609619264,"event":{"mods":["BaseMod","Downfall","Hermit","Minty Spire (QoL Compilation)","StSLib","The Cursed"],"gold_per_floor":[112,112,112,112,33,33,52,52,105,121,150,180,208,80,80,175,175,192,192,220,72,72,72,102,102,127,127,143,173,189,200,200,299,299,333,348,413,413,74,74,86,104,104,104,104,131,31,55,55,60,60],"floor_reached":50,"playtime":3101,"items_purged":["hermit:Defend_Hermit","hermit:Showdown+1"],"score":461,"play_id":"a64d68f4-9541-4a25-91a5-81e4d9ff2fcb","local_time":"20210102142744","is_ascension_mode":false,"campfire_choices":[{"data":"hermit:Combo","floor":6,"key":"SMITH"},{"data":"hermit:DeadOrAlive","floor":8,"key":"SMITH"},{"floor":15,"key":"REST"},{"data":"hermit:Snapshot","floor":23,"key":"SMITH"},{"data":"hermit:Vantage","floor":25,"key":"SMITH"},{"data":"hermit:Headshot","floor":27,"key":"SMITH"},{"floor":32,"key":"REST"},{"floor":40,"key":"REST"},{"floor":45,"key":"REST"},{"floor":49,"key":"REST"}],"circlet_count":0,"master_deck":["hermit:Strike_Hermit","hermit:Defend_Hermit","hermit:Defend_Hermit","hermit:Defend_Hermit+1","hermit:Snapshot+1","hermit:Covet","hermit:Headshot+1","hermit:Combo+1","hermit:DeadOrAlive+1","hermit:Ricochet","hermit:Headshot+1","hermit:Ricochet","hermit:Vantage+1","hermit:Ricochet","hermit:EyeOfTheStorm+1","hermit:Headshot+1","hermit:Vantage+1","hermit:Combo+1","hermit:HighNoon+1","hermit:Grudge+1","Flash of Steel","hermit:TrackingShot+1","hermit:Scavenge","Writhe"],"relics":["hermit:Momento","NeowsBlessing","Boot","Odd Mushroom","Busted Crown","Pen Nib","War Paint","Astrolabe","Bird Faced Urn","Gremlin Horn","Shuriken","Potion Belt"],"acts_visited":["Exordium","TheCity","TheBeyond"],"potions_floor_usage":[12,13,16,28,33,33,37,50],"damage_taken":[{"damage":0,"enemies":"Jaw Worm","floor":1,"turns":1},{"damage":0,"enemies":"Small Slimes","floor":7,"turns":1},{"damage":0,"enemies":"2 Louse","floor":10,"turns":1},{"damage":0,"enemies":"Looter","floor":11,"turns":3},{"damage":20,"enemies":"The Mushroom Lair","floor":12,"turns":4},{"damage":17,"enemies":"Exordium Wildlife","floor":13,"turns":6},{"damage":25,"enemies":"Hexaghost","floor":16,"turns":7},{"damage":17,"enemies":"Spheric Guardian","floor":18,"turns":4},{"damage":0,"enemies":"Chosen","floor":20,"turns":3},{"damage":10,"enemies":"3 Cultists","floor":24,"turns":4},{"damage":16,"enemies":"Snake Plant","floor":28,"turns":2},{"damage":1,"enemies":"Shelled Parasite and Fungi","floor":29,"turns":3},{"damage":0,"enemies":"Snecko","floor":30,"turns":3},{"damage":5,"enemies":"Cultist and Chosen","floor":31,"turns":4},{"damage":37,"enemies":"Automaton","floor":33,"turns":8},{"damage":36,"enemies":"3 Shapes","floor":35,"turns":4},{"damage":10,"enemies":"3 Darklings","floor":36,"turns":5},{"damage":10,"enemies":"Mind Bloom Boss Battle","floor":37,"turns":6},{"damage":41,"enemies":"Maw","floor":41,"turns":7},{"damage":0,"enemies":"Sphere and 2 Shapes","floor":42,"turns":1},{"damage":21,"enemies":"4 Shapes","floor":46,"turns":3},{"damage":1,"enemies":"Maw","floor":48,"turns":7},{"damage":76,"enemies":"Time Eater","floor":50,"turns":5}],"seed_played":"8754941931847557876","potions_obtained":[{"floor":7,"key":"Weak Potion"},{"floor":11,"key":"EssenceOfSteel"},{"floor":13,"key":"Dexterity Potion"},{"floor":18,"key":"Fire Potion"},{"floor":28,"key":"AttackPotion"},{"floor":30,"key":"LiquidMemories"},{"floor":35,"key":"BlessingOfTheForge"},{"floor":36,"key":"Fire Potion"},{"floor":41,"key":"DistilledChaos"}],"is_trial":false,"path_per_floor":["M","?","?","?","$","R","M","R","T","M","M","?","M","$","R","B",null,"M","?","M","$","?","R","M","R","T","R","M","M","M","M","R","B",null,"M","M","?","T","$","R","M","M","T","?","R","M","$","M","R","B"],"character_chosen":"HERMIT","items_purchased":["hermit:Combo","hermit:Vantage","Pen Nib","Flash of Steel","Shuriken"],"campfire_rested":5,"item_purchase_floors":[5,14,21,39,39],"current_hp_per_floor":[75,75,75,80,80,80,80,80,80,80,80,60,43,43,67,42,80,63,63,63,63,63,63,53,53,53,53,37,36,36,31,55,18,80,44,34,24,24,24,48,13,17,17,37,61,42,42,45,69,0,0],"gold":60,"neow_bonus":"THREE_ENEMY_KILL","is_daily":false,"chose_seed":false,"campfire_upgraded":5,"win_rate":0.0,"timestamp":1609619264,"path_taken":["M","?","?","?","?","R","M","R","T","M","M","?","M","$","R","BOSS","M","?","M","$","?","R","M","R","T","R","M","M","M","?","R","BOSS","M","?","?","?","$","R","M","M","T","?","R","M","$","M","R","BOSS"],"items_purchased_type":["Card","Card","Relic","Card","Relic"],"build_version":"2020-12-22","purchased_purges":2,"victory":false,"max_hp_per_floor":[75,75,75,80,80,80,80,80,80,80,80,80,80,80,80,80,80,80,80,80,80,80,80,80,80,80,80,80,80,80,80,80,80,80,80,80,80,80,80,80,80,80,80,80,80,80,80,80,80,80,80],"card_choices":[{"not_picked":["hermit:Snipe","hermit:Quickdraw"],"picked":"hermit:Headshot","floor":1},{"not_picked":["hermit:HighCaliber","hermit:BodyArmor"],"picked":"hermit:DeadOrAlive","floor":7},{"not_picked":["hermit:Feint","hermit:Showdown"],"picked":"hermit:Ricochet","floor":10},{"not_picked":["hermit:ItchyTrigger","hermit:ShadowCloak","hermit:Snipe"],"picked":"SKIP","floor":11},{"not_picked":["hermit:BodyArmor","hermit:Feint"],"picked":"hermit:Headshot","floor":12},{"not_picked":["hermit:Purgatory","hermit:PistolWhip"],"picked":"hermit:Ricochet","floor":13},{"not_picked":[],"picked":"hermit:Ricochet","floor":18},{"not_picked":["hermit:Misfire+1"],"picked":"SKIP","floor":20},{"not_picked":["hermit:CalledShot"],"picked":"SKIP","floor":24},{"not_picked":["hermit:Feint"],"picked":"SKIP","floor":28},{"not_picked":[],"picked":"hermit:Headshot+1","floor":29},{"not_picked":[],"picked":"hermit:Vantage+1","floor":30},{"not_picked":[],"picked":"hermit:Combo+1","floor":31},{"not_picked":["hermit:Spite+1"],"picked":"SKIP","floor":35},{"not_picked":["hermit:Virtue+1"],"picked":"SKIP","floor":36},{"not_picked":[],"picked":"hermit:TrackingShot+1","floor":41},{"not_picked":[],"picked":"hermit:Scavenge","floor":42},{"not_picked":["hermit:LoneWolf"],"picked":"SKIP","floor":46},{"not_picked":["hermit:Magnum"],"picked":"SKIP","floor":48}],"player_experience":79581,"relics_obtained":[{"floor":9,"key":"Boot"},{"floor":12,"key":"Odd Mushroom"},{"floor":26,"key":"War Paint"},{"floor":37,"key":"Bird Faced Urn"},{"floor":38,"key":"Gremlin Horn"},{"floor":43,"key":"Potion Belt"}],"event_choices":[{"damage_healed":0,"gold_gain":0,"player_choice":"Ignored","damage_taken":0,"max_hp_gain":0,"max_hp_loss":0,"event_name":"Liars Game","floor":2,"gold_loss":0},{"damage_healed":0,"gold_gain":0,"player_choice":"Grow","damage_taken":0,"max_hp_gain":0,"max_hp_loss":0,"event_name":"Living Wall","floor":3,"gold_loss":0,"cards_upgraded":["hermit:Headshot"]},{"damage_healed":0,"gold_gain":0,"player_choice":"Donut","damage_taken":0,"max_hp_gain":5,"max_hp_loss":0,"event_name":"Big Fish","floor":4,"gold_loss":0},{"damage_healed":0,"gold_gain":0,"player_choice":"Fought Mushrooms","damage_taken":0,"max_hp_gain":0,"max_hp_loss":0,"event_name":"Mushrooms","floor":12,"gold_loss":0},{"damage_healed":0,"gold_gain":0,"player_choice":"Ignored","damage_taken":0,"max_hp_gain":0,"max_hp_loss":0,"event_name":"Ghosts","floor":19,"gold_loss":0},{"damage_healed":0,"gold_gain":0,"player_choice":"Read","damage_taken":0,"max_hp_gain":0,"max_hp_loss":0,"event_name":"The Library","floor":22,"gold_loss":0,"cards_obtained":["hermit:EyeOfTheStorm"]},{"damage_healed":0,"gold_gain":0,"player_choice":"Fight","damage_taken":0,"max_hp_gain":0,"max_hp_loss":0,"event_name":"MindBloom","floor":37,"gold_loss":0},{"damage_healed":20,"gold_gain":0,"player_choice":"Writhe","damage_taken":0,"max_hp_gain":0,"max_hp_loss":0,"event_name":"Winding Halls","floor":44,"gold_loss":0,"cards_obtained":["Writhe"]}],"is_beta":false,"boss_relics":[{"not_picked":["Runic Dome","Snecko Eye"],"picked":"Busted Crown"},{"not_picked":["Tiny House","hermit:ClaspedLocket"],"picked":"Astrolabe"}],"items_purged_floors":[14,47],"is_endless":false,"potions_floor_spawned":[7,11,13,18,28,30,35,36,41],"killed_by":"Time Eater","ascension_level":0}}