{"host":"rmsq46plbpwfbxcc","time":1609556810,"event":{"mods":["AchievementEnabler","BaseMod","Colored Map","Colored Powertips","DeckTracker","KOR Keyword Fix","Minty Spire (QoL Compilation)","Permanent Neow","Quick Restart","SuperFastMode"],"gold_per_floor":[119,44,62,76,76,76,106,106,106,117,127,27,59,76,76,172,172,190,203,213,228,228,228,263,274,328,255,267,293,305,652,664,776,788,810,842,854,883,405,405,405],"floor_reached":40,"playtime":1375,"items_purged":["Defend_G","Strike_G","Defend_G"],"score":531,"play_id":"b49011f3-8a98-45b4-9913-d1627256fb14","local_time":"20210102120650","is_ascension_mode":true,"campfire_choices":[{"data":"Neutralize","floor":6,"key":"SMITH"},{"data":"Blur","floor":8,"key":"SMITH"},{"data":"Accuracy","floor":15,"key":"SMITH"},{"data":"Envenom","floor":23,"key":"SMITH"},{"data":"Adrenaline","floor":30,"key":"SMITH"},{"floor":32,"key":"REST"}],"circlet_count":0,"master_deck":["Strike_G","Strike_G","Defend_G+1","Defend_G","Survivor+1","Neutralize+1","Cloak And Dagger+1","Eviscerate+1","Slice+1","Blur+1","Accuracy+1","Dagger Throw","Bullet Time","Envenom+1","Adrenaline+1","Calculated Gamble","PiercingWail+1","Noxious Fumes+1","Deflect+1","Blade Dance+1","After Image","Footwork"],"relics":["Astrolabe","Snake Skull","Blue Candle","Black Star","Potion Belt","Art of War","MawBank","Boot","Nloth\u0027s Gift","Old Coin","White Beast Statue","Coffee Dripper","Prayer Wheel"],"acts_visited":["Exordium","TheCity","TheBeyond"],"potions_floor_usage":[13,18,19,24,25,31,38,38,40,40],"damage_taken":[{"damage":0,"enemies":"2 Louse","floor":1,"turns":3},{"damage":2,"enemies":"Small Slimes","floor":3,"turns":3},{"damage":0,"enemies":"Cultist","floor":4,"turns":3},{"damage":8,"enemies":"Gremlin Nob","floor":7,"turns":4},{"damage":0,"enemies":"Looter","floor":10,"turns":2},{"damage":0,"enemies":"Blue Slaver","floor":11,"turns":3},{"damage":1,"enemies":"3 Sentries","floor":13,"turns":7},{"damage":0,"enemies":"2 Fungi Beasts","floor":14,"turns":2},{"damage":22,"enemies":"The Guardian","floor":16,"turns":13},{"damage":0,"enemies":"2 Thieves","floor":18,"turns":3},{"damage":10,"enemies":"Shell Parasite","floor":19,"turns":5},{"damage":18,"enemies":"Sentry and Sphere","floor":20,"turns":6},{"damage":13,"enemies":"Centurion and Healer","floor":21,"turns":7},{"damage":20,"enemies":"Book of Stabbing","floor":24,"turns":6},{"damage":0,"enemies":"Snecko","floor":25,"turns":5},{"damage":18,"enemies":"Cultist and Chosen","floor":29,"turns":6},{"damage":4,"enemies":"Slavers","floor":31,"turns":6},{"damage":26,"enemies":"Collector","floor":33,"turns":10},{"damage":33,"enemies":"3 Darklings","floor":35,"turns":5},{"damage":0,"enemies":"3 Shapes","floor":36,"turns":6},{"damage":10,"enemies":"Transient","floor":38,"turns":5},{"damage":46,"enemies":"Reptomancer","floor":40,"turns":4}],"seed_played":"-9202234538065472078","potions_obtained":[{"floor":1,"key":"Swift Potion"},{"floor":7,"key":"BlessingOfTheForge"},{"floor":10,"key":"ColorlessPotion"},{"floor":13,"key":"GhostInAJar"},{"floor":18,"key":"Poison Potion"},{"floor":21,"key":"Strength Potion"},{"floor":24,"key":"Block Potion"},{"floor":29,"key":"Fire Potion"},{"floor":33,"key":"Poison Potion"},{"floor":35,"key":"Strength Potion"},{"floor":36,"key":"Swift Potion"},{"floor":38,"key":"Poison Potion"}],"is_trial":false,"path_per_floor":["M","$","M","M","?","R","E","R","T","M","M","$","E","M","R","B",null,"M","M","M","M","?","R","E","M","T","?","?","M","R","E","R","B",null,"M","M","?","M","$","E"],"character_chosen":"THE_SILENT","items_purchased":["Footwork","Prayer Wheel"],"campfire_rested":1,"item_purchase_floors":[39,39],"current_hp_per_floor":[70,70,68,68,54,54,56,56,56,56,56,56,55,55,55,33,80,80,70,52,39,65,65,45,45,45,45,45,27,27,23,47,21,80,47,47,47,37,37,0,0],"gold":405,"neow_bonus":"BOSS_RELIC","is_daily":false,"chose_seed":false,"campfire_upgraded":5,"win_rate":0.0,"timestamp":1609556810,"path_taken":["M","$","M","M","?","R","E","R","T","M","M","$","E","M","R","BOSS","M","M","M","M","?","R","E","M","T","?","?","?","R","E","R","BOSS","M","M","?","M","$","E"],"items_purchased_type":["Card","Relic"],"build_version":"2020-12-22","purchased_purges":3,"victory":false,"max_hp_per_floor":[70,70,70,70,70,70,80,80,80,80,80,80,80,80,80,80,80,80,80,80,80,80,80,80,80,80,80,80,80,80,80,80,80,80,80,80,80,80,80,80,80],"card_choices":[{"not_picked":["Distraction","Quick Slash","Infinite Blades"],"picked":"SKIP","floor":1},{"not_picked":["Flying Knee","Slice","Masterful Stab"],"picked":"SKIP","floor":3},{"not_picked":["Underhanded Strike","Reflex","Deadly Poison"],"picked":"SKIP","floor":4},{"not_picked":["Underhanded Strike","Flechettes"],"picked":"Blur","floor":7},{"not_picked":["Slice","Blur"],"picked":"Accuracy","floor":10},{"not_picked":["Deflect","Accuracy"],"picked":"Dagger Throw","floor":11},{"not_picked":["Backstab","Dagger Throw","Dodge and Roll"],"picked":"SKIP","floor":13},{"not_picked":["Concentrate","Deadly Poison"],"picked":"Bullet Time","floor":14},{"not_picked":["Corpse Explosion","Unload"],"picked":"Envenom","floor":16},{"not_picked":["Deadly Poison","Flying Knee","Prepared"],"picked":"SKIP","floor":18},{"not_picked":["Choke","Deflect+1"],"picked":"Adrenaline","floor":19},{"not_picked":["Heel Hook","Concentrate"],"picked":"Calculated Gamble","floor":20},{"not_picked":["Dagger Throw+1","Dagger Spray+1"],"picked":"PiercingWail+1","floor":21},{"not_picked":["Sucker Punch","Poisoned Stab"],"picked":"Noxious Fumes+1","floor":24},{"not_picked":["Leg Sweep","Backstab"],"picked":"Deflect+1","floor":25},{"not_picked":["Deflect","Deadly Poison","Poisoned Stab+1"],"picked":"SKIP","floor":29},{"not_picked":["Terror","Bane"],"picked":"Blade Dance+1","floor":31},{"not_picked":["Unload","Burst"],"picked":"After Image","floor":33},{"not_picked":["Outmaneuver+1","Deadly Poison","Slice+1"],"picked":"SKIP","floor":35},{"not_picked":["Outmaneuver","Setup+1","Masterful Stab"],"picked":"SKIP","floor":36},{"not_picked":["Slice+1","Flechettes+1","Masterful Stab+1"],"picked":"SKIP","floor":38}],"player_experience":637002,"relics_obtained":[{"floor":7,"key":"Pear"},{"floor":9,"key":"Snake Skull"},{"floor":13,"key":"Blue Candle"},{"floor":24,"key":"Potion Belt"},{"floor":24,"key":"Art of War"},{"floor":26,"key":"MawBank"},{"floor":31,"key":"Old Coin"},{"floor":31,"key":"White Beast Statue"}],"event_choices":[{"damage_healed":0,"gold_gain":0,"player_choice":"Entered Light","damage_taken":14,"max_hp_gain":0,"max_hp_loss":0,"event_name":"Shining Light","floor":5,"gold_loss":0,"cards_upgraded":["Defend_G","Survivor"]},{"damage_healed":26,"gold_gain":0,"player_choice":"Heal","damage_taken":0,"max_hp_gain":0,"max_hp_loss":0,"event_name":"The Library","floor":22,"gold_loss":0},{"damage_healed":0,"gold_gain":0,"player_choice":"Obtained Relic","damage_taken":0,"relics_obtained":["Boot"],"max_hp_gain":0,"max_hp_loss":0,"event_name":"Addict","floor":27,"gold_loss":85},{"damage_healed":0,"gold_gain":0,"player_choice":"Traded Relic","damage_taken":0,"relics_obtained":["Nloth\u0027s Gift"],"max_hp_gain":0,"max_hp_loss":0,"event_name":"N\u0027loth","floor":28,"relics_lost":["Pear"],"gold_loss":0},{"damage_healed":0,"gold_gain":0,"player_choice":"Ignored","damage_taken":0,"max_hp_gain":0,"max_hp_loss":0,"event_name":"Tomb of Lord Red Mask","floor":37,"gold_loss":0}],"is_beta":false,"boss_relics":[{"not_picked":["Sozu","Tiny House"],"picked":"Black Star"},{"not_picked":["HoveringKite","Velvet Choker"],"picked":"Coffee Dripper"}],"items_purged_floors":[2,12,39],"is_endless":false,"potions_floor_spawned":[1,7,10,13,14,18,21,24,29,33,35,36,38],"killed_by":"Reptomancer","ascension_level":3}}