{"host":"rvgqag7mtxu5qaaz","time":1609570750,"event":{"mods":["AchievementEnabler","BaseMod","Downfall","Hermit","Hubris","Minty Spire (QoL Compilation)","Replay The Spire","StSLib","SuperFastMode","The Animator","The Construct","The Cursed","The Disciple","The Necromancer"],"gold_per_floor":[110,70,87,162,81,116,116,131,131,143,155,82,99,24,24,123,123,109,125,125,125],"floor_reached":20,"playtime":1057,"items_purged":["Slimebound:Icky"],"score":198,"play_id":"78cc65b4-f5d3-402c-a095-cccf1ffbb340","local_time":"20210102015910","is_ascension_mode":true,"campfire_choices":[{"data":"Infinite Blades","floor":7,"key":"SMITH"},{"data":"Acrobatics","floor":10,"key":"SMITH"}],"circlet_count":0,"master_deck":["Strike_G","Strike_G","Strike_G","Strike_G","Strike_G","Defend_G","Defend_G","Defend_G","Defend_G","Defend_G","Survivor","Neutralize","Hidden Blade","Infinite Blades+1","Acrobatics+1","Blade Dance","Cloak And Dagger","ReplayTheSpireMod:Shiv Toss+1","Infinite Blades","Accuracy+1","Envenom","Writhe","animator:Curse_GriefSeed","Sickly","Prepared+1","Backstab+1"],"relics":["hubris:VirtuousBlindfold","ReplayTheSpireMod:CursedCoin","Gambling Chip","MawBank","Replay:Ancient Bell","Bag of Marbles","Replay:Bottled Eggs","Replay:Arrowhead"],"acts_visited":["Exordium","TheCity"],"potions_floor_usage":[6,16,16,16,16,20,20],"damage_taken":[{"damage":1,"enemies":"Small Slimes","floor":1,"turns":4},{"damage":0,"enemies":"Cultist","floor":3,"turns":4},{"damage":39,"enemies":"Gremlin Nob","floor":6,"turns":5},{"damage":0,"enemies":"2 Louse","floor":8,"turns":2},{"damage":11,"enemies":"Blue Slaver","floor":13,"turns":3},{"damage":67,"enemies":"Fading Forest","floor":16,"turns":11},{"damage":31,"enemies":"2 Thieves","floor":18,"turns":4},{"damage":17,"enemies":"Shell Parasite","floor":19,"turns":4},{"damage":26,"enemies":"Shelled Parasite and Fungi","floor":20,"turns":4}],"seed_played":"-8207359731728286117","potions_obtained":[{"floor":2,"key":"Adrenaline Potion"},{"floor":2,"key":"EntropicBrew"},{"floor":2,"key":"Regen Potion"},{"floor":8,"key":"FearPotion"},{"floor":16,"key":"Guardian:BlockOnCardUsePotion"},{"floor":19,"key":"SpeedPotion"}],"is_trial":false,"path_per_floor":["M","?","M","$","$","E","R","M","T","R","?","$","M","$","R","B",null,"M","M","M"],"character_chosen":"THE_SILENT","items_purchased":["ReplayTheSpireMod:CursedCoin","Infinite Blades","Cloak And Dagger","ReplayTheSpireMod:Shiv Toss","Accuracy"],"campfire_rested":0,"item_purchase_floors":[4,5,12,12,14],"current_hp_per_floor":[69,69,69,69,69,39,39,39,39,39,39,39,28,28,49,6,70,39,22,0,0],"gold":125,"neow_bonus":"BOSS_RELIC","is_daily":false,"chose_seed":false,"campfire_upgraded":2,"win_rate":0.0,"timestamp":1609570750,"path_taken":["M","?","M","?","$","E","R","M","T","R","?","$","M","?","R","BOSS","M","?","M"],"items_purchased_type":["Relic","Card","Card","Card","Card"],"build_version":"2020-12-22","purchased_purges":1,"victory":false,"max_hp_per_floor":[70,70,70,70,70,70,70,70,70,70,70,70,70,70,70,70,70,70,70,70,70],"card_choices":[{"not_picked":["hubris:SlightOfHand","Caltrops","Catalyst"],"picked":"SKIP","floor":1},{"not_picked":["Fluid Movement","Riddle With Holes"],"picked":"Hidden Blade","floor":3},{"not_picked":["Eviscerate","Crippling Poison","Deflect"],"picked":"SKIP","floor":6},{"not_picked":["Deadly Poison","Quick Slash"],"picked":"Acrobatics","floor":8},{"not_picked":["Crippling Poison","PiercingWail"],"picked":"Infinite Blades","floor":13},{"not_picked":["Phantasmal Killer","Bullet Time"],"picked":"Envenom","floor":16},{"not_picked":["Replay:Hysterical Blindness","animator:Curse_Greed"],"picked":"Writhe","floor":17},{"not_picked":["hubris:Lust","hubris:Envy"],"picked":"animator:Curse_GriefSeed","floor":17},{"not_picked":["sneckomod:Bewildered","Regret"],"picked":"Sickly","floor":17},{"not_picked":["Terror","hubris:SlightOfHand"],"picked":"Prepared+1","floor":18},{"not_picked":["Slice","Choke"],"picked":"Backstab+1","floor":19}],"player_experience":346602,"relics_obtained":[{"floor":6,"key":"Gambling Chip"},{"floor":9,"key":"MawBank"}],"event_choices":[{"damage_healed":0,"gold_gain":0,"player_choice":"Bought 3 Potions","damage_taken":0,"max_hp_gain":0,"max_hp_loss":0,"event_name":"The Woman in Blue","floor":2,"gold_loss":0}],"is_beta":false,"boss_relics":[{"not_picked":["hubris:Backtick","Runic Dome"],"picked":"Replay:Ancient Bell"},{"not_picked":["Boot","Pet Ghost"],"picked":"Bag of Marbles"},{"not_picked":["hubris:MysteriousPyramids","HornCleat"],"picked":"Replay:Bottled Eggs"},{"not_picked":["Ice Cream","Incense Burner"],"picked":"Replay:Arrowhead"}],"items_purged_floors":[4],"is_endless":false,"potions_floor_spawned":[3,8,13,16,19],"killed_by":"Shelled Parasite and Fungi","ascension_level":3}}