{"host":"j1eo1fqrqta44853","time":1609556912,"event":{"mods":["Act Like it!","Bartender","BaseMod","CatGirl Mod","Custom Start","Downfall","Elementarium","Gensokyo","GungeonMod","HololiveMod","Hubris","Infinite Spire","KinomotoSakuraMod(????)","Koishi","Lobotomy","LobotomyExtend","Marisa????????","Minty Spire (QoL Compilation)","Pale of the Ancients","Rare Cards Sparkle","Reimu??????","Replay The Spire","SIMod","Shedinja","StSLib","The Alterego","The Jungle","The Marked","The Mystic","The Runesmith","The Senshi","The Vixen","TheBandit","Waifu the Spire","WarShipGirlsR/????R mod","Yakumo Yukari mod"],"gold_per_floor":[115,162,162,172,184,184,219,219,265,283,363,165,178,190,190,294,294,308,325,325,344,344,344,12,12,12,46,46,65,65,315,315,411,411,423,55,55,75,87,87,105,118,118,118,134,191,205,221,221,221,221,232,232,53,53,53,53],"floor_reached":56,"playtime":5651,"items_purged":[],"score":880,"play_id":"63224e49-f4e9-4195-9530-f6229aafc6bc","local_time":"20210101210832","is_ascension_mode":false,"campfire_choices":[{"data":"alterego_mod:Nekomimi","floor":6,"key":"SMITH"},{"data":"alterego_mod:Rip","floor":8,"key":"SMITH"},{"data":"alterego_mod:Punishment","floor":15,"key":"SMITH"},{"data":"alterego_mod:BusterCard","floor":23,"key":"SMITH"},{"data":"Gensokyo:TurboGranny","floor":25,"key":"SMITH"},{"data":"alterego_mod:SideboobHour","floor":28,"key":"SMITH"},{"data":"alterego_mod:ClassAdvantage","floor":32,"key":"SMITH"},{"data":"alterego_mod:SakuraPetals","floor":40,"key":"SMITH"},{"floor":49,"key":"REST"},{"data":"alterego_mod:Punishment","floor":55,"key":"SMITH"}],"circlet_count":0,"master_deck":["alterego_mod:Strike","alterego_mod:Strike","alterego_mod:Strike","alterego_mod:Strike","alterego_mod:Defend","alterego_mod:Defend","alterego_mod:Defend","alterego_mod:Impale","alterego_mod:BigMeatyClaws","alterego_mod:BrynhildrsRune","alterego_mod:Mirror","alterego_mod:Nekomimi+1","alterego_mod:Rip+1","alterego_mod:Clones","alterego_mod:Cooking","alterego_mod:Punishment+1","alterego_mod:SideboobHour+1","alterego_mod:SakuraPetals+1","alterego_mod:Valkyrie","alterego_mod:Support+1","alterego_mod:BusterCard+1","alterego_mod:Bounce","alterego_mod:ClassAdvantage+1","Gensokyo:TurboGranny+1","sneckomod:SoulDraw","expansioncontent:QuickStudy","theSenshi:TuxedoSmokingBomber","Gensokyo:GapWoman","Armaments+1","Intimidate+1","alterego_mod:ClassAdvantage","Amplify","mysticmod:Shield+1","ClowCardTheSand+1","Conserve Battery","alterego_mod:Punishment+1"],"relics":["alterego_mod:MasochisticConstitution","Boot","Protect_Vest","Replay:Rubber Ducky","DemoMod:WhiteGuonStone","Replay:Bronze Core","PrismaticShard","hubris:DisguiseKit","hubris:Metronome","hubris:Backtick","hubris:CuriousFeather","Strange Spoon","Gensokyo:DualWield","hubris:MobiusCoin","DemoMod:MeltedRock","paleoftheancients:Timepiece","Gremlin Horn","CultistMask","paleoftheancients:SoulOfTheShapes","Anchor"],"acts_visited":["Gensokyo:Gensokyo","Gensokyo:Gensokyoer","Gensokyo:Gensokyoest","paleoftheancients:PaleOfTheAncients"],"potions_floor_usage":[13,18,18,21,21,27,35,42,47,51,52],"damage_taken":[{"damage":2,"enemies":"Gensokyo:Python","floor":1,"turns":6},{"damage":0,"enemies":"Gensokyo:3_Fairies","floor":4,"turns":3},{"damage":0,"enemies":"Gensokyo:2_Kodama","floor":5,"turns":6},{"damage":0,"enemies":"Gensokyo:Aya","floor":7,"turns":1},{"damage":0,"enemies":"Gensokyo:LivingMonolith","floor":10,"turns":3},{"damage":4,"enemies":"Gensokyo:Kitsune","floor":13,"turns":4},{"damage":3,"enemies":"Gensokyo:VengefulSpirit","floor":14,"turns":5},{"damage":5,"enemies":"Gensokyo:Kokoro","floor":16,"turns":12},{"damage":2,"enemies":"Gensokyo:3_Dogs","floor":18,"turns":7},{"damage":1,"enemies":"Gensokyo:Chomper","floor":19,"turns":7},{"damage":1,"enemies":"Gensokyo:Slime_Group","floor":21,"turns":7},{"damage":2,"enemies":"Gensokyo:Reisen","floor":27,"turns":9},{"damage":11,"enemies":"Gensokyo:Wraith","floor":29,"turns":3},{"damage":19,"enemies":"Gensokyo:Kaguya","floor":33,"turns":7},{"damage":0,"enemies":"Gensokyo:3_Bats","floor":35,"turns":4},{"damage":6,"enemies":"Gensokyo:3_Boulders","floor":38,"turns":4},{"damage":37,"enemies":"Gensokyo:Rafflesia","floor":39,"turns":9},{"damage":22,"enemies":"Gensokyo:Sharpion","floor":41,"turns":7},{"damage":10,"enemies":"Gensokyo:4_Bats","floor":42,"turns":2},{"damage":0,"enemies":"Gensokyo:3_Boulders","floor":45,"turns":4},{"damage":37,"enemies":"Gensokyo:Sharpion","floor":47,"turns":8},{"damage":14,"enemies":"Gensokyo:SeedOfUnknown","floor":48,"turns":7},{"damage":21,"enemies":"Gensokyo:Scarlet_Devils","floor":50,"turns":9},{"damage":89,"enemies":"Gensokyo:Scarlet_Devils","floor":51,"turns":10},{"damage":63,"enemies":"Gensokyo:Scarlet_Devils","floor":52,"turns":8},{"damage":80,"enemies":"Gensokyo:Scarlet_Devils","floor":56,"turns":9}],"seed_played":"-8853396995949621175","potions_obtained":[{"floor":4,"key":"Fire Potion"},{"floor":10,"key":"DemoMod:LeadSkinPotion"},{"floor":16,"key":"SkillPotion"},{"floor":18,"key":"Block Potion"},{"floor":21,"key":"SkillPotion"},{"floor":39,"key":"sneckomod:MuddlingPotion"},{"floor":45,"key":"DuplicationPotion"},{"floor":47,"key":"Explosive Potion"}],"is_trial":false,"path_per_floor":["M","T","?","M","M","R","E","R","T","M","?","$","M","M","R","B",null,"M","M","?","M","?","R","COS","R","T","E","R","M","$","?","R","B",null,"M","COS","?","M","M","R","M","M","T","?","M","?","M","M","R","B","M","M","?","$","R","M"],"character_chosen":"The_Alterego","items_purchased":["DemoMod:WhiteGuonStone","alterego_mod:Punishment","Anchor","alterego_mod:Punishment"],"campfire_rested":1,"item_purchase_floors":[12,12,54,54],"current_hp_per_floor":[71,71,53,53,67,67,67,67,67,71,71,71,70,73,73,74,74,75,76,76,77,77,77,77,77,77,78,78,79,79,79,79,61,80,80,80,80,75,57,57,46,37,37,37,61,61,42,32,57,87,88,59,59,59,59,0,0],"gold":53,"neow_bonus":"RANDOM_COMMON_RELIC","is_daily":false,"chose_seed":false,"campfire_upgraded":9,"win_rate":0.0,"timestamp":1609556912,"path_taken":["M","?","?","M","?","R","E","R","T","M","?","?","M","M","R","BOSS","M","M","?","M","?","R","COS","R","T","E","R","M","?","?","R","BOSS","M","COS","?","?","M","R","M","M","T","?","M","?","M","M","R","BOSS","M","M","?","$","R","M"],"items_purchased_type":["Relic","Card","Relic","Card"],"build_version":"2020-12-22","purchased_purges":0,"victory":false,"max_hp_per_floor":[71,71,71,71,71,71,71,71,71,71,71,71,72,73,73,74,74,75,76,76,77,77,77,77,77,77,78,78,79,79,79,79,80,80,80,80,80,81,82,82,83,84,84,84,84,84,85,86,86,87,88,89,89,89,89,89,89],"card_choices":[{"not_picked":["alterego_mod:HighServant","alterego_mod:Skirt"],"picked":"alterego_mod:Mirror","floor":1},{"not_picked":["hubris:InfiniteBlow","infinitespire:NeuralNetwork"],"picked":"infinitespire:SealOfDarkness+","floor":3},{"not_picked":["alterego_mod:Birthday","alterego_mod:GoddessCore"],"picked":"alterego_mod:Nekomimi","floor":4},{"not_picked":["alterego_mod:Complex","alterego_mod:1TonWallop"],"picked":"alterego_mod:Rip","floor":5},{"not_picked":["alterego_mod:Table","alterego_mod:Clap"],"picked":"alterego_mod:Clones","floor":7},{"not_picked":["alterego_mod:Maid","alterego_mod:SakuraFive"],"picked":"alterego_mod:Cooking","floor":10},{"not_picked":["alterego_mod:BustOut","alterego_mod:Jiggle"],"picked":"alterego_mod:SideboobHour","floor":13},{"not_picked":["alterego_mod:Jiggle","alterego_mod:Maid"],"picked":"alterego_mod:SakuraPetals","floor":14},{"not_picked":["alterego_mod:IdEs","alterego_mod:InsideBaseball"],"picked":"alterego_mod:Valkyrie","floor":16},{"not_picked":["alterego_mod:Undulate+1","alterego_mod:Mirror"],"picked":"alterego_mod:Support+1","floor":18},{"not_picked":["alterego_mod:HighServant","alterego_mod:PresenceConcealment"],"picked":"alterego_mod:BusterCard","floor":19},{"not_picked":["alterego_mod:PerceptionDisorder","alterego_mod:Santa"],"picked":"alterego_mod:Bounce","floor":21},{"not_picked":[],"picked":"alterego_mod:ClassAdvantage","floor":22},{"not_picked":["wariomod:DiceyMove","mysticmod:PureInstinct","Perfectionism","theSenshi:MoonPunch"],"picked":"SKIP","floor":27},{"not_picked":["theMarked:Aftermath","Body Slam","theSenshi:MoonPrincessHalation"],"picked":"sneckomod:SoulDraw","floor":29},{"not_picked":["Poison Darts","EscapeVelocity","theSenshi:SailorCosmosAssists"],"picked":"expansioncontent:QuickStudy","floor":33},{"not_picked":["rmod:unsinkable","champ:Haymaker+1","hexamod:ThermalTransfer+1"],"picked":"theSenshi:TuxedoSmokingBomber","floor":35},{"not_picked":["Ball_Of_Ice+1","Conquer:ReiMu+1","theSenshi:MoonPrincessHalation"],"picked":"Armaments+1","floor":38},{"not_picked":["Runesmith:HeatedChisel","LoveMe","theSenshi:MoonKick"],"picked":"Intimidate+1","floor":39},{"not_picked":["Mischief","TheVixenMod:Confusion","Smile+1","theSenshi:SailorJupiterAssists"],"picked":"SKIP","floor":41},{"not_picked":["SwiftKick","theSenshi:HesSoDreamy","champ:GutPunch","theSenshi:SailorUranusAssists"],"picked":"SKIP","floor":42},{"not_picked":["Hololive_FlyingPonyTail","mysticmod:Probe","theSenshi:SailorChibiMoonAssists"],"picked":"Amplify","floor":45},{"not_picked":["Guardian:ShieldSpikes+1","TheVixenMod:FirePledge","theSenshi:SupersonicWaves"],"picked":"mysticmod:Shield+1","floor":46},{"not_picked":["Pray+1","hexamod:Firestarter","theSenshi:MoonPower"],"picked":"ClowCardTheSand+1","floor":46},{"not_picked":["CrushJoints","theSenshi:SailorMarsAssists+1","FollowTherRainbow+1","theSenshi:SailorMarsAssists"],"picked":"SKIP","floor":47},{"not_picked":["theCatGirl:PilingErrors+1","Guardian:TemporalShield","theSenshi:SupersonicWaves+1","theSenshi:TallSilhouette"],"picked":"SKIP","floor":48},{"not_picked":["Slimebound:SplitAcid+1","ClowCardTheMaze","theSenshi:EncouragingSpeech"],"picked":"Conserve Battery","floor":52}],"player_experience":1070856,"relics_obtained":[{"floor":2,"key":"Ancient Tea Set"},{"floor":7,"key":"Protect_Vest"},{"floor":9,"key":"Replay:Rubber Ducky"},{"floor":26,"key":"hubris:DisguiseKit"},{"floor":27,"key":"hubris:Metronome"},{"floor":43,"key":"hubris:MobiusCoin"},{"floor":46,"key":"DemoMod:MeltedRock"},{"floor":52,"key":"paleoftheancients:SoulOfTheShapes"}],"event_choices":[],"is_beta":false,"boss_relics":[{"not_picked":["hubris:CrackedHourglass","Replay:Drink Me"],"picked":"Replay:Bronze Core"},{"not_picked":["Hololive_ChaosS","hubris:ScarierMask"],"picked":"hubris:Backtick"}],"items_purged_floors":[],"is_endless":false,"potions_floor_spawned":[4,10,16,18,21,39,45,47],"killed_by":"Gensokyo:Scarlet_Devils","ascension_level":0}}