{"host":"Jonboy","time":1609626869,"event":{"mods":["AchievementEnabler","BaseMod","Block Reminder","Colored Powertips","Minty Spire (QoL Compilation)","Relic Stats"],"gold_per_floor":[112,127,137,137,153,153,183,233,233,233,246,279,298,310,310,310,310],"floor_reached":16,"playtime":429,"items_purged":[],"score":177,"play_id":"957b6b7d-898a-48ac-8268-661cd9673893","local_time":"20210102223429","is_ascension_mode":true,"campfire_choices":[{"data":"Streamline","floor":6,"key":"SMITH"},{"floor":10,"key":"REST"},{"floor":15,"key":"REST"}],"circlet_count":0,"master_deck":["AscendersBane","Strike_B+1","Strike_B","Strike_B+1","Defend_B","Defend_B","Defend_B","Defend_B","Zap","Dualcast","Barrage","Streamline+1","Conserve Battery","Hologram","Core Surge","Rainbow","Hologram"],"relics":["Philosopher\u0027s Stone","Bottled Lightning","Whetstone","PreservedInsect","Bronze Scales"],"acts_visited":["Exordium"],"potions_floor_usage":[7,13,14,16],"damage_taken":[{"damage":10,"enemies":"Jaw Worm","floor":1,"turns":4},{"damage":6,"enemies":"Cultist","floor":2,"turns":5},{"damage":4,"enemies":"2 Louse","floor":3,"turns":2},{"damage":9,"enemies":"Large Slime","floor":5,"turns":6},{"damage":38,"enemies":"Gremlin Nob","floor":7,"turns":5},{"damage":2,"enemies":"Looter","floor":11,"turns":3},{"damage":12,"enemies":"Lagavulin","floor":12,"turns":5},{"damage":0,"enemies":"3 Louse","floor":13,"turns":2},{"damage":5,"enemies":"Blue Slaver","floor":14,"turns":2},{"damage":28,"enemies":"The Guardian","floor":16,"turns":2}],"seed_played":"1708560057318948270","potions_obtained":[{"floor":2,"key":"Explosive Potion"},{"floor":3,"key":"BlessingOfTheForge"},{"floor":12,"key":"SkillPotion"},{"floor":13,"key":"EssenceOfSteel"}],"is_trial":false,"path_per_floor":["M","M","M","?","M","R","E","T","T","R","M","E","M","M","R","B"],"character_chosen":"DEFECT","items_purchased":[],"campfire_rested":2,"item_purchase_floors":[],"current_hp_per_floor":[58,52,48,48,39,39,1,1,1,23,21,9,9,4,26,0,0],"gold":310,"neow_bonus":"BOSS_RELIC","is_daily":false,"chose_seed":false,"campfire_upgraded":1,"win_rate":0.0,"timestamp":1609626869,"path_taken":["M","M","M","?","M","R","E","?","T","R","M","E","M","M","R","BOSS"],"items_purchased_type":[],"build_version":"2020-12-18","purchased_purges":0,"victory":false,"max_hp_per_floor":[75,75,75,75,75,75,75,75,75,75,75,75,75,75,75,75,75],"relic_stats":{"counters":[10,36],"Bronze Scales":[6],"PreservedInsect":29,"Whetstone":["Strike_B","Strike_B"],"obtain_stats":[{"Bronze Scales":12,"Philosopher\u0027s Stone":0,"PreservedInsect":9,"Bottled Lightning":7,"Whetstone":8,"Cracked Core":0},{"Bronze Scales":7,"Philosopher\u0027s Stone":0,"PreservedInsect":5,"Bottled Lightning":5,"Whetstone":5,"Cracked Core":0},{"Bronze Scales":30,"Philosopher\u0027s Stone":0,"PreservedInsect":22,"Bottled Lightning":22,"Whetstone":22,"Cracked Core":0}]},"card_choices":[{"not_picked":["Stack","Tempest"],"picked":"Barrage","floor":1},{"not_picked":["Compile Driver","Aggregate"],"picked":"Streamline","floor":2},{"not_picked":["Go for the Eyes","Turbo"],"picked":"Conserve Battery","floor":3},{"not_picked":["Aggregate","Beam Cell"],"picked":"Hologram","floor":5},{"not_picked":["Rebound","Redo","Fusion"],"picked":"SKIP","floor":7},{"not_picked":["Coolheaded","Turbo"],"picked":"Core Surge","floor":11},{"not_picked":["Steam","Streamline"],"picked":"Rainbow","floor":12},{"not_picked":["Turbo","Gash"],"picked":"Hologram","floor":13},{"not_picked":["Fusion","FTL","Turbo"],"picked":"SKIP","floor":14}],"player_experience":425625,"relics_obtained":[{"floor":7,"key":"Bottled Lightning"},{"floor":8,"key":"Whetstone"},{"floor":9,"key":"PreservedInsect"},{"floor":12,"key":"Bronze Scales"}],"event_choices":[{"cards_removed":["Strike_B"],"damage_healed":0,"gold_gain":0,"player_choice":"Forget","damage_taken":0,"max_hp_gain":0,"max_hp_loss":0,"event_name":"Living Wall","floor":4,"gold_loss":0}],"is_beta":true,"boss_relics":[],"items_purged_floors":[],"is_endless":false,"potions_floor_spawned":[2,3,12,13],"killed_by":"The Guardian","ascension_level":11}}