{"host":"pvafbce70weqvzks","time":1609546148,"event":{"mods":["BaseMod","Gremlin Mod","Hermit","Minty Spire (QoL Compilation)","StSLib","themimic"],"gold_per_floor":[119,15,31,46,63,63,392,392,392,17,31,42,73,73,73,73,73],"floor_reached":16,"playtime":470,"items_purged":[],"score":112,"play_id":"f881a582-91e1-4356-af85-32d1ce22c0d8","local_time":"20210101210908","is_ascension_mode":false,"campfire_choices":[{"data":"Distraction","floor":6,"key":"SMITH"},{"floor":8,"key":"REST"},{"floor":15,"key":"REST"}],"circlet_count":0,"master_deck":["Strike_G","Strike_G","Strike_G","Strike_G","Defend_G","Defend_G","Defend_G","Defend_G","Survivor","Neutralize","Eviscerate","Skewer","Deflect","Slice","Infinite Blades","Dagger Spray","Slice","Distraction+1","Predator","Terror","Poisoned Stab","Glass Knife+1","Masterful Stab"],"relics":["Ring of the Snake","Old Coin","Calipers","PreservedInsect","Chemical X","Ice Cream"],"acts_visited":["Exordium"],"potions_floor_usage":[13,16,16],"damage_taken":[{"damage":0,"enemies":"2 Louse","floor":1,"turns":3},{"damage":0,"enemies":"Cultist","floor":3,"turns":3},{"damage":8,"enemies":"Jaw Worm","floor":4,"turns":2},{"damage":9,"enemies":"3 Louse","floor":5,"turns":3},{"damage":36,"enemies":"3 Sentries","floor":7,"turns":5},{"damage":3,"enemies":"2 Fungi Beasts","floor":11,"turns":3},{"damage":10,"enemies":"Gremlin Gang","floor":12,"turns":3},{"damage":13,"enemies":"Lagavulin","floor":13,"turns":3},{"damage":22,"enemies":"The Guardian","floor":16,"turns":4}],"seed_played":"6777064654665540502","potions_obtained":[{"floor":4,"key":"GamblersBrew"},{"floor":7,"key":"BlessingOfTheForge"},{"floor":11,"key":"BlessingOfTheForge"}],"is_trial":false,"path_per_floor":["M","$","M","M","M","R","E","R","T","$","M","M","E","?","R","B"],"character_chosen":"THE_SILENT","items_purchased":["Slice","Infinite Blades","Terror","PreservedInsect","Chemical X"],"campfire_rested":2,"item_purchase_floors":[2,2,10,10,10],"current_hp_per_floor":[63,63,63,55,46,46,10,28,28,28,25,15,2,2,20,0,0],"gold":73,"neow_bonus":"TRANSFORM_TWO_CARDS","is_daily":false,"chose_seed":false,"campfire_upgraded":1,"win_rate":0.0,"timestamp":1609546148,"path_taken":["M","$","M","M","M","R","E","R","T","$","M","M","E","?","R","BOSS"],"items_purchased_type":["Card","Card","Card","Relic","Relic"],"build_version":"2020-12-22","purchased_purges":0,"victory":false,"max_hp_per_floor":[63,63,63,63,63,63,63,63,63,63,63,63,63,63,63,63,63],"card_choices":[{"not_picked":["Prepared","Acrobatics"],"picked":"Deflect","floor":1},{"not_picked":["Flying Knee","Acrobatics"],"picked":"Dagger Spray","floor":3},{"not_picked":["Bouncing Flask","Deflect"],"picked":"Slice","floor":4},{"not_picked":["Bane","All Out Attack"],"picked":"Distraction","floor":5},{"not_picked":["Flechettes","Footwork"],"picked":"Predator","floor":7},{"not_picked":["Expertise","Escape Plan"],"picked":"Poisoned Stab","floor":11},{"not_picked":["Riddle With Holes","Sucker Punch"],"picked":"Glass Knife","floor":12},{"not_picked":["Underhanded Strike","Dagger Spray"],"picked":"Masterful Stab","floor":13}],"player_experience":15750,"relics_obtained":[{"floor":7,"key":"Old Coin"},{"floor":9,"key":"Calipers"},{"floor":13,"key":"Ice Cream"}],"event_choices":[{"damage_healed":0,"gold_gain":0,"player_choice":"Upgraded","damage_taken":0,"max_hp_gain":0,"max_hp_loss":0,"event_name":"Upgrade Shrine","floor":14,"gold_loss":0,"cards_upgraded":["Glass Knife"]}],"is_beta":false,"boss_relics":[],"items_purged_floors":[],"is_endless":false,"potions_floor_spawned":[4,7,11,12],"killed_by":"The Guardian","ascension_level":0}}