{"host":"m6h67kf6cz80m3yv","time":1609549817,"event":{"mods":["Bartender","BaseMod","Better Third Choice","BetterRewards","CatGirl Mod","Colored Powertips","Downfall","Duelist Mod","Hermit","Marisa????????","Minty Spire (QoL Compilation)","Prisma Mod","Quick Restart","Shade Mod","Shop Mod","StSLib","SuperFastMode","The Dragon Tamer","The Marked","The Servant 0.9.4"],"gold_per_floor":[110,110,124,86,86,117,130,130,177,220,220,295,295,331,331,462,462,477,97,97,97,113,147,147,147,147],"floor_reached":25,"playtime":810,"items_purged":[],"score":431,"play_id":"379a9f9b-8839-4565-81c8-4546655b68ea","local_time":"20210101231017","is_ascension_mode":true,"campfire_choices":[{"floor":11,"key":"REST"},{"floor":13,"key":"REST"},{"floor":15,"key":"REST"},{"floor":24,"key":"REST"}],"circlet_count":0,"master_deck":["theMarked:Strike","theMarked:Strike","theMarked:Strike","theMarked:Strike","theMarked:Strike","theMarked:Defend","theMarked:Defend","theMarked:Defend","theMarked:Defend","theMarked:SoldierOfQuellstein","theMarked:MysticalArsenal+1","theMarked:SwordAndMagic","theMarked:SelfDefenseTraining","theMarked:WardOff","theMarked:ComboAttacks","theMarked:Challenge","theMarked:BanishingStrike","theMarked:ElectricStrings","theMarked:MysticalArsenal","theMarked:SoldierForm","theMarked:ElectricStrings+1","theMarked:ShockingTouch"],"relics":["theMarked:BronzeBlade","FossilizedHelix","Shuriken","Bloody Idol","Smiling Mask","Bottled Tornado","Tiny Chest","Lantern","Chemical X","Nilry\u0027s Codex","InkBottle"],"acts_visited":["Exordium","TheCity"],"potions_floor_usage":[23,23],"damage_taken":[{"damage":10,"enemies":"Small Slimes","floor":1,"turns":3},{"damage":6,"enemies":"Cultist","floor":3,"turns":3},{"damage":0,"enemies":"Lagavulin","floor":6,"turns":5},{"damage":0,"enemies":"2 Louse","floor":7,"turns":3},{"damage":14,"enemies":"Gremlin Nob","floor":10,"turns":5},{"damage":22,"enemies":"3 Sentries","floor":14,"turns":8},{"damage":0,"enemies":"Hexaghost","floor":16,"turns":6},{"damage":18,"enemies":"3 Byrds","floor":18,"turns":6},{"damage":18,"enemies":"2 Thieves","floor":22,"turns":4},{"damage":28,"enemies":"Book of Stabbing","floor":23,"turns":4},{"damage":43,"enemies":"Slavers","floor":25,"turns":2}],"seed_played":"8029930265838800740","potions_obtained":[{"floor":3,"key":"Ancient Potion"},{"floor":6,"key":"ColorlessPotion"},{"floor":10,"key":"PowerPotion"}],"is_trial":false,"path_per_floor":["M","?","M","$","T","E","M","?","T","E","R","?","R","E","R","B",null,"M","$","?","?","M","E","R","E"],"character_chosen":"THE_DEFAULT","items_purchased":["theMarked:MysticalArsenal","theMarked:SwordAndMagic","theMarked:ComboAttacks","Lantern","Chemical X","theMarked:ShockingTouch"],"campfire_rested":4,"item_purchase_floors":[0,0,4,19,19,19],"current_hp_per_floor":[60,60,54,54,54,54,54,37,37,23,44,33,54,32,53,53,70,52,52,36,36,28,15,36,0,0],"gold":147,"neow_bonus":"","is_daily":false,"chose_seed":false,"campfire_upgraded":0,"win_rate":0.0,"timestamp":1609549817,"path_taken":["M","?","?","$","?","E","M","?","T","E","R","?","R","E","R","BOSS","M","$","?","?","?","E","R","E"],"items_purchased_type":["Card","Card","Card","Relic","Relic","Card"],"build_version":"2020-12-22","purchased_purges":0,"victory":false,"max_hp_per_floor":[70,70,70,70,70,70,70,70,70,70,70,70,70,70,70,70,70,70,70,70,70,70,70,70,70,70],"card_choices":[{"not_picked":["theMarked:TakeCover","theMarked:Improvise"],"picked":"theMarked:SelfDefenseTraining","floor":1},{"not_picked":["theMarked:WastefulDefense","theMarked:Convert"],"picked":"theMarked:WardOff","floor":3},{"not_picked":["theMarked:WastefulDefense","theMarked:Reabsorb"],"picked":"theMarked:Challenge","floor":6},{"not_picked":["theMarked:Overcharge","theMarked:KeepCalmAndFightOn"],"picked":"theMarked:BanishingStrike","floor":7},{"not_picked":["theMarked:TwofoldDefense","theMarked:Indomitable"],"picked":"theMarked:ElectricStrings","floor":10},{"not_picked":["theMarked:RepellingDischarge","theMarked:TwofoldDefense"],"picked":"theMarked:MysticalArsenal","floor":14},{"not_picked":["theMarked:SuspiciousRaven","theMarked:Defy"],"picked":"theMarked:SoldierForm","floor":16},{"not_picked":["theMarked:WastefulDefense","theMarked:SelfDefenseTraining"],"picked":"theMarked:ElectricStrings+1","floor":18},{"not_picked":["theMarked:Overcharge","theMarked:Aftermath+1","theMarked:Polarize"],"picked":"SKIP","floor":22},{"not_picked":["theMarked:Improvise","theMarked:WastefulAttack","theMarked:Parkour"],"picked":"SKIP","floor":23}],"player_experience":324650,"relics_obtained":[{"floor":5,"key":"FossilizedHelix"},{"floor":6,"key":"Shuriken"},{"floor":9,"key":"Smiling Mask"},{"floor":10,"key":"Bottled Tornado"},{"floor":14,"key":"Tiny Chest"},{"floor":20,"key":"Nilry\u0027s Codex"},{"floor":23,"key":"InkBottle"}],"event_choices":[{"damage_healed":0,"gold_gain":0,"player_choice":"Forge","damage_taken":0,"max_hp_gain":0,"max_hp_loss":0,"event_name":"Accursed Blacksmith","floor":2,"gold_loss":0,"cards_upgraded":["theMarked:MysticalArsenal"]},{"damage_healed":0,"gold_gain":0,"player_choice":"Take Damage","damage_taken":17,"relics_obtained":["Golden Idol"],"max_hp_gain":0,"max_hp_loss":0,"event_name":"Golden Idol","floor":8,"gold_loss":0},{"damage_healed":0,"gold_gain":75,"player_choice":"Gold","damage_taken":11,"max_hp_gain":0,"max_hp_loss":0,"event_name":"betterThird:BetterGoop","floor":12,"gold_loss":0},{"damage_healed":0,"gold_gain":0,"player_choice":"Obtained Book","damage_taken":16,"max_hp_gain":0,"max_hp_loss":0,"event_name":"Cursed Tome","floor":20,"gold_loss":0},{"damage_healed":0,"gold_gain":0,"player_choice":"Gave Idol","damage_taken":0,"relics_obtained":["Bloody Idol"],"max_hp_gain":0,"max_hp_loss":0,"event_name":"Forgotten Altar","floor":21,"relics_lost":["Golden Idol"],"gold_loss":0}],"is_beta":false,"boss_relics":[{"not_picked":["Astrolabe","theMarked:Eyepatch"],"picked":"theMarked:BronzeBlade"}],"items_purged_floors":[],"is_endless":false,"potions_floor_spawned":[3,6,10,18,22],"killed_by":"Slavers","ascension_level":1}}