{"host":"svjtl4dki9uqj609","time":1609604257,"event":{"mods":["BaseMod","Colored Map","Keyboard Shortcuts","Minty Spire (QoL Compilation)","StSLib","SuperFastMode"],"gold_per_floor":[219,69,69,89,109,144,144,144,144,144,154,154,54,82,82,178,178,193,193,213,18,18,18,343,343,343,343,258,272,283,133,133,238,238,250,68,68,68,79,79,112,112,136,136,186,0,0,11,11,11],"floor_reached":51,"playtime":1367,"items_purged":["Defend_B","Strike_B","Strike_B","Defend_B"],"score":722,"play_id":"0be987a8-a664-4cf6-8bfa-913564aa5cb1","local_time":"20210103011737","is_ascension_mode":false,"campfire_choices":[{"data":"Zap","floor":7.0,"key":"SMITH"},{"data":"Loop","floor":10.0,"key":"SMITH"},{"data":"Dualcast","floor":12.0,"key":"SMITH"},{"data":"Sweeping Beam","floor":15.0,"key":"SMITH"},{"data":"Defragment","floor":23.0,"key":"SMITH"},{"floor":25,"key":"REST"},{"data":"Electrodynamics","floor":27,"key":"SMITH"},{"data":"Undo","floor":32,"key":"SMITH"},{"data":"Capacitor","floor":40,"key":"SMITH"},{"data":"Double Energy","floor":42,"key":"SMITH"},{"data":"Seek","floor":47,"key":"SMITH"},{"data":"Amplify","floor":49,"key":"SMITH"}],"circlet_count":0,"master_deck":["Zap+1","Dualcast+1","Cold Snap","Melter","Cold Snap","Loop+1","Sweeping Beam+1","Electrodynamics+1","Ball Lightning","Go for the Eyes+1","Defragment+1","Beam Cell","Consume","Amplify+1","Conserve Battery+1","Undo+1","Seek+1","Capacitor+1","Double Energy+1"],"relics":["Cracked Core","WingedGreaves","Unceasing Top","Potion Belt","Empty Cage","Thread and Needle","Old Coin","Bird Faced Urn","Anchor","SacredBark","Omamori","Ice Cream","MealTicket","FossilizedHelix","Red Mask"],"acts_visited":["Exordium","TheCity","TheBeyond"],"potions_floor_usage":[24,50,50,50],"damage_taken":[{"damage":0.0,"enemies":"Small Slimes","floor":1.0,"turns":3.0},{"damage":3.0,"enemies":"2 Louse","floor":4.0,"turns":3.0},{"damage":0.0,"enemies":"Cultist","floor":5.0,"turns":3.0},{"damage":11.0,"enemies":"Lagavulin","floor":6.0,"turns":8.0},{"damage":1.0,"enemies":"Looter","floor":11.0,"turns":3.0},{"damage":0.0,"enemies":"3 Sentries","floor":14.0,"turns":7.0},{"damage":50.0,"enemies":"Slime Boss","floor":16.0,"turns":9.0},{"damage":4.0,"enemies":"Chosen","floor":18.0,"turns":5.0},{"damage":2.0,"enemies":"Shell Parasite","floor":20.0,"turns":4.0},{"damage":24,"enemies":"Slavers","floor":24,"turns":2},{"damage":0,"enemies":"Snecko","floor":29,"turns":4},{"damage":16,"enemies":"Shelled Parasite and Fungi","floor":30,"turns":3},{"damage":10,"enemies":"Champ","floor":33,"turns":12},{"damage":2,"enemies":"Orb Walker","floor":35,"turns":5},{"damage":11,"enemies":"3 Darklings","floor":39,"turns":2},{"damage":5,"enemies":"Nemesis","floor":41,"turns":9},{"damage":8,"enemies":"2 Orb Walkers","floor":45,"turns":3},{"damage":0,"enemies":"Jaw Worm Horde","floor":48,"turns":2},{"damage":36,"enemies":"Donu and Deca","floor":50,"turns":5}],"seed_played":"3270710643099111848","potions_obtained":[{"floor":4.0,"key":"EssenceOfSteel"},{"floor":5.0,"key":"AttackPotion"},{"floor":8.0,"key":"DuplicationPotion"},{"floor":8.0,"key":"Ancient Potion"},{"floor":24,"key":"FairyPotion"},{"floor":29,"key":"EssenceOfDarkness"},{"floor":30,"key":"Strength Potion"},{"floor":35,"key":"GamblersBrew"},{"floor":48,"key":"Swift Potion"}],"is_trial":false,"path_per_floor":["M","$","?","M","M","E","R","?","T","R","M","R","$","E","R","B",null,"M","?","M","$","?","R","E","R","T","R","?","M","M","$","R","B",null,"M","$","?","?","M","R","E","R","T","$","?","?","R","M","R","B",null],"character_chosen":"DEFECT","items_purchased":["Chill","Defragment","Capacitor","Omamori"],"campfire_rested":1,"item_purchase_floors":[2,21,36,36],"current_hp_per_floor":[75,75,75,72,72,61,61,61,61,61,60,60,60,60,60,10,75,71,71,69,69,69,69,45,67,67,67,67,73,60,60,60,58,75,73,73,71,61,54,54,57,57,57,71,66,66,66,70,70,35],"gold":11,"neow_bonus":"HUNDRED_GOLD","is_daily":false,"chose_seed":false,"campfire_upgraded":11,"win_rate":0.0,"timestamp":1609604257,"path_taken":["M","$","?","M","M","E","R","?","T","R","?","R","$","E","R","BOSS","M","?","M","?","?","R","E","R","T","R","?","M","M","$","R","BOSS","M","$","?","?","M","R","E","R","T","$","?","?","R","?","R","BOSS"],"items_purchased_type":["Card","Card","Card","Relic"],"build_version":"2020-12-22","purchased_purges":4,"victory":true,"max_hp_per_floor":[75,75,75,75,75,75,75,75,75,75,75,75,75,75,75,75,75,75,75,75,75,75,75,75,75,75,75,75,75,75,75,75,75,75,75,75,71,71,71,71,71,71,71,71,71,71,71,71,71,71],"card_choices":[{"not_picked":["Leap","Gash"],"picked":"Cold Snap","floor":1.0},{"not_picked":["Static Discharge","Gash"],"picked":"Melter","floor":4.0},{"not_picked":["Static Discharge","Fusion"],"picked":"Cold Snap","floor":5.0},{"not_picked":["Gash","Go for the Eyes"],"picked":"Loop","floor":6.0},{"not_picked":["Steam","All For One"],"picked":"Sweeping Beam","floor":11.0},{"not_picked":["Stack","Gash","Aggregate"],"picked":"SKIP","floor":14.0},{"not_picked":["Creative AI","Thunder Strike"],"picked":"Electrodynamics","floor":16.0},{"not_picked":["Static Discharge","Steam"],"picked":"Ball Lightning","floor":18.0},{"not_picked":["Cold Snap+1","Conserve Battery"],"picked":"Go for the Eyes+1","floor":20.0},{"not_picked":["Darkness","Barrage"],"picked":"Amplify","floor":24},{"not_picked":["Rip and Tear","Steam"],"picked":"Conserve Battery+1","floor":29},{"not_picked":["Steam Power","Redo"],"picked":"Undo","floor":30},{"not_picked":["Reboot","Multi-Cast"],"picked":"Seek","floor":33},{"not_picked":["Stack+1","BootSequence","Tempest"],"picked":"SKIP","floor":35},{"not_picked":["Cold Snap+1","Go for the Eyes+1","BootSequence+1"],"picked":"SKIP","floor":39},{"not_picked":["Auto Shields+1","Barrage"],"picked":"Double Energy","floor":41},{"not_picked":["Leap","Coolheaded","Beam Cell"],"picked":"SKIP","floor":48}],"player_experience":8635,"relics_obtained":[{"floor":6.0,"key":"WingedGreaves"},{"floor":9.0,"key":"Unceasing Top"},{"floor":14.0,"key":"Potion Belt"},{"floor":24,"key":"Old Coin"},{"floor":26,"key":"Bird Faced Urn"},{"floor":41,"key":"Ice Cream"},{"floor":43,"key":"MealTicket"},{"floor":45,"key":"FossilizedHelix"}],"event_choices":[{"damage_healed":0.0,"max_hp_gain":0.0,"max_hp_loss":0.0,"gold_gain":0.0,"event_name":"Liars Game","player_choice":"Ignored","floor":3.0,"gold_loss":0.0,"damage_taken":0.0},{"damage_healed":0.0,"max_hp_gain":0.0,"max_hp_loss":0.0,"gold_gain":0.0,"event_name":"Lab","player_choice":"Got Potions","floor":8.0,"gold_loss":0.0,"damage_taken":0.0},{"cards_removed":["Chill"],"damage_healed":0.0,"max_hp_gain":0.0,"max_hp_loss":0.0,"gold_gain":0.0,"event_name":"WeMeetAgain","player_choice":"Gave Card","floor":19.0,"gold_loss":0.0,"damage_taken":0.0,"relics_obtained":["Thread and Needle"]},{"damage_healed":0.0,"max_hp_gain":0.0,"max_hp_loss":0.0,"gold_gain":0.0,"cards_transformed":["Strike_B","Defend_B"],"event_name":"Drug Dealer","player_choice":"Became Test Subject","floor":22.0,"gold_loss":0.0,"damage_taken":0.0,"cards_obtained":["Beam Cell","Consume"]},{"damage_healed":0,"gold_gain":0,"player_choice":"Obtained Relic","damage_taken":0,"relics_obtained":["Anchor"],"max_hp_gain":0,"max_hp_loss":0,"event_name":"Addict","floor":28,"gold_loss":85},{"damage_healed":0,"gold_gain":0,"player_choice":"Max HP","damage_taken":0,"max_hp_gain":0,"max_hp_loss":4,"event_name":"Winding Halls","floor":37,"gold_loss":0},{"damage_healed":0,"gold_gain":0,"player_choice":"Memory 3","damage_taken":10,"max_hp_gain":0,"max_hp_loss":0,"event_name":"SensoryStone","floor":38,"gold_loss":0},{"damage_healed":0,"gold_gain":0,"player_choice":"Fight","damage_taken":0,"max_hp_gain":0,"max_hp_loss":0,"event_name":"Mysterious Sphere","floor":45,"gold_loss":0},{"damage_healed":0,"gold_gain":0,"player_choice":"Paid","damage_taken":0,"relics_obtained":["Red Mask"],"max_hp_gain":0,"max_hp_loss":0,"event_name":"Tomb of Lord Red Mask","floor":46,"gold_loss":186}],"is_beta":false,"boss_relics":[{"not_picked":["Coffee Dripper","Nuclear Battery"],"picked":"Empty Cage"},{"not_picked":["Calling Bell","Runic Dome"],"picked":"SacredBark"}],"items_purged_floors":[2,13,21,31],"is_endless":false,"potions_floor_spawned":[4,5,24,29,30,35,41,48],"ascension_level":0}}