{"host":"r6jigiblrojhp6xe","time":1609601555,"event":{"mods":["AchievementEnabler","BaseMod","DeckTracker","Minty Spire (QoL Compilation)","Quick Restart","Rare Cards Sparkle","Relic Stats","StSLib","SuperFastMode","The Cursed","everything is the same but u backflip on backflip"],"gold_per_floor":[116,41,61,130,130,156,156,156,183,183,198,228,239,268,268,342,342,362,386,19,19,40,40,65,103,103,103,103],"floor_reached":0,"playtime":0,"items_purged":["Strike_R","Strike_R"],"score":0,"play_id":"884831b8-56a1-4113-89f1-0c0267e5ad93","local_time":"20210103003235","is_ascension_mode":true,"campfire_choices":[{"data":"Carnage","floor":7,"key":"SMITH"},{"data":"Ghostly Armor","floor":10,"key":"SMITH"},{"floor":15,"key":"RECALL"},{"data":"Corruption","floor":23,"key":"SMITH"}],"circlet_count":0,"master_deck":["AscendersBane","Strike_R","Strike_R","Defend_R","Defend_R","Defend_R+1","Defend_R+1","Bash+1","Rampage+1","Carnage+1","Ghostly Armor+1","Shrug It Off+1","Warcry","Corruption+1","Warcry","Burning Pact"],"relics":["Black Blood","NeowsBlessing","Ornamental Fan","Matryoshka","Eternal Feather","Orichalcum","Whetstone","War Paint","CeramicFish","Happy Flower","Paper Frog","Potion Belt","PreservedInsect","Akabeko"],"acts_visited":["Exordium","TheCity"],"potions_floor_usage":[12,16,19,19,19],"damage_taken":[{"damage":0,"enemies":"Cultist","floor":1,"turns":1},{"damage":0,"enemies":"Jaw Worm","floor":3,"turns":1},{"damage":0,"enemies":"Lagavulin","floor":6,"turns":1},{"damage":0,"enemies":"2 Louse","floor":11,"turns":3},{"damage":2,"enemies":"Gremlin Nob","floor":12,"turns":3},{"damage":7,"enemies":"Blue Slaver","floor":13,"turns":3},{"damage":20,"enemies":"3 Sentries","floor":14,"turns":8},{"damage":45,"enemies":"Hexaghost","floor":16,"turns":8},{"damage":0,"enemies":"Chosen","floor":18,"turns":5},{"damage":12,"enemies":"2 Thieves","floor":19,"turns":4},{"damage":36,"enemies":"Snake Plant","floor":22,"turns":4},{"damage":8,"enemies":"Centurion and Healer","floor":24,"turns":5},{"damage":38,"enemies":"Book of Stabbing","floor":25,"turns":5},{"damage":10,"enemies":"Gremlin Leader","floor":27,"turns":3}],"seed_played":"8472868666277000425","potions_obtained":[{"floor":3,"key":"Energy Potion"},{"floor":6,"key":"Explosive Potion"},{"floor":12,"key":"AttackPotion"},{"floor":16,"key":"EntropicBrew"},{"floor":18,"key":"Fire Potion"}],"is_trial":false,"path_per_floor":["M","$","M","T","T","E","R","?","T","R","M","E","M","E","R","B",null,"M","M","$","?","M","R","M","E","T","E"],"character_chosen":"IRONCLAD","items_purchased":["Paper Frog"],"campfire_rested":0,"item_purchase_floors":[20],"current_hp_per_floor":[74,74,75,75,75,75,75,57,57,63,69,73,72,58,64,25,63,75,75,75,75,51,57,61,35,35,25,25],"gold":103,"neow_bonus":"THREE_ENEMY_KILL","is_daily":false,"chose_seed":false,"campfire_upgraded":3,"win_rate":0.0,"timestamp":1609601555,"path_taken":["M","$","M","?","?","E","R","?","T","R","M","E","M","E","R","BOSS","M","M","$","?","?","R","M","E","T","E"],"items_purchased_type":["Relic"],"build_version":"2020-12-22","purchased_purges":2,"victory":false,"max_hp_per_floor":[75,75,75,75,75,75,75,75,75,75,75,75,75,75,75,75,75,75,75,75,75,75,75,75,75,75,75,75],"relic_stats":{"Happy Flower":[11],"counters":[14,54],"Ornamental Fan":[28],"CeramicFish":45,"Black Blood":97,"Eternal Feather":18,"PreservedInsect":47,"Whetstone":["Bash","Rampage"],"Orichalcum":[126],"War Paint":["Defend_R","Defend_R"],"obtain_stats":[{"Potion Belt":25,"NeowsBlessing":0,"Happy Flower":14,"CeramicFish":12,"Black Blood":17,"Eternal Feather":6,"PreservedInsect":26,"Whetstone":9,"Orichalcum":8,"War Paint":9,"Burning Blood":0,"Akabeko":26,"Matryoshka":5,"Ornamental Fan":4,"Paper Frog":20},{"Potion Belt":13,"NeowsBlessing":0,"Happy Flower":7,"CeramicFish":5,"Black Blood":8,"Eternal Feather":3,"PreservedInsect":13,"Whetstone":3,"Orichalcum":3,"War Paint":3,"Burning Blood":0,"Akabeko":13,"Matryoshka":2,"Ornamental Fan":2,"Paper Frog":10},{"Potion Belt":51,"NeowsBlessing":0,"Happy Flower":20,"CeramicFish":9,"Black Blood":28,"Eternal Feather":3,"PreservedInsect":51,"Whetstone":3,"Orichalcum":3,"War Paint":3,"Burning Blood":0,"Akabeko":51,"Matryoshka":2,"Ornamental Fan":2,"Paper Frog":37}]},"card_choices":[{"not_picked":["Body Slam","True Grit","Rampage"],"picked":"SKIP","floor":1},{"not_picked":["Body Slam","True Grit"],"picked":"Rampage","floor":1},{"not_picked":["Cleave","Thunderclap"],"picked":"Carnage","floor":3},{"not_picked":["Intimidate","Thunderclap"],"picked":"Ghostly Armor","floor":6},{"not_picked":["Perfected Strike","Combust","Flex"],"picked":"SKIP","floor":11},{"not_picked":["Combust","Anger","Armaments"],"picked":"SKIP","floor":12},{"not_picked":["Cleave","Warcry","Armaments"],"picked":"SKIP","floor":13},{"not_picked":["Power Through","Thunderclap","Rage"],"picked":"SKIP","floor":14},{"not_picked":["Ghostly Armor","True Grit"],"picked":"Shrug It Off+1","floor":18},{"not_picked":["Sword Boomerang","Ghostly Armor"],"picked":"Warcry","floor":19},{"not_picked":["Clothesline","Twin Strike"],"picked":"Corruption","floor":22},{"not_picked":["Armaments","Sever Soul"],"picked":"Warcry","floor":24},{"not_picked":["Dual Wield","Heavy Blade"],"picked":"Burning Pact","floor":25}],"player_experience":559889,"relics_obtained":[{"floor":4,"key":"Ornamental Fan"},{"floor":5,"key":"Matryoshka"},{"floor":6,"key":"Eternal Feather"},{"floor":9,"key":"Whetstone"},{"floor":9,"key":"War Paint"},{"floor":12,"key":"CeramicFish"},{"floor":14,"key":"Happy Flower"},{"floor":25,"key":"Potion Belt"},{"floor":26,"key":"PreservedInsect"},{"floor":26,"key":"Akabeko"}],"event_choices":[{"damage_healed":0,"gold_gain":0,"player_choice":"Success","damage_taken":18,"relics_obtained":["Orichalcum"],"max_hp_gain":0,"max_hp_loss":0,"event_name":"Scrap Ooze","floor":8,"gold_loss":0},{"cards_removed":["Strike_R"],"damage_healed":0,"gold_gain":0,"player_choice":"Purged","damage_taken":0,"max_hp_gain":0,"max_hp_loss":0,"event_name":"Purifier","floor":21,"gold_loss":0}],"is_beta":false,"boss_relics":[{"not_picked":["Runic Dome","Runic Pyramid"],"picked":"Black Blood"}],"items_purged_floors":[2,20],"is_endless":false,"potions_floor_spawned":[3,6,12,13,16,18],"killed_by":"Gremlin Leader","ascension_level":20}}