{"host":"t7mx8yfj1no5p62f","time":1609566872,"event":{"mods":["BaseMod","Colored Map","Colored Powertips","Minty Spire (QoL Compilation)","Relic Stats","StSLib"],"gold_per_floor":[20,20,33,50,65,97,97,115,138,138,155,155,190,200,200,276,276,290,303,303,303,317,317,327,338,338,350,26,60,60,90,90,164,164,174,191,191,191,202,227,227,255,255,273,287,307,327,356,356,356,356,356,356,14,14,14],"floor_reached":55,"playtime":2961,"items_purged":["Blizzard"],"score":2105,"play_id":"a042bd93-8122-48e2-a6dc-cba4fb596238","local_time":"20210102005432","is_ascension_mode":true,"campfire_choices":[{"data":"Rainbow","floor":7,"key":"SMITH"},{"data":"Undo","floor":15,"key":"SMITH"},{"floor":23,"key":"REST"},{"floor":32,"key":"REST"},{"data":"Defragment","floor":41,"key":"SMITH"},{"floor":49,"key":"RECALL"},{"data":"Loop","floor":53,"key":"SMITH"}],"circlet_count":0,"master_deck":["AscendersBane","Zap","Dualcast","Streamline+1","Genetic Algorithm+1","Rebound","FTL","Rainbow+1","Leap","Ball Lightning","Conserve Battery","Undo+1","Multi-Cast","Scrape","Echo Form","Blizzard","Cold Snap","Steam Power+1","Fusion+1","Turbo","Electrodynamics","Leap","Loop+1","Echo Form","Hologram","Hologram","Compile Driver","Defragment+1","Stack+1","Self Repair","Biased Cognition","Seek","Reinforced Body","Go for the Eyes+1","Double Energy","Turbo+1","Coolheaded","Conserve Battery","Stack"],"relics":["Cracked Core","Du-Vu Doll","Tiny Chest","Orichalcum","Anchor","Pandora\u0027s Box","Symbiotic Virus","Bottled Tornado","Happy Flower","War Paint","Akabeko","Snecko Eye","HornCleat","Kunai","The Courier","Sundial","MealTicket","Orrery"],"acts_visited":["Exordium","TheCity","TheBeyond","TheEnding"],"potions_floor_usage":[6,11,13,16,16,29,33,40,40,50,55],"damage_taken":[{"damage":1.0,"enemies":"2 Louse","floor":1.0,"turns":4.0},{"damage":1.0,"enemies":"Cultist","floor":3.0,"turns":3.0},{"damage":1,"enemies":"Jaw Worm","floor":4,"turns":3},{"damage":7,"enemies":"Large Slime","floor":5,"turns":5},{"damage":8,"enemies":"Gremlin Nob","floor":6,"turns":3},{"damage":11,"enemies":"3 Louse","floor":8,"turns":4},{"damage":10,"enemies":"Gremlin Gang","floor":11,"turns":5},{"damage":4,"enemies":"3 Sentries","floor":13,"turns":8},{"damage":0,"enemies":"Blue Slaver","floor":14,"turns":2},{"damage":9,"enemies":"Slime Boss","floor":16,"turns":7},{"damage":3,"enemies":"3 Byrds","floor":18,"turns":6},{"damage":16,"enemies":"2 Thieves","floor":19,"turns":5},{"damage":12,"enemies":"Snake Plant","floor":22,"turns":4},{"damage":4,"enemies":"Shelled Parasite and Fungi","floor":24,"turns":5},{"damage":9,"enemies":"3 Cultists","floor":25,"turns":5},{"damage":7,"enemies":"Sentry and Sphere","floor":27,"turns":5},{"damage":14,"enemies":"Slavers","floor":29,"turns":3},{"damage":1,"enemies":"Gremlin Leader","floor":31,"turns":8},{"damage":9,"enemies":"Champ","floor":33,"turns":13},{"damage":1,"enemies":"3 Shapes","floor":35,"turns":3},{"damage":0,"enemies":"3 Darklings","floor":36,"turns":4},{"damage":0,"enemies":"Sphere and 2 Shapes","floor":39,"turns":4},{"damage":36,"enemies":"Giant Head","floor":40,"turns":9},{"damage":0,"enemies":"Reptomancer","floor":42,"turns":7},{"damage":10,"enemies":"Jaw Worm Horde","floor":44,"turns":4},{"damage":2,"enemies":"3 Darklings","floor":45,"turns":5},{"damage":0,"enemies":"Maw","floor":46,"turns":7},{"damage":9,"enemies":"Writhing Mass","floor":47,"turns":6},{"damage":0,"enemies":"Giant Head","floor":48,"turns":8},{"damage":38,"enemies":"Time Eater","floor":50,"turns":12},{"damage":12,"enemies":"Donu and Deca","floor":51,"turns":6},{"damage":83,"enemies":"Shield and Spear","floor":55,"turns":8}],"seed_played":"-4395507482626948769","potions_obtained":[{"floor":5,"key":"Strength Potion"},{"floor":6,"key":"FearPotion"},{"floor":8,"key":"ColorlessPotion"},{"floor":11,"key":"EssenceOfSteel"},{"floor":14,"key":"BlessingOfTheForge"},{"floor":19,"key":"PotionOfCapacity"},{"floor":22,"key":"SkillPotion"},{"floor":35,"key":"EntropicBrew"},{"floor":42,"key":"LiquidMemories"},{"floor":47,"key":"Strength Potion"}],"is_trial":false,"path_per_floor":["M","?","M","M","M","E","R","M","T","?","M","?","E","M","R","B",null,"M","M","?","T","M","R","M","M","T","M","$","E","?","E","R","B",null,"M","M","T","T","M","E","R","E","T","M","M","M","M","E","R","B","B",null,"R","$","E"],"character_chosen":"DEFECT","items_purchased":["Happy Flower","Electrodynamics","Orrery","Coolheaded","Conserve Battery","SneckoOil","Stack"],"campfire_rested":2,"item_purchase_floors":[28,28,54,54,54,54,54],"current_hp_per_floor":[63,63,62,61,54,46,46,35,35,35,25,25,21,21,21,12,56,53,37,37,37,25,46,42,33,33,26,26,12,12,11,32,23,59,58,58,58,58,58,22,22,22,22,12,24,38,43,57,57,33,35,62,62,71,0,0],"gold":14,"neow_bonus":"ONE_RARE_RELIC","is_daily":false,"chose_seed":false,"campfire_upgraded":4,"win_rate":0.0,"timestamp":1609566872,"path_taken":["M","?","?","M","M","E","R","M","T","?","M","?","E","M","R","BOSS","M","M","?","?","M","R","?","M","T","M","$","E","?","E","R","BOSS","M","?","?","?","M","E","R","E","T","M","M","M","M","E","R","BOSS","BOSS","R","$","E"],"items_purchased_type":["Relic","Card","Relic","Card","Card","Potion","Card"],"build_version":"2020-12-22","purchased_purges":1,"victory":false,"max_hp_per_floor":[71,71,71,71,71,71,71,71,71,71,71,71,71,71,71,71,71,71,71,71,71,71,71,71,71,71,71,71,71,71,71,71,71,71,71,71,71,71,71,71,71,71,71,71,71,71,71,71,71,71,71,71,71,71,71,71],"relic_stats":{"Happy Flower":[35],"counters":[32,181],"Sundial":[6],"Snecko Eye":[144,148,137,110],"Tiny Chest":2,"Pandora\u0027s Box":["Scrape","Echo Form","Blizzard","Cold Snap","Steam Power","Blizzard","Fusion"],"MealTicket":9,"Kunai":[15],"Orichalcum":[72],"War Paint":["Steam Power","Genetic Algorithm"],"obtain_stats":[{"Happy Flower":28,"The Courier":42,"Orichalcum":9,"Bottled Tornado":26,"War Paint":29,"Akabeko":31,"Du-Vu Doll":0,"Anchor":13,"HornCleat":37,"Sundial":43,"Snecko Eye":34,"Orrery":54,"Tiny Chest":6,"Pandora\u0027s Box":17,"MealTicket":48,"Kunai":40,"Cracked Core":0,"Symbiotic Virus":21},{"Happy Flower":16,"The Courier":24,"Orichalcum":6,"Bottled Tornado":15,"War Paint":17,"Akabeko":18,"Du-Vu Doll":0,"Anchor":8,"HornCleat":21,"Sundial":24,"Snecko Eye":19,"Orrery":31,"Tiny Chest":5,"Pandora\u0027s Box":10,"MealTicket":29,"Kunai":23,"Cracked Core":0,"Symbiotic Virus":12},{"Happy Flower":74,"The Courier":125,"Orichalcum":22,"Bottled Tornado":69,"War Paint":77,"Akabeko":85,"Du-Vu Doll":0,"Anchor":35,"HornCleat":105,"Sundial":125,"Snecko Eye":98,"Orrery":173,"Tiny Chest":18,"Pandora\u0027s Box":44,"MealTicket":155,"Kunai":118,"Cracked Core":0,"Symbiotic Virus":55}]},"card_choices":[{"not_picked":["Hologram","Auto Shields"],"picked":"Streamline","floor":1.0},{"not_picked":["Barrage","Recycle"],"picked":"Genetic Algorithm","floor":3.0},{"not_picked":["Redo","Storm"],"picked":"Rebound","floor":4},{"not_picked":["Compile Driver","Turbo"],"picked":"FTL","floor":5},{"not_picked":["Cold Snap","Doom and Gloom"],"picked":"Rainbow","floor":6},{"not_picked":["Streamline","Loop"],"picked":"Leap","floor":8},{"not_picked":["Barrage","Streamline"],"picked":"Ball Lightning","floor":11},{"not_picked":["Blizzard","Lockon"],"picked":"Conserve Battery","floor":13},{"not_picked":["Leap","Recycle"],"picked":"Undo","floor":14},{"not_picked":["Reboot","Rainbow"],"picked":"Multi-Cast","floor":16},{"not_picked":["Storm","Redo","Streamline+1"],"picked":"SKIP","floor":18},{"not_picked":["Static Discharge","Barrage","Doom and Gloom"],"picked":"SKIP","floor":19},{"not_picked":["Chaos","Blizzard"],"picked":"Turbo","floor":22},{"not_picked":["Consume","Barrage","Steam"],"picked":"SKIP","floor":24},{"not_picked":["Barrage","Melter","Force Field"],"picked":"SKIP","floor":25},{"not_picked":["Streamline","Ball Lightning","White Noise"],"picked":"SKIP","floor":27},{"not_picked":["Turbo+1","Consume"],"picked":"Leap","floor":29},{"not_picked":["Genetic Algorithm+1","Thunder Strike"],"picked":"Loop","floor":31},{"not_picked":["Hyperbeam","Electrodynamics"],"picked":"Echo Form","floor":33},{"not_picked":["Barrage","Steam Power+1"],"picked":"Hologram","floor":35},{"not_picked":["Compile Driver","Darkness"],"picked":"Hologram","floor":36},{"not_picked":["Ball Lightning","Steam Power"],"picked":"Compile Driver","floor":39},{"not_picked":["Redo","Compile Driver"],"picked":"Defragment","floor":40},{"not_picked":["Recycle","Multi-Cast"],"picked":"Stack+1","floor":42},{"not_picked":["Go for the Eyes","Chill"],"picked":"Self Repair","floor":44},{"not_picked":["Cold Snap","Streamline","BootSequence"],"picked":"SKIP","floor":45},{"not_picked":["Turbo","Rebound+1","Force Field+1"],"picked":"SKIP","floor":46},{"not_picked":["Ball Lightning","Barrage","Chaos"],"picked":"SKIP","floor":47},{"not_picked":["Reinforced Body","Rebound"],"picked":"Biased Cognition","floor":48},{"not_picked":["Hello World","Cold Snap"],"picked":"Seek","floor":54},{"not_picked":["Rip and Tear","Sweeping Beam"],"picked":"Reinforced Body","floor":54},{"not_picked":["Gash","Cold Snap"],"picked":"Go for the Eyes+1","floor":54},{"not_picked":["Leap+1","Reprogram"],"picked":"Double Energy","floor":54},{"not_picked":["Scrape","Compile Driver"],"picked":"Turbo+1","floor":54}],"player_experience":1633769,"relics_obtained":[{"floor":6,"key":"Tiny Chest"},{"floor":9,"key":"Orichalcum"},{"floor":13,"key":"Anchor"},{"floor":21,"key":"Symbiotic Virus"},{"floor":26,"key":"Bottled Tornado"},{"floor":29,"key":"War Paint"},{"floor":31,"key":"Akabeko"},{"floor":37,"key":"HornCleat"},{"floor":40,"key":"Kunai"},{"floor":42,"key":"The Courier"},{"floor":43,"key":"Sundial"},{"floor":48,"key":"MealTicket"}],"event_choices":[{"cards_removed":["Strike_B"],"damage_healed":0.0,"max_hp_gain":0.0,"max_hp_loss":0.0,"gold_gain":0.0,"event_name":"Bonfire Elementals","player_choice":"Offered Basic","floor":2.0,"gold_loss":0.0,"damage_taken":0.0},{"damage_healed":0,"gold_gain":0,"player_choice":"Grow","damage_taken":0,"max_hp_gain":0,"max_hp_loss":0,"event_name":"Living Wall","floor":10,"gold_loss":0,"cards_upgraded":["Streamline"]},{"damage_healed":0,"gold_gain":0,"player_choice":"Ignored","damage_taken":0,"max_hp_gain":0,"max_hp_loss":0,"event_name":"Liars Game","floor":12,"gold_loss":0},{"damage_healed":0,"gold_gain":0,"player_choice":"Ignored","damage_taken":0,"max_hp_gain":0,"max_hp_loss":0,"event_name":"Vampires","floor":20,"gold_loss":0},{"damage_healed":0,"gold_gain":0,"player_choice":"Upgraded","damage_taken":0,"max_hp_gain":0,"max_hp_loss":0,"event_name":"Upgrade Shrine","floor":30,"gold_loss":0,"cards_upgraded":["Fusion"]}],"is_beta":false,"boss_relics":[{"not_picked":["Nuclear Battery","SlaversCollar"],"picked":"Pandora\u0027s Box"},{"not_picked":["Sozu","Runic Pyramid"],"picked":"Snecko Eye"}],"items_purged_floors":[28],"is_endless":false,"potions_floor_spawned":[5,6,8,11,14,19,22,25,35,42,45,47,48],"killed_by":"Shield and Spear","ascension_level":20}}