{"host":"chv1qanoipyt46jc","time":1609554728,"event":{"mods":["2.2 Compatiblity","AchievementEnabler","BaseMod","BetterRewards","CapriCore","Card Filter","Evolution","Gold Saver","Grow up Mod","Minty Spire (QoL Compilation)","Rare Cards Sparkle","Relic Filter","Remove Card Discount Mod","Reorder Act Four","StSLib"],"gold_per_floor":[973,986,1006,1006,1006,1006,1039,1051,1051,1051,1066,1066,1077,1096,1096,1196,1196,1206,1216,1216,1228,1245,1245,1270,1270,1295,1295,1395,1407,1407,1422,1422,1517,1567,1583,1602,1618,1637,1635,1635,1648,1675,1698,1698,1696,1696,1712,1722,1722,1722,1722,1712,1712,1740,1740],"floor_reached":56,"playtime":1957,"items_purged":["Bash","Defend_R","Thunderclap","Thunderclap","Armaments","Thunderclap","Inflame","Iron Wave","Thunderclap","Thunderclap","Seeing Red","Seeing Red","Seeing Red","Seeing Red"],"score":1605,"play_id":"d863c063-6f4d-4d0a-9536-48e9bd1f5a3c","local_time":"20210101203208","is_ascension_mode":false,"campfire_choices":[{"data":"Armaments","floor":6,"key":"SMITH"},{"data":"Armaments","floor":10,"key":"SMITH"},{"floor":12,"key":"RECALL"},{"data":"Searing Blow","floor":15,"key":"SMITH"},{"data":"Searing Blow+1","floor":23,"key":"SMITH"},{"data":"Searing Blow+2","floor":25,"key":"SMITH"},{"data":"Searing Blow+3","floor":27,"key":"SMITH"},{"data":"Searing Blow+4","floor":30,"key":"SMITH"},{"data":"Searing Blow+5","floor":32,"key":"SMITH"},{"data":"Searing Blow+6","floor":40,"key":"SMITH"},{"data":"Searing Blow+7","floor":46,"key":"SMITH"},{"data":"Searing Blow+8","floor":49,"key":"SMITH"},{"data":"Searing Blow+9","floor":53,"key":"SMITH"}],"circlet_count":0,"master_deck":["Armaments+1","Armaments+1","Seeing Red+1","Seeing Red","Searing Blow+10"],"relics":["Burning Blood","EVO:Axolotl","Boot","Unceasing Top","Gremlin Horn","Shuriken","Omamori","SlaversCollar","TungstenRod","Mango","Ancient Tea Set","Tiny House","Turnip","Bag of Marbles","Ice Cream"],"acts_visited":["Exordium","TheCity","TheBeyond","TheEnding"],"potions_floor_usage":[55,55],"damage_taken":[{"damage":0,"enemies":"2 Louse","floor":1,"turns":2},{"damage":6,"enemies":"Jaw Worm","floor":2,"turns":3},{"damage":0,"enemies":"Cultist","floor":3,"turns":2},{"damage":7,"enemies":"Lagavulin","floor":7,"turns":5},{"damage":1,"enemies":"Red Slaver","floor":8,"turns":2},{"damage":0,"enemies":"2 Fungi Beasts","floor":11,"turns":1},{"damage":0,"enemies":"Exordium Thugs","floor":13,"turns":2},{"damage":3,"enemies":"Red Slaver","floor":14,"turns":2},{"damage":108,"enemies":"Hexaghost","floor":16,"turns":6},{"damage":8,"enemies":"3 Byrds","floor":18,"turns":4},{"damage":0,"enemies":"Shell Parasite","floor":19,"turns":2},{"damage":15,"enemies":"Snake Plant","floor":21,"turns":3},{"damage":0,"enemies":"Centurion and Healer","floor":22,"turns":2},{"damage":2,"enemies":"Slavers","floor":24,"turns":4},{"damage":0,"enemies":"Cultist and Chosen","floor":29,"turns":2},{"damage":0,"enemies":"Sentry and Sphere","floor":31,"turns":1},{"damage":1,"enemies":"Automaton","floor":33,"turns":4},{"damage":0,"enemies":"3 Shapes","floor":35,"turns":3},{"damage":0,"enemies":"Orb Walker","floor":36,"turns":1},{"damage":26,"enemies":"Maw","floor":37,"turns":5},{"damage":7,"enemies":"Jaw Worm Horde","floor":38,"turns":3},{"damage":0,"enemies":"3 Darklings","floor":41,"turns":2},{"damage":0,"enemies":"Nemesis","floor":42,"turns":1},{"damage":0,"enemies":"Spire Growth","floor":47,"turns":1},{"damage":0,"enemies":"Sphere and 2 Shapes","floor":48,"turns":2},{"damage":34,"enemies":"Awakened One","floor":50,"turns":3},{"damage":0,"enemies":"Shield and Spear","floor":54,"turns":1},{"damage":72,"enemies":"The Heart","floor":55,"turns":5}],"seed_played":"1006769187590719889","potions_obtained":[{"floor":11,"key":"ElixirPotion"},{"floor":14,"key":"Block Potion"},{"floor":24,"key":"SkillPotion"},{"floor":48,"key":"FairyPotion"}],"is_trial":false,"path_per_floor":["M","M","M","?","?","R","E","M","T","R","M","R","M","M","R","B",null,"M","M","T","M","M","R","E","R","T","R","?","M","R","M","R","B",null,"M","M","M","M","$","R","M","E","T","?","$","R","M","M","R","B",null,"$","R","E","B",null],"character_chosen":"IRONCLAD","items_purchased":["Seeing Red","Seeing Red","Searing Blow","Boot","Inflame","Unceasing Top","Gremlin Horn","Inflame"],"campfire_rested":0,"item_purchase_floors":[0,0,0,0,0,0,0,0],"current_hp_per_floor":[58,68,84,82,92,102,111,126,136,146,162,172,188,201,211,119,260,268,280,290,291,307,317,344,354,364,374,384,394,404,414,424,434,449,459,469,459,468,478,488,504,520,530,540,550,560,576,589,599,581,619,629,639,649,593],"gold":1740,"neow_bonus":"","is_daily":false,"chose_seed":false,"campfire_upgraded":12,"win_rate":0.0,"timestamp":1609554728,"path_taken":["M","M","M","?","?","R","E","M","T","R","?","R","M","M","R","BOSS","M","M","?","M","M","R","E","R","T","R","?","M","R","M","R","BOSS","M","M","M","M","$","R","M","E","T","?","$","R","M","?","R","BOSS","$","R","E","BOSS"],"items_purchased_type":["Card","Card","Card","Relic","Card","Relic","Relic","Card"],"build_version":"2020-12-22","purchased_purges":14,"victory":true,"max_hp_per_floor":[100,110,120,130,140,150,160,170,180,190,200,210,220,230,240,250,260,270,280,290,300,310,320,344,354,364,374,384,394,404,414,424,434,449,459,469,479,489,499,509,519,529,539,549,559,569,579,589,599,609,619,629,639,649,659],"card_choices":[{"not_picked":["Iron Wave","Anger","Armaments"],"picked":"SKIP","floor":1},{"not_picked":["Anger","Armaments","Bloodletting"],"picked":"SKIP","floor":2},{"not_picked":["Armaments","Bloodletting"],"picked":"Seeing Red","floor":3},{"not_picked":["Pommel Strike","Shrug It Off","Searing Blow"],"picked":"SKIP","floor":7},{"not_picked":["Pommel Strike","Iron Wave"],"picked":"Seeing Red","floor":8},{"not_picked":["Shrug It Off","Iron Wave","Armaments"],"picked":"SKIP","floor":11},{"not_picked":["Burning Pact","Shrug It Off","Carnage"],"picked":"SKIP","floor":13},{"not_picked":["Iron Wave","Searing Blow"],"picked":"Seeing Red","floor":14},{"not_picked":["Armaments","Inflame","Burning Pact"],"picked":"SKIP","floor":18},{"not_picked":["Anger+1","Pommel Strike","Iron Wave"],"picked":"SKIP","floor":19},{"not_picked":["Armaments+1","Bludgeon","Anger"],"picked":"SKIP","floor":21},{"not_picked":["Armaments","Shrug It Off","Anger+1"],"picked":"SKIP","floor":22},{"not_picked":["Armaments+1","Carnage+1","Burning Pact"],"picked":"SKIP","floor":24},{"not_picked":["Iron Wave","Anger","Pommel Strike"],"picked":"SKIP","floor":29},{"not_picked":["Iron Wave","Shrug It Off","Bloodletting"],"picked":"SKIP","floor":31},{"not_picked":["Anger+1","Pummel+1","Iron Wave+1"],"picked":"SKIP","floor":35},{"not_picked":["Armaments","Shrug It Off+1"],"picked":"Seeing Red","floor":36},{"not_picked":["Inflame+1","Bloodletting","Carnage"],"picked":"SKIP","floor":37},{"not_picked":["Anger","Armaments","Iron Wave"],"picked":"SKIP","floor":38},{"not_picked":["Iron Wave","Armaments","Anger+1"],"picked":"SKIP","floor":41},{"not_picked":["Dark Embrace","Shrug It Off","Bloodletting+1"],"picked":"SKIP","floor":42},{"not_picked":["Shrug It Off+1","Pummel+1","Anger+1"],"picked":"SKIP","floor":47},{"not_picked":["Dark Embrace+1","Anger+1","Iron Wave+1"],"picked":"SKIP","floor":48},{"not_picked":["Armaments+1","Burning Pact","Inflame+1"],"picked":"SKIP","floor":54}],"player_experience":276829,"relics_obtained":[{"floor":7,"key":"Omamori"},{"floor":20,"key":"TungstenRod"},{"floor":24,"key":"Mango"},{"floor":26,"key":"Ancient Tea Set"},{"floor":42,"key":"Turnip"},{"floor":43,"key":"Bag of Marbles"},{"floor":54,"key":"Ice Cream"}],"event_choices":[{"damage_healed":0,"gold_gain":0,"player_choice":"Success","damage_taken":12,"relics_obtained":["Shuriken"],"max_hp_gain":0,"max_hp_loss":0,"event_name":"Scrap Ooze","floor":4,"gold_loss":0},{"damage_healed":0,"gold_gain":0,"cards_transformed":["Inflame"],"player_choice":"Transformed","damage_taken":0,"max_hp_gain":0,"max_hp_loss":0,"event_name":"Transmorgrifier","floor":5,"gold_loss":0,"cards_obtained":["Iron Wave"]},{"damage_healed":0,"gold_gain":100,"player_choice":"Pray","damage_taken":0,"max_hp_gain":0,"max_hp_loss":0,"event_name":"Golden Shrine","floor":28,"gold_loss":0},{"damage_healed":0,"gold_gain":0,"player_choice":"Ignored","damage_taken":0,"max_hp_gain":0,"max_hp_loss":0,"event_name":"SecretPortal","floor":44,"gold_loss":0}],"is_beta":false,"boss_relics":[{"not_picked":["Calling Bell","Runic Pyramid"],"picked":"SlaversCollar"},{"not_picked":["Sozu","SacredBark"],"picked":"Tiny House"}],"items_purged_floors":[0,0,0,0,0,0,0,39,45,52,52,52,52,52],"is_endless":false,"potions_floor_spawned":[11,13,14,24,33,37,41,42,47,48],"ascension_level":0}}