{"host":"wonp23fsqqcu31ie","time":1609593326,"event":{"mods":["2.2 Compatiblity","AchievementEnabler","Aspiration","BaseMod","Bestiary","Better Altar","Better Match","Better Sensory Stone","Better Skull","Better Third Choice","BetterRewards","Block Reminder","Colored Map","Colored Powertips","Conspire","Curses Come First","DeckTracker","Displayed Cursed Tome","Downfall","Hermit","Highlight Path","Hubris","Marisa????????","Minty Spire (QoL Compilation)","Permanent Neow","Quick Restart","Rare Cards Sparkle","Relic Stats","Replay The Spire","Robot Space Explorer","Shade Mod","Shop Mod","StSLib","SuperFastMode","The Animator","The Cursed","The Gatherer","The Marked","The Necromancer","The Runesmith","The Servant 0.9.4"],"gold_per_floor":[112,112,52,92,104,104,104,104,123,123,150,150,161,196,196,196,196,294,294,312,329,349,349,424,424,441,441,441,474,111,111,111,145,145,245,245,264,278,278,290,19,44,54,54,54,54,71,85,85,99,99,99,99,99,5,34,34,34],"floor_reached":57,"playtime":1542,"items_purged":["animator:Curse_Nutcracker","theMarked:Generate"],"score":975,"play_id":"0a74227d-23eb-446b-a6ce-0910a8ea62fb","local_time":"20210103001526","is_ascension_mode":false,"campfire_choices":[{"floor":12,"key":"RECALL"},{"floor":17,"key":"REST"},{"floor":25,"key":"REST"},{"floor":27,"key":"REST"},{"data":"theMarked:Abjuration","floor":34,"key":"SMITH"},{"data":"theMarked:EternalStudent","floor":44,"key":"SMITH"},{"floor":51,"key":"REST"},{"data":"CollectingQuirk","floor":54,"key":"SMITH"}],"circlet_count":0,"master_deck":["theMarked:Strike","theMarked:Strike","theMarked:Strike","theMarked:Strike","theMarked:Strike","theMarked:Defend","theMarked:Defend","theMarked:Defend","theMarked:Defend","theMarked:SoldierOfQuellstein","theMarked:Panic","theMarked:Electrocute+1","theMarked:ChainLightning","theMarked:HeightenedSenses","theMarked:Frustration+1","theMarked:ParalyzingBlade+1","theMarked:ElectricStrings","theMarked:RogueSparks","theMarked:ThrowWeapon","theMarked:Abjuration+1","theMarked:SelfDefenseTraining","theMarked:MysticalArsenal+1","theMarked:Static+1","DC","OrrerysSun","theMarked:HeightenedSenses+1","NonDirectionalLaser+1","CollectingQuirk+1","theMarked:TwofoldDefense+1","Madness","Madness","UnstableBomb","theMarked:EternalStudent+1","theMarked:HeritageOfTheMarked+1","theMarked:WardOff","DoubleSpark+1","Delirium","Replay:SS_fish_2"],"relics":["theMarked:BronzeBlade","Incense Burner","ReplayTheSpireMod:CursedCoin","MerchantsRug","Meat on the Bone","aspiration:BabyByrd","aspiration:ArtOfWarUpgrade","Happy Flower","Blue Doll","aspiration:MarisaSkillbook","aspiration:RitualStick","theMarked:VonisonLock","Red Mask","Medical Kit","Nunchaku","hubris:TinFlute","Membership Card","Mummified Hand","theMarked:SecretDocuments","Ring of Fury","ReplayTheSpireMod:Ring of Collecting","Runesmith:AutoHammer"],"acts_visited":["Exordium","TheCity","TheBeyond","TheEnding"],"potions_floor_usage":[4,5,18,33,33,40,43,43,43,50,52,52,52,57],"damage_taken":[{"damage":1,"enemies":"Jaw Worm","floor":1,"turns":4},{"damage":0,"enemies":"conspire:RoseBush","floor":5,"turns":2},{"damage":0,"enemies":"2 Louse","floor":9,"turns":2},{"damage":5,"enemies":"2 Fungi Beasts","floor":13,"turns":3},{"damage":14,"enemies":"3 Sentries","floor":14,"turns":8},{"damage":12,"enemies":"The Guardian","floor":18,"turns":6},{"damage":10,"enemies":"Spheric Guardian","floor":20,"turns":3},{"damage":0,"enemies":"Chosen","floor":21,"turns":3},{"damage":23,"enemies":"Centurion and Healer","floor":22,"turns":6},{"damage":21,"enemies":"Snecko","floor":26,"turns":4},{"damage":17,"enemies":"Masked Bandits","floor":29,"turns":4},{"damage":4,"enemies":"conspire:Head Lice","floor":33,"turns":7},{"damage":19,"enemies":"conspire:MysteriousRune","floor":35,"turns":6},{"damage":1,"enemies":"Orb Walker","floor":37,"turns":3},{"damage":8,"enemies":"3 Darklings","floor":38,"turns":3},{"damage":21,"enemies":"Writhing Mass","floor":40,"turns":5},{"damage":0,"enemies":"Reptomancer","floor":42,"turns":5},{"damage":0,"enemies":"Transient","floor":43,"turns":5},{"damage":0,"enemies":"Sphere and 2 Shapes","floor":47,"turns":5},{"damage":0,"enemies":"4 Shapes","floor":48,"turns":3},{"damage":15,"enemies":"Maw","floor":50,"turns":5},{"damage":9,"enemies":"hubris:GrandSnecko","floor":52,"turns":5},{"damage":16,"enemies":"Shield and Spear","floor":56,"turns":2},{"damage":74,"enemies":"The Heart","floor":57,"turns":5}],"seed_played":"2592909144703582869","potions_obtained":[{"floor":4,"key":"Fruit Juice"},{"floor":5,"key":"Fruit Juice"},{"floor":14,"key":"FearPotion"},{"floor":21,"key":"Languid Potion"},{"floor":29,"key":"sneckomod:MuddlingPotion"},{"floor":35,"key":"champ:CounterPotion"},{"floor":38,"key":"EntropicBrew"},{"floor":46,"key":"Regen Potion"},{"floor":50,"key":"Adrenaline Potion"},{"floor":56,"key":"Block Potion"}],"is_trial":false,"path_per_floor":["M","?","$","?","M","PTL","PTL","R","M","R","T","R","M","E","T","?","R","B",null,"M","M","M","?","?","R","M","R","T","?","$","?","?","E","R","B",null,"M","M","?","M","$","E","M","R","T","?","M","M","?","M","R","B",null,"R","$","E","B"],"character_chosen":"THE_DEFAULT","items_purchased":["ReplayTheSpireMod:CursedCoin","MerchantsRug","Meat on the Bone","theMarked:Electrocute+1","Medical Kit","Nunchaku","LifebloodPotion","Membership Card","Mummified Hand","theMarked:EternalStudent","Replay:SS_fish_2"],"campfire_rested":4,"item_purchase_floors":[0,0,0,3,30,30,30,41,41,41,55],"current_hp_per_floor":[47,47,47,24,41,41,41,41,41,41,41,41,48,46,46,30,54,42,80,70,70,47,31,23,47,38,62,62,45,45,45,45,41,41,34,80,79,71,61,52,52,52,52,52,52,52,52,52,52,46,70,61,80,80,80,64,0,0],"gold":34,"neow_bonus":"","is_daily":false,"chose_seed":false,"campfire_upgraded":3,"win_rate":0.0,"timestamp":1609593326,"path_taken":["M","?","$","?","?","PTL","PTL","R","M","R","T","R","M","E","?","?","R","BOSS","M","M","M","?","?","R","?","R","T","?","?","?","?","E","R","BOSS","M","?","?","M","?","E","M","R","T","?","M","?","?","M","R","BOSS","R","$","E","BOSS"],"items_purchased_type":["Relic","Relic","Relic","Card","Relic","Relic","Potion","Relic","Relic","Card","Card"],"build_version":"2020-12-22","purchased_purges":2,"victory":false,"max_hp_per_floor":[70,70,70,75,80,80,80,80,80,80,80,80,80,80,80,80,80,80,80,80,80,80,80,80,80,80,80,80,80,80,80,80,80,80,80,80,80,80,80,80,80,80,80,80,80,80,80,80,80,80,80,80,80,80,80,80,80,80],"relic_stats":{"Nunchaku":[35],"Happy Flower":[32],"counters":[47,219],"Mummified Hand":[64],"Medical Kit":[3],"obtain_stats":[{"hubris:CrystalStatue":23,"Blue Doll":15,"Incense Burner":17,"aspiration:RitualStick":23,"Ring of Searing":8,"Nunchaku":12,"Replay:Bandana":26,"Dream Catcher":14,"HornCleat":43,"Mummified Hand":17,"aspiration:BabyByrd":2,"theMarked:SecretDocuments":42,"Ring of Peace":8,"aspiration:ArtOfWarUpgrade":10,"Fusion Hammer":34,"theMarked:VonisonLock":28,"Red Mask":29,"theMarked:BronzeBlade":36,"hubris:TinFlute":33,"MerchantsRug":0,"BargainBundle":5,"Replay:M_StaffOfTheSnake":27,"theMarked:Gun":28,"Happy Flower":11,"aspiration:Nostalgia":27,"ReplayTheSpireMod:CursedCoin":0,"hubris:SphereOfDissonance":6,"Replay:Ancient Bell":17,"Medical Kit":30,"theMarked:ArtifactOfAir":0,"Replay:Baseball":45,"Shuriken":31,"ReplayTheSpireMod:Ring of Collecting":49,"Ring of Fury":49,"Art of War":4,"Runesmith:AutoHammer":17,"Membership Card":41,"aspiration:MarisaSkillbook":19,"Meat on the Bone":0},{"hubris:CrystalStatue":11,"Blue Doll":28,"Incense Burner":6,"aspiration:RitualStick":32,"Ring of Searing":3,"Nunchaku":5,"Replay:Bandana":11,"Dream Catcher":28,"HornCleat":19,"Mummified Hand":6,"aspiration:BabyByrd":24,"theMarked:SecretDocuments":40,"Ring of Peace":3,"aspiration:ArtOfWarUpgrade":26,"Fusion Hammer":14,"theMarked:VonisonLock":33,"Red Mask":34,"theMarked:BronzeBlade":36,"hubris:TinFlute":35,"MerchantsRug":23,"BargainBundle":2,"Replay:M_StaffOfTheSnake":11,"theMarked:Gun":11,"Happy Flower":26,"aspiration:Nostalgia":11,"ReplayTheSpireMod:CursedCoin":23,"hubris:SphereOfDissonance":3,"Replay:Ancient Bell":6,"Medical Kit":34,"theMarked:ArtifactOfAir":0,"Replay:Baseball":20,"Shuriken":13,"ReplayTheSpireMod:Ring of Collecting":43,"Ring of Fury":43,"Art of War":24,"Runesmith:AutoHammer":6,"Membership Card":39,"aspiration:MarisaSkillbook":29,"Meat on the Bone":23},{"hubris:CrystalStatue":54,"Blue Doll":135,"Incense Burner":28,"aspiration:RitualStick":153,"Ring of Searing":10,"Nunchaku":17,"Replay:Bandana":54,"Dream Catcher":135,"HornCleat":90,"Mummified Hand":28,"aspiration:BabyByrd":120,"theMarked:SecretDocuments":190,"Ring of Peace":10,"aspiration:ArtOfWarUpgrade":124,"Fusion Hammer":68,"theMarked:VonisonLock":157,"Red Mask":161,"theMarked:BronzeBlade":174,"hubris:TinFlute":168,"MerchantsRug":116,"BargainBundle":5,"Replay:M_StaffOfTheSnake":54,"theMarked:Gun":54,"Happy Flower":124,"aspiration:Nostalgia":54,"ReplayTheSpireMod:CursedCoin":116,"hubris:SphereOfDissonance":10,"Replay:Ancient Bell":28,"Medical Kit":161,"theMarked:ArtifactOfAir":0,"Replay:Baseball":97,"Shuriken":62,"ReplayTheSpireMod:Ring of Collecting":202,"Ring of Fury":202,"Art of War":120,"Runesmith:AutoHammer":28,"Membership Card":185,"aspiration:MarisaSkillbook":141,"Meat on the Bone":116}],"aspiration:RitualStick":[0],"Meat on the Bone":72},"card_choices":[{"not_picked":["theMarked:WastefulDefense","theMarked:Improvise"],"picked":"theMarked:Panic","floor":1},{"not_picked":["theMarked:TwofoldDefense","theMarked:ElectricStrings"],"picked":"theMarked:ChainLightning","floor":4},{"not_picked":["theMarked:Standoff","theMarked:Overthink"],"picked":"theMarked:HeightenedSenses","floor":4},{"not_picked":["theMarked:MysticalArsenal","theMarked:PowerFlow"],"picked":"theMarked:Frustration","floor":5},{"not_picked":["theMarked:WastefulAttack","theMarked:Seal"],"picked":"theMarked:ParalyzingBlade","floor":9},{"not_picked":["theMarked:Frustration","theMarked:Parry"],"picked":"theMarked:ElectricStrings","floor":13},{"not_picked":["theMarked:WastefulDefense","theMarked:RepellingDischarge"],"picked":"theMarked:RogueSparks","floor":14},{"not_picked":["theMarked:Frustration","theMarked:Panic"],"picked":"theMarked:ThrowWeapon","floor":17},{"not_picked":["theMarked:Defy","theMarked:MagicAdept"],"picked":"theMarked:Abjuration","floor":18},{"not_picked":["theMarked:ComboAttacks","SporeBomb","theMarked:Overcharge+1"],"picked":"theMarked:SelfDefenseTraining","floor":20},{"not_picked":["UnstableBomb","theMarked:Aftermath","theMarked:Electrocute"],"picked":"theMarked:MysticalArsenal+1","floor":21},{"not_picked":["EnergyFlow","DeepEcoloBomb","theMarked:Parry"],"picked":"theMarked:Static+1","floor":22},{"not_picked":["OneTimeOff","theMarked:BanishingWave","theMarked:Reabsorb"],"picked":"DC","floor":25},{"not_picked":["theMarked:Parry+1","DeepEcoloBomb","DC"],"picked":"theMarked:Generate","floor":26},{"not_picked":["theMarked:TwofoldDefense","OneTimeOff","theMarked:Parry+1"],"picked":"OrrerysSun","floor":27},{"not_picked":["theMarked:Frustration","GalacticHalo","MagicChant"],"picked":"theMarked:HeightenedSenses+1","floor":29},{"not_picked":["PowerUp","StarDustReverie","SporeBomb"],"picked":"NonDirectionalLaser+1","floor":33},{"not_picked":["theMarked:SoldierForm","FinalSpark","theMarked:ChannelForce"],"picked":"CollectingQuirk","floor":35},{"not_picked":["GravityBeat","Orbital","theMarked:Standoff"],"picked":"theMarked:TwofoldDefense+1","floor":37},{"not_picked":["ShootingEcho","Singularity+1","Robbery","Occultation"],"picked":"SKIP","floor":38},{"not_picked":["ShootingEcho+1","Singularity+1","NonDirectionalLaser"],"picked":"UnstableBomb","floor":40},{"not_picked":["SporeBomb+1","theMarked:LightningStrikesTwice","theMarked:PowerFlow"],"picked":"theMarked:HeritageOfTheMarked+1","floor":42},{"not_picked":["theMarked:WastefulDefense+1","SuperNova","SporeBomb","GrandCross+1"],"picked":"SKIP","floor":43},{"not_picked":["SprinkleStarSeal","theMarked:TunnelVision+1","UnstableBomb"],"picked":"theMarked:WardOff","floor":47},{"not_picked":["theMarked:BanishingStrike","theMarked:SuspiciousRaven","GrandCross+1"],"picked":"DoubleSpark+1","floor":48},{"not_picked":["EnergyRecoil","AlicesGift","theMarked:Overcharge+1","theMarked:Aftermath"],"picked":"SKIP","floor":50},{"not_picked":["GasGiant","theMarked:Standoff","AsteroidBelt","theMarked:Electrocute+1"],"picked":"SKIP","floor":56}],"player_experience":435810,"relics_obtained":[{"floor":4,"key":"Art of War"},{"floor":11,"key":"Happy Flower"},{"floor":14,"key":"Dream Catcher"},{"floor":15,"key":"Blue Doll"},{"floor":28,"key":"theMarked:VonisonLock"},{"floor":29,"key":"Red Mask"},{"floor":33,"key":"hubris:TinFlute"},{"floor":42,"key":"theMarked:SecretDocuments"},{"floor":49,"key":"Ring of Fury"},{"floor":49,"key":"ReplayTheSpireMod:Ring of Collecting"},{"floor":56,"key":"Runesmith:AutoHammer"}],"event_choices":[{"damage_healed":46,"gold_gain":0,"player_choice":"Upgrade","damage_taken":16,"max_hp_gain":0,"max_hp_loss":80,"event_name":"betterThird:BetterShining","floor":16,"gold_loss":1,"cards_upgraded":["theMarked:Frustration","theMarked:ParalyzingBlade"]},{"damage_healed":0,"gold_gain":75,"player_choice":"Touch","damage_taken":8,"max_hp_gain":0,"max_hp_loss":0,"event_name":"FaceTrader","floor":24,"gold_loss":0},{"damage_healed":0,"gold_gain":0,"player_choice":"Fought Bandits","damage_taken":0,"max_hp_gain":0,"max_hp_loss":0,"event_name":"Masked Bandits","floor":29,"gold_loss":0},{"damage_healed":0,"gold_gain":0,"player_choice":"Ignored","damage_taken":0,"max_hp_gain":0,"max_hp_loss":0,"event_name":"NoteForYourself","floor":32,"gold_loss":0},{"damage_healed":0,"gold_gain":0,"player_choice":"Embrace Madness","damage_taken":10,"max_hp_gain":0,"max_hp_loss":0,"event_name":"Winding Halls","floor":39,"gold_loss":0,"cards_obtained":["Madness","Madness"]},{"damage_healed":0,"gold_gain":0,"player_choice":"Got Potions","damage_taken":0,"max_hp_gain":0,"max_hp_loss":0,"event_name":"Lab","floor":46,"gold_loss":0}],"is_beta":false,"boss_relics":[{"not_picked":["Honey Jar","Replay:Wanted Poster"],"picked":"aspiration:MarisaSkillbook"},{"not_picked":["conspire:SeveredTorchhead","Kintsugi"],"picked":"theMarked:BronzeBlade"}],"items_purged_floors":[0,55],"is_endless":false,"potions_floor_spawned":[5,14,21,29,35,38,47,48,50,56],"killed_by":"The Heart","ascension_level":0}}