{"host":"cgv4xfjbrthxr81g","time":1609612412,"event":{"mods":["2.2 Compatiblity","Act Like it!","BaseMod","Bestiary","Better Altar","Better Match","Better Note","Better Sensory Stone","Better Skull","Better Third Choice","BetterRewards","Block Reminder","Card Forge","Clawfect","Colored Map","Colored Powertips","Curses Come First","DeckTracker","Defuse TimeMaze Blight","Downfall","Energized Spire","Evolution","Friendly Minions","Hallownest","Highlight Path","Hubris","Infinite Spire","Mimic Mod","Minty Spire (QoL Compilation)","Permanent Neow","Quick Restart","Rare Cards Sparkle","Relic Sorter","Relic Stats","Replay The Spire","Robot Space Explorer","Shop Mod","Spicy Shops","StSLib","SuperFastMode","The Bug Knight","The Caster","The Construct","The Jungle","TheVacant","Uncapped","Wandering Minibosses"],"gold_per_floor":[212,212,228,238,238,267,267,38,68,68,166,116,126,126,126,126,126],"floor_reached":16,"playtime":1019,"items_purged":["construct:Strike_Gold"],"score":181,"play_id":"48f2c866-a1d6-461e-9eb1-af1d4349c625","local_time":"20210102133332","is_ascension_mode":true,"campfire_choices":[{"data":"construct:MetalShell","floor":7.0,"key":"SMITH"}],"circlet_count":0,"master_deck":["construct:AttackMode","construct:DefenseMode","construct:SuppressiveFire+1","construct:Reinforce","construct:SuppressiveFire+1","construct:Hazardproof","construct:MetalShell+1","construct:FlameCore","construct:PointDefense","construct:Autoturret","construct:Autoturret","construct:LaserCore","construct:ShieldGenerator","construct:ClockworkEgg","infinitespire:Starlight"],"relics":["construct:Cogwheel","energizedSpire:HugeHouse","Hammer of Thor","Seething Fire","construct:Challenge1","Anvil of the Gods","EVO:Axolotl","Mercury Hourglass","Medical Kit","HandDrill","Anchor","ReplayTheSpireMod:Ninjato","energizedSpire:RedRose"],"acts_visited":["Hallownest:Greenpath","TheCity"],"potions_floor_usage":[16],"damage_taken":[{"damage":0.0,"enemies":"Hallownest:2_MossCreeps","floor":1.0,"turns":5.0},{"damage":0.0,"enemies":"Hallownest:2_Baldur","floor":3.0,"turns":2.0},{"damage":0.0,"enemies":"Hallownest:monsterHuskWarrior","floor":4.0,"turns":6.0},{"damage":0.0,"enemies":"Hallownest:eliteCrystalGuardian","floor":6.0,"turns":9.0},{"damage":0,"enemies":"Hallownest:monsterFoolEater","floor":9,"turns":9},{"damage":6,"enemies":"Hallownest:BossFalseKnight","floor":11,"turns":11},{"damage":40,"enemies":"Spheric Guardian","floor":13,"turns":6},{"damage":50,"enemies":"3 Byrds","floor":16,"turns":3}],"seed_played":"7776862671070135807","potions_obtained":[{"floor":1.0,"key":"SteroidPotion"},{"floor":11,"key":"EssenceOfSteel"}],"is_trial":false,"path_per_floor":["M","?","M","M","?","E","R","$","MIM","?","B",null,"M","AVR","?","M"],"character_chosen":"THE_CONSTRUCT_MOD","items_purchased":["Medical Kit","HandDrill"],"campfire_rested":0,"item_purchase_floors":[8,8],"current_hp_per_floor":[85,85,85,85,85,85,85,85,85,85,79,80,40,40,40,0,0],"gold":126,"neow_bonus":"HUNDRED_GOLD","is_daily":false,"chose_seed":false,"campfire_upgraded":1,"win_rate":0.0,"timestamp":1609612412,"path_taken":["M","?","M","M","?","E","R","$","MIM","?","BOSS","M","AVR","?","?"],"items_purchased_type":["Relic","Relic"],"build_version":"2020-12-22","purchased_purges":1,"victory":false,"max_hp_per_floor":[85,85,85,85,85,85,85,85,85,85,85,80,80,80,80,80,80],"relic_stats":{"counters":[8,48],"HandDrill":[16],"Medical Kit":[1],"obtain_stats":[{"energizedSpire:RedRose":14,"ReplayTheSpireMod:Ninjato":14,"Hammer of Thor":0,"EVO:Axolotl":0,"Seething Fire":0,"Medical Kit":8,"Mercury Hourglass":6,"construct:Challenge1":0,"Anchor":9,"Anvil of the Gods":0,"construct:Cogwheel":0,"HandDrill":8,"energizedSpire:HugeHouse":12},{"energizedSpire:RedRose":7,"ReplayTheSpireMod:Ninjato":7,"Hammer of Thor":0,"EVO:Axolotl":0,"Seething Fire":0,"Medical Kit":4,"Mercury Hourglass":4,"construct:Challenge1":0,"Anchor":5,"Anvil of the Gods":0,"construct:Cogwheel":0,"HandDrill":4,"energizedSpire:HugeHouse":6},{"energizedSpire:RedRose":45,"ReplayTheSpireMod:Ninjato":45,"Hammer of Thor":0,"EVO:Axolotl":0,"Seething Fire":0,"Medical Kit":21,"Mercury Hourglass":21,"construct:Challenge1":0,"Anchor":29,"Anvil of the Gods":0,"construct:Cogwheel":0,"HandDrill":21,"energizedSpire:HugeHouse":40}],"Mercury Hourglass":[81]},"card_choices":[{"not_picked":["construct:ScrapCannon","construct:FocusedBeam"],"picked":"construct:Hazardproof","floor":1.0},{"not_picked":["construct:Analyze","construct:SyphonStrike"],"picked":"construct:MetalShell","floor":3.0},{"not_picked":["construct:Analyze","construct:Backup"],"picked":"construct:FlameCore","floor":4.0},{"not_picked":["construct:ScrapCannon","construct:UnbalancingBlast"],"picked":"construct:PointDefense","floor":6.0},{"not_picked":["construct:HardReboot","construct:Overcharge"],"picked":"construct:LaserCore","floor":9},{"not_picked":["construct:HammerDown","construct:LongRangeLance"],"picked":"construct:ShieldGenerator","floor":11},{"not_picked":["construct:Accumulate","construct:ShiftStrike","construct:Backfire+1"],"picked":"SKIP","floor":13}],"player_experience":93977,"relics_obtained":[{"floor":6.0,"key":"Mercury Hourglass"},{"floor":9,"key":"Anchor"}],"event_choices":[{"cards_removed":["construct:Reinforce"],"damage_healed":0,"gold_gain":0,"player_choice":"Purged","damage_taken":0,"max_hp_gain":0,"max_hp_loss":0,"event_name":"Purifier","floor":15,"gold_loss":0}],"is_beta":false,"boss_relics":[{"not_picked":["energizedSpire:EnergizedDie","Busted Crown"],"picked":"energizedSpire:HugeHouse"}],"items_purged_floors":[14],"is_endless":false,"potions_floor_spawned":[1,11],"killed_by":"3 Byrds","ascension_level":1}}