{"host":"Ian","time":1609586231,"event":{"mods":["BaseMod","Bestiary","Block Reminder","Colored Map","Highlight Path","Key Reminder","Minty Spire (QoL Compilation)","Relic Stats"],"gold_per_floor":[20,70,84,95,112,112,146,160,160,6,16,33,45,72,72,144,144,163,163,183,196,214,214,214,263,334,334,345,260,294,313,313,384,384,404,416,67,67,67,102,102,131,154,154,167,492,507,27,27,27,27,27,27,27,53,53],"floor_reached":57,"playtime":3257,"items_purged":["Strike_R","Strike_R","Anger"],"score":2977,"play_id":"04ed0c53-3647-43d6-b19b-5ed40d549a49","local_time":"20210102111711","is_ascension_mode":true,"campfire_choices":[{"data":"Immolate","floor":6,"key":"SMITH"},{"data":"Dark Embrace","floor":15,"key":"SMITH"},{"floor":23,"key":"REST"},{"data":"Corruption","floor":27,"key":"SMITH"},{"data":"Shockwave","floor":32,"key":"SMITH"},{"data":"Barricade","floor":41,"key":"SMITH"},{"data":"Feel No Pain","floor":44,"key":"SMITH"},{"floor":49,"key":"RECALL"},{"data":"Evolve","floor":53,"key":"SMITH"}],"circlet_count":0,"master_deck":["AscendersBane","Defend_R","Defend_R+1","Defend_R","Defend_R","Bash","Immolate+1","Battle Trance","Flame Barrier","True Grit","Fiend Fire","Disarm","Evolve+1","Pommel Strike","Dark Embrace+1","Corruption+1","Body Slam","Necronomicurse","Shockwave+1","Shrug It Off","Havoc","Body Slam","Feel No Pain+1","Disarm+1","Barricade+1","Power Through","Second Wind+1","Corruption+1","Flash of Steel","Apotheosis","Purity","Juggernaut","True Grit+1","Warcry+1","Sentinel","Shrug It Off","Chrysalis"],"relics":["Burning Blood","Question Card","Mercury Hourglass","Bag of Preparation","Mark of Pain","Necronomicon","Pantograph","Lizard Tail","Pocketwatch","Black Star","DollysMirror","Centennial Puzzle","Meat on the Bone","Nunchaku","Bottled Flame","War Paint","Blue Candle","Old Coin","Medical Kit","Paper Frog","Bottled Lightning"],"acts_visited":["Exordium","TheCity","TheBeyond","TheEnding"],"potions_floor_usage":[14,16,16,28,56],"damage_taken":[{"damage":7,"enemies":"Small Slimes","floor":1,"turns":2},{"damage":1,"enemies":"Cultist","floor":3,"turns":3},{"damage":0,"enemies":"2 Louse","floor":4,"turns":1},{"damage":22,"enemies":"Large Slime","floor":5,"turns":7},{"damage":39,"enemies":"Lagavulin","floor":7,"turns":8},{"damage":4,"enemies":"Blue Slaver","floor":8,"turns":3},{"damage":5,"enemies":"3 Louse","floor":11,"turns":2},{"damage":0,"enemies":"Exordium Wildlife","floor":12,"turns":3},{"damage":13,"enemies":"Blue Slaver","floor":13,"turns":2},{"damage":8,"enemies":"Gremlin Nob","floor":14,"turns":3},{"damage":33,"enemies":"Hexaghost","floor":16,"turns":8},{"damage":26,"enemies":"Spheric Guardian","floor":18,"turns":4},{"damage":6,"enemies":"2 Thieves","floor":20,"turns":2},{"damage":10,"enemies":"Chosen and Byrds","floor":21,"turns":4},{"damage":0,"enemies":"Centurion and Healer","floor":22,"turns":3},{"damage":12,"enemies":"3 Cultists","floor":28,"turns":3},{"damage":0,"enemies":"Gremlin Leader","floor":30,"turns":4},{"damage":13,"enemies":"Shelled Parasite and Fungi","floor":31,"turns":3},{"damage":21,"enemies":"Collector","floor":33,"turns":4},{"damage":9,"enemies":"Orb Walker","floor":35,"turns":4},{"damage":4,"enemies":"3 Darklings","floor":36,"turns":3},{"damage":0,"enemies":"Nemesis","floor":40,"turns":3},{"damage":14,"enemies":"Reptomancer","floor":42,"turns":5},{"damage":11,"enemies":"Sphere and 2 Shapes","floor":45,"turns":5},{"damage":0,"enemies":"Nemesis","floor":46,"turns":3},{"damage":19,"enemies":"Spire Growth","floor":47,"turns":3},{"damage":18,"enemies":"Awakened One","floor":50,"turns":6},{"damage":32,"enemies":"Donu and Deca","floor":51,"turns":6},{"damage":14,"enemies":"Shield and Spear","floor":55,"turns":3},{"damage":7,"enemies":"The Heart","floor":56,"turns":5}],"seed_played":"4021491996351557411","potions_obtained":[{"floor":1,"key":"ElixirPotion"},{"floor":4,"key":"SteroidPotion"},{"floor":14,"key":"CultistPotion"},{"floor":21,"key":"Explosive Potion"},{"floor":22,"key":"SmokeBomb"},{"floor":36,"key":"FairyPotion"},{"floor":40,"key":"SpeedPotion"}],"is_trial":false,"path_per_floor":["M","?","M","M","M","R","E","M","T","$","M","M","M","E","R","B",null,"M","?","M","M","M","R","?","T","T","R","M","?","E","M","R","B",null,"M","M","$","?","?","E","R","E","T","R","M","E","M","$","R","B","B",null,"R","$","E","B",null],"character_chosen":"IRONCLAD","items_purchased":["Regen Potion","Second Wind","DollysMirror","Medical Kit","Chrysalis"],"campfire_rested":1,"item_purchase_floors":[10,37,37,48,48],"current_hp_per_floor":[67,67,72,75,59,59,26,28,28,28,29,35,28,26,26,14,60,40,19,19,15,21,43,43,43,43,43,37,37,43,36,36,46,68,65,67,67,57,57,63,63,55,55,55,50,56,55,55,55,63,49,69,69,69,61,74],"gold":53,"neow_bonus":"THREE_RARE_CARDS","is_daily":false,"chose_seed":false,"campfire_upgraded":7,"win_rate":0.0,"timestamp":1609586231,"path_taken":["M","?","?","M","M","R","E","M","T","$","M","?","M","E","R","BOSS","M","?","M","M","M","R","?","?","T","R","M","?","E","?","R","BOSS","M","M","$","?","?","E","R","E","T","R","M","E","M","$","R","BOSS","BOSS","R","$","E","BOSS"],"items_purchased_type":["Potion","Card","Relic","Relic","Card"],"build_version":"2020-12-18","purchased_purges":3,"victory":true,"max_hp_per_floor":[75,75,75,75,75,75,75,75,75,75,75,75,75,75,75,75,75,75,75,75,75,75,75,75,75,75,75,75,75,75,75,75,75,75,75,75,75,75,75,75,75,75,75,75,75,75,75,75,75,75,75,75,75,75,75,75],"relic_stats":{"counters":[30,115],"Blue Candle":[2],"Bag of Preparation":[40],"War Paint":["Second Wind","Defend_R"],"Question Card":25,"Medical Kit":[29],"Burning Blood":177,"Mercury Hourglass":[359],"Lizard Tail":0,"Centennial Puzzle":[21],"Nunchaku":[5],"Pantograph":71,"Necronomicon":[24],"Black Star":4,"obtain_stats":[{"Blue Candle":46,"Bag of Preparation":14,"War Paint":43,"Question Card":7,"Medical Kit":48,"Burning Blood":0,"Mercury Hourglass":9,"Old Coin":46,"keyreminder:keyreminder":25,"Lizard Tail":29,"Centennial Puzzle":40,"Nunchaku":42,"Bottled Flame":42,"DollysMirror":37,"Pantograph":26,"Mark of Pain":17,"Necronomicon":19,"Black Star":34,"Bottled Lightning":55,"Pocketwatch":30,"Meat on the Bone":40,"Paper Frog":55},{"Blue Candle":25,"Bag of Preparation":10,"War Paint":23,"Question Card":5,"Medical Kit":26,"Burning Blood":0,"Mercury Hourglass":6,"Old Coin":25,"keyreminder:keyreminder":15,"Lizard Tail":16,"Centennial Puzzle":22,"Nunchaku":23,"Bottled Flame":23,"DollysMirror":21,"Pantograph":15,"Mark of Pain":11,"Necronomicon":12,"Black Star":19,"Bottled Lightning":29,"Pocketwatch":17,"Meat on the Bone":22,"Paper Frog":29},{"Blue Candle":92,"Bag of Preparation":34,"War Paint":84,"Question Card":21,"Medical Kit":95,"Burning Blood":0,"Mercury Hourglass":24,"Old Coin":92,"keyreminder:keyreminder":55,"Lizard Tail":58,"Centennial Puzzle":79,"Nunchaku":84,"Bottled Flame":84,"DollysMirror":76,"Pantograph":55,"Mark of Pain":42,"Necronomicon":46,"Black Star":69,"Bottled Lightning":110,"Pocketwatch":62,"Meat on the Bone":79,"Paper Frog":110}],"Pocketwatch":[13],"Meat on the Bone":12},"card_choices":[{"not_picked":["Bludgeon","Reaper"],"picked":"Immolate","floor":0},{"not_picked":["Entrench","Sever Soul"],"picked":"Battle Trance","floor":1},{"not_picked":["Anger","Sword Boomerang"],"picked":"Flame Barrier","floor":3},{"not_picked":["Sword Boomerang","Flex","Iron Wave"],"picked":"SKIP","floor":4},{"not_picked":["Heavy Blade","Clothesline"],"picked":"True Grit","floor":5},{"not_picked":["Anger","Metallicize"],"picked":"Fiend Fire","floor":7},{"not_picked":["Iron Wave","Rupture","Heavy Blade"],"picked":"Anger","floor":8},{"not_picked":["Clothesline","Dropkick","Sword Boomerang"],"picked":"Disarm","floor":11},{"not_picked":["Perfected Strike","Clothesline","Reckless Charge"],"picked":"Evolve","floor":12},{"not_picked":["Flame Barrier","Hemokinesis","Warcry"],"picked":"Pommel Strike","floor":13},{"not_picked":["Headbutt","Sentinel","Seeing Red"],"picked":"Dark Embrace","floor":14},{"not_picked":["Immolate","Berserk","Reaper"],"picked":"Corruption","floor":16},{"not_picked":["Cleave","Headbutt","Pommel Strike"],"picked":"Body Slam","floor":18},{"not_picked":["Sword Boomerang","Thunderclap","Second Wind+1"],"picked":"Shockwave","floor":20},{"not_picked":["Blood for Blood","Evolve","Cleave"],"picked":"Shrug It Off","floor":21},{"not_picked":["Bloodletting","Double Tap","Iron Wave"],"picked":"Havoc","floor":22},{"not_picked":["Clash+1","Rampage","Flex","Whirlwind"],"picked":"SKIP","floor":28},{"not_picked":["Clash+1","Rampage","Flex","Whirlwind"],"picked":"SKIP","floor":28},{"not_picked":["Combust","Dual Wield+1","Sword Boomerang","Flex"],"picked":"SKIP","floor":30},{"not_picked":["Anger","Shrug It Off","True Grit+1"],"picked":"Disarm+1","floor":31},{"not_picked":["Offering","Brutality","Reaper"],"picked":"Barricade","floor":33},{"not_picked":["Headbutt","Sword Boomerang","Iron Wave"],"picked":"Power Through","floor":35},{"not_picked":["True Grit","Twin Strike","Clash","Thunderclap"],"picked":"SKIP","floor":36},{"not_picked":["Secret Technique","Mind Blast","Mayhem"],"picked":"Flash of Steel","floor":38},{"not_picked":["Dark Shackles","Blind","Bandage Up"],"picked":"Apotheosis","floor":38},{"not_picked":["Forethought","Bandage Up","Dark Shackles"],"picked":"Purity","floor":38},{"not_picked":["Anger","Uppercut","Disarm"],"picked":"Juggernaut","floor":40},{"not_picked":["Clothesline","Sword Boomerang","Headbutt+1"],"picked":"True Grit+1","floor":42},{"not_picked":["Fire Breathing+1","Sword Boomerang+1","Sentinel"],"picked":"Warcry+1","floor":45},{"not_picked":["Intimidate+1","Flex+1","Reaper"],"picked":"Sentinel","floor":46},{"not_picked":["Armaments","Iron Wave+1","Thunderclap"],"picked":"Shrug It Off","floor":47},{"not_picked":["Rage","Headbutt","Heavy Blade","Evolve+1"],"picked":"SKIP","floor":55}],"player_experience":2602842,"relics_obtained":[{"floor":7,"key":"Question Card"},{"floor":9,"key":"Mercury Hourglass"},{"floor":14,"key":"Bag of Preparation"},{"floor":19,"key":"Necronomicon"},{"floor":26,"key":"Pantograph"},{"floor":30,"key":"Pocketwatch"},{"floor":40,"key":"Centennial Puzzle"},{"floor":40,"key":"Meat on the Bone"},{"floor":42,"key":"Nunchaku"},{"floor":42,"key":"Bottled Flame"},{"floor":43,"key":"War Paint"},{"floor":46,"key":"Blue Candle"},{"floor":46,"key":"Old Coin"},{"floor":55,"key":"Paper Frog"},{"floor":55,"key":"Bottled Lightning"}],"event_choices":[{"damage_healed":0,"gold_gain":50,"player_choice":"Pray","damage_taken":0,"max_hp_gain":0,"max_hp_loss":0,"event_name":"Golden Shrine","floor":2,"gold_loss":0},{"damage_healed":0,"gold_gain":0,"player_choice":"Obtained Book","damage_taken":21,"max_hp_gain":0,"max_hp_loss":0,"event_name":"Cursed Tome","floor":19,"gold_loss":0},{"damage_healed":0,"gold_gain":0,"cards_transformed":["Strike_R","Strike_R"],"player_choice":"Became Test Subject","damage_taken":0,"max_hp_gain":0,"max_hp_loss":0,"event_name":"Drug Dealer","floor":24,"gold_loss":0,"cards_obtained":["Body Slam","Feel No Pain"]},{"damage_healed":0,"gold_gain":0,"player_choice":"Obtained Relic","damage_taken":0,"relics_obtained":["Lizard Tail"],"max_hp_gain":0,"max_hp_loss":0,"event_name":"Addict","floor":29,"gold_loss":85},{"damage_healed":0,"gold_gain":0,"player_choice":"Memory 3","damage_taken":10,"max_hp_gain":0,"max_hp_loss":0,"event_name":"SensoryStone","floor":38,"gold_loss":0},{"cards_removed":["Strike_R"],"damage_healed":0,"gold_gain":0,"player_choice":"Purged","damage_taken":0,"max_hp_gain":0,"max_hp_loss":0,"event_name":"Purifier","floor":39,"gold_loss":0}],"is_beta":true,"boss_relics":[{"not_picked":["Black Blood","SlaversCollar"],"picked":"Mark of Pain"},{"not_picked":["Snecko Eye","Calling Bell"],"picked":"Black Star"}],"items_purged_floors":[10,37,48],"is_endless":false,"potions_floor_spawned":[1,4,11,13,14,21,22,36,40,45,47],"ascension_level":20}}