{"host":"2gugywxuw0nvjb3h","time":1609547714,"event":{"mods":["AchievementEnabler","BaseMod","Better Altar","Better Match","Better Note","Better Sensory Stone","Better Skull","Better Third Choice","BetterRewards","Colored Map","Colored Powertips","Curses Come First","Evolution","Filter the Spire","GifTheSpireLib","Key Reminder","Marisa????????","Minty Spire (QoL Compilation)","Rare Cards Sparkle","Relic Sorter","Spicy Shops","StSLib"],"gold_per_floor":[109,64,64,81,95,126,126,139,164,164,164,181,198,198,198,293,293,266,266,292,292,307,341,341,373,373,373,28,28,55,65,65,164,164,174,189,201,15,38,50,72,84,96,155,195,52,52,0,0,0],"floor_reached":51,"playtime":4841,"items_purged":["Decay","Pain"],"score":1051,"play_id":"2fdf4682-6cad-4b01-9bfc-d90ee031be66","local_time":"20210101173514","is_ascension_mode":true,"campfire_choices":[{"floor":11,"key":"REST"},{"data":"LikeWater","floor":15,"key":"SMITH"},{"floor":24,"key":"REST"},{"floor":29,"key":"REST"},{"floor":32,"key":"REST"},{"floor":40,"key":"REST"},{"data":"JustLucky","floor":42,"key":"SMITH"},{"floor":47,"key":"REST"},{"data":"EmptyBody","floor":49,"key":"SMITH"}],"circlet_count":0,"master_deck":["Strike_P","Strike_P+1","Strike_P","Defend_P","Defend_P","Defend_P","Defend_P","Eruption+1","Vigilance","Secret Weapon+1","FollowUp","Wallop+1","FlurryOfBlows+1","Worship+1","ClearTheMind+1","Prostrate","Alpha+1","Evaluate","JustLucky","LikeWater+1","LessonLearned","JustLucky+1","BattleHymn","Omniscience","Devotion","FearNoEvil","Weave","Establishment","CutThroughFate+1","Tantrum+1","BattleHymn+1","EmptyBody+1","Shame","InnerPeace+1","Injury","Prostrate+1","EmptyFist+1","EmptyBody"],"relics":["PureWater","EVO:Axolotl","Happy Flower","Unceasing Top","Tiny Chest","Gremlin Horn","Anchor","War Paint","Darkstone Periapt","Sozu","WarpedTongs","Blood Vial","Bronze Scales","Damaru","Whetstone","Peace Pipe","Letter Opener","Eternal Feather","WingedGreaves","Cursed Key","Medical Kit","MawBank","Bag of Marbles","CatCart","Ornamental Fan","Lantern"],"acts_visited":["Exordium","TheCity","TheBeyond"],"potions_floor_usage":[6,8,16],"damage_taken":[{"damage":0,"enemies":"Small Slimes","floor":1,"turns":2},{"damage":0,"enemies":"Cultist","floor":4,"turns":2},{"damage":8,"enemies":"2 Louse","floor":5,"turns":2},{"damage":10,"enemies":"3 Sentries","floor":6,"turns":12},{"damage":1,"enemies":"Looter","floor":8,"turns":3},{"damage":2,"enemies":"Exordium Wildlife","floor":12,"turns":4},{"damage":0,"enemies":"3 Louse","floor":13,"turns":4},{"damage":36,"enemies":"The Guardian","floor":16,"turns":7},{"damage":11,"enemies":"2 Thieves","floor":18,"turns":5},{"damage":8,"enemies":"3 Byrds","floor":22,"turns":4},{"damage":27,"enemies":"Gremlin Leader","floor":23,"turns":6},{"damage":34,"enemies":"Book of Stabbing","floor":25,"turns":5},{"damage":35,"enemies":"Slavers","floor":30,"turns":5},{"damage":11,"enemies":"Cultist and Chosen","floor":31,"turns":5},{"damage":38,"enemies":"Collector","floor":33,"turns":6},{"damage":32,"enemies":"3 Shapes","floor":35,"turns":4},{"damage":16,"enemies":"Orb Walker","floor":36,"turns":4},{"damage":7,"enemies":"3 Darklings","floor":37,"turns":3},{"damage":20,"enemies":"Jaw Worm Horde","floor":41,"turns":4},{"damage":14,"enemies":"Orin","floor":44,"turns":6},{"damage":35,"enemies":"Reptomancer","floor":45,"turns":5},{"damage":77,"enemies":"Time Eater","floor":50,"turns":8}],"seed_played":"1712379028291048851","potions_obtained":[{"floor":4,"key":"SkillPotion"},{"floor":8,"key":"Fruit Juice"},{"floor":12,"key":"BottledMiracle"}],"is_trial":false,"path_per_floor":["M","$","?","M","M","E","?","M","T","T","R","M","M","?","R","B",null,"M","?","T","?","M","E","R","E","T","T","$","R","E","M","R","B",null,"M","M","M","$","T","R","M","R","T","?","E","$","R","$","R","B",null],"character_chosen":"WATCHER","items_purchased":["Happy Flower","Secret Weapon","Tiny Chest","Gremlin Horn","FollowUp","Wallop","Worship","Eternal Feather","Medical Kit","EmptyBody","Lantern","EmptyBody"],"campfire_rested":6,"item_purchase_floors":[0,0,0,0,0,0,2,28,38,38,46,48],"current_hp_per_floor":[72,72,72,72,64,54,54,58,58,58,77,75,75,80,80,44,82,71,77,77,77,71,46,72,40,40,40,40,81,48,39,80,44,88,56,42,37,37,43,89,71,89,95,83,50,50,100,100,100,23],"gold":0,"neow_bonus":"","is_daily":false,"chose_seed":false,"campfire_upgraded":3,"win_rate":0.0,"timestamp":1609547714,"path_taken":["M","$","?","M","?","E","?","M","T","?","R","M","?","?","R","BOSS","M","?","?","?","M","E","R","E","T","?","$","R","E","M","R","BOSS","M","?","M","$","?","R","M","R","T","?","E","$","R","$","R","BOSS"],"items_purchased_type":["Relic","Card","Relic","Relic","Card","Card","Card","Relic","Relic","Card","Relic","Card"],"build_version":"2020-12-22","purchased_purges":2,"victory":true,"max_hp_per_floor":[72,72,72,72,72,72,72,77,77,77,77,77,77,82,82,82,82,82,88,88,88,88,88,88,88,88,88,88,88,88,88,88,88,88,88,88,88,88,94,94,94,94,100,100,100,100,100,100,100,100],"card_choices":[{"not_picked":["CutThroughFate","Study"],"picked":"FlurryOfBlows","floor":1},{"not_picked":["ReachHeaven","EmptyFist"],"picked":"ClearTheMind","floor":4},{"not_picked":["ReachHeaven","ThirdEye"],"picked":"Prostrate","floor":5},{"not_picked":["EmptyBody","SandsOfTime"],"picked":"Alpha","floor":6},{"not_picked":["Crescendo","Protect"],"picked":"Evaluate","floor":8},{"not_picked":["Collect","SashWhip"],"picked":"JustLucky","floor":12},{"not_picked":["Halt","Evaluate"],"picked":"LikeWater","floor":13},{"not_picked":["Alpha","Scrawl"],"picked":"LessonLearned","floor":16},{"not_picked":["SashWhip+1","ClearTheMind"],"picked":"JustLucky","floor":18},{"not_picked":["EmptyFist","WreathOfFlame"],"picked":"BattleHymn","floor":22},{"not_picked":["EmptyFist","JustLucky"],"picked":"Omniscience","floor":23},{"not_picked":["CutThroughFate","Tantrum"],"picked":"Devotion","floor":25},{"not_picked":["ReachHeaven","PathToVictory"],"picked":"FearNoEvil","floor":30},{"not_picked":["FlurryOfBlows","Swivel"],"picked":"Weave","floor":31},{"not_picked":["Brilliance","ConjureBlade"],"picked":"Establishment","floor":33},{"not_picked":["Fasting2+1","FlyingSleeves"],"picked":"CutThroughFate+1","floor":35},{"not_picked":["Prostrate","Crescendo+1"],"picked":"Tantrum+1","floor":36},{"not_picked":["Evaluate","BowlingBash"],"picked":"BattleHymn+1","floor":37},{"not_picked":["Protect+1","Halt"],"picked":"InnerPeace+1","floor":41},{"not_picked":["Evaluate","FlyingSleeves"],"picked":"Prostrate+1","floor":44},{"not_picked":["Pray","FearNoEvil"],"picked":"EmptyFist+1","floor":45}],"player_experience":162612,"relics_obtained":[{"floor":6,"key":"Anchor"},{"floor":9,"key":"War Paint"},{"floor":10,"key":"Darkstone Periapt"},{"floor":20,"key":"Blood Vial"},{"floor":21,"key":"Bronze Scales"},{"floor":23,"key":"Damaru"},{"floor":25,"key":"Whetstone"},{"floor":26,"key":"Peace Pipe"},{"floor":27,"key":"Letter Opener"},{"floor":30,"key":"WingedGreaves"},{"floor":39,"key":"MawBank"},{"floor":43,"key":"Bag of Marbles"},{"floor":44,"key":"CatCart"},{"floor":45,"key":"Ornamental Fan"}],"event_choices":[{"cards_removed":["Strike_P"],"damage_healed":0,"gold_gain":0,"player_choice":"Purged","damage_taken":0,"max_hp_gain":0,"max_hp_loss":0,"event_name":"Purifier","floor":3,"gold_loss":0},{"damage_healed":0,"gold_gain":0,"player_choice":"Grow","damage_taken":0,"max_hp_gain":0,"max_hp_loss":0,"event_name":"Living Wall","floor":7,"gold_loss":0,"cards_upgraded":["Worship"]},{"damage_healed":0,"gold_gain":0,"player_choice":"Donut","damage_taken":0,"max_hp_gain":5,"max_hp_loss":0,"event_name":"Big Fish","floor":14,"gold_loss":0},{"damage_healed":0,"gold_gain":0,"player_choice":"Rummage","damage_taken":0,"relics_obtained":["WarpedTongs"],"max_hp_gain":0,"max_hp_loss":0,"event_name":"Accursed Blacksmith","floor":19,"gold_loss":0,"cards_obtained":["Pain"]},{"damage_healed":0,"gold_gain":0,"player_choice":"Relic","damage_taken":0,"max_hp_gain":0,"max_hp_loss":0,"event_name":"Wheel of Change","floor":21,"gold_loss":0},{"damage_healed":0,"gold_gain":0,"player_choice":"Fight","damage_taken":0,"max_hp_gain":0,"max_hp_loss":0,"event_name":"OrinTheCat","floor":44,"gold_loss":0}],"is_beta":false,"boss_relics":[{"not_picked":["Busted Crown","Black Star"],"picked":"Sozu"},{"not_picked":["Pandora\u0027s Box","Snecko Eye"],"picked":"Cursed Key"}],"items_purged_floors":[0,28],"is_endless":false,"potions_floor_spawned":[4,8,12,23,25,31,36,44,45],"ascension_level":1}}