{"host":"kos1s9q8ffr8fqos","time":1609550740,"event":{"mods":["BaseMod","Bestiary","Better Altar","Better Match","Better Note","Better Sensory Stone","Better Skull","Better Third Choice","Better Vampires","Colored Map","Colored Powertips","Curses Come First","Downfall","Hermit","Infinite Spire","Minty Spire (QoL Compilation)","Quick Restart","Random Character Button","Relic Stats","Replay The Spire","StSLib","The Blue Laboratory","The Disciple"],"gold_per_floor":[20,35,35,54,73,73,100,100,100,100,100,126,169,8,8,83,83,97,108,152,193,193,193,252,252,252],"floor_reached":25,"playtime":1547,"items_purged":[],"score":456,"play_id":"6137bfa4-a54c-48e2-8981-d734d6c17daf","local_time":"20210101192540","is_ascension_mode":true,"campfire_choices":[{"floor":6.0,"key":"REST"},{"data":"Wish","floor":8.0,"key":"SMITH"},{"data":"Replay:DivineShield","floor":10.0,"key":"SMITH"},{"floor":15.0,"key":"REST"},{"floor":23,"key":"REST"}],"circlet_count":0,"master_deck":["AscendersBane","Strike_P","Strike_P","Strike_P","Strike_P","Defend_P","Defend_P+1","Defend_P","Defend_P","Eruption","Vigilance","BowlingBash","ThirdEye","Replay:DivineShield+1","Wish+1","DevaForm","Protect","LessonLearned","Nirvana","CutThroughFate+1","Weave","ClearTheMind"],"relics":["PureWater","StrikeDummy","Mercury Hourglass","Yang","Sozu","Nloth\u0027s Gift","Question Card"],"acts_visited":["Exordium","TheCity"],"potions_floor_usage":[19],"damage_taken":[{"damage":15.0,"enemies":"infinitespire:Voidling","floor":1.0,"turns":5.0},{"damage":2.0,"enemies":"Jaw Worm","floor":2.0,"turns":4.0},{"damage":0.0,"enemies":"2 Louse","floor":4.0,"turns":2.0},{"damage":22.0,"enemies":"Red Slaver","floor":5.0,"turns":11.0},{"damage":7.0,"enemies":"Lagavulin","floor":7.0,"turns":10.0},{"damage":75.0,"enemies":"Gremlin Nob","floor":12.0,"turns":7.0},{"damage":0.0,"enemies":"Exordium Thugs","floor":13.0,"turns":5.0},{"damage":35.0,"enemies":"The Guardian","floor":16.0,"turns":9.0},{"damage":0.0,"enemies":"Spheric Guardian","floor":18.0,"turns":5.0},{"damage":8,"enemies":"3 Byrds","floor":19,"turns":5},{"damage":15,"enemies":"Snecko","floor":20,"turns":9},{"damage":1,"enemies":"Centurion and Healer","floor":21,"turns":6},{"damage":32,"enemies":"Replay:Snechameleon","floor":24,"turns":8},{"damage":47,"enemies":"Snake Plant","floor":25,"turns":4}],"seed_played":"-8369802828957799748","potions_obtained":[{"floor":3.0,"key":"champ:CounterPotion"},{"floor":3.0,"key":"blueLaboratory:BubblePotion"},{"floor":7.0,"key":"blueLaboratory:FaithlessPotion"},{"floor":12.0,"key":"blueLaboratory:BottledHope"},{"floor":16.0,"key":"BlessingOfTheForge"}],"is_trial":false,"path_per_floor":["M","M","?","M","M","R","E","R","T","R","?","E","M","$","R","B",null,"M","M","M","M","?","R","E","M"],"character_chosen":"WATCHER","items_purchased":["HandDrill"],"campfire_rested":3,"item_purchase_floors":[14],"current_hp_per_floor":[58,56,56,56,34,58,51,51,51,51,90,15,15,15,42,7,69,69,61,46,45,45,72,40,0,0],"gold":252,"neow_bonus":"TWENTY_PERCENT_HP_BONUS","is_daily":false,"chose_seed":false,"campfire_upgraded":2,"win_rate":0.0,"timestamp":1609550740,"path_taken":["M","?","?","?","M","R","E","R","T","R","?","E","?","?","R","BOSS","M","M","M","M","?","R","E","M"],"items_purchased_type":["Relic"],"build_version":"2020-12-22","purchased_purges":0,"victory":false,"max_hp_per_floor":[80,80,80,80,80,80,80,80,80,80,90,90,90,90,90,90,90,90,90,90,90,90,90,90,90,90],"relic_stats":{"Sozu":3,"counters":[14,90],"Yang":[86],"Nloth\u0027s Gift":0,"Question Card":0,"obtain_stats":[{"Sozu":17,"Yang":12,"HandDrill":14,"Nloth\u0027s Gift":22,"PureWater":0,"StrikeDummy":7,"Question Card":24,"Mercury Hourglass":9},{"Sozu":8,"Yang":6,"HandDrill":7,"Nloth\u0027s Gift":12,"PureWater":0,"StrikeDummy":5,"Question Card":13,"Mercury Hourglass":5},{"Sozu":53,"Yang":39,"HandDrill":44,"Nloth\u0027s Gift":78,"PureWater":0,"StrikeDummy":32,"Question Card":86,"Mercury Hourglass":32}],"Mercury Hourglass":[195]},"card_choices":[{"not_picked":["EmptyBody","JustLucky"],"picked":"BowlingBash","floor":1.0},{"not_picked":["Replay:AtTheReady","Fasting2"],"picked":"ThirdEye","floor":2.0},{"not_picked":["Wireheading","Prostrate"],"picked":"Replay:DivineShield","floor":4.0},{"not_picked":["Replay:BluntJabs","Perseverance"],"picked":"Wish","floor":5.0},{"not_picked":["Replay:Anticipation","Replay:DivineShield"],"picked":"ConjureBlade","floor":7.0},{"not_picked":["Swivel","ForeignInfluence"],"picked":"DevaForm","floor":12.0},{"not_picked":["FollowUp","JustLucky"],"picked":"Protect","floor":13.0},{"not_picked":["Establishment","Replay:LoomingThreat"],"picked":"LessonLearned","floor":16.0},{"not_picked":["Tantrum","Replay:AtTheReady+1"],"picked":"Nirvana","floor":18.0},{"not_picked":["Pray","EmptyBody"],"picked":"CutThroughFate","floor":19},{"not_picked":["Prostrate","Swivel"],"picked":"Weave","floor":20},{"not_picked":["Collect","BattleHymn+1"],"picked":"ClearTheMind","floor":21},{"not_picked":["Sanctity","Halt","EmptyMind"],"picked":"SKIP","floor":24}],"player_experience":1279032,"relics_obtained":[{"floor":7.0,"key":"StrikeDummy"},{"floor":9.0,"key":"Mercury Hourglass"},{"floor":12.0,"key":"Yang"},{"floor":24,"key":"Question Card"}],"event_choices":[{"damage_healed":0.0,"max_hp_gain":0.0,"max_hp_loss":0.0,"gold_gain":0.0,"event_name":"Lab","player_choice":"Got Potions","floor":3.0,"gold_loss":0.0,"damage_taken":0.0},{"cards_removed":["ConjureBlade"],"damage_healed":29.0,"max_hp_gain":10.0,"max_hp_loss":0.0,"gold_gain":0.0,"event_name":"Bonfire Elementals","player_choice":"Offered Rare","floor":11.0,"gold_loss":0.0,"damage_taken":0.0},{"damage_healed":0,"gold_gain":0,"player_choice":"Traded Relic","damage_taken":0,"relics_obtained":["Nloth\u0027s Gift"],"max_hp_gain":0,"max_hp_loss":0,"event_name":"N\u0027loth","floor":22,"relics_lost":["HandDrill"],"gold_loss":0}],"is_beta":false,"boss_relics":[{"not_picked":["Busted Crown","ReplayTheSpireMod:DimensionalGlitch"],"picked":"Sozu"}],"items_purged_floors":[],"is_endless":false,"potions_floor_spawned":[4,7,12,16,18,21,24],"killed_by":"Snake Plant","ascension_level":17}}