{"host":"Ian","time":1609605720,"event":{"mods":["BaseMod","Bestiary","Block Reminder","Colored Map","Highlight Path","Key Reminder","Minty Spire (QoL Compilation)","Relic Stats"],"gold_per_floor":[115,115,190,190,207,242,242,269,296,316,341,360,378,396,396,473,523,537,537,556,571,81,112,112,137,137,137,157,191,191,209,209,209,209],"floor_reached":33,"playtime":1545,"items_purged":["Strike_R"],"score":754,"play_id":"2d614648-c4dd-4b83-9c3d-a05f614e4df1","local_time":"20210102164200","is_ascension_mode":true,"campfire_choices":[{"data":"Bash","floor":7.0,"key":"SMITH"},{"data":"Metallicize","floor":15.0,"key":"SMITH"},{"floor":24.0,"key":"REST"},{"floor":27.0,"key":"REST"},{"floor":30.0,"key":"REST"},{"floor":32.0,"key":"REST"}],"circlet_count":0,"master_deck":["AscendersBane","Strike_R+1","Strike_R","Defend_R","Defend_R+1","Defend_R+1","Defend_R+1","Bash+1","Disarm","Metallicize+1","Wild Strike+1","Fire Breathing","Second Wind","Disarm","Armaments","Iron Wave+1","Offering+1","Combust","Carnage+1","Bludgeon+1","Feel No Pain","Finesse","Ghostly Armor","Shrug It Off"],"relics":["Burning Blood","NeowsBlessing","PreservedInsect","Molten Egg 2","keyreminder:keyreminder","Omamori","TungstenRod","Tiny House","Happy Flower","Smiling Mask","Tiny Chest","Sundial","War Paint"],"acts_visited":["Exordium","TheCity"],"potions_floor_usage":[33,33],"damage_taken":[{"damage":0.0,"enemies":"Jaw Worm","floor":1.0,"turns":1.0},{"damage":0.0,"enemies":"Small Slimes","floor":5.0,"turns":1.0},{"damage":0.0,"enemies":"Gremlin Nob","floor":6.0,"turns":1.0},{"damage":16.0,"enemies":"3 Sentries","floor":8.0,"turns":7.0},{"damage":10.0,"enemies":"2 Louse","floor":10.0,"turns":3.0},{"damage":15.0,"enemies":"Lagavulin","floor":11.0,"turns":7.0},{"damage":3.0,"enemies":"2 Fungi Beasts","floor":12.0,"turns":5.0},{"damage":12.0,"enemies":"Large Slime","floor":13.0,"turns":6.0},{"damage":5.0,"enemies":"3 Louse","floor":14.0,"turns":3.0},{"damage":15.0,"enemies":"The Guardian","floor":16.0,"turns":14.0},{"damage":34.0,"enemies":"Chosen","floor":18.0,"turns":7.0},{"damage":16.0,"enemies":"Spheric Guardian","floor":20.0,"turns":6.0},{"damage":18.0,"enemies":"Snake Plant","floor":21.0,"turns":5.0},{"damage":5.0,"enemies":"Gremlin Leader","floor":23.0,"turns":4.0},{"damage":9.0,"enemies":"Book of Stabbing","floor":25.0,"turns":4.0},{"damage":21.0,"enemies":"Sentry and Sphere","floor":28.0,"turns":5.0},{"damage":34.0,"enemies":"Slavers","floor":29.0,"turns":5.0},{"damage":17.0,"enemies":"Centurion and Healer","floor":31.0,"turns":6.0},{"damage":62,"enemies":"Collector","floor":33,"turns":10}],"seed_played":"6031469533725319709","potions_obtained":[{"floor":6.0,"key":"Ancient Potion"},{"floor":10.0,"key":"Ancient Potion"},{"floor":11.0,"key":"ColorlessPotion"},{"floor":17.0,"key":"SpeedPotion"},{"floor":23.0,"key":"Block Potion"},{"floor":25.0,"key":"DuplicationPotion"},{"floor":28.0,"key":"Explosive Potion"},{"floor":29.0,"key":"Energy Potion"}],"is_trial":false,"path_per_floor":["M","?","?","?","M","E","R","E","T","M","E","M","M","M","R","B",null,"M","?","M","M","$","E","R","E","T","R","M","E","R","M","R","B"],"character_chosen":"IRONCLAD","items_purchased":["Happy Flower","EssenceOfSteel","Fire Potion","Finesse"],"campfire_rested":4,"item_purchase_floors":[22,22,22,22],"current_hp_per_floor":[74,69,58,35,41,47,47,37,37,33,24,27,21,22,22,13,65,37,37,27,15,15,16,40,37,37,61,46,18,42,31,55,0,0],"gold":209,"neow_bonus":"THREE_ENEMY_KILL","is_daily":false,"chose_seed":false,"campfire_upgraded":2,"win_rate":0.0,"timestamp":1609605720,"path_taken":["M","?","?","?","M","E","R","E","T","?","E","M","M","M","R","BOSS","M","?","M","M","$","E","R","E","T","R","M","E","R","M","R","BOSS"],"items_purchased_type":["Relic","Potion","Potion","Card"],"build_version":"2020-12-18","purchased_purges":1,"victory":false,"max_hp_per_floor":[75,75,75,75,75,75,75,75,75,75,75,75,75,75,75,75,80,80,80,80,80,80,80,80,80,80,80,80,80,80,80,80,80,80],"relic_stats":{"Happy Flower":[11],"counters":[19,100],"Sundial":[4],"Tiny Chest":0,"PreservedInsect":192,"War Paint":["Offering","Defend_R"],"Smiling Mask":0,"obtain_stats":[{"Tiny House":17,"NeowsBlessing":0,"Happy Flower":22,"PreservedInsect":2,"Omamori":8,"War Paint":29,"Smiling Mask":23,"Burning Blood":0,"keyreminder:keyreminder":6,"Sundial":26,"Molten Egg 2":6,"Tiny Chest":25,"TungstenRod":11},{"Tiny House":10,"NeowsBlessing":0,"Happy Flower":13,"PreservedInsect":1,"Omamori":4,"War Paint":17,"Smiling Mask":14,"Burning Blood":0,"keyreminder:keyreminder":3,"Sundial":15,"Molten Egg 2":3,"Tiny Chest":15,"TungstenRod":6},{"Tiny House":48,"NeowsBlessing":0,"Happy Flower":66,"PreservedInsect":1,"Omamori":10,"War Paint":84,"Smiling Mask":70,"Burning Blood":0,"keyreminder:keyreminder":3,"Sundial":74,"Molten Egg 2":3,"Tiny Chest":74,"TungstenRod":20}],"Burning Blood":108,"TungstenRod":76},"card_choices":[{"not_picked":["Perfected Strike","Bloodletting"],"picked":"Disarm","floor":1.0},{"not_picked":["Twin Strike","Second Wind"],"picked":"Metallicize","floor":5.0},{"not_picked":["Heavy Blade+1","Clash+1"],"picked":"Wild Strike+1","floor":6.0},{"not_picked":["True Grit","Infernal Blade"],"picked":"Fire Breathing","floor":8.0},{"not_picked":["Inflame","Warcry"],"picked":"Second Wind","floor":10.0},{"not_picked":["Perfected Strike+1","Warcry"],"picked":"Disarm","floor":11.0},{"not_picked":["Rupture","Berserk","Warcry"],"picked":"SKIP","floor":12.0},{"not_picked":["Twin Strike+1","Heavy Blade+1"],"picked":"Armaments","floor":13.0},{"not_picked":["Fire Breathing","Body Slam+1"],"picked":"Iron Wave+1","floor":14.0},{"not_picked":["Bludgeon+1","Double Tap"],"picked":"Offering","floor":16.0},{"not_picked":["Dark Embrace","Havoc"],"picked":"Combust","floor":17.0},{"not_picked":["Flex","Cleave+1","Warcry"],"picked":"SKIP","floor":18.0},{"not_picked":["Flex","Inflame"],"picked":"Feel No Pain","floor":20.0},{"not_picked":["Twin Strike+1","Iron Wave+1","Limit Break"],"picked":"SKIP","floor":21.0},{"not_picked":["Pummel+1","Infernal Blade","Armaments+1"],"picked":"SKIP","floor":23.0},{"not_picked":["Iron Wave+1","Feel No Pain+1","Fire Breathing"],"picked":"SKIP","floor":25.0},{"not_picked":["Anger+1","Twin Strike+1"],"picked":"Ghostly Armor","floor":28.0},{"not_picked":["Body Slam+1","Dual Wield"],"picked":"Shrug It Off","floor":29.0},{"not_picked":["Clash+1","Anger+1","Rupture+1"],"picked":"SKIP","floor":31.0}],"player_experience":2610727,"relics_obtained":[{"floor":6.0,"key":"Molten Egg 2"},{"floor":8.0,"key":"Omamori"},{"floor":11.0,"key":"TungstenRod"},{"floor":23.0,"key":"Smiling Mask"},{"floor":25.0,"key":"Tiny Chest"},{"floor":26.0,"key":"Sundial"},{"floor":29.0,"key":"War Paint"}],"event_choices":[{"damage_healed":0.0,"max_hp_gain":0.0,"max_hp_loss":0.0,"gold_gain":0.0,"event_name":"Scrap Ooze","player_choice":"Success","floor":2.0,"gold_loss":0.0,"damage_taken":5.0,"relics_obtained":["PreservedInsect"]},{"damage_healed":0.0,"max_hp_gain":0.0,"max_hp_loss":0.0,"gold_gain":75.0,"event_name":"World of Goop","player_choice":"Gather Gold","floor":3.0,"gold_loss":0.0,"damage_taken":11.0},{"damage_healed":0.0,"max_hp_gain":0.0,"max_hp_loss":0.0,"gold_gain":0.0,"event_name":"Shining Light","player_choice":"Entered Light","floor":4.0,"gold_loss":0.0,"damage_taken":23.0,"cards_upgraded":["Defend_R","Strike_R"]},{"damage_healed":0.0,"max_hp_gain":0.0,"max_hp_loss":0.0,"gold_gain":0.0,"cards_transformed":["Strike_R","Strike_R"],"event_name":"Drug Dealer","player_choice":"Became Test Subject","floor":19.0,"gold_loss":0.0,"damage_taken":0.0,"cards_obtained":["Carnage","Bludgeon"]}],"is_beta":true,"boss_relics":[{"not_picked":["Busted Crown","Black Star"],"picked":"Tiny House"}],"items_purged_floors":[22],"is_endless":false,"potions_floor_spawned":[6,10,11,12,23,25,28,29],"killed_by":"Collector","ascension_level":20}}