{"host":"2gugywxuw0nvjb3h","time":1609557259,"event":{"mods":["AchievementEnabler","BaseMod","Better Altar","Better Match","Better Note","Better Sensory Stone","Better Skull","Better Third Choice","BetterRewards","Colored Map","Colored Powertips","Curses Come First","Evolution","Filter the Spire","GifTheSpireLib","Key Reminder","Marisa????????","Minty Spire (QoL Compilation)","Rare Cards Sparkle","Relic Sorter","Spicy Shops","StSLib"],"gold_per_floor":[127,127,127,155,174,174,203,237,264,38,38,61,82,102,102,207,207,226,226,226,252,252,287,313,313,381,407,447,469,469,489,489,603,603,631,640,660,15,15,15,54,54,80,80,80,110,146,23,23,23],"floor_reached":51,"playtime":4731,"items_purged":[],"score":1037,"play_id":"8ae60c10-502f-459b-80ca-9b2add69d089","local_time":"20210101201419","is_ascension_mode":true,"campfire_choices":[{"data":"Wallop","floor":6,"key":"SMITH"},{"data":"WindmillStrike","floor":11,"key":"SMITH"},{"data":"CarveReality","floor":15,"key":"SMITH"},{"floor":25,"key":"REST"},{"data":"DevaForm","floor":32,"key":"SMITH"},{"floor":40,"key":"DIG"},{"floor":42,"key":"REST"},{"floor":45,"key":"REST"},{"floor":49,"key":"DIG"}],"circlet_count":0,"master_deck":["EmptyFist","EmptyFist","EmptyFist","EmptyFist","ThirdEye","ThirdEye","Defend_P","Defend_P","Eruption","Vigilance","CarveReality","CarveReality+1","Wallop+1","BowlingBash","Indignation","JustLucky","WindmillStrike+1","Weave","SpiritShield+1","Weave","DevaForm+1","JustLucky","Wireheading","CutThroughFate+1","Collect","Evaluate","CutThroughFate","FlurryOfBlows","Alpha+1","Prostrate+1","Alpha","TalkToTheHand+1","Panache","BattleHymn","Halt","Wireheading","EmptyFist+1","Wireheading","EmptyBody+1","EmptyBody"],"relics":["PureWater","Happy Flower","Nunchaku","Shuriken","EVO:Axolotl","CaptainsWheel","Orichalcum","CeramicFish","DollysMirror","Centennial Puzzle","Anchor","Membership Card","Gambling Chip","Sozu","MutagenicStrength","Omamori","Darkstone Periapt","Black Star","Juzu Bracelet","Shovel","Matryoshka","TheAbacus","Boot","Pantograph","Prayer Wheel","Bag of Marbles","Gremlin Horn","Regal Pillow","War Paint","Yang","Lantern"],"acts_visited":["Exordium","TheCity","TheBeyond"],"potions_floor_usage":[16,18,18,27],"damage_taken":[{"damage":0,"enemies":"Jaw Worm","floor":1,"turns":2},{"damage":0,"enemies":"Small Slimes","floor":4,"turns":3},{"damage":0,"enemies":"Cultist","floor":5,"turns":3},{"damage":4,"enemies":"Blue Slaver","floor":7,"turns":3},{"damage":9,"enemies":"Lagavulin","floor":8,"turns":5},{"damage":0,"enemies":"2 Fungi Beasts","floor":12,"turns":2},{"damage":0,"enemies":"Exordium Thugs","floor":13,"turns":3},{"damage":0,"enemies":"Looter","floor":14,"turns":2},{"damage":25,"enemies":"Slime Boss","floor":16,"turns":8},{"damage":4,"enemies":"Shell Parasite","floor":18,"turns":3},{"damage":0,"enemies":"Chosen","floor":21,"turns":3},{"damage":12,"enemies":"Gremlin Leader","floor":23,"turns":5},{"damage":6,"enemies":"Shelled Parasite and Fungi","floor":24,"turns":4},{"damage":12,"enemies":"Snake Plant","floor":27,"turns":4},{"damage":12,"enemies":"Slavers","floor":28,"turns":4},{"damage":5,"enemies":"Centurion and Healer","floor":29,"turns":4},{"damage":9,"enemies":"Snecko","floor":31,"turns":3},{"damage":38,"enemies":"Champ","floor":33,"turns":8},{"damage":0,"enemies":"3 Shapes","floor":35,"turns":3},{"damage":2,"enemies":"Orb Walker","floor":37,"turns":3},{"damage":48,"enemies":"Reptomancer","floor":41,"turns":4},{"damage":4,"enemies":"Sphere and 2 Shapes","floor":46,"turns":3},{"damage":4,"enemies":"4 Shapes","floor":47,"turns":4},{"damage":45,"enemies":"Awakened One","floor":50,"turns":10}],"seed_played":"8685862427395013121","potions_obtained":[{"floor":5,"key":"Weak Potion"},{"floor":8,"key":"Fruit Juice"},{"floor":12,"key":"EssenceOfSteel"},{"floor":16,"key":"SpeedPotion"}],"is_trial":false,"path_per_floor":["M","?","$","M","M","R","M","E","T","$","R","M","M","M","R","B",null,"M","?","?","M","?","E","M","R","T","M","E","M","?","M","R","B",null,"M","?","M","$","T","R","E","R","T","?","R","M","M","$","R","B",null],"character_chosen":"WATCHER","items_purchased":["Orichalcum","CeramicFish","Happy Flower","CarveReality","DollysMirror","Membership Card","Gambling Chip","Juzu Bracelet","Shovel","Shuriken","Matryoshka","Panache","BattleHymn","TheAbacus","Yang","EmptyBody"],"campfire_rested":3,"item_purchase_floors":[0,0,0,0,0,10,10,38,38,38,38,38,38,38,48,48],"current_hp_per_floor":[72,72,72,72,72,72,68,59,59,59,59,59,59,59,59,39,77,73,73,73,73,73,61,55,77,77,65,53,48,87,78,78,40,87,87,87,85,85,85,85,37,63,63,63,87,83,79,79,79,42],"gold":23,"neow_bonus":"","is_daily":false,"chose_seed":false,"campfire_upgraded":4,"win_rate":0.0,"timestamp":1609557259,"path_taken":["M","?","$","M","M","R","M","E","T","$","R","M","M","M","R","BOSS","M","?","?","M","?","E","M","R","T","M","E","M","?","?","R","BOSS","M","?","M","$","?","R","E","R","T","?","R","M","M","$","R","BOSS"],"items_purchased_type":["Relic","Relic","Relic","Card","Relic","Relic","Relic","Relic","Relic","Relic","Relic","Card","Card","Relic","Relic","Card"],"build_version":"2020-12-22","purchased_purges":0,"victory":true,"max_hp_per_floor":[72,72,72,72,72,72,72,72,72,72,72,72,72,72,72,77,77,77,77,77,77,77,77,77,77,77,77,77,77,87,87,87,87,87,87,87,87,87,87,87,87,87,87,87,87,87,87,87,87,87],"card_choices":[{"not_picked":["SashWhip","ForeignInfluence"],"picked":"Wallop","floor":1},{"not_picked":["DeceiveReality","ClearTheMind"],"picked":"BowlingBash","floor":4},{"not_picked":["Protect","ForeignInfluence"],"picked":"Indignation","floor":5},{"not_picked":["Evaluate","Crescendo"],"picked":"JustLucky","floor":7},{"not_picked":["EmptyMind","Halt"],"picked":"WindmillStrike","floor":8},{"not_picked":["Collect","MentalFortress"],"picked":"Weave","floor":12},{"not_picked":["Adaptation","EmptyBody"],"picked":"SpiritShield","floor":13},{"not_picked":["SashWhip","EmptyMind"],"picked":"Weave","floor":14},{"not_picked":["Ragnarok","Brilliance"],"picked":"DevaForm","floor":16},{"not_picked":["Adaptation","CrushJoints"],"picked":"JustLucky","floor":18},{"not_picked":["TalkToTheHand","PathToVictory+1"],"picked":"Wireheading","floor":21},{"not_picked":["FlyingSleeves","SignatureMove"],"picked":"CutThroughFate+1","floor":23},{"not_picked":["WheelKick","ThirdEye"],"picked":"Collect","floor":24},{"not_picked":["EmptyMind","SashWhip"],"picked":"Evaluate","floor":27},{"not_picked":["Adaptation+1","FlyingSleeves"],"picked":"DeusExMachina","floor":28},{"not_picked":["PathToVictory+1","BowlingBash"],"picked":"CutThroughFate","floor":29},{"not_picked":["Vengeance","EmptyFist"],"picked":"FlurryOfBlows","floor":31},{"not_picked":["Blasphemy","MasterReality"],"picked":"Alpha","floor":33},{"not_picked":["Protect+1","EmptyBody+1"],"picked":"Prostrate+1","floor":35},{"not_picked":["EmptyBody","CrushJoints+1"],"picked":"TalkToTheHand+1","floor":37},{"not_picked":["CutThroughFate","Fasting2+1"],"picked":"Halt","floor":41},{"not_picked":["Evaluate","Crescendo+1"],"picked":"Wireheading","floor":46},{"not_picked":["CutThroughFate+1","Fasting2"],"picked":"EmptyFist+1","floor":46},{"not_picked":["CrushJoints+1","Evaluate"],"picked":"Wireheading","floor":47},{"not_picked":["DevaForm","FollowUp+1"],"picked":"EmptyBody+1","floor":47}],"player_experience":172142,"relics_obtained":[{"floor":8,"key":"Centennial Puzzle"},{"floor":9,"key":"Anchor"},{"floor":23,"key":"Omamori"},{"floor":26,"key":"Darkstone Periapt"},{"floor":28,"key":"Nunchaku"},{"floor":39,"key":"Boot"},{"floor":39,"key":"Pantograph"},{"floor":40,"key":"Prayer Wheel"},{"floor":41,"key":"Bag of Marbles"},{"floor":41,"key":"Gremlin Horn"},{"floor":43,"key":"Regal Pillow"},{"floor":43,"key":"War Paint"},{"floor":49,"key":"Lantern"}],"event_choices":[{"damage_healed":0,"gold_gain":0,"player_choice":"Ignored","damage_taken":0,"max_hp_gain":0,"max_hp_loss":0,"event_name":"Golden Wing","floor":2,"gold_loss":0},{"damage_healed":0,"gold_gain":0,"player_choice":"Ignored","damage_taken":0,"max_hp_gain":0,"max_hp_loss":0,"event_name":"betterNote:BetterNote","floor":19,"gold_loss":0,"cards_obtained":["Strike_MRS"]},{"damage_healed":0,"gold_gain":0,"player_choice":"Ignored","damage_taken":0,"max_hp_gain":0,"max_hp_loss":0,"event_name":"Vampires","floor":20,"gold_loss":0},{"damage_healed":0,"gold_gain":0,"player_choice":"Inject Mutagens","damage_taken":0,"relics_obtained":["MutagenicStrength"],"max_hp_gain":0,"max_hp_loss":0,"event_name":"Drug Dealer","floor":22,"gold_loss":0},{"cards_removed":["DeusExMachina"],"damage_healed":29,"gold_gain":0,"player_choice":"Offered Rare","damage_taken":0,"max_hp_gain":10,"max_hp_loss":0,"event_name":"Bonfire Elementals","floor":30,"gold_loss":0},{"damage_healed":0,"gold_gain":0,"player_choice":"Copied","damage_taken":0,"max_hp_gain":0,"max_hp_loss":0,"event_name":"Duplicator","floor":36,"gold_loss":0,"cards_obtained":["Alpha"]},{"damage_healed":0,"gold_gain":0,"player_choice":"Ignored","damage_taken":0,"max_hp_gain":0,"max_hp_loss":0,"event_name":"OrinTheCat","floor":44,"gold_loss":0}],"is_beta":false,"boss_relics":[{"not_picked":["Ectoplasm","Snecko Eye"],"picked":"Sozu"},{"not_picked":["VioletLotus","SlaversCollar"],"picked":"Black Star"}],"items_purged_floors":[],"is_endless":false,"potions_floor_spawned":[5,8,12,16,21,23,27,29,31,41,46],"ascension_level":1}}