{"host":"szp1d6dso4pv7ddl","time":1609627450,"event":{"mods":["AchievementEnabler","Alarm Clock","BaseMod","Bestiary","Block Reminder","Colored Map","Colored Powertips","Curses Come First","Displayed Cursed Tome","Highlight Path","Minty Spire (QoL Compilation)","Permanent Neow","Quick Restart","Relic Sorter","Relic Stats","StSLib","Synergy Search"],"gold_per_floor":[117,117,117,128,145,145,175,175,199,224,242,272,291,306,306,403,403,422,422,521,521,541,541,255,275,275,275,306,306,117,148,148,148,148],"floor_reached":33,"playtime":1820,"items_purged":["Strike_R+1"],"score":517,"play_id":"b9066cc2-e4f0-47c0-a195-0363a769deb7","local_time":"20210102144410","is_ascension_mode":true,"campfire_choices":[{"data":"Bludgeon","floor":6.0,"key":"SMITH"},{"data":"Pommel Strike","floor":8.0,"key":"SMITH"},{"floor":15.0,"key":"REST"},{"floor":29.0,"key":"REST"},{"floor":32.0,"key":"REST"}],"circlet_count":0,"master_deck":["AscendersBane","Strike_R+1","Strike_R+1","Strike_R+1","Strike_R+1","Defend_R+1","Defend_R+1","Defend_R+1","Bash","Bludgeon+1","Clash","Pommel Strike+1","Shrug It Off","Reckless Charge","Exhume","Twin Strike","Perfected Strike","Shockwave","Flash of Steel","Offering"],"relics":["Black Blood","Ornamental Fan","Toy Ornithopter","Vajra","Blood Vial","Strawberry","Membership Card","Pantograph","Mummified Hand","Strange Spoon","Gambling Chip"],"acts_visited":["Exordium","TheCity"],"potions_floor_usage":[],"damage_taken":[{"damage":12.0,"enemies":"Jaw Worm","floor":1.0,"turns":2.0},{"damage":0.0,"enemies":"Small Slimes","floor":4.0,"turns":2.0},{"damage":11.0,"enemies":"2 Louse","floor":5.0,"turns":3.0},{"damage":20.0,"enemies":"Lagavulin","floor":7.0,"turns":3.0},{"damage":25.0,"enemies":"3 Sentries","floor":10.0,"turns":7.0},{"damage":13.0,"enemies":"Red Slaver","floor":11.0,"turns":3.0},{"damage":13.0,"enemies":"Lagavulin","floor":12.0,"turns":6.0},{"damage":23.0,"enemies":"Exordium Thugs","floor":13.0,"turns":4.0},{"damage":3.0,"enemies":"Blue Slaver","floor":14.0,"turns":2.0},{"damage":28.0,"enemies":"Slime Boss","floor":16.0,"turns":11.0},{"damage":37.0,"enemies":"Shell Parasite","floor":18.0,"turns":5.0},{"damage":14.0,"enemies":"Spheric Guardian","floor":22.0,"turns":3.0},{"damage":23.0,"enemies":"Gremlin Leader","floor":23.0,"turns":3.0},{"damage":28.0,"enemies":"Chosen and Byrds","floor":25.0,"turns":5.0},{"damage":67.0,"enemies":"Book of Stabbing","floor":28.0,"turns":5.0},{"damage":37.0,"enemies":"Slavers","floor":31.0,"turns":5.0},{"damage":104,"enemies":"Champ","floor":33,"turns":9}],"seed_played":"1609205588663510367","potions_obtained":[{"floor":7.0,"key":"Block Potion"},{"floor":10.0,"key":"Dexterity Potion"},{"floor":13.0,"key":"LiquidBronze"},{"floor":14.0,"key":"DistilledChaos"},{"floor":18.0,"key":"SmokeBomb"}],"is_trial":false,"path_per_floor":["M","?","$","M","M","R","E","R","T","E","M","E","M","M","R","B",null,"M","?","?","?","M","E","$","M","T","?","E","R","$","E","R","B"],"character_chosen":"IRONCLAD","items_purchased":["Membership Card","Pantograph","Perfected Strike","Shockwave","Strange Spoon","Flash of Steel"],"campfire_rested":3,"item_purchase_floors":[24,24,24,30,30,30],"current_hp_per_floor":[66,66,66,72,67,67,53,53,53,39,34,41,26,31,54,39,69,46,46,46,46,51,47,47,33,33,89,34,60,60,37,63,0,0],"gold":148,"neow_bonus":"THREE_RARE_CARDS","is_daily":false,"chose_seed":false,"campfire_upgraded":2,"win_rate":0.0,"timestamp":1609627450,"path_taken":["M","?","$","M","M","R","E","R","T","E","M","E","M","M","R","BOSS","M","?","?","?","M","E","$","M","T","?","E","R","$","E","R","BOSS"],"items_purchased_type":["Relic","Relic","Card","Card","Relic","Card"],"build_version":"2020-12-22","purchased_purges":1,"victory":false,"max_hp_per_floor":[72,72,72,72,72,72,72,72,72,72,72,79,79,79,79,79,79,79,79,79,79,79,79,79,79,79,89,89,89,89,89,89,89,89],"relic_stats":{"Blood Vial":21,"Strange Spoon":[2],"counters":[17,78],"Ornamental Fan":[20],"Mummified Hand":[0],"Pantograph":25,"Gambling Chip":[3],"Black Blood":132,"obtain_stats":[{"Blood Vial":10,"Strange Spoon":30,"Mummified Hand":26,"Ornamental Fan":28,"Strawberry":12,"Pantograph":24,"Gambling Chip":31,"Vajra":9,"Black Blood":17,"Membership Card":24,"Burning Blood":0,"Toy Ornithopter":7},{"Blood Vial":5,"Strange Spoon":15,"Mummified Hand":14,"Ornamental Fan":15,"Strawberry":7,"Pantograph":13,"Gambling Chip":16,"Vajra":4,"Black Blood":10,"Membership Card":13,"Burning Blood":0,"Toy Ornithopter":4},{"Blood Vial":17,"Strange Spoon":64,"Mummified Hand":59,"Ornamental Fan":64,"Strawberry":26,"Pantograph":54,"Gambling Chip":69,"Vajra":10,"Black Blood":43,"Membership Card":54,"Burning Blood":0,"Toy Ornithopter":10}],"Toy Ornithopter":25},"card_choices":[{"not_picked":["Limit Break","Reaper"],"picked":"Corruption","floor":0.0},{"not_picked":["Cleave","Dual Wield","Dropkick"],"picked":"SKIP","floor":1.0},{"not_picked":["Flame Barrier","Armaments"],"picked":"Clash","floor":4.0},{"not_picked":["Thunderclap","Blood for Blood"],"picked":"Pommel Strike","floor":5.0},{"not_picked":["Rampage","Entrench","Havoc"],"picked":"SKIP","floor":7.0},{"not_picked":["Rage","Burning Pact"],"picked":"Shrug It Off","floor":10.0},{"not_picked":["Cleave","Clothesline","Thunderclap"],"picked":"SKIP","floor":11.0},{"not_picked":["Clothesline","Heavy Blade","Flex"],"picked":"SKIP","floor":12.0},{"not_picked":["True Grit","Body Slam","Barricade"],"picked":"SKIP","floor":13.0},{"not_picked":["Pommel Strike","Havoc"],"picked":"Reckless Charge","floor":14.0},{"not_picked":["Corruption","Juggernaut"],"picked":"Exhume","floor":16.0},{"not_picked":["Heavy Blade","Headbutt"],"picked":"Twin Strike","floor":18.0},{"not_picked":["Spot Weakness","Perfected Strike","Combust"],"picked":"SKIP","floor":22.0},{"not_picked":["Warcry","Whirlwind","Limit Break"],"picked":"SKIP","floor":25.0},{"not_picked":["Anger","Spot Weakness","Flex"],"picked":"SKIP","floor":28.0},{"not_picked":["Feel No Pain","Intimidate"],"picked":"Offering","floor":31.0}],"player_experience":1099865,"relics_obtained":[{"floor":7.0,"key":"Toy Ornithopter"},{"floor":9.0,"key":"Vajra"},{"floor":10.0,"key":"Blood Vial"},{"floor":12.0,"key":"Strawberry"},{"floor":26.0,"key":"Mummified Hand"},{"floor":28.0,"key":"Ornamental Fan"},{"floor":31.0,"key":"Gambling Chip"}],"event_choices":[{"damage_healed":0.0,"max_hp_gain":0.0,"max_hp_loss":0.0,"gold_gain":0.0,"cards_transformed":["Defend_R"],"event_name":"Living Wall","player_choice":"Change","floor":2.0,"gold_loss":0.0,"damage_taken":0.0,"cards_obtained":["Bludgeon"]},{"damage_healed":0.0,"max_hp_gain":0.0,"max_hp_loss":0.0,"gold_gain":0.0,"event_name":"Cursed Tome","player_choice":"Ignored","floor":19.0,"gold_loss":0.0,"damage_taken":0.0},{"damage_healed":0.0,"max_hp_gain":0.0,"max_hp_loss":0.0,"gold_gain":99.0,"event_name":"Nest","player_choice":"Stole From Cult","floor":20.0,"gold_loss":0.0,"damage_taken":0.0},{"damage_healed":0.0,"max_hp_gain":0.0,"max_hp_loss":0.0,"gold_gain":0.0,"event_name":"Back to Basics","player_choice":"Simplicity","floor":21.0,"gold_loss":0.0,"damage_taken":0.0,"cards_upgraded":["Strike_R","Strike_R","Strike_R","Strike_R","Strike_R","Defend_R","Defend_R","Defend_R"]},{"cards_removed":["Corruption"],"damage_healed":46.0,"max_hp_gain":10.0,"max_hp_loss":0.0,"gold_gain":0.0,"event_name":"Bonfire Elementals","player_choice":"Offered Rare","floor":27.0,"gold_loss":0.0,"damage_taken":0.0}],"is_beta":false,"boss_relics":[{"not_picked":["Astrolabe","Ectoplasm"],"picked":"Black Blood"}],"items_purged_floors":[30],"is_endless":false,"potions_floor_spawned":[7,10,13,14,18,23],"killed_by":"Champ","ascension_level":12}}