{"host":"mytek2nu1hrzdnew","time":1609598958,"event":{"mods":["Aspiration","BaseMod","Conspire","Evolution","GifTheSpireLib","Gold Saver","Hubris","Minty Spire (QoL Compilation)","Replay The Spire","StSLib","Stuff the Spire","Uncapped"],"gold_per_floor":[895,911,911,921,931,961,961,961,961,453,469,494,494,527,527,660,660,690,316,316,316,178,178,178,200,200,305,348,348,124,124,124,245,245,272,272,272,342,388,433,466,466,466,510,614,639,258,307,307,355],"floor_reached":51,"playtime":2818,"items_purged":["Bash","Thunderclap","StuffTheSpire:Harmony","Defend_R","Reaper"],"score":1015,"play_id":"e42a4a82-1c06-4972-9036-cd57dda91f5f","local_time":"20210102094918","is_ascension_mode":false,"campfire_choices":[{"data":"Thunderclap","floor":8,"key":"SMITH"},{"data":"Thunderclap","floor":15,"key":"PURGE"},{"data":"Defend_R","floor":23,"key":"PURGE"},{"data":"1","floor":32,"key":"LIFT"},{"data":"2","floor":42,"key":"LIFT"},{"data":"3","floor":49,"key":"LIFT"}],"circlet_count":0,"master_deck":["Thunderclap+1","Thunderclap+1","Shrug It Off","Run Through+1","Panacea","Cleave","Finesse","StuffTheSpire:Slingshot+1","Finesse","Rampage+1","Clash+1","Bloodletting"],"relics":["Burning Blood","EVO:Axolotl","aspiration:Nostalgia","Ring of the Snake","MealTicket","Bloody Idol","Onion Ring","Membership Card","Peace Pipe","Whetstone","Replay:Bandana","conspire:RunicOctahedron","StuffTheSpire:GrapeVine","hubris:SphereOfDissonance","Lee\u0027s Waffle","Toolbox","Girya","conspire:DecoderRing","aspiration:StickyExplosives_weak","Empty Cage","StuffTheSpire:Barrel","Golden Egg","Replay:Mystery Machine","Turnip","Counterbalance","InkBottle"],"acts_visited":["Exordium","TheCity","TheBeyond"],"potions_floor_usage":[6,16,16,16,16,16,16,16,16,27,45,50],"damage_taken":[{"damage":0,"enemies":"Small Slimes","floor":1,"turns":2},{"damage":0,"enemies":"Cultist","floor":2,"turns":3},{"damage":3,"enemies":"Jaw Worm","floor":4,"turns":4},{"damage":4,"enemies":"Looter","floor":5,"turns":3},{"damage":20,"enemies":"Gremlin Nob","floor":6,"turns":4},{"damage":0,"enemies":"3 Louse","floor":11,"turns":1},{"damage":7,"enemies":"Blue Slaver","floor":12,"turns":2},{"damage":28,"enemies":"Lagavulin","floor":14,"turns":4},{"damage":26,"enemies":"The Guardian","floor":16,"turns":9},{"damage":26,"enemies":"Shell Parasite","floor":18,"turns":4},{"damage":0,"enemies":"Spheric Guardian","floor":25,"turns":1},{"damage":12,"enemies":"Slavers","floor":27,"turns":4},{"damage":0,"enemies":"3 Cultists","floor":28,"turns":2},{"damage":6,"enemies":"hubris:MusketHawk","floor":33,"turns":4},{"damage":0,"enemies":"Orb Walker","floor":35,"turns":2},{"damage":18,"enemies":"3 Shapes","floor":38,"turns":3},{"damage":0,"enemies":"Sphere and 2 Shapes","floor":39,"turns":1},{"damage":0,"enemies":"Nemesis","floor":40,"turns":4},{"damage":8,"enemies":"Writhing Mass","floor":41,"turns":2},{"damage":0,"enemies":"R_Hoarder","floor":44,"turns":4},{"damage":0,"enemies":"Transient","floor":45,"turns":3},{"damage":0,"enemies":"Sphere and 2 Shapes","floor":46,"turns":2},{"damage":19,"enemies":"Nemesis","floor":48,"turns":3},{"damage":3,"enemies":"Donu and Deca","floor":50,"turns":1}],"seed_played":"-8012996608115955359","potions_obtained":[{"floor":5,"key":"CultistPotion"},{"floor":6,"key":"BloodPotion"},{"floor":12,"key":"ColorlessPotion"},{"floor":25,"key":"Toxic Potion"},{"floor":28,"key":"Block Potion"},{"floor":38,"key":"LiquidMemories"},{"floor":39,"key":"Explosive Potion"},{"floor":41,"key":"PowerPotion"},{"floor":48,"key":"Adrenaline Potion"}],"is_trial":false,"path_per_floor":["M","M","?","M","M","E","?","R","T","$","M","M","?","E","R","B",null,"M","$","?","?","$","R","?","M","T","E","M","?","$","?","R","B",null,"M","?","?","M","M","E","M","R","T","E","M","M","$","E","R","B",null],"character_chosen":"IRONCLAD","items_purchased":["Membership Card","Peace Pipe","Whetstone","FairyPotion","Panacea","StuffTheSpire:GrapeVine","hubris:SphereOfDissonance","Lee\u0027s Waffle","Finesse","Toolbox","StuffTheSpire:Slingshot+1","aspiration:StickyExplosives_weak","Turnip","Counterbalance"],"campfire_rested":0,"item_purchase_floors":[10,10,10,10,10,19,19,19,19,22,30,30,47,47],"current_hp_per_floor":[80,80,80,80,80,66,66,66,66,74,74,73,73,51,51,54,74,57,81,61,61,76,76,76,81,81,81,81,81,81,81,81,81,81,81,81,81,81,81,81,81,81,81,81,81,81,81,73,73,81],"gold":355,"neow_bonus":"NOSTALGIA","is_daily":false,"chose_seed":false,"campfire_upgraded":1,"win_rate":0.0,"timestamp":1609598958,"path_taken":["M","M","?","?","M","E","?","R","T","$","M","M","?","E","R","BOSS","M","$","?","?","$","R","?","M","T","E","M","?","?","?","R","BOSS","M","?","?","M","M","E","M","R","T","E","M","M","$","E","R","BOSS"],"items_purchased_type":["Relic","Relic","Relic","Potion","Card","Relic","Relic","Relic","Card","Relic","Card","Relic","Relic","Relic"],"build_version":"2020-12-22","purchased_purges":5,"victory":true,"max_hp_per_floor":[80,80,80,80,80,80,74,74,74,74,74,74,74,74,74,74,74,74,81,81,81,81,81,81,81,81,81,81,81,81,81,81,81,81,81,81,81,81,81,81,81,81,81,81,81,81,81,81,81,81],"card_choices":[{"not_picked":["Abandon","Ghostly Armor"],"picked":"Run Through","floor":1},{"not_picked":["Sword Boomerang","Clothesline","conspire:ExplosiveBarrier"],"picked":"SKIP","floor":2},{"not_picked":["Sentinel","Warcry","Uppercut"],"picked":"SKIP","floor":4},{"not_picked":["Havoc","ReplayTheSpireMod:Strike From Hell","Second Wind"],"picked":"SKIP","floor":5},{"not_picked":["Barricade","Feel No Pain"],"picked":"Run Through","floor":6},{"not_picked":["Heavy Blade","Rupture"],"picked":"Cleave","floor":11},{"not_picked":["Twin Strike","Second Wind","ReplayReversal"],"picked":"SKIP","floor":12},{"not_picked":["Flex","Havoc","Rage"],"picked":"SKIP","floor":14},{"not_picked":["Impervious","Corruption"],"picked":"Reaper","floor":16},{"not_picked":["Pommel Strike+1","hubris:ReadiedAction","Warcry"],"picked":"SKIP","floor":18},{"not_picked":["StuffTheSpire:Incineration","Fire Breathing+1","True Grit"],"picked":"SKIP","floor":25},{"not_picked":["Whirlwind","Wild Strike+1","Fire Breathing"],"picked":"SKIP","floor":27},{"not_picked":["Sword Boomerang+1","Flex+1","StuffTheSpire:BloodClot+1"],"picked":"SKIP","floor":28},{"not_picked":["Eclipse","Fiend Fire"],"picked":"conspire:HitWhereItHurts","floor":33},{"not_picked":["Havoc","ReplayTheSpireMod:Strike From Hell","Perfected Strike+1"],"picked":"SKIP","floor":35},{"not_picked":["Flex+1","Uppercut","Evolve+1"],"picked":"SKIP","floor":38},{"not_picked":["Corruption","Combust","Wild Strike+1"],"picked":"SKIP","floor":39},{"not_picked":["Perfected Strike+1","Flex+1","StuffTheSpire:RagingBull"],"picked":"SKIP","floor":40},{"not_picked":["Iron Wave+1","Pommel Strike+1"],"picked":"Rampage+1","floor":41},{"not_picked":["True Grit","Intimidate","Flex+1"],"picked":"SKIP","floor":44},{"not_picked":["Pommel Strike","Thunderclap"],"picked":"Clash+1","floor":45},{"not_picked":["hubris:CleavingFinish","StuffTheSpire:Pyroclast+1"],"picked":"Bloodletting","floor":46},{"not_picked":["StuffTheSpire:TitanForm","Evolve","ReplayTheSpireMod:Corrosion Curse"],"picked":"SKIP","floor":48}],"player_experience":976824,"relics_obtained":[{"floor":6,"key":"MealTicket"},{"floor":9,"key":"Onion Ring"},{"floor":14,"key":"Replay:Bandana"},{"floor":26,"key":"Girya"},{"floor":27,"key":"conspire:DecoderRing"},{"floor":40,"key":"StuffTheSpire:Barrel"},{"floor":43,"key":"Golden Egg"},{"floor":44,"key":"Replay:Mystery Machine"},{"floor":48,"key":"InkBottle"}],"event_choices":[{"damage_healed":0,"gold_gain":0,"player_choice":"Ignored","damage_taken":0,"max_hp_gain":0,"max_hp_loss":0,"event_name":"NoteForYourself","floor":3,"gold_loss":0},{"damage_healed":0,"gold_gain":0,"player_choice":"Lose Max HP","damage_taken":0,"relics_obtained":["Golden Idol"],"max_hp_gain":0,"max_hp_loss":6,"event_name":"Golden Idol","floor":7,"gold_loss":0},{"damage_healed":0,"gold_gain":0,"player_choice":"Gave Idol","damage_taken":0,"relics_obtained":["Bloody Idol"],"max_hp_gain":0,"max_hp_loss":0,"event_name":"Forgotten Altar","floor":24,"relics_lost":["Golden Idol"],"gold_loss":0},{"cards_removed":["conspire:HitWhereItHurts"],"damage_healed":0,"gold_gain":0,"player_choice":"Removed Attack","damage_taken":0,"max_hp_gain":0,"max_hp_loss":0,"event_name":"Falling","floor":36,"gold_loss":0},{"damage_healed":0,"gold_gain":0,"player_choice":"Copied","damage_taken":0,"max_hp_gain":0,"max_hp_loss":0,"event_name":"Duplicator","floor":37,"gold_loss":0,"cards_obtained":["Finesse"]}],"is_beta":false,"boss_relics":[{"not_picked":["Runic Dome","hubris:RunicObelisk"],"picked":"conspire:RunicOctahedron"},{"not_picked":["Runic Cube","Coffee Dripper"],"picked":"Empty Cage"}],"items_purged_floors":[10,19,22,30,47],"is_endless":false,"potions_floor_spawned":[4,5,6,11,12,25,28,38,39,41,48],"ascension_level":0}}