{"host":"bwf6jt0gyax88i3l","time":1609565861,"event":{"mods":["AchievementEnabler","BaseMod","Colored Map","Colored Powertips","Downfall","Duelist Mod","Hermit","Highlight Path","Infinite Spire","Marisa????????","Minty Spire (QoL Compilation)","Quick Restart","Remilia??????","Replay The Spire","Shop Mod","StSLib","The Animator","The Bug Knight","The Cursed","The Disciple","The Necromancer","The Servant 0.9.4"],"gold_per_floor":[114,114,114,133,143,143,171,190,190,210,227,271,271,24,24,24,24],"floor_reached":16,"playtime":1035,"items_purged":[],"score":104,"play_id":"d7f8e0e8-c735-4626-9f28-3b302060a266","local_time":"20210101213741","is_ascension_mode":false,"campfire_choices":[{"data":"animator:SuzuneAmano","floor":6.0,"key":"SMITH"},{"floor":13,"key":"REST"},{"data":"animator:Mitsurugi","floor":15,"key":"SMITH"}],"circlet_count":0,"master_deck":["animator:Strike_Konosuba","animator:Defend_Konosuba","animator:Strike","animator:Strike","animator:Strike","animator:Defend","animator:Defend","animator:Defend","animator:Kazuma","animator:Aqua","animator:RoryMercury+1","animator:SuzuneAmano+1","animator:Sonic","animator:HigakiRinne","animator:Shalltear","animator:Emonzaemon","animator:Mitsurugi+1"],"relics":["animator:LivingPicture","animator:TheMissingPiece","animator:PurgingStone","Anchor","Replay:Kaleidoscope","infinitespire:WardingShard"],"acts_visited":["Exordium"],"potions_floor_usage":[12,16,16],"damage_taken":[{"damage":1.0,"enemies":"2 Louse","floor":1.0,"turns":4.0},{"damage":0.0,"enemies":"Small Slimes","floor":4.0,"turns":3.0},{"damage":0.0,"enemies":"Cultist","floor":5.0,"turns":3.0},{"damage":20,"enemies":"Lots of Slimes","floor":7,"turns":4},{"damage":2,"enemies":"2 Fungi Beasts","floor":8,"turns":4},{"damage":0,"enemies":"Large Slime","floor":10,"turns":5},{"damage":0,"enemies":"Gremlin Gang","floor":11,"turns":6},{"damage":38,"enemies":"Lagavulin","floor":12,"turns":7},{"damage":51,"enemies":"Hexaghost","floor":16,"turns":14}],"seed_played":"-4374228673115925725","potions_obtained":[{"floor":1.0,"key":"Swift Potion"},{"floor":5.0,"key":"Dexterity Potion"},{"floor":7,"key":"ColorlessPotion"}],"is_trial":false,"path_per_floor":["M","?","?","M","M","R","M","M","T","M","M","E","R","$","R","B"],"character_chosen":"THE_ANIMATOR","items_purchased":["infinitespire:WardingShard"],"campfire_rested":1,"item_purchase_floors":[14],"current_hp_per_floor":[71,71,71,72,72,72,54,54,54,56,58,22,43,43,43,0,0],"gold":24,"neow_bonus":"TEN_PERCENT_HP_BONUS","is_daily":false,"chose_seed":false,"campfire_upgraded":2,"win_rate":0.0,"timestamp":1609565861,"path_taken":["M","?","?","M","?","R","M","M","T","?","M","E","R","$","R","BOSS"],"items_purchased_type":["Relic"],"build_version":"2020-12-22","purchased_purges":0,"victory":false,"max_hp_per_floor":[72,72,72,72,72,72,72,72,72,72,72,72,72,72,72,72,72],"card_choices":[{"not_picked":["animator:Millim","animator:Shigure"],"picked":"animator:RoryMercury","floor":1.0},{"not_picked":["animator:DwarfShaman","animator:SilverFang","animator:RoryMercury"],"picked":"SKIP","floor":4.0},{"not_picked":["animator:Rider","animator:Sloth"],"picked":"animator:SuzuneAmano","floor":5.0},{"not_picked":["animator:Tatsumaki","animator:MumenRider"],"picked":"animator:Sonic","floor":7},{"not_picked":["animator:RoryMercury","animator:Azekura"],"picked":"animator:HigakiRinne","floor":8},{"not_picked":["animator:Azekura","animator:Ain"],"picked":"animator:Shalltear","floor":10},{"not_picked":["animator:Gillette","animator:Berserker"],"picked":"animator:Emonzaemon","floor":11},{"not_picked":["animator:Darkness","animator:Verdia"],"picked":"animator:Mitsurugi","floor":12}],"player_experience":34672,"relics_obtained":[{"floor":9,"key":"Anchor"},{"floor":12,"key":"Replay:Kaleidoscope"}],"event_choices":[{"damage_healed":0.0,"max_hp_gain":0.0,"max_hp_loss":0.0,"gold_gain":0.0,"event_name":"Living Wall","player_choice":"Grow","floor":2.0,"gold_loss":0.0,"damage_taken":0.0,"cards_upgraded":["animator:RoryMercury"]},{"damage_healed":0.0,"max_hp_gain":0.0,"max_hp_loss":0.0,"gold_gain":0.0,"event_name":"The Woman in Blue","player_choice":"Bought 0 Potions","floor":3.0,"gold_loss":0.0,"damage_taken":0.0}],"is_beta":false,"boss_relics":[],"items_purged_floors":[],"is_endless":false,"potions_floor_spawned":[1,5,7],"killed_by":"Hexaghost","ascension_level":0}}