{"host":"nqsrckqog5ia9mbo","time":1609623965,"event":{"mods":["AchievementEnabler","BaseMod","Colored Map","Highlight Path","Minty Spire (QoL Compilation)"],"gold_per_floor":[19,19,39,39,63,104,104,29,29,70,22,45,45,45,45,166,166,185,204,228,272,272,272],"floor_reached":22,"playtime":1255,"items_purged":["Defend_R"],"score":233,"play_id":"3cab60db-ad4c-4756-bfb7-5c45ac71fd6f","local_time":"20210102224605","is_ascension_mode":true,"campfire_choices":[{"data":"Double Tap","floor":7,"key":"SMITH"},{"floor":13,"key":"REST"},{"floor":15,"key":"REST"}],"circlet_count":0,"master_deck":["Strike_R","Strike_R","Strike_R","Strike_R","Strike_R+1","Defend_R","Defend_R","Defend_R","Bash","Double Tap+1","Pommel Strike+1","Headbutt+1","Limit Break","Demon Form","Flex","Pommel Strike+1","Limit Break","Heavy Blade+1","Armaments+1"],"relics":["Black Blood","Golden Idol","Molten Egg 2","Kunai","Regal Pillow","Red Skull","Red Mask"],"acts_visited":["Exordium","TheCity"],"potions_floor_usage":[6,12,21,22],"damage_taken":[{"damage":10,"enemies":"Small Slimes","floor":1,"turns":5},{"damage":8,"enemies":"Jaw Worm","floor":3,"turns":4},{"damage":4,"enemies":"2 Louse","floor":5,"turns":3},{"damage":40,"enemies":"Gremlin Nob","floor":6,"turns":5},{"damage":34,"enemies":"Lagavulin","floor":10,"turns":5},{"damage":2,"enemies":"Exordium Wildlife","floor":12,"turns":3},{"damage":38,"enemies":"Slime Boss","floor":16,"turns":5},{"damage":47,"enemies":"Shell Parasite","floor":18,"turns":6},{"damage":23,"enemies":"2 Thieves","floor":19,"turns":4},{"damage":7,"enemies":"Cultist and Chosen","floor":20,"turns":4},{"damage":29,"enemies":"Masked Bandits","floor":21,"turns":3},{"damage":22,"enemies":"Centurion and Healer","floor":22,"turns":2}],"seed_played":"2982840799120146632","potions_obtained":[{"floor":1,"key":"BloodPotion"},{"floor":3,"key":"Ancient Potion"},{"floor":20,"key":"GamblersBrew"},{"floor":21,"key":"SteroidPotion"}],"is_trial":false,"path_per_floor":["M","?","M","T","M","E","R","$","T","E","$","M","R","?","R","B",null,"M","M","M","?","M"],"character_chosen":"IRONCLAD","items_purchased":["Flex"],"campfire_rested":2,"item_purchase_floors":[11],"current_hp_per_floor":[76,56,54,54,56,38,38,38,38,10,10,14,53,37,76,44,80,45,34,39,22,0,0],"gold":272,"neow_bonus":"THREE_RARE_CARDS","is_daily":false,"chose_seed":false,"campfire_upgraded":1,"win_rate":0.0,"timestamp":1609623965,"path_taken":["M","?","M","?","M","E","R","$","T","E","?","M","R","?","R","BOSS","M","M","M","?","M"],"items_purchased_type":["Card"],"build_version":"2020-12-22","purchased_purges":1,"victory":false,"max_hp_per_floor":[80,80,80,80,80,80,80,80,80,80,80,80,80,80,80,80,80,80,80,80,80,80,80],"card_choices":[{"not_picked":["Fiend Fire","Berserk"],"picked":"Double Tap","floor":0.0},{"not_picked":["Second Wind","Thunderclap","Reckless Charge"],"picked":"SKIP","floor":1},{"not_picked":["Seeing Red","Thunderclap"],"picked":"Pommel Strike","floor":3},{"not_picked":["Clothesline+1","Metallicize"],"picked":"Headbutt+1","floor":5},{"not_picked":["Twin Strike+1","Flex"],"picked":"Limit Break","floor":6},{"not_picked":["Sentinel","Carnage+1"],"picked":"Demon Form","floor":10},{"not_picked":["Twin Strike+1","Warcry"],"picked":"Pommel Strike+1","floor":12},{"not_picked":["Offering","Juggernaut"],"picked":"Limit Break","floor":16},{"not_picked":["Body Slam+1","Perfected Strike+1"],"picked":"Heavy Blade+1","floor":18},{"not_picked":["Ghostly Armor+1","Evolve+1"],"picked":"Armaments+1","floor":19},{"not_picked":["Clothesline+1","Rampage+1","Intimidate+1"],"picked":"SKIP","floor":20}],"player_experience":93800,"relics_obtained":[{"floor":4,"key":"Molten Egg 2"},{"floor":6,"key":"Kunai"},{"floor":9,"key":"Regal Pillow"},{"floor":10,"key":"Red Skull"},{"floor":21,"key":"Red Mask"}],"event_choices":[{"damage_healed":0,"gold_gain":0,"player_choice":"Take Damage","damage_taken":20,"relics_obtained":["Golden Idol"],"max_hp_gain":0,"max_hp_loss":0,"event_name":"Golden Idol","floor":2,"gold_loss":0},{"damage_healed":0,"gold_gain":0,"player_choice":"Entered Light","damage_taken":16,"max_hp_gain":0,"max_hp_loss":0,"event_name":"Shining Light","floor":14,"gold_loss":0,"cards_upgraded":["Strike_R","Pommel Strike"]},{"damage_healed":0,"gold_gain":0,"player_choice":"Fought Bandits","damage_taken":0,"max_hp_gain":0,"max_hp_loss":0,"event_name":"Masked Bandits","floor":21,"gold_loss":0}],"is_beta":false,"boss_relics":[{"not_picked":["Velvet Choker","Runic Cube"],"picked":"Black Blood"}],"items_purged_floors":[8],"is_endless":false,"potions_floor_spawned":[1,3,20,21],"killed_by":"Centurion and Healer","ascension_level":4}}