{"host":"xazfs2cmso1lkipw","time":1609606367,"event":{"mods":["AchievementEnabler","Arknights The Spire","BaseMod","Bestiary","Better Third Choice","BetterRewards","Clockwork Mod","Colored Map","Colored Powertips","Highlight Path","Infinite Spire","Minty Spire (QoL Compilation)","Quick Restart","Railgun Mod","Rare Cards Sparkle","Relic Stats","Replay The Spire","Shop Mod","StSLib","The Marked"],"gold_per_floor":[113,34,47,67,87,87,87,115,163,182,198,198,251,271,271,271,271],"floor_reached":16,"playtime":622,"items_purged":[],"score":94,"play_id":"c67c829b-df46-4ab2-b1f4-0ab6dfc0ae52","local_time":"20210103005247","is_ascension_mode":false,"campfire_choices":[{"data":"theMarked:ResourceFulStrike","floor":6,"key":"SMITH"},{"data":"theMarked:KeepCalmAndFightOn","floor":12,"key":"SMITH"},{"data":"theMarked:Generate","floor":15,"key":"SMITH"}],"circlet_count":0,"master_deck":["theMarked:Strike","theMarked:Strike","theMarked:Strike","theMarked:Strike","theMarked:Strike","theMarked:Defend","theMarked:Defend","theMarked:Defend","theMarked:Defend","theMarked:SoldierOfQuellstein","theMarked:Improvise","theMarked:ResourceFulStrike","theMarked:ResourceFulStrike+1","theMarked:EmpowerWeapon","theMarked:HeightenedSenses","theMarked:EnhanceMovement","theMarked:Parry","theMarked:KeepCalmAndFightOn+1","theMarked:Reabsorb","theMarked:TakeOffHeels","theMarked:Generate+1"],"relics":["theMarked:ArtifactOfAir","NeowsBlessing","Durian","MealTicket"],"acts_visited":["Exordium"],"potions_floor_usage":[],"damage_taken":[{"damage":0,"enemies":"Small Slimes","floor":1,"turns":1},{"damage":0,"enemies":"Cultist","floor":3,"turns":1},{"damage":0,"enemies":"2 Louse","floor":4,"turns":1},{"damage":8,"enemies":"Large Slime","floor":5,"turns":5},{"damage":1,"enemies":"Exordium Thugs","floor":10,"turns":4},{"damage":6,"enemies":"Looter","floor":11,"turns":3},{"damage":0,"enemies":"Lots of Slimes","floor":14,"turns":2},{"damage":41,"enemies":"The Guardian","floor":16,"turns":7}],"seed_played":"-3995575446346288209","potions_obtained":[{"floor":4,"key":"infinitespire:BlackPotion"},{"floor":10,"key":"AttackPotion"},{"floor":11,"key":"SkillPotion"}],"is_trial":false,"path_per_floor":["M","$","M","M","M","R","?","?","T","M","M","R","?","M","R","B"],"character_chosen":"THE_DEFAULT","items_purchased":["theMarked:ResourceFulStrike","theMarked:EmpowerWeapon"],"campfire_rested":0,"item_purchase_floors":[2,2],"current_hp_per_floor":[70,70,70,70,62,62,70,47,47,46,40,40,40,40,40,0,0],"gold":271,"neow_bonus":"THREE_ENEMY_KILL","is_daily":false,"chose_seed":false,"campfire_upgraded":3,"win_rate":0.0,"timestamp":1609606367,"path_taken":["M","$","M","M","M","R","?","?","T","?","M","R","?","M","R","BOSS"],"items_purchased_type":["Card","Card"],"build_version":"2020-12-22","purchased_purges":0,"victory":false,"max_hp_per_floor":[70,70,70,70,70,70,70,75,75,75,75,75,75,75,75,75,75],"relic_stats":{"counters":[8,24],"MealTicket":0,"obtain_stats":[{"theMarked:ArtifactOfAir":0,"NeowsBlessing":0,"MealTicket":9,"Durian":8},{"theMarked:ArtifactOfAir":0,"NeowsBlessing":0,"MealTicket":4,"Durian":4},{"theMarked:ArtifactOfAir":0,"NeowsBlessing":0,"MealTicket":8,"Durian":8}]},"card_choices":[{"not_picked":["theMarked:WardOff","theMarked:BanishingStrike"],"picked":"theMarked:Improvise","floor":1},{"not_picked":["theMarked:EmpowerWeapon","theMarked:GodGivenPower"],"picked":"theMarked:HeightenedSenses","floor":3},{"not_picked":["theMarked:ParalyzingBlade","theMarked:Frustration"],"picked":"theMarked:EnhanceMovement","floor":4},{"not_picked":["theMarked:RepellingDischarge","theMarked:WastefulDefense"],"picked":"theMarked:Parry","floor":5},{"not_picked":["theMarked:Electrify","theMarked:EmpowerWeapon"],"picked":"theMarked:KeepCalmAndFightOn","floor":8},{"not_picked":["theMarked:SwordAndMagic","theMarked:Overthink"],"picked":"theMarked:Reabsorb","floor":10},{"not_picked":["theMarked:Improvise","theMarked:DeterminationOfTheMarked"],"picked":"theMarked:TakeOffHeels","floor":11},{"not_picked":["theMarked:Parkour","theMarked:PowerFlow"],"picked":"theMarked:Generate","floor":14}],"player_experience":6481,"relics_obtained":[{"floor":8,"key":"Durian"},{"floor":9,"key":"MealTicket"}],"event_choices":[{"damage_healed":23,"gold_gain":0,"player_choice":"Banana","damage_taken":0,"max_hp_gain":0,"max_hp_loss":0,"event_name":"Big Fish","floor":7,"gold_loss":0},{"damage_healed":0,"gold_gain":53,"player_choice":"Gained Gold","damage_taken":0,"max_hp_gain":0,"max_hp_loss":0,"event_name":"Golden Wing","floor":13,"gold_loss":0}],"is_beta":false,"boss_relics":[],"items_purged_floors":[],"is_endless":false,"potions_floor_spawned":[4,10,11,14],"killed_by":"The Guardian","ascension_level":0}}