{"host":"tnhjz9cb8p0320p2","time":1609560860,"event":{"mods":["BaseMod","Better Third Choice","Downfall","Hermit","Marisa????????","Minty Spire (QoL Compilation)","Relic Stats","Replay The Spire","Shade Mod","StSLib","The Construct","The Cursed","The Jungle","The Runesmith"],"gold_per_floor":[112,132,27,27,38,68,68,98,125,146,157,182,182,208,208,282,282,300,300,300,313,325,325,55,82,82,82,82],"floor_reached":27,"playtime":1912,"items_purged":["Shame"],"score":668,"play_id":"09e90bdd-590e-4001-871a-ebd5ec0182d1","local_time":"20210101221420","is_ascension_mode":true,"campfire_choices":[{"data":"Envenom","floor":7,"key":"SMITH"},{"data":"Glass Knife","floor":13,"key":"SMITH"},{"data":"Blade Dance","floor":15,"key":"SMITH"},{"data":"Accuracy","floor":15,"key":"SMITH"},{"floor":23,"key":"REST"}],"circlet_count":0,"master_deck":["AscendersBane","Strike_G","Strike_G","Strike_G","Strike_G","Strike_G","Defend_G","Defend_G+1","Defend_G","Defend_G","Defend_G+1","Survivor","Neutralize","Blade Dance+1","Envenom+1","Accuracy+1","PiercingWail","Distraction","Dash","ReplayTheSpireMod:Speed Training","Outmaneuver","Choke","Glass Knife+1","PiercingWail","ReplayTheSpireMod:Necrosis","Dodge and Roll","Blade Dance","Leg Sweep","After Image","Dodge and Roll","Deflect"],"relics":["Runic Pyramid","War Paint","Potion Belt","Bag of Preparation","Odd Mushroom","construct:FoamFinger","Replay:Arrowhead","SlaversCollar","theJungle:PaperFaux","Shuriken","Durian"],"acts_visited":["Exordium","Exordium"],"potions_floor_usage":[14,16,16,21,22,25],"damage_taken":[{"damage":0,"enemies":"Cultist","floor":1,"turns":4},{"damage":1,"enemies":"Small Slimes","floor":2,"turns":4},{"damage":7,"enemies":"Jaw Worm","floor":5,"turns":5},{"damage":3,"enemies":"Replay:BlueRogue","floor":6,"turns":7},{"damage":13,"enemies":"Lagavulin","floor":8,"turns":7},{"damage":5,"enemies":"The Mushroom Lair","floor":10,"turns":4},{"damage":0,"enemies":"Looter","floor":11,"turns":3},{"damage":0,"enemies":"Replay:BlueRogue","floor":12,"turns":9},{"damage":14,"enemies":"Gremlin Nob","floor":14,"turns":4},{"damage":0,"enemies":"Slime Boss","floor":16,"turns":6},{"damage":2,"enemies":"theJungle:5_Spyders","floor":18,"turns":8},{"damage":9,"enemies":"Shell Parasite","floor":21,"turns":9},{"damage":32,"enemies":"theJungle:2_Snecko_Cultists","floor":22,"turns":3},{"damage":23,"enemies":"theJungle:2_Phrogs","floor":25,"turns":11},{"damage":22,"enemies":"theJungle:Cassacara","floor":27,"turns":6}],"seed_played":"7517550866385581845","potions_obtained":[{"floor":6,"key":"SteroidPotion"},{"floor":10,"key":"LiquidBronze"},{"floor":12,"key":"champ:CounterPotion"},{"floor":14,"key":"SteroidPotion"},{"floor":16,"key":"PowerPotion"},{"floor":22,"key":"Poison Potion"},{"floor":25,"key":"champ:CounterPotion"}],"is_trial":false,"path_per_floor":["M","M","$","$","M","E","R","E","T","?","M","E","R","E","R","B",null,"M","?","?","M","M","R","$","E","T","E"],"character_chosen":"THE_SILENT","items_purchased":["Accuracy","PiercingWail","After Image","Dodge and Roll"],"campfire_rested":1,"item_purchase_floors":[3,3,24,24],"current_hp_per_floor":[59,58,58,58,51,48,48,35,35,30,30,30,30,16,16,16,54,52,52,53,44,12,31,31,8,13,0,0],"gold":82,"neow_bonus":"BOSS_RELIC","is_daily":false,"chose_seed":false,"campfire_upgraded":4,"win_rate":0.0,"timestamp":1609560860,"path_taken":["M","M","?","$","M","E","R","E","T","?","M","E","R","E","R","BOSS","M","?","?","M","M","R","?","E","T","E"],"items_purchased_type":["Card","Card","Card","Card"],"build_version":"2020-12-22","purchased_purges":1,"victory":false,"max_hp_per_floor":[66,66,66,66,66,66,66,66,66,66,66,66,66,66,66,66,66,66,66,66,66,66,66,66,66,71,71,71],"relic_stats":{"counters":[15,90],"Shuriken":[2],"Bag of Preparation":[20],"War Paint":["Defend_G","Defend_G"],"obtain_stats":[{"Potion Belt":8,"SlaversCollar":17,"construct:FoamFinger":12,"Shuriken":25,"Bag of Preparation":9,"Durian":26,"War Paint":6,"Odd Mushroom":10,"theJungle:PaperFaux":19,"Replay:Arrowhead":14,"Ring of the Snake":0,"Runic Pyramid":0},{"Potion Belt":5,"SlaversCollar":10,"construct:FoamFinger":8,"Shuriken":14,"Bag of Preparation":5,"Durian":14,"War Paint":4,"Odd Mushroom":6,"theJungle:PaperFaux":11,"Replay:Arrowhead":9,"Ring of the Snake":0,"Runic Pyramid":0},{"Potion Belt":27,"SlaversCollar":53,"construct:FoamFinger":43,"Shuriken":84,"Bag of Preparation":27,"Durian":84,"War Paint":20,"Odd Mushroom":31,"theJungle:PaperFaux":61,"Replay:Arrowhead":47,"Ring of the Snake":0,"Runic Pyramid":0}]},"card_choices":[{"not_picked":["Prepared","Cloak And Dagger"],"picked":"Blade Dance","floor":1},{"not_picked":["Slice","Predator"],"picked":"Envenom","floor":2},{"not_picked":["Dagger Throw","Cloak And Dagger"],"picked":"Distraction","floor":5},{"not_picked":["Outmaneuver","ReplayTheSpireMod:Exploit Weakness"],"picked":"Dash","floor":6},{"not_picked":["Prepared","Predator"],"picked":"ReplayTheSpireMod:Speed Training","floor":8},{"not_picked":["Flying Knee","Prepared"],"picked":"Outmaneuver","floor":10},{"not_picked":["Flying Knee","Caltrops"],"picked":"Choke","floor":11},{"not_picked":["Riddle With Holes","Flying Knee"],"picked":"Glass Knife","floor":12},{"not_picked":["Prepared","Flechettes"],"picked":"PiercingWail","floor":14},{"not_picked":["ReplayTheSpireMod:From All Sides","Poison Darts"],"picked":"ReplayTheSpireMod:Necrosis","floor":16},{"not_picked":["Bane","Quick Slash"],"picked":"Dodge and Roll","floor":18},{"not_picked":["Cloak And Dagger","Deflect"],"picked":"Blade Dance","floor":21},{"not_picked":["Sucker Punch","Dagger Spray"],"picked":"Leg Sweep","floor":22},{"not_picked":["Reflex+1","Poisoned Stab"],"picked":"Deflect","floor":25}],"player_experience":2073937,"relics_obtained":[{"floor":6,"key":"War Paint"},{"floor":8,"key":"Potion Belt"},{"floor":9,"key":"Bag of Preparation"},{"floor":10,"key":"Odd Mushroom"},{"floor":12,"key":"construct:FoamFinger"},{"floor":14,"key":"Replay:Arrowhead"},{"floor":25,"key":"Shuriken"},{"floor":26,"key":"Durian"}],"event_choices":[{"damage_healed":0,"gold_gain":0,"player_choice":"Fought Mushrooms","damage_taken":0,"max_hp_gain":0,"max_hp_loss":0,"event_name":"Mushrooms","floor":10,"gold_loss":0}],"is_beta":false,"boss_relics":[{"not_picked":["Replay:Drink Me","Ring of Chaos"],"picked":"SlaversCollar"}],"items_purged_floors":[24],"is_endless":false,"potions_floor_spawned":[6,10,12,14,16,22,25],"killed_by":"theJungle:Cassacara","ascension_level":20}}