{"host":"qzcrkuyonb3ec1ca","time":1609619111,"event":{"mods":["AchievementEnabler","BaseMod","Better Third Choice","Colored Map","Colored Powertips","Downfall","Koishi","Marisa????????","Minty Spire (QoL Compilation)","Quick Restart","Relic Stats","Spicy Shops","StSLib","The Animator","The Cursed","The Hierophant","The Servant 0.9.4","Uncapped"],"gold_per_floor":[110,129,51,71,0,0,33,33,59,74,107,127,185,201,201,304,304,324,324,324,15,25,59,77,77,77,90,102,121,24,37,37,133,133,148,165,165,176,193,221,232,244,294,294,324,170,170,170,170,170,170,170,16,44,44],"floor_reached":56,"playtime":5057,"items_purged":["Regret","Defend_B","Parasite"],"score":1268,"play_id":"aae2daee-20e0-4be2-aa18-2eada92fc442","local_time":"20210102142511","is_ascension_mode":false,"campfire_choices":[{"data":"Storm","floor":6.0,"key":"SMITH"},{"data":"Enlightenment","floor":8.0,"key":"SMITH"},{"floor":15.0,"key":"REST"},{"data":"Heatsinks","floor":25.0,"key":"SMITH"},{"data":"Heatsinks","floor":32.0,"key":"SMITH"},{"floor":44.0,"key":"RECALL"},{"data":"Electrodynamics","floor":47,"key":"SMITH"},{"data":"Thunder Strike","floor":49,"key":"SMITH"},{"data":"FTL","floor":52,"key":"SMITH"}],"circlet_count":0,"master_deck":["Strike_B","Strike_B","Strike_B","Strike_B","Defend_B","Defend_B+1","Defend_B","Zap","Dualcast","White Noise","Storm+1","Heatsinks+1","BootSequence","Enlightenment+1","Heatsinks+1","Glacier+1","Self Repair","Thunder Strike+1","Ball Lightning","White Noise+1","Electrodynamics","Hologram+1","Amplify+1","Chill+1","FTL+1","Amplify+1","Chill+1","Fusion+1","Fission+1","Double Energy+1","Skim+1","Electrodynamics+1","Injury","Loop","White Noise+1","Thinking Ahead+1"],"relics":["Cracked Core","NeowsBlessing","Happy Flower","Sundial","Potion Belt","Coffee Dripper","Toxic Egg 2","Membership Card","Bag of Marbles","Thread and Needle","War Paint","Inserter","Centennial Puzzle","Dream Catcher","Oddly Smooth Stone","Medical Kit","Vajra"],"acts_visited":["Exordium","TheCity","TheBeyond","TheEnding"],"potions_floor_usage":[55,55,55,55,55],"damage_taken":[{"damage":0.0,"enemies":"Cultist","floor":1.0,"turns":1.0},{"damage":0.0,"enemies":"2 Louse","floor":2.0,"turns":1.0},{"damage":0.0,"enemies":"Jaw Worm","floor":4.0,"turns":1.0},{"damage":30.0,"enemies":"Gremlin Nob","floor":7.0,"turns":4.0},{"damage":6.0,"enemies":"3 Louse","floor":10.0,"turns":4.0},{"damage":9.0,"enemies":"Lagavulin","floor":11.0,"turns":4.0},{"damage":5.0,"enemies":"Exordium Wildlife","floor":12.0,"turns":3.0},{"damage":9.0,"enemies":"3 Sentries","floor":13.0,"turns":7.0},{"damage":4.0,"enemies":"Exordium Thugs","floor":14.0,"turns":4.0},{"damage":44.0,"enemies":"The Guardian","floor":16.0,"turns":13.0},{"damage":16.0,"enemies":"Chosen","floor":18.0,"turns":5.0},{"damage":16.0,"enemies":"Spheric Guardian","floor":22.0,"turns":5.0},{"damage":13.0,"enemies":"Gremlin Leader","floor":23.0,"turns":4.0},{"damage":5.0,"enemies":"Chosen and Byrds","floor":24.0,"turns":4.0},{"damage":0.0,"enemies":"Cultist and Chosen","floor":27.0,"turns":3.0},{"damage":6.0,"enemies":"Snake Plant","floor":28.0,"turns":4.0},{"damage":6.0,"enemies":"Sentry and Sphere","floor":29.0,"turns":3.0},{"damage":0.0,"enemies":"Centurion and Healer","floor":31.0,"turns":3.0},{"damage":0.0,"enemies":"Collector","floor":33.0,"turns":5.0},{"damage":3.0,"enemies":"3 Darklings","floor":35.0,"turns":3.0},{"damage":9.0,"enemies":"3 Shapes","floor":36.0,"turns":3.0},{"damage":4.0,"enemies":"Maw","floor":38.0,"turns":4.0},{"damage":0.0,"enemies":"Writhing Mass","floor":39.0,"turns":4.0},{"damage":7.0,"enemies":"Giant Head","floor":40.0,"turns":7.0},{"damage":0.0,"enemies":"Spire Growth","floor":41.0,"turns":5.0},{"damage":1.0,"enemies":"4 Shapes","floor":42.0,"turns":3.0},{"damage":26.0,"enemies":"Reptomancer","floor":45.0,"turns":3.0},{"damage":30,"enemies":"Donu and Deca","floor":50,"turns":6},{"damage":5,"enemies":"Shield and Spear","floor":54,"turns":3},{"damage":23,"enemies":"The Heart","floor":55,"turns":5}],"seed_played":"-8065530081935566017","potions_obtained":[{"floor":1.0,"key":"SkillPotion"},{"floor":2.0,"key":"ColorlessPotion"},{"floor":4.0,"key":"Block Potion"},{"floor":11.0,"key":"PowerPotion"},{"floor":14.0,"key":"PowerPotion"},{"floor":22.0,"key":"Explosive Potion"},{"floor":23.0,"key":"SkillPotion"},{"floor":27.0,"key":"Block Potion"},{"floor":33.0,"key":"GamblersBrew"},{"floor":35.0,"key":"LiquidMemories"},{"floor":40.0,"key":"DuplicationPotion"},{"floor":42.0,"key":"DuplicationPotion"},{"floor":45,"key":"Block Potion"}],"is_trial":false,"path_per_floor":["M","M","$","M","?","R","E","R","T","M","E","M","?","M","R","B",null,"M","?","?","$","M","E","M","R","T","M","M","M","$","M","R","B",null,"M","M","?","M","M","E","M","M","T","R","E","$","R","?","R","B",null,"R","$","E","B",null],"character_chosen":"DEFECT","items_purchased":["Heatsinks","Toxic Egg 2","Membership Card","Ball Lightning","White Noise+1","War Paint","FTL","Electrodynamics","Medical Kit","Loop","White Noise+1","Thinking Ahead+1"],"campfire_rested":1,"item_purchase_floors":[3,21,21,21,21,30,30,46,46,53,53,53],"current_hp_per_floor":[75,75,75,75,81,81,51,51,51,45,36,31,22,25,49,12,81,72,72,72,72,63,57,52,52,52,52,53,47,47,61,61,61,81,81,72,72,75,75,75,81,81,81,81,62,62,62,78,78,62,78,78,78,73,57],"gold":44,"neow_bonus":"THREE_ENEMY_KILL","is_daily":false,"chose_seed":false,"campfire_upgraded":7,"win_rate":0.0,"timestamp":1609619111,"path_taken":["M","M","?","M","?","R","E","R","T","M","E","M","?","M","R","BOSS","M","?","?","$","M","E","M","R","T","?","M","M","$","M","R","BOSS","M","M","?","M","M","E","M","M","T","R","E","$","R","?","R","BOSS","R","$","E","BOSS"],"items_purchased_type":["Card","Relic","Relic","Card","Card","Relic","Card","Card","Relic","Card","Card","Card"],"build_version":"2020-12-22","purchased_purges":3,"victory":true,"max_hp_per_floor":[75,75,75,75,81,81,81,81,81,81,81,81,81,81,81,81,81,81,81,81,81,81,81,81,81,81,81,81,81,81,81,81,81,81,81,81,81,81,81,81,81,81,81,81,81,78,78,78,78,78,78,78,78,78,78],"relic_stats":{"Centennial Puzzle":[15],"Dream Catcher":0,"Inserter":[23],"Happy Flower":[39],"counters":[30,124],"Sundial":[20],"War Paint":["Glacier","Defend_B"],"Medical Kit":[3],"obtain_stats":[{"Potion Belt":13,"Inserter":34,"NeowsBlessing":0,"Happy Flower":7,"Oddly Smooth Stone":45,"Vajra":54,"Thread and Needle":26,"War Paint":30,"Medical Kit":46,"Centennial Puzzle":40,"Dream Catcher":43,"Sundial":11,"Coffee Dripper":17,"Bag of Marbles":23,"Membership Card":21,"Toxic Egg 2":21,"Cracked Core":0},{"Potion Belt":7,"Inserter":19,"NeowsBlessing":0,"Happy Flower":4,"Oddly Smooth Stone":27,"Vajra":29,"Thread and Needle":14,"War Paint":17,"Medical Kit":27,"Centennial Puzzle":24,"Dream Catcher":26,"Sundial":6,"Coffee Dripper":10,"Bag of Marbles":13,"Membership Card":11,"Toxic Egg 2":11,"Cracked Core":0},{"Potion Belt":18,"Inserter":78,"NeowsBlessing":0,"Happy Flower":7,"Oddly Smooth Stone":110,"Vajra":119,"Thread and Needle":60,"War Paint":70,"Medical Kit":110,"Centennial Puzzle":99,"Dream Catcher":107,"Sundial":15,"Coffee Dripper":42,"Bag of Marbles":56,"Membership Card":47,"Toxic Egg 2":47,"Cracked Core":0}]},"card_choices":[{"not_picked":["Lockon","Cold Snap"],"picked":"White Noise","floor":1.0},{"not_picked":["Scrape","Genetic Algorithm"],"picked":"Storm","floor":2.0},{"not_picked":["Leap","Blizzard"],"picked":"BootSequence","floor":4.0},{"not_picked":["Barrage","Beam Cell"],"picked":"Heatsinks","floor":7.0},{"not_picked":["Streamline","Leap","Ball Lightning"],"picked":"SKIP","floor":10.0},{"not_picked":["Cold Snap","Beam Cell"],"picked":"Glacier","floor":11.0},{"not_picked":["Stack","Sweeping Beam","Redo"],"picked":"SKIP","floor":12.0},{"not_picked":["Tempest","Hologram"],"picked":"Self Repair","floor":13.0},{"not_picked":["Stack","Sweeping Beam","Steam"],"picked":"SKIP","floor":14.0},{"not_picked":["Machine Learning","Electrodynamics"],"picked":"Thunder Strike","floor":16.0},{"not_picked":["Redo","Genetic Algorithm","Streamline+1"],"picked":"SKIP","floor":18.0},{"not_picked":["Streamline+1","Conserve Battery+1","Sweeping Beam+1"],"picked":"SKIP","floor":22.0},{"not_picked":["Redo+1","Cold Snap"],"picked":"Electrodynamics","floor":23.0},{"not_picked":["Genetic Algorithm+1","Sweeping Beam"],"picked":"Hologram+1","floor":24.0},{"not_picked":["Go for the Eyes","Steam+1","Redo+1"],"picked":"SKIP","floor":27.0},{"not_picked":["Reprogram+1","Barrage+1"],"picked":"Amplify+1","floor":28.0},{"not_picked":["Redo+1","Streamline+1"],"picked":"Chill+1","floor":29.0},{"not_picked":["Tempest+1","Redo+1","Ball Lightning"],"picked":"SKIP","floor":31.0},{"not_picked":["Thunder Strike","Biased Cognition"],"picked":"Amplify+1","floor":33.0},{"not_picked":["Sweeping Beam","Barrage","Stack+1"],"picked":"SKIP","floor":35.0},{"not_picked":["Compile Driver+1","Beam Cell+1","Barrage"],"picked":"SKIP","floor":36.0},{"not_picked":["Ball Lightning+1","Beam Cell+1"],"picked":"Chill+1","floor":38.0},{"not_picked":["Ball Lightning","Steam+1","Compile Driver"],"picked":"SKIP","floor":39.0},{"not_picked":["Cold Snap","Coolheaded+1"],"picked":"Fusion+1","floor":40.0},{"not_picked":["Fusion+1","Go for the Eyes+1"],"picked":"Fission+1","floor":41.0},{"not_picked":["Gash+1","Conserve Battery+1"],"picked":"Double Energy+1","floor":42.0},{"not_picked":["Steam+1","Hello World"],"picked":"Skim+1","floor":45},{"not_picked":["Loop+1","Barrage","Auto Shields+1"],"picked":"SKIP","floor":54}],"player_experience":55213,"relics_obtained":[{"floor":7.0,"key":"Happy Flower"},{"floor":11.0,"key":"Sundial"},{"floor":23.0,"key":"Bag of Marbles"},{"floor":26.0,"key":"Thread and Needle"},{"floor":40.0,"key":"Centennial Puzzle"},{"floor":43.0,"key":"Dream Catcher"},{"floor":45,"key":"Oddly Smooth Stone"},{"floor":54,"key":"Vajra"}],"event_choices":[{"damage_healed":0.0,"max_hp_gain":0.0,"max_hp_loss":0.0,"gold_gain":0.0,"event_name":"betterThird:BetterSerpent","player_choice":"RENOUNCE","floor":5.0,"gold_loss":71.0,"damage_taken":71.0,"cards_obtained":["Enlightenment"]},{"damage_healed":0.0,"max_hp_gain":0.0,"max_hp_loss":0.0,"gold_gain":0.0,"event_name":"Dead Adventurer","player_choice":"Searched \u00273\u0027 times","floor":13.0,"gold_loss":0.0,"damage_taken":0.0,"relics_obtained":["Potion Belt"]},{"damage_healed":0.0,"max_hp_gain":0.0,"max_hp_loss":0.0,"gold_gain":0.0,"event_name":"betterThird:BetterWriting","player_choice":"Adaptability","floor":19.0,"gold_loss":0.0,"damage_taken":0.0},{"damage_healed":0.0,"max_hp_gain":0.0,"max_hp_loss":0.0,"gold_gain":0.0,"event_name":"Match and Keep!","player_choice":"0 cards matched","floor":37.0,"gold_loss":0.0,"damage_taken":0.0,"cards_obtained":[]},{"damage_healed":16,"gold_gain":0,"player_choice":"Full Heal","damage_taken":0,"max_hp_gain":0,"max_hp_loss":0,"event_name":"Wheel of Change","floor":48,"gold_loss":0}],"is_beta":false,"boss_relics":[{"not_picked":["Busted Crown","Snecko Eye"],"picked":"Coffee Dripper"},{"not_picked":["Astrolabe","Runic Dome"],"picked":"Inserter"}],"items_purged_floors":[21,21,46],"is_endless":false,"potions_floor_spawned":[1,2,4,11,14,22,23,27,33,35,40,42,45,54],"ascension_level":0}}