{"host":"97k5lqmr6aaz1p9r","time":1609573404,"event":{"mods":["BaseMod","Colored Map","Downfall","Jorbs\u0027s Wanderer Trilogy","Minty Spire (QoL Compilation)","StSLib"],"gold_per_floor":[349,361,511,522,581,93,93,112,37,22,22,33,46,64,84,182,182,182,198,198,215,100,116,116,133,153,153,153,153],"floor_reached":27,"playtime":3543,"items_purged":["Slimebound:Icky","Pain"],"score":234,"play_id":"009dff89-0e89-4165-84a3-81d09177d260","local_time":"20210102074324","is_ascension_mode":false,"campfire_choices":[{"data":"hexamod:Float","floor":1.0,"key":"SMITH"},{"data":"hexamod:SkipABeat","floor":9.0,"key":"SMITH"},{"data":"hexamod:HeatShield","floor":11.0,"key":"SMITH"},{"floor":18.0,"key":"RECALL"}],"circlet_count":0,"master_deck":["hexamod:Strike","hexamod:Strike","hexamod:Strike+1","hexamod:Strike","hexamod:Defend+1","hexamod:Defend","hexamod:Defend","hexamod:Defend","hexamod:Sear+1","hexamod:Float+1","hexamod:FirstSeal","hexamod:Firestarter+1","hexamod:FastForward","hexamod:RainOfEmbers+1","hexamod:EmpoweredFlame","hexamod:SkipABeat+1","hexamod:ChargedBarrage","hexamod:HeatShield+1","hexamod:BurningTouch+1","hexamod:SixthSeal","hexamod:VolcanoVisage+1","hexamod:AdvancingGuard+1","hexamod:GhostflameBarrier+1","hexamod:AdvancingGuard"],"relics":["hexamod:SpiritBrand","Pear","hexamod:InflammatoryLetter","downfall:HeartBlessingBlue","hexamod:IceCube","Frozen Egg 2","TungstenRod"],"acts_visited":["Exordium","TheCity"],"potions_floor_usage":[27],"damage_taken":[{"damage":0.0,"enemies":"Small Slimes","floor":2.0,"turns":3.0},{"damage":0.0,"enemies":"Jaw Worm","floor":4.0,"turns":3.0},{"damage":34.0,"enemies":"Lagavulin Event","floor":5.0,"turns":6.0},{"damage":0.0,"enemies":"downfall:FleeingMerchant","floor":6.0,"turns":4.0},{"damage":0.0,"enemies":"Cultist","floor":8.0,"turns":3.0},{"damage":10.0,"enemies":"downfall:FleeingMerchant","floor":10.0,"turns":4.0},{"damage":0.0,"enemies":"2 Fungi Beasts","floor":12.0,"turns":3.0},{"damage":6.0,"enemies":"Gremlin Gang","floor":13.0,"turns":5.0},{"damage":8.0,"enemies":"3 Louse","floor":14.0,"turns":4.0},{"damage":1.0,"enemies":"Blue Slaver","floor":15.0,"turns":3.0},{"damage":37.0,"enemies":"downfall:Silent","floor":16.0,"turns":6.0},{"damage":13,"enemies":"Shell Parasite","floor":19,"turns":5},{"damage":22,"enemies":"3 Byrds","floor":21,"turns":5},{"damage":8,"enemies":"downfall:FleeingMerchant","floor":22,"turns":4},{"damage":11,"enemies":"Snecko","floor":23,"turns":5},{"damage":0,"enemies":"Centurion and Healer","floor":25,"turns":5},{"damage":24,"enemies":"Snake Plant","floor":26,"turns":4},{"damage":87,"enemies":"Slavers","floor":27,"turns":4}],"seed_played":"-3118167918224713661","potions_obtained":[{"floor":2.0,"key":"Energy Potion"},{"floor":8.0,"key":"sneckomod:MuddlingPotion"},{"floor":13.0,"key":"Regen Potion"},{"floor":14.0,"key":"champ:CounterPotion"},{"floor":15.0,"key":"GamblersBrew"},{"floor":21,"key":"FairyPotion"},{"floor":23,"key":"sneckomod:MuddlingPotion"},{"floor":26,"key":"Explosive Potion"}],"is_trial":false,"path_per_floor":["R","M","?","M","?","$","T","M","R","$","R","M","M","M","M","B",null,"R","M","?","M","$","M","T","M","M","E"],"character_chosen":"THE_SPIRIT","items_purchased":["hexamod:InflammatoryLetter","hexamod:EmpoweredFlame","hexamod:SkipABeat"],"campfire_rested":0,"item_purchase_floors":[6,6,6],"current_hp_per_floor":[49,49,49,49,32,39,39,39,49,46,46,46,47,46,45,30,90,90,84,84,69,68,57,57,64,47,0,0,0],"gold":153,"neow_bonus":"TWO_FIFTY_GOLD","is_daily":false,"chose_seed":false,"campfire_upgraded":3,"win_rate":0.0,"timestamp":1609573404,"path_taken":["R","M","?","M","?","$","T","M","R","?","R","M","M","?","M","BOSS","R","M","?","?","$","M","T","?","M","E"],"items_purchased_type":["Relic","Card","Card"],"build_version":"2020-12-22","purchased_purges":2,"victory":false,"max_hp_per_floor":[70,70,70,70,80,80,80,80,90,90,90,90,90,90,90,90,90,90,90,90,90,90,90,90,90,90,90,90,90],"card_choices":[{"not_picked":["hexamod:Haunt","hexamod:HauntingEcho"],"picked":"hexamod:FirstSeal","floor":2.0},{"not_picked":["hexamod:PhantomCloak","hexamod:NightmareGuise"],"picked":"hexamod:Firestarter","floor":4.0},{"not_picked":["hexamod:SpectersWail","hexamod:SearingWound"],"picked":"hexamod:FastForward","floor":5.0},{"not_picked":["hexamod:FirstSeal","hexamod:NightmareStrike"],"picked":"hexamod:RainOfEmbers","floor":6.0},{"not_picked":["hexamod:NightmareGuise","hexamod:SpectersWail"],"picked":"hexamod:ChargedBarrage","floor":8.0},{"not_picked":["hexamod:ParanormalForm","hexamod:Firestarter"],"picked":"hexamod:HeatShield","floor":10.0},{"not_picked":["hexamod:GhostOfSpirePast","hexamod:FourthSeal","hexamod:FastForward"],"picked":"SKIP","floor":12.0},{"not_picked":["hexamod:HauntingEcho","hexamod:SpectralAdrenaline"],"picked":"hexamod:BurningTouch","floor":13.0},{"not_picked":["hexamod:InspiringFlames","hexamod:SoulSteal"],"picked":"hexamod:SixthSeal","floor":14.0},{"not_picked":["hexamod:GhostOfSpirePresent","hexamod:DynamicBlow","hexamod:HauntingEcho"],"picked":"SKIP","floor":15.0},{"not_picked":["hexamod:WildfireWeapon","hexamod:TimeWarp"],"picked":"hexamod:VolcanoVisage","floor":16.0},{"not_picked":["hexamod:GhostOfSpireFuture","hexamod:GhostOfSpirePast"],"picked":"hexamod:AdvancingGuard","floor":19},{"not_picked":["hexamod:RecurringNightmare","hexamod:PhantomFireball","hexamod:FastForward"],"picked":"SKIP","floor":21},{"not_picked":["hexamod:RainOfEmbers","hexamod:Firestarter"],"picked":"hexamod:GhostflameBarrier+1","floor":22},{"not_picked":["hexamod:FourthSeal","hexamod:Incineration","hexamod:GhostLash+1"],"picked":"SKIP","floor":23},{"not_picked":["hexamod:PhantomFireball","hexamod:RainOfEmbers"],"picked":"hexamod:AdvancingGuard","floor":25},{"not_picked":["hexamod:AdvancingGuard","hexamod:FifthSeal","hexamod:GhostOfSpirePast+1"],"picked":"SKIP","floor":26}],"player_experience":578875,"relics_obtained":[{"floor":5.0,"key":"Pear"},{"floor":24,"key":"TungstenRod"}],"event_choices":[],"is_beta":false,"boss_relics":[{"not_picked":["Pandora\u0027s Box","Fusion Hammer"],"picked":"hexamod:IceCube"}],"items_purged_floors":[6,22],"is_endless":false,"potions_floor_spawned":[2,8,13,14,15,21,23,26],"killed_by":"Slavers","ascension_level":0}}