{"host":"5gusigds1c3jyr99","time":1609602463,"event":{"mods":["AchievementEnabler","Arknights The Spire","BaseMod","GungeonMod","Hermit","Minty Spire (QoL Compilation)","Permanent Neow","Replay The Spire","StSLib","The Bug Knight","The Cursed","The Death Knight","The Disciple","The Dragon Tamer","The Hierophant","The Jungle","The Poker Player","The Senshi"],"gold_per_floor":[116,116,116,140,164,164,202,202,272,272,291,330,345,384,384,505,505,524,624,645,645,666,666,704,704,704,704,629,653,684,684,684,814,814,839,557,557,280,280,321,387,387,387,406,406,426,426,445,445,445,445,445,26,26,26,26],"floor_reached":54,"playtime":4678,"items_purged":["SwitchConfidence","DTMod:Strike","DTMod:Strike"],"score":786,"play_id":"28126edb-7019-4510-9ac5-5f4b76a46199","local_time":"20210103004743","is_ascension_mode":false,"metric_token":1183,"campfire_choices":[{"data":"DTMod:CleansingStrike","floor":6.0,"key":"SMITH"},{"data":"DTMod:ComboAttack","floor":8.0,"key":"SMITH"},{"data":"DTMod:SwitchingTactic","floor":10.0,"key":"SMITH"},{"data":"DTMod:LastStand","floor":15.0,"key":"SMITH"},{"data":"DTMod:DoubleHit","floor":15.0,"key":"SMITH"},{"data":"DTMod:Outburst","floor":23.0,"key":"SMITH"},{"data":"DTMod:MagicField","floor":23.0,"key":"SMITH"},{"floor":27.0,"key":"RECALL"},{"data":"DTMod:SealedStrike+1","floor":32.0,"key":"SMITH"},{"data":"DTMod:SealedStrike+2","floor":32.0,"key":"SMITH"},{"data":"DTMod:ResonanceForm","floor":45,"key":"SMITH"},{"data":"DTMod:SealedStrike+3","floor":45,"key":"SMITH"},{"data":"DTMod:SealedStrike+4","floor":49,"key":"SMITH"},{"data":"DTMod:BizarreTactic+1","floor":49,"key":"SMITH"},{"floor":52,"key":"REST"}],"dtmod_dragon_data":[58,58,1,0,8,0],"circlet_count":0,"master_deck":["DTMod:Strike+1","DTMod:TargetDefense+1","DTMod:TargetDefense+1","DTMod:TargetDefense+1","DTMod:TargetDefense+1","DTMod:SwitchingTactic+1","DTMod:CleansingStrike+1","Doubt","DTMod:ComboAttack+1","DTMod:ForkedFire+1","DTMod:QuickFly+1","DTMod:FlameSlash+1","DTMod:LastStand+1","DTMod:Outburst+1","Amnesia","DTMod:MagicField+1","DTMod:BlazingStrike+1","DTMod:DarkBreath+1","DTMod:BreakAttack+1","DTMod:InvisibleFlame+1","DTMod:SealedStrike+5","DTMod:ResonanceForm+1","DTMod:BizarreTactic+1","DTMod:BizarreTactic+1","DTMod:StarRain+1","DTMod:BuildUp+1","DTMod:Astonish+1","Enlightenment+1","DTMod:Safeguard+1","DTMod:Weaken+1","DTMod:RunningTactic+1","DTMod:Harmonize+1","DTMod:Training+1"],"relics":["DTMod:MagicStone","Replay:Baseball","Golden Idol","Ring of Fury","Ring of Panic","Odd Mushroom","Molten Egg 2","Bottled Flame","Replay:Arrowhead","Replay:Ancient Bell","Juzu Bracelet","Snack Pack","CaptainsWheel","FossilizedHelix","theJungle:WildMango","Blue Doll","Bag of Preparation","Orrery","Replay:Towering Pillar of Hats","DemoMod:PartiallyEatenCheese","DTMod:SolidMemories","Bottled Lightning"],"acts_visited":["Exordium","Exordium","TheBeyond","TheEnding"],"potions_floor_usage":[46,50],"damage_taken":[{"damage":0.0,"enemies":"Small Slimes","floor":1.0,"turns":3.0},{"damage":0.0,"enemies":"2 Louse","floor":4.0,"turns":1.0},{"damage":0.0,"enemies":"Jaw Worm","floor":5.0,"turns":4.0},{"damage":3.0,"enemies":"The Mushroom Lair","floor":7.0,"turns":3.0},{"damage":0.0,"enemies":"Looter","floor":11.0,"turns":3.0},{"damage":0.0,"enemies":"Lagavulin","floor":12.0,"turns":4.0},{"damage":0.0,"enemies":"Lots of Slimes","floor":13.0,"turns":1.0},{"damage":0.0,"enemies":"3 Sentries","floor":14.0,"turns":3.0},{"damage":0.0,"enemies":"The Guardian","floor":16.0,"turns":8.0},{"damage":0.0,"enemies":"Shell Parasite","floor":18.0,"turns":3.0},{"damage":0.0,"enemies":"theJungle:GiantWrat","floor":20.0,"turns":4.0},{"damage":0.0,"enemies":"theJungle:2_Snecko_Cultists","floor":22.0,"turns":4.0},{"damage":0.0,"enemies":"theJungle:MamaSnecko","floor":24.0,"turns":5.0},{"damage":0.0,"enemies":"theJungle:SlimyTreeVines","floor":29.0,"turns":2.0},{"damage":0.0,"enemies":"theJungle:2_Phrogs","floor":30.0,"turns":5.0},{"damage":0.0,"enemies":"theJungle:QueenSpyder","floor":33.0,"turns":6.0},{"damage":0.0,"enemies":"Orb Walker","floor":35.0,"turns":2.0},{"damage":0,"enemies":"R_Hoarder","floor":40,"turns":9},{"damage":0,"enemies":"2 Orb Walkers","floor":41,"turns":5},{"damage":0,"enemies":"3 Darklings","floor":44,"turns":6},{"damage":0,"enemies":"Spire Growth","floor":46,"turns":2},{"damage":0,"enemies":"Transient","floor":48,"turns":5},{"damage":0,"enemies":"Replay:Hell Engine","floor":50,"turns":13},{"damage":64,"enemies":"Shield and Spear","floor":54,"turns":5}],"seed_played":"5215120317110613394","potions_obtained":[{"floor":7.0,"key":"DeathKnight:RimePotion"},{"floor":14.0,"key":"AttackPotion"},{"floor":18.0,"key":"DuplicationPotion"},{"floor":24.0,"key":"SkillPotion"},{"floor":29.0,"key":"DemoMod:LeadSkinPotion"},{"floor":30.0,"key":"Fire Potion"},{"floor":31.0,"key":"DeathKnight:BottledBloodEchoes"},{"floor":44,"key":"SkillPotion"},{"floor":46,"key":"Explosive Potion"}],"is_trial":false,"path_per_floor":["M","?","?","M","M","R","?","R","T","R","M","E","M","E","R","B",null,"M","?","M","?","M","R","E","?","T","R","$","M","E","?","R","B",null,"M","$","?","$","?","E","?","?","T","M","R","M","?","M","R","B",null,"R","$","E"],"character_chosen":"THE_DT","items_purchased":["Bag of Preparation","DTMod:BizarreTactic","Orrery","Bottled Lightning","Adrenaline Potion","Fire Potion","Ancient Potion"],"campfire_rested":1,"item_purchase_floors":[36,36,38,53,53,53,53],"current_hp_per_floor":[45,42,42,42,42,42,39,39,39,39,39,39,39,39,39,39,42,42,40,42,42,42,42,42,56,56,56,56,56,56,56,56,56,56,56,56,56,56,51,56,56,56,56,56,56,56,52,52,52,52,52,52,52,0,0,0],"gold":26,"neow_bonus":"RANDOM_COMMON_RELIC","is_daily":false,"chose_seed":false,"campfire_upgraded":13,"win_rate":0.0,"timestamp":1609602463,"path_taken":["M","?","?","M","M","R","?","R","T","R","M","E","M","E","R","BOSS","M","?","M","?","M","R","E","?","T","R","$","M","E","?","R","BOSS","M","$","?","?","?","E","?","?","T","M","R","M","?","M","R","BOSS","R","$","E"],"items_purchased_type":["Relic","Card","Relic","Relic","Potion","Potion","Potion"],"build_version":"2020-12-22","purchased_purges":3,"victory":false,"max_hp_per_floor":[45,42,42,42,42,42,42,42,42,42,42,42,42,42,42,42,42,42,42,42,42,42,42,42,56,56,56,56,56,56,56,56,56,56,56,56,56,56,56,56,56,56,56,56,56,56,52,52,52,52,52,52,52,52,52,52],"card_choices":[{"not_picked":["DTMod:Cover","DTMod:DeepFocus"],"picked":"DTMod:CleansingStrike","floor":1.0},{"not_picked":["DTMod:RecklessFlurry","DTMod:Weaken"],"picked":"DTMod:ComboAttack","floor":4.0},{"not_picked":["DTMod:Adaptation","DTMod:WarmUp","DTMod:Hide"],"picked":"SKIP","floor":5.0},{"not_picked":["DTMod:Threaten","DTMod:Cover"],"picked":"DTMod:ForkedFire+1","floor":11.0},{"not_picked":["DTMod:MagicField","DTMod:Coolant"],"picked":"DTMod:QuickFly+1","floor":12.0},{"not_picked":["DTMod:Weaken","DTMod:PurifyingFlame+1"],"picked":"DTMod:FlameSlash+1","floor":13.0},{"not_picked":["DTMod:Safeguard","DTMod:Feint+1"],"picked":"DTMod:LastStand","floor":14.0},{"not_picked":["DTMod:GearUp","DTMod:ExcessFootwork"],"picked":"DTMod:Outburst","floor":16.0},{"not_picked":["Spreading Infection","Pain"],"picked":"Amnesia","floor":17.0},{"not_picked":["SwitchConfidence","Pain"],"picked":"ReplayTheSpireMod:Faulty Equipment","floor":17.0},{"not_picked":["ReplayTheSpireMod:IOU","CurseOfTheBell"],"picked":"SwitchConfidence","floor":17.0},{"not_picked":["DTMod:Threaten","DTMod:BlueScale"],"picked":"DTMod:MagicField","floor":18.0},{"not_picked":["DTMod:BurningEnergy","DTMod:Shift"],"picked":"DTMod:BlazingStrike+1","floor":20.0},{"not_picked":["DTMod:Cover+1","DTMod:BurningForce+1"],"picked":"DTMod:DarkBreath+1","floor":22.0},{"not_picked":["DTMod:CrossStep","DTMod:LightShield"],"picked":"DTMod:BreakAttack+1","floor":24.0},{"not_picked":["DTMod:Punisher+1","DTMod:DragonDance"],"picked":"DTMod:InvisibleFlame+1","floor":29.0},{"not_picked":["DTMod:Coolant","DTMod:ShadowImage"],"picked":"DTMod:SealedStrike+1","floor":30.0},{"not_picked":["DTMod:StunTrap","DTMod:Harmonize"],"picked":"DTMod:ResonanceForm","floor":33.0},{"not_picked":["DTMod:Overwhelm+1","DTMod:ComboAttack+1","DTMod:CalculatedDefense"],"picked":"SKIP","floor":35.0},{"not_picked":["DTMod:HeatWave+1","DTMod:MasterPlan+1"],"picked":"DTMod:StarRain+1","floor":38.0},{"not_picked":["DTMod:Cover","DTMod:Weaken"],"picked":"DTMod:BuildUp+1","floor":38.0},{"not_picked":["DTMod:StarRain+1","DTMod:DeepFocus"],"picked":"DTMod:Astonish+1","floor":38.0},{"not_picked":["Blind","Panacea"],"picked":"Enlightenment","floor":39.0},{"not_picked":["DTMod:TagTeam+1","DTMod:QuickFly+1"],"picked":"DTMod:Safeguard","floor":40},{"not_picked":["DTMod:CrossStep","DTMod:Observe"],"picked":"DTMod:Weaken+1","floor":41},{"not_picked":["DTMod:ForkedFire+1","DTMod:Threaten"],"picked":"DTMod:RunningTactic+1","floor":44},{"not_picked":["DTMod:FlameSlash+1","DTMod:HeatWave+1"],"picked":"DTMod:Harmonize","floor":46},{"not_picked":["DTMod:BurningEnergy","DTMod:Observe"],"picked":"DTMod:Training","floor":48}],"player_experience":571430,"relics_obtained":[{"floor":3.0,"key":"Ring of Fury"},{"floor":3.0,"key":"Ring of Panic"},{"floor":7.0,"key":"Odd Mushroom"},{"floor":9.0,"key":"Molten Egg 2"},{"floor":12.0,"key":"Bottled Flame"},{"floor":14.0,"key":"Replay:Arrowhead"},{"floor":24.0,"key":"FossilizedHelix"},{"floor":30.0,"key":"Blue Doll"},{"floor":40,"key":"Replay:Towering Pillar of Hats"},{"floor":41,"key":"DemoMod:PartiallyEatenCheese"},{"floor":43,"key":"DTMod:SolidMemories"}],"event_choices":[{"damage_healed":0.0,"max_hp_gain":0.0,"max_hp_loss":3.0,"gold_gain":0.0,"event_name":"Golden Idol","player_choice":"Lose Max HP","floor":2.0,"gold_loss":0.0,"damage_taken":0.0,"relics_obtained":["Golden Idol"]},{"damage_healed":0.0,"max_hp_gain":0.0,"max_hp_loss":0.0,"gold_gain":0.0,"event_name":"Mushrooms","player_choice":"Fought Mushrooms","floor":7.0,"gold_loss":0.0,"damage_taken":0.0},{"damage_healed":0.0,"max_hp_gain":0.0,"max_hp_loss":0.0,"gold_gain":0.0,"event_name":"NoteForYourself","player_choice":"Ignored","floor":21.0,"gold_loss":0.0,"damage_taken":0.0},{"damage_healed":0.0,"max_hp_gain":0.0,"max_hp_loss":0.0,"gold_gain":0.0,"event_name":"Lab","player_choice":"Got Potions","floor":31.0,"gold_loss":0.0,"damage_taken":0.0},{"cards_removed":["DTMod:Strike"],"damage_healed":0.0,"max_hp_gain":0.0,"max_hp_loss":0.0,"gold_gain":0.0,"event_name":"Purifier","player_choice":"Purged","floor":37.0,"gold_loss":0.0,"damage_taken":0.0},{"damage_healed":0.0,"max_hp_gain":0.0,"max_hp_loss":0.0,"gold_gain":0.0,"event_name":"SensoryStone","player_choice":"Memory 2","floor":39.0,"gold_loss":0.0,"damage_taken":5.0},{"damage_healed":0,"gold_gain":0,"player_choice":"Fight","damage_taken":0,"max_hp_gain":0,"max_hp_loss":0,"event_name":"Mysterious Sphere","floor":41,"gold_loss":0},{"cards_removed":["DTMod:DoubleHit"],"damage_healed":0,"gold_gain":0,"player_choice":"Removed Attack","damage_taken":0,"max_hp_gain":0,"max_hp_loss":0,"event_name":"Falling","floor":42,"gold_loss":0}],"is_beta":false,"boss_relics":[{"not_picked":["Replay:Wanted Poster","Replay:Drink Me"],"picked":"Replay:Ancient Bell"},{"not_picked":["Centennial Puzzle","CeramicFish"],"picked":"Juzu Bracelet"},{"not_picked":["HollowMod:StagPassRelic","Replay:Bottled Steam"],"picked":"Snack Pack"},{"not_picked":["DemoMod:BigBoy","DemoMod:RingOfEthereal"],"picked":"CaptainsWheel"},{"not_picked":["Honey Jar","ChewingGum"],"picked":"DTMod:MagicStone"}],"items_purged_floors":[28,36,38],"is_endless":false,"potions_floor_spawned":[7,14,18,24,29,30,44,46],"killed_by":"Shield and Spear","ascension_level":0}}