{"host":"640uue19m79c7wbt","time":1609549722,"event":{"mods":["BaseMod","Colored Map","Googly Eyes","Highlight Path","Minty Spire (QoL Compilation)","Quick Restart","StSLib"],"gold_per_floor":[111,186,136,11,11,11,38,58,128,146,4,4,38,38,38,140,140,155,155,155,35,35,62,75,75,144,144,169,169,196,209,209,312,312,322,322,322,322,144,176,176,56,56,69,96,115,150,165,165,165],"floor_reached":51,"playtime":2438,"items_purged":["Strike_G","Strike_G","Strike_G","Blade Dance"],"score":1104,"play_id":"f7dee7a1-607a-4196-bd8d-c26c00227cf3","local_time":"20210101200842","is_ascension_mode":true,"campfire_choices":[{"floor":6.0,"key":"REST"},{"data":"Night Terror","floor":12.0,"key":"SMITH"},{"data":"Tools of the Trade","floor":15.0,"key":"SMITH"},{"data":"Adrenaline","floor":25.0,"key":"SMITH"},{"data":"Underhanded Strike","floor":29.0,"key":"SMITH"},{"floor":32.0,"key":"REST"},{"data":"Discovery","floor":41.0,"key":"SMITH"},{"floor":49,"key":"REST"}],"circlet_count":0,"master_deck":["Defend_G","Defend_G","Defend_G","Defend_G","Survivor","Neutralize","Underhanded Strike+1","Dagger Spray","Endless Agony","Cloak And Dagger","Night Terror+1","Tools of the Trade+1","Riddle With Holes","Adrenaline+1","Footwork","Blade Dance","Cloak And Dagger+1","Well Laid Plans","Distraction+1","Corpse Explosion","Dash+1","Trip","Secret Technique","Discovery+1","Bane+1","Underhanded Strike+1","Eviscerate+1"],"relics":["Ring of the Snake","NeowsBlessing","The Courier","MealTicket","Bag of Marbles","CultistMask","HoveringKite","Vajra","Mango","Gremlin Horn","Pen Nib","SlaversCollar","Juzu Bracelet","Toy Ornithopter","HornCleat","Snake Skull"],"acts_visited":["Exordium","TheCity","TheBeyond"],"potions_floor_usage":[47,50],"damage_taken":[{"damage":0.0,"enemies":"Small Slimes","floor":1.0,"turns":1.0},{"damage":0.0,"enemies":"3 Sentries","floor":7.0,"turns":1.0},{"damage":0.0,"enemies":"2 Louse","floor":8.0,"turns":1.0},{"damage":4.0,"enemies":"Jaw Worm","floor":10.0,"turns":3.0},{"damage":11.0,"enemies":"Lagavulin","floor":13.0,"turns":5.0},{"damage":0.0,"enemies":"Slime Boss","floor":16.0,"turns":5.0},{"damage":5.0,"enemies":"Spheric Guardian","floor":18.0,"turns":3.0},{"damage":12.0,"enemies":"Gremlin Leader","floor":23.0,"turns":3.0},{"damage":2.0,"enemies":"3 Byrds","floor":24.0,"turns":3.0},{"damage":2.0,"enemies":"Slavers","floor":28.0,"turns":4.0},{"damage":0.0,"enemies":"Book of Stabbing","floor":30.0,"turns":3.0},{"damage":8.0,"enemies":"Centurion and Healer","floor":31.0,"turns":3.0},{"damage":21.0,"enemies":"Collector","floor":33.0,"turns":8.0},{"damage":12.0,"enemies":"3 Shapes","floor":35.0,"turns":2.0},{"damage":2.0,"enemies":"Nemesis","floor":40.0,"turns":7.0},{"damage":0.0,"enemies":"3 Darklings","floor":44.0,"turns":2.0},{"damage":4,"enemies":"Giant Head","floor":45,"turns":5},{"damage":20,"enemies":"Writhing Mass","floor":46,"turns":4},{"damage":10,"enemies":"Reptomancer","floor":47,"turns":3},{"damage":9,"enemies":"Sphere and 2 Shapes","floor":48,"turns":2},{"damage":11,"enemies":"Donu and Deca","floor":50,"turns":6}],"seed_played":"-255823589067739326","potions_obtained":[{"floor":8.0,"key":"SneckoOil"},{"floor":13.0,"key":"Explosive Potion"},{"floor":18.0,"key":"DuplicationPotion"},{"floor":28.0,"key":"DuplicationPotion"},{"floor":31.0,"key":"Weak Potion"},{"floor":46,"key":"GhostInAJar"},{"floor":48,"key":"CunningPotion"}],"is_trial":false,"path_per_floor":["M","?","?","$","?","R","E","M","T","M","$","R","E","?","R","B",null,"M","?","?","$","?","E","M","R","T","?","E","R","E","M","R","B",null,"M","?","?","?","$","E","R","$","T","M","E","M","E","M","R","B",null],"character_chosen":"THE_SILENT","items_purchased":["Dagger Spray","Tools of the Trade","Riddle With Holes","Blade Dance","Discovery"],"campfire_rested":3,"item_purchase_floors":[4,11,11,21,39],"current_hp_per_floor":[70,59,59,59,34,55,55,55,55,51,66,66,55,55,55,55,70,65,65,52,67,67,69,67,67,67,67,65,65,65,57,83,62,89,77,77,72,72,85,83,83,85,85,85,81,61,56,47,72,66],"gold":165,"neow_bonus":"THREE_ENEMY_KILL","is_daily":false,"chose_seed":false,"campfire_upgraded":5,"win_rate":0.0,"timestamp":1609549722,"path_taken":["M","?","?","$","?","R","E","M","T","M","?","R","E","?","R","BOSS","M","?","?","$","?","E","M","R","T","?","E","R","E","M","R","BOSS","M","?","?","?","$","E","R","?","T","M","E","M","E","M","R","BOSS"],"items_purchased_type":["Card","Card","Card","Card","Card"],"build_version":"2020-12-22","purchased_purges":4,"victory":true,"max_hp_per_floor":[70,70,70,70,70,70,70,70,70,70,70,70,70,70,70,70,70,70,70,75,75,75,89,89,89,89,89,89,89,89,89,89,89,89,89,85,85,85,85,85,85,85,85,85,85,85,85,85,85,85],"card_choices":[{"not_picked":["Flying Knee","Backflip"],"picked":"Underhanded Strike","floor":1.0},{"not_picked":["Riddle With Holes","All Out Attack"],"picked":"Endless Agony","floor":7.0},{"not_picked":["All Out Attack","PiercingWail"],"picked":"Cloak And Dagger","floor":8.0},{"not_picked":["Caltrops","Flying Knee"],"picked":"Night Terror","floor":10.0},{"not_picked":["Quick Slash","Masterful Stab","Tools of the Trade"],"picked":"SKIP","floor":13.0},{"not_picked":["Glass Knife","Night Terror"],"picked":"Adrenaline","floor":16.0},{"not_picked":["Flechettes","Backflip"],"picked":"Footwork","floor":18.0},{"not_picked":["Backflip","Deadly Poison","Dodge and Roll"],"picked":"SKIP","floor":23.0},{"not_picked":["Prepared","Grand Finale"],"picked":"Blade Dance","floor":24.0},{"not_picked":["Leg Sweep","Quick Slash"],"picked":"Cloak And Dagger+1","floor":28.0},{"not_picked":["Crippling Poison","Blade Dance"],"picked":"Well Laid Plans","floor":30.0},{"not_picked":["Expertise","Dagger Spray"],"picked":"Distraction+1","floor":31.0},{"not_picked":["Malaise","Burst"],"picked":"Corpse Explosion","floor":33.0},{"not_picked":["Well Laid Plans","Poisoned Stab"],"picked":"Dash+1","floor":35.0},{"not_picked":["Forethought","Transmutation"],"picked":"Trip","floor":37.0},{"not_picked":["Sadistic Nature","Swift Strike"],"picked":"Secret Technique","floor":37.0},{"not_picked":["Deadly Poison+1","Well Laid Plans+1"],"picked":"Bane+1","floor":40.0},{"not_picked":["Bane","Deflect+1","Dagger Throw"],"picked":"SKIP","floor":44.0},{"not_picked":["Prepared+1","Flechettes"],"picked":"Underhanded Strike+1","floor":45},{"not_picked":["Outmaneuver","Backflip","Blade Dance"],"picked":"SKIP","floor":46},{"not_picked":["Dodge and Roll+1","Phantasmal Killer"],"picked":"Eviscerate+1","floor":47},{"not_picked":["Bane+1","Outmaneuver+1","All Out Attack+1"],"picked":"SKIP","floor":48}],"player_experience":541572,"relics_obtained":[{"floor":7.0,"key":"MealTicket"},{"floor":13.0,"key":"Bag of Marbles"},{"floor":23.0,"key":"Mango"},{"floor":26.0,"key":"Gremlin Horn"},{"floor":28.0,"key":"Pen Nib"},{"floor":40.0,"key":"Juzu Bracelet"},{"floor":43.0,"key":"Toy Ornithopter"},{"floor":45,"key":"HornCleat"},{"floor":47,"key":"Snake Skull"}],"event_choices":[{"damage_healed":0.0,"max_hp_gain":0.0,"max_hp_loss":0.0,"gold_gain":75.0,"event_name":"World of Goop","player_choice":"Gather Gold","floor":2.0,"gold_loss":0.0,"damage_taken":11.0},{"cards_removed":["Strike_G"],"damage_healed":0.0,"max_hp_gain":0.0,"max_hp_loss":0.0,"gold_gain":0.0,"event_name":"The Cleric","player_choice":"Card Removal","floor":3.0,"gold_loss":50.0,"damage_taken":0.0},{"damage_healed":0.0,"max_hp_gain":0.0,"max_hp_loss":0.0,"gold_gain":0.0,"event_name":"Scrap Ooze","player_choice":"Success","floor":5.0,"gold_loss":0.0,"damage_taken":25.0,"relics_obtained":["The Courier"]},{"damage_healed":0.0,"max_hp_gain":0.0,"max_hp_loss":0.0,"gold_gain":0.0,"event_name":"FaceTrader","player_choice":"Trade","floor":14.0,"gold_loss":0.0,"damage_taken":0.0,"relics_obtained":["CultistMask"]},{"damage_healed":0.0,"max_hp_gain":0.0,"max_hp_loss":0.0,"gold_gain":0.0,"event_name":"The Mausoleum","player_choice":"Opened","floor":19.0,"gold_loss":0.0,"damage_taken":0.0,"relics_obtained":["Vajra"]},{"damage_healed":0.0,"max_hp_gain":5.0,"max_hp_loss":0.0,"gold_gain":0.0,"event_name":"Forgotten Altar","player_choice":"Shed Blood","floor":20.0,"gold_loss":0.0,"damage_taken":18.0},{"cards_removed":["Strike_G"],"damage_healed":0.0,"max_hp_gain":0.0,"max_hp_loss":0.0,"gold_gain":0.0,"event_name":"Back to Basics","player_choice":"Elegance","floor":22.0,"gold_loss":0.0,"damage_taken":0.0},{"damage_healed":0.0,"max_hp_gain":0.0,"max_hp_loss":0.0,"gold_gain":0.0,"event_name":"Vampires","player_choice":"Ignored","floor":27.0,"gold_loss":0.0,"damage_taken":0.0},{"damage_healed":0.0,"max_hp_gain":0.0,"max_hp_loss":4.0,"gold_gain":0.0,"event_name":"Winding Halls","player_choice":"Max HP","floor":36.0,"gold_loss":0.0,"damage_taken":0.0},{"damage_healed":0.0,"max_hp_gain":0.0,"max_hp_loss":0.0,"gold_gain":0.0,"event_name":"SensoryStone","player_choice":"Memory 2","floor":37.0,"gold_loss":0.0,"damage_taken":5.0},{"cards_removed":["Defend_G"],"damage_healed":0.0,"max_hp_gain":0.0,"max_hp_loss":0.0,"gold_gain":0.0,"event_name":"Falling","player_choice":"Removed Skill","floor":38.0,"gold_loss":0.0,"damage_taken":0.0}],"is_beta":false,"boss_relics":[{"not_picked":["Ring of the Serpent","Runic Dome"],"picked":"HoveringKite"},{"not_picked":["Runic Pyramid","Snecko Eye"],"picked":"SlaversCollar"}],"items_purged_floors":[4,21,39,42],"is_endless":false,"potions_floor_spawned":[8,13,18,28,31,46,48],"ascension_level":3}}