{"host":"fuszjwm6fqgjjp4d","time":1609583694,"event":{"mods":["BaseMod","Bestiary","Colored Map","DeckTracker","Minty Spire (QoL Compilation)","Permanent Neow","Relic Sorter","Relic Stats","StSLib"],"gold_per_floor":[117,131,131,131,143,168,168,185,231,231,242,270,288,299,299,376,376,389,389,142,197,207,207,107,107,134,178,190,227,258,287,299,386,398,427,108,120,13,23,23,41,41,64,75,75,87,116,166,166,166,166,166],"floor_reached":51,"playtime":2187,"items_purged":["Writhe","Strike_G"],"score":1433,"play_id":"6ee38a1f-affb-43a3-b8f3-caa6e77472a9","local_time":"20210102043454","is_ascension_mode":true,"campfire_choices":[{"data":"Envenom","floor":7,"key":"SMITH"},{"data":"PiercingWail","floor":10,"key":"SMITH"},{"data":"Blur","floor":15,"key":"SMITH"},{"data":"Footwork","floor":23,"key":"SMITH"},{"data":"Terror","floor":25,"key":"SMITH"},{"data":"Cloak And Dagger","floor":28,"key":"SMITH"},{"data":"Catalyst","floor":32,"key":"SMITH"},{"data":"Adrenaline","floor":40,"key":"SMITH"},{"data":"Blade Dance","floor":42,"key":"SMITH"},{"data":"Catalyst","floor":45,"key":"SMITH"},{"floor":49,"key":"REST"}],"circlet_count":0,"master_deck":["AscendersBane","Strike_G","Strike_G","Strike_G+1","Strike_G","Defend_G","Defend_G","Defend_G","Defend_G","Defend_G","Survivor","Neutralize+1","Blur+1","Dagger Spray+1","Envenom+1","Slice","Predator+1","PiercingWail+1","Footwork+1","Blade Dance+1","Flying Knee+1","Terror+1","Venomology","Blade Dance+1","Cloak And Dagger+1","Quick Slash+1","Catalyst+1","Catalyst+1","Adrenaline+1","Flying Knee+1","Finesse","Backflip+1","Finisher+1","Footwork+1","Burst"],"relics":["Ring of the Snake","Du-Vu Doll","Molten Egg 2","Whetstone","Orichalcum","Philosopher\u0027s Stone","Lee\u0027s Waffle","Strawberry","MawBank","PreservedInsect","Meat on the Bone","SlaversCollar","Bag of Preparation","MealTicket","Potion Belt","Akabeko"],"acts_visited":["Exordium","TheCity","TheBeyond"],"potions_floor_usage":[6,11,13,22,27,29,31,33,33,33,35,35,41,41,44,44,44,46,47,50,51,51,51],"damage_taken":[{"damage":2,"enemies":"2 Louse","floor":1,"turns":3},{"damage":2,"enemies":"Small Slimes","floor":2,"turns":4},{"damage":3,"enemies":"Cultist","floor":5,"turns":4},{"damage":10,"enemies":"3 Sentries","floor":6,"turns":6},{"damage":1,"enemies":"2 Fungi Beasts","floor":8,"turns":3},{"damage":14,"enemies":"Exordium Thugs","floor":11,"turns":4},{"damage":2,"enemies":"Lagavulin","floor":12,"turns":7},{"damage":6,"enemies":"Exordium Wildlife","floor":13,"turns":2},{"damage":0,"enemies":"Red Slaver","floor":14,"turns":3},{"damage":4,"enemies":"Slime Boss","floor":16,"turns":6},{"damage":7,"enemies":"Spheric Guardian","floor":18,"turns":4},{"damage":8,"enemies":"Shell Parasite","floor":22,"turns":2},{"damage":26,"enemies":"Slavers","floor":27,"turns":6},{"damage":8,"enemies":"Book of Stabbing","floor":29,"turns":4},{"damage":10,"enemies":"Snake Plant","floor":30,"turns":3},{"damage":2,"enemies":"Centurion and Healer","floor":31,"turns":5},{"damage":49,"enemies":"Automaton","floor":33,"turns":10},{"damage":16,"enemies":"3 Darklings","floor":35,"turns":7},{"damage":2,"enemies":"Orb Walker","floor":37,"turns":3},{"damage":25,"enemies":"Transient","floor":39,"turns":6},{"damage":20,"enemies":"3 Darklings","floor":41,"turns":6},{"damage":0,"enemies":"Jaw Worm Horde","floor":44,"turns":4},{"damage":0,"enemies":"Maw","floor":46,"turns":3},{"damage":21,"enemies":"Giant Head","floor":47,"turns":5},{"damage":36,"enemies":"Donu and Deca","floor":50,"turns":10},{"damage":48,"enemies":"Awakened One","floor":51,"turns":7}],"seed_played":"-5708658163433960408","potions_obtained":[{"floor":1,"key":"Fire Potion"},{"floor":5,"key":"AttackPotion"},{"floor":6,"key":"SneckoOil"},{"floor":14,"key":"Poison Potion"},{"floor":18,"key":"AttackPotion"},{"floor":31,"key":"PowerPotion"},{"floor":33,"key":"ColorlessPotion"},{"floor":41,"key":"Regen Potion"},{"floor":44,"key":"DistilledChaos"},{"floor":46,"key":"GamblersBrew"}],"is_trial":false,"path_per_floor":["M","M","?","?","M","E","R","M","T","R","M","E","M","M","R","B",null,"M","?","$","T","M","R","$","R","T","E","R","E","M","M","R","B",null,"M","$","M","$","M","R","M","R","T","M","R","M","E","?","R","B","B"],"character_chosen":"THE_SILENT","items_purchased":["Lee\u0027s Waffle","Bag of Preparation","MealTicket","Finesse"],"campfire_rested":1,"item_purchase_floors":[20,36,36,38],"current_hp_per_floor":[57,55,55,55,52,42,42,41,41,41,27,25,19,19,19,15,53,46,46,73,80,72,72,72,72,72,46,46,38,40,50,50,13,63,47,47,45,60,47,47,39,39,39,51,51,51,42,42,66,42,0,0],"gold":166,"neow_bonus":"ONE_RARE_RELIC","is_daily":false,"chose_seed":false,"campfire_upgraded":10,"win_rate":0.0,"timestamp":1609583694,"path_taken":["M","M","?","?","M","E","R","M","T","R","M","E","M","?","R","BOSS","M","?","$","?","M","R","?","R","T","E","R","E","?","M","R","BOSS","M","$","M","?","M","R","M","R","T","M","R","M","E","?","R","BOSS","BOSS"],"items_purchased_type":["Relic","Relic","Relic","Card"],"build_version":"2020-12-22","purchased_purges":2,"victory":false,"max_hp_per_floor":[66,66,66,66,66,66,66,66,66,66,66,66,66,66,66,66,66,66,66,73,80,80,80,80,80,80,80,80,80,80,80,80,80,80,80,80,80,80,80,80,80,80,80,80,80,80,80,80,80,80,80,80],"relic_stats":{"Lee\u0027s Waffle":27,"counters":[26,127],"MealTicket":15,"PreservedInsect":173,"Bag of Preparation":[16],"Whetstone":["Neutralize","Strike_G"],"Orichalcum":[162],"MawBank":120,"obtain_stats":[{"Potion Belt":43,"Lee\u0027s Waffle":20,"PreservedInsect":27,"Bag of Preparation":36,"Whetstone":9,"Orichalcum":12,"MawBank":26,"Akabeko":47,"Du-Vu Doll":0,"SlaversCollar":34,"Strawberry":21,"Molten Egg 2":6,"Philosopher\u0027s Stone":17,"MealTicket":36,"Ring of the Snake":0,"Meat on the Bone":29},{"Potion Belt":21,"Lee\u0027s Waffle":11,"PreservedInsect":13,"Bag of Preparation":18,"Whetstone":5,"Orichalcum":7,"MawBank":12,"Akabeko":24,"Du-Vu Doll":0,"SlaversCollar":17,"Strawberry":11,"Molten Egg 2":4,"Philosopher\u0027s Stone":10,"MealTicket":18,"Ring of the Snake":0,"Meat on the Bone":14},{"Potion Belt":98,"Lee\u0027s Waffle":46,"PreservedInsect":54,"Bag of Preparation":83,"Whetstone":20,"Orichalcum":31,"MawBank":48,"Akabeko":110,"Du-Vu Doll":0,"SlaversCollar":76,"Strawberry":46,"Molten Egg 2":17,"Philosopher\u0027s Stone":42,"MealTicket":83,"Ring of the Snake":0,"Meat on the Bone":58}],"Ring of the Snake":[52],"Meat on the Bone":84},"card_choices":[{"not_picked":["Prepared","Sucker Punch"],"picked":"Blur","floor":1},{"not_picked":["Dagger Throw","Envenom"],"picked":"Dagger Spray","floor":2},{"not_picked":["Prepared","Crippling Poison"],"picked":"Slice","floor":5},{"not_picked":["Expertise","Reflex"],"picked":"Predator+1","floor":6},{"not_picked":["Noxious Fumes","Catalyst"],"picked":"PiercingWail","floor":8},{"not_picked":["Slice+1","PiercingWail"],"picked":"Footwork","floor":11},{"not_picked":["Dagger Throw+1","Catalyst"],"picked":"Blade Dance","floor":12},{"not_picked":["Endless Agony+1","Slice+1"],"picked":"Flying Knee+1","floor":13},{"not_picked":["Dagger Spray+1","Distraction"],"picked":"Terror","floor":14},{"not_picked":["Grand Finale+1","A Thousand Cuts"],"picked":"Venomology","floor":16},{"not_picked":["Dodge and Roll","Masterful Stab+1"],"picked":"Blade Dance","floor":18},{"not_picked":["Backflip","Die Die Die+1"],"picked":"Cloak And Dagger","floor":22},{"not_picked":["Deadly Poison","Infinite Blades"],"picked":"Quick Slash+1","floor":27},{"not_picked":["Calculated Gamble","Sucker Punch+1"],"picked":"Catalyst","floor":29},{"not_picked":["Dash+1","Bane+1"],"picked":"Catalyst","floor":30},{"not_picked":["Acrobatics","Predator+1","Masterful Stab+1"],"picked":"SKIP","floor":31},{"not_picked":["Tools of the Trade","Bullet Time"],"picked":"Adrenaline","floor":33},{"not_picked":["Catalyst","Well Laid Plans","Caltrops"],"picked":"SKIP","floor":35},{"not_picked":["Crippling Poison","Sucker Punch+1"],"picked":"Flying Knee+1","floor":37},{"not_picked":["Expertise+1","Backflip","Leg Sweep"],"picked":"SKIP","floor":39},{"not_picked":["Bouncing Flask","Escape Plan"],"picked":"Backflip+1","floor":41},{"not_picked":["Endless Agony+1","Riddle With Holes+1"],"picked":"Finisher+1","floor":44},{"not_picked":["Deflect","Bane+1"],"picked":"Footwork+1","floor":46},{"not_picked":["Acrobatics","Deflect"],"picked":"Burst","floor":47}],"player_experience":1238498,"relics_obtained":[{"floor":6,"key":"Molten Egg 2"},{"floor":9,"key":"Whetstone"},{"floor":12,"key":"Orichalcum"},{"floor":21,"key":"Strawberry"},{"floor":26,"key":"MawBank"},{"floor":27,"key":"PreservedInsect"},{"floor":29,"key":"Meat on the Bone"},{"floor":43,"key":"Potion Belt"},{"floor":47,"key":"Akabeko"}],"event_choices":[{"damage_healed":0,"gold_gain":0,"player_choice":"Grow","damage_taken":0,"max_hp_gain":0,"max_hp_loss":0,"event_name":"Living Wall","floor":3,"gold_loss":0,"cards_upgraded":["Dagger Spray"]},{"damage_healed":0,"gold_gain":0,"player_choice":"1 cards matched","damage_taken":0,"max_hp_gain":0,"max_hp_loss":0,"event_name":"Match and Keep!","floor":4,"gold_loss":0,"cards_obtained":["Envenom"]},{"damage_healed":0,"gold_gain":0,"player_choice":"Upgraded","damage_taken":0,"max_hp_gain":0,"max_hp_loss":0,"event_name":"Upgrade Shrine","floor":19,"gold_loss":0,"cards_upgraded":["Blade Dance"]},{"damage_healed":0,"gold_gain":50,"player_choice":"Pray","damage_taken":0,"max_hp_gain":0,"max_hp_loss":0,"event_name":"Golden Shrine","floor":48,"gold_loss":0}],"is_beta":false,"boss_relics":[{"not_picked":["Busted Crown","SacredBark"],"picked":"Philosopher\u0027s Stone"},{"not_picked":["Empty Cage","Snecko Eye"],"picked":"SlaversCollar"}],"items_purged_floors":[20,24],"is_endless":false,"potions_floor_spawned":[1,5,6,14,18,31,33,41,44,46],"killed_by":"Awakened One","ascension_level":20}}