{"host":"sum4dy402bbv9y4o","time":1609602501,"event":{"mods":["Aspiration","BaseMod","Conspire","Highlight Path","Minty Spire (QoL Compilation)","StSLib"],"gold_per_floor":[110,120,120,139,139,139,154,154,154,185,200,232,10,30,30,30,30],"floor_reached":16,"playtime":687,"items_purged":[],"score":224,"play_id":"27588e64-db48-4c54-be44-40ba566115f3","local_time":"20210102184821","is_ascension_mode":true,"campfire_choices":[{"data":"Eruption","floor":6,"key":"SMITH"},{"floor":8,"key":"REST"},{"data":"TalkToTheHand","floor":15,"key":"SMITH"}],"circlet_count":0,"master_deck":["AscendersBane","Strike_P","Strike_P+1","Strike_P","Strike_P+1","Defend_P+1","Defend_P+1","Defend_P+1","Eruption+1","Vigilance","LessonLearned","WheelKick","LikeWater+1","ThirdEye","Wallop+1","EmptyBody+1","TalkToTheHand+1","BowlingBash"],"relics":["PureWater","Question Card","Dead Branch","Letter Opener","Lee\u0027s Waffle"],"acts_visited":["Exordium"],"potions_floor_usage":[10,12,16],"damage_taken":[{"damage":3,"enemies":"Small Slimes","floor":1,"turns":5},{"damage":9,"enemies":"Jaw Worm","floor":2,"turns":5},{"damage":9,"enemies":"Cultist","floor":4,"turns":4},{"damage":0,"enemies":"2 Fungi Beasts","floor":7,"turns":5},{"damage":6,"enemies":"Lagavulin","floor":10,"turns":6},{"damage":0,"enemies":"Looter","floor":11,"turns":3},{"damage":22,"enemies":"3 Sentries","floor":12,"turns":6},{"damage":0,"enemies":"Red Slaver","floor":14,"turns":3},{"damage":76,"enemies":"Slime Boss","floor":16,"turns":7}],"seed_played":"7131850456084704199","potions_obtained":[{"floor":1,"key":"DistilledChaos"},{"floor":10,"key":"ColorlessPotion"},{"floor":14,"key":"Dexterity Potion"}],"is_trial":false,"path_per_floor":["M","M","?","M","?","R","M","R","T","E","M","E","$","M","R","B"],"character_chosen":"WATCHER","items_purchased":["Lee\u0027s Waffle","Block Potion"],"campfire_rested":1,"item_purchase_floors":[13,13],"current_hp_per_floor":[58,49,45,36,36,36,36,56,56,50,50,28,75,75,75,0,0],"gold":30,"neow_bonus":"ONE_RANDOM_RARE_CARD","is_daily":false,"chose_seed":false,"campfire_upgraded":2,"win_rate":0.0,"timestamp":1609602501,"path_taken":["M","M","?","M","?","R","M","R","T","E","M","E","$","?","R","BOSS"],"items_purchased_type":["Relic","Potion"],"build_version":"2020-12-22","purchased_purges":0,"victory":false,"max_hp_per_floor":[68,68,68,68,68,68,68,68,68,68,68,68,75,75,75,75,75],"card_choices":[{"not_picked":["ClearTheMind","CutThroughFate"],"picked":"WheelKick","floor":1},{"not_picked":["Prostrate","Crescendo"],"picked":"LikeWater","floor":2},{"not_picked":["Omniscience","Crescendo"],"picked":"ThirdEye","floor":4},{"not_picked":["SignatureMove","Protect"],"picked":"Wallop","floor":7},{"not_picked":["Perseverance","Omniscience","Study"],"picked":"EmptyBody","floor":10},{"not_picked":["Evaluate","Prostrate","Halt"],"picked":"TalkToTheHand","floor":11},{"not_picked":["PathToVictory","Swivel","JustLucky"],"picked":"BowlingBash","floor":12},{"not_picked":["Indignation","MasterReality","JustLucky","ReachHeaven"],"picked":"SKIP","floor":14}],"player_experience":2885938,"relics_obtained":[{"floor":9,"key":"Question Card"},{"floor":10,"key":"Dead Branch"},{"floor":12,"key":"Letter Opener"}],"event_choices":[{"damage_healed":0,"gold_gain":0,"player_choice":"Leave","damage_taken":0,"max_hp_gain":0,"max_hp_loss":0,"event_name":"conspire:Investor","floor":3,"gold_loss":0},{"cards_removed":["Defend_P"],"damage_healed":0,"gold_gain":0,"player_choice":"Purged","damage_taken":0,"max_hp_gain":0,"max_hp_loss":0,"event_name":"Purifier","floor":5,"gold_loss":0}],"is_beta":false,"boss_relics":[],"items_purged_floors":[],"is_endless":false,"potions_floor_spawned":[1,10,14],"killed_by":"Slime Boss","ascension_level":20}}