{"host":"xwqwvmlzre68xjvm","time":1609556692,"event":{"mods":["BaseMod","Colored Map","Colored Powertips","Hermit","Minty Spire (QoL Compilation)","Replay The Spire","StSLib","SuperFastMode","Td1madao Mod","The Bug Knight","The Cursed","The Hierophant","The Runesmith"],"gold_per_floor":[109,109,109,123,143,143,143,352,352,352,367,67,93,111,111,210,210,222,234,249,249,2,2,30,30,30,30,50,50,60,75,75,172,172,185,185,195,212,226,226,226,226,295,345,362,362,362,376,376,376,376],"floor_reached":50,"playtime":2885,"items_purged":["Strike_R","Strike_R"],"score":639,"play_id":"d7ab0ae7-9fa8-4d87-83b3-1cf9f79a047a","local_time":"20210102120452","is_ascension_mode":false,"campfire_choices":[{"data":"Life Link","floor":6,"key":"SMITH"},{"data":"True Grit","floor":10,"key":"SMITH"},{"data":"Dark Embrace","floor":15,"key":"SMITH"},{"data":"Eclipse","floor":23,"key":"SMITH"},{"data":"Infernal Blade","floor":25,"key":"SMITH"},{"data":"Warcry","floor":29,"key":"SMITH"},{"floor":32,"key":"REST"},{"floor":40,"key":"REST"},{"data":"Impervious","floor":42,"key":"SMITH"},{"data":"Metallicize","floor":47,"key":"SMITH"}],"circlet_count":0,"master_deck":["Strike_R","Strike_R","Strike_R","Defend_R","Defend_R","Defend_R","Bash","True Grit+1","Life Link+1","Reckless Charge","Flex","Dark Embrace+1","Fire Breathing","Intimidate","Eclipse+1","Infernal Blade+1","Demonic Infusion+1","Metallicize+1","Warcry+1","Clash+1","Impervious+1","Demonic Infusion+1","Replay:Undeath\u0027s Touch+1","Abandon+1","Clash+1","Warcry+1","Flex+1","Replay:Undeath\u0027s Touch"],"relics":["Burning Blood","NeowsBlessing","ReplayTheSpireMod:Ring of Collecting","Ring of Misfortune","GremlinMask","Letter Opener","ReplayTheSpireMod:Ring of Exchange","Garlic","Boot","Replay:Baseball","Ooze Armor","Medical Kit","Pocketwatch","Ring of Hypnosis","Calipers","DollysMirror","Ring of Searing","ReplayTheSpireMod:Ninjato","Ginger","ReplayTheSpireMod:Ring of Challenge","Runesmith:Locket"],"acts_visited":["Exordium","TheCity","TheBeyond"],"potions_floor_usage":[13,33,50,50,50],"damage_taken":[{"damage":0,"enemies":"Jaw Worm","floor":1,"turns":1},{"damage":0,"enemies":"2 Louse","floor":4,"turns":2},{"damage":0,"enemies":"Cultist","floor":5,"turns":1},{"damage":16,"enemies":"Gremlin Gang","floor":11,"turns":6},{"damage":7,"enemies":"Gremlin Nob","floor":13,"turns":4},{"damage":3,"enemies":"Looter","floor":14,"turns":4},{"damage":9,"enemies":"Hexaghost","floor":16,"turns":11},{"damage":22,"enemies":"Shell Parasite","floor":18,"turns":5},{"damage":7,"enemies":"Chosen","floor":19,"turns":5},{"damage":25,"enemies":"3 Cultists","floor":20,"turns":5},{"damage":17,"enemies":"Book of Stabbing","floor":24,"turns":4},{"damage":6,"enemies":"Centurion and Healer","floor":28,"turns":5},{"damage":6,"enemies":"Snake Plant","floor":30,"turns":4},{"damage":17,"enemies":"3 Cultists","floor":31,"turns":4},{"damage":25,"enemies":"Pondfish","floor":33,"turns":11},{"damage":1,"enemies":"3 Shapes","floor":35,"turns":6},{"damage":20,"enemies":"Orb Walker","floor":37,"turns":4},{"damage":51,"enemies":"Writhing Mass","floor":38,"turns":4},{"damage":9,"enemies":"4 Shapes","floor":39,"turns":5},{"damage":0,"enemies":"Mind Bloom Boss Battle","floor":44,"turns":5},{"damage":0,"enemies":"Maw","floor":45,"turns":4},{"damage":29,"enemies":"Jaw Worm Horde","floor":48,"turns":5},{"damage":57,"enemies":"Time Eater","floor":50,"turns":4}],"seed_played":"1641192891735626531","potions_obtained":[{"floor":4,"key":"LifebloodPotion"},{"floor":16,"key":"Energy Potion"},{"floor":19,"key":"ElixirPotion"},{"floor":28,"key":"SmokeBomb"},{"floor":30,"key":"Elixir"},{"floor":38,"key":"DuplicationPotion"},{"floor":39,"key":"Swift Potion"},{"floor":44,"key":"SneckoOil"}],"is_trial":false,"path_per_floor":["M","?","?","M","M","R","?","?","T","R","M","$","E","M","R","B",null,"M","M","M","?","$","R","E","R","T","?","M","R","M","M","R","B",null,"M","?","M","M","M","R","?","R","T","?","M","T","R","M","R_BF","B"],"character_chosen":"IRONCLAD","items_purchased":["Dark Embrace","Boot","Medical Kit"],"campfire_rested":2,"item_purchase_floors":[12,12,22],"current_hp_per_floor":[80,80,80,80,80,80,62,42,42,42,32,32,31,34,34,31,80,64,63,44,44,44,44,33,33,33,33,33,33,33,22,46,27,80,80,80,66,21,18,42,42,42,42,48,54,54,54,31,55,0,0],"gold":376,"neow_bonus":"THREE_ENEMY_KILL","is_daily":false,"chose_seed":false,"campfire_upgraded":8,"win_rate":0.0,"timestamp":1609556692,"path_taken":["M","?","?","?","?","R","?","?","T","R","M","$","E","M","R","BOSS","M","M","?","?","$","R","E","R","T","?","?","R","?","M","R","BOSS","M","?","?","M","M","R","?","R","T","?","M","?","R","M","R_BF","BOSS"],"items_purchased_type":["Card","Relic","Relic"],"build_version":"2020-12-22","purchased_purges":2,"victory":false,"max_hp_per_floor":[80,80,80,80,80,80,80,80,80,80,80,80,80,80,80,80,80,80,80,80,80,80,80,80,80,80,80,80,80,80,80,80,80,80,80,80,80,80,80,80,80,80,80,80,80,80,80,80,80,80,80],"card_choices":[{"not_picked":["Iron Wave","Cleave"],"picked":"True Grit","floor":1},{"not_picked":["Dual Wield","Headbutt","Twin Strike"],"picked":"SKIP","floor":4},{"not_picked":["Twin Strike","Run Through"],"picked":"Life Link","floor":5},{"not_picked":["Dual Wield","True Grit"],"picked":"Reckless Charge","floor":8},{"not_picked":["Clothesline","Reckless Charge"],"picked":"Flex","floor":11},{"not_picked":["Reaper","Iron Wave"],"picked":"Fire Breathing","floor":13},{"not_picked":["Headbutt","Anger"],"picked":"Intimidate","floor":14},{"not_picked":["Reaper","Bludgeon"],"picked":"Eclipse","floor":16},{"not_picked":["Clothesline","ReplayTheSpireMod:Strike From Hell"],"picked":"Infernal Blade","floor":18},{"not_picked":["Heavy Blade+1","Pommel Strike","ReplayTheSpireMod:Strike From Hell"],"picked":"SKIP","floor":19},{"not_picked":["Body Slam","Pommel Strike+1"],"picked":"Demonic Infusion","floor":20},{"not_picked":["Blood for Blood","Anger"],"picked":"Metallicize","floor":24},{"not_picked":["Shrug It Off+1","Thunderclap"],"picked":"Warcry","floor":28},{"not_picked":["Iron Wave","Armaments","Rage"],"picked":"SKIP","floor":30},{"not_picked":["ReplayTheSpireMod:Limb From Limb","Combust"],"picked":"Clash","floor":31},{"not_picked":["Feed","Bludgeon"],"picked":"Impervious","floor":33},{"not_picked":["Run Through","Twin Strike+1","Dual Wield"],"picked":"SKIP","floor":35},{"not_picked":["Pommel Strike","Heavy Blade+1"],"picked":"Replay:Undeath\u0027s Touch+1","floor":37},{"not_picked":["Headbutt","Iron Wave"],"picked":"Abandon+1","floor":38},{"not_picked":["ReplayTheSpireMod:Strike From Hell","Armaments+1"],"picked":"Clash+1","floor":39},{"not_picked":["Replay:Undeath\u0027s Touch+1","Cleave+1"],"picked":"Warcry+1","floor":44},{"not_picked":["ReplayTheSpireMod:LeadingStrike","Eclipse"],"picked":"Flex+1","floor":45},{"not_picked":["Flex+1","Iron Wave+1"],"picked":"Replay:Undeath\u0027s Touch","floor":48}],"player_experience":15233,"relics_obtained":[{"floor":2,"key":"ReplayTheSpireMod:Ring of Collecting"},{"floor":2,"key":"Ring of Misfortune"},{"floor":9,"key":"ReplayTheSpireMod:Ring of Exchange"},{"floor":9,"key":"Garlic"},{"floor":13,"key":"Replay:Baseball"},{"floor":24,"key":"Pocketwatch"},{"floor":26,"key":"Ring of Hypnosis"},{"floor":26,"key":"Calipers"},{"floor":43,"key":"Ring of Searing"},{"floor":43,"key":"ReplayTheSpireMod:Ninjato"},{"floor":44,"key":"Ginger"},{"floor":46,"key":"ReplayTheSpireMod:Ring of Challenge"},{"floor":46,"key":"Runesmith:Locket"}],"event_choices":[{"damage_healed":0,"gold_gain":0,"player_choice":"Trade","damage_taken":0,"relics_obtained":["GremlinMask"],"max_hp_gain":0,"max_hp_loss":0,"event_name":"FaceTrader","floor":3,"gold_loss":0},{"damage_healed":0,"gold_gain":0,"player_choice":"Success","damage_taken":18,"relics_obtained":["Letter Opener"],"max_hp_gain":0,"max_hp_loss":0,"event_name":"Scrap Ooze","floor":7,"gold_loss":0},{"damage_healed":0,"gold_gain":0,"player_choice":"Ignored","damage_taken":0,"max_hp_gain":0,"max_hp_loss":0,"event_name":"Ghosts","floor":21,"gold_loss":0},{"damage_healed":0,"gold_gain":0,"player_choice":"Upgraded","damage_taken":0,"max_hp_gain":0,"max_hp_loss":0,"event_name":"Upgrade Shrine","floor":27,"gold_loss":0,"cards_upgraded":["Demonic Infusion"]},{"damage_healed":0,"gold_gain":0,"player_choice":"Ignored","damage_taken":0,"max_hp_gain":0,"max_hp_loss":0,"event_name":"NoteForYourself","floor":36,"gold_loss":0},{"cards_removed":["Defend_R"],"damage_healed":0,"gold_gain":0,"player_choice":"Removed Skill","damage_taken":0,"max_hp_gain":0,"max_hp_loss":0,"event_name":"Falling","floor":41,"gold_loss":0},{"damage_healed":0,"gold_gain":0,"player_choice":"Fight","damage_taken":0,"max_hp_gain":0,"max_hp_loss":0,"event_name":"MindBloom","floor":44,"gold_loss":0}],"is_beta":false,"boss_relics":[{"not_picked":["Cauldron","Empty Cage"],"picked":"Ooze Armor"},{"not_picked":["Honey Jar","Runic Pyramid"],"picked":"DollysMirror"}],"items_purged_floors":[12,22],"is_endless":false,"potions_floor_spawned":[4,16,19,28,30,38,39,44,45],"killed_by":"Time Eater","ascension_level":0}}