{"host":"fhq3k2nq5elnbks3","time":1609561050,"event":{"mods":["2.2 Compatiblity","AchievementEnabler","Act Like it!","AlwaysNeverKeys","Aspiration","BaseMod","Better Altar","Better Vampires","Better-Laid Plans","Block Reminder","CCEM","Card Filter","Colored Powertips","Displayed Cursed Tome","Downfall","Ekko","Fireblade Mod","Friendly Minions","GifTheSpireLib","Gremlin Skip","HololiveMod","Jorbs\u0027s Wanderer Trilogy","Koishi","Marisa????????","Mathemortician","Minty Spire (QoL Compilation)","Onozuka Komachi Mod","Pale of the Ancients","Permanent Neow","Prisma Mod","Quick Restart","Reimu??????","Relic Filter","Robot Space Explorer","Shop Mod","Spikes Relics","StSLib","SuperFastMode","The Animator","The Blackbeard","The Cursed","The Gatherer","The Hierophant","The Runesmith","The Servant 0.9.4","The Trickster","The Wild Card","TheBandit","Trackpad","Transform Curses","Uncapped","Unknown Chances","thorton","vexMod"],"gold_per_floor":[49,61,81,95,108,125,125,50,66,97,97,112,112,112,132,229,229,229,239,251,251,37,37,37,37,56,68,68,68,98,98,109,212,212,212,231,321,178,195,8,8,8,8,8,8,20,20,20,40,40,40,40,40,40],"floor_reached":52,"playtime":6850,"items_purged":[],"score":749,"play_id":"7c4b93dd-39eb-4c17-a78d-6f69b005de95","local_time":"20210101221730","is_ascension_mode":false,"campfire_choices":[{"data":"Guardian:CurlUp","floor":1,"key":"SMITH"},{"data":"Guardian:DecasProtection","floor":8,"key":"SMITH"},{"data":"Guardian:TwinSlam","floor":11,"key":"SMITH"},{"data":"Guardian:Strike_Guardian","floor":18,"key":"SMITH"},{"data":"Guardian:EvasiveProtocol","floor":23,"key":"SMITH"},{"data":"Guardian:Strike_Guardian","floor":28,"key":"SMITH"},{"data":"Guardian:FloatingOrbs","floor":35,"key":"SMITH"},{"data":"BlessedFruit","floor":44,"key":"SMITH"},{"data":"BlessedFruit","floor":47,"key":"SMITH"}],"circlet_count":0,"master_deck":["Guardian:Strike_Guardian","Guardian:Strike_Guardian+1","Guardian:Strike_Guardian+1","Guardian:Strike_Guardian+1","Guardian:Defend_Guardian","Guardian:Defend_Guardian","Guardian:Defend_Guardian","Guardian:Defend_Guardian","Guardian:CurlUp+1","Guardian:TwinSlam+1","Guardian:DecasProtection+1","Guardian:FloatingOrbs+1","BlessedFruit+1","BlessedFruit+1","expansioncontent:SuperHexaguard"],"relics":["Guardian:ModeShifter","downfall:HeartBlessingRed","downfall:HeartBlessingGreen","downfall:HeartBlessingBlue","aspiration:MarisaSkillbook","downfall:RedIOU","MerchantsRug","Du-Vu Doll","CultistMask","Calipers","SacredBark","CCEMRelics:WrappedPresent","vexMod:BarristanHead","TentaclePot:ReiMu","trackpad:AdjectivePendant","trackpad:RapidFire","PureWhite:ReiMu"],"acts_visited":["Exordium","TheCity","TheBeyond","TheEnding"],"potions_floor_usage":[16,16,16,16,22,37,37,50],"damage_taken":[{"damage":0,"enemies":"Cultist","floor":2,"turns":3},{"damage":0,"enemies":"Jaw Worm","floor":3,"turns":4},{"damage":0,"enemies":"2 Louse","floor":4,"turns":2},{"damage":13,"enemies":"Red Slaver","floor":5,"turns":5},{"damage":2,"enemies":"2 Fungi Beasts","floor":6,"turns":4},{"damage":4,"enemies":"Exordium Thugs","floor":9,"turns":5},{"damage":15,"enemies":"Gremlin Nob","floor":10,"turns":5},{"damage":7,"enemies":"Red Slaver","floor":12,"turns":4},{"damage":0,"enemies":"Blue Slaver","floor":15,"turns":5},{"damage":56,"enemies":"downfall:Defect","floor":16,"turns":11},{"damage":4,"enemies":"Chosen","floor":19,"turns":6},{"damage":10,"enemies":"Centurion and Healer","floor":20,"turns":5},{"damage":0,"enemies":"downfall:FleeingMerchant","floor":22,"turns":4},{"damage":18,"enemies":"Snecko","floor":26,"turns":6},{"damage":0,"enemies":"Chosen and Byrds","floor":27,"turns":4},{"damage":0,"enemies":"Book of Stabbing","floor":30,"turns":6},{"damage":2,"enemies":"Snake Plant","floor":32,"turns":5},{"damage":52,"enemies":"downfall:Ironclad","floor":33,"turns":9},{"damage":4,"enemies":"Orb Walker","floor":36,"turns":3},{"damage":0,"enemies":"downfall:FleeingMerchant","floor":37,"turns":4},{"damage":25,"enemies":"3 Darklings","floor":39,"turns":6},{"damage":13,"enemies":"Maw","floor":46,"turns":6},{"damage":0,"enemies":"Spire Growth","floor":49,"turns":4},{"damage":37,"enemies":"downfall:Silent","floor":50,"turns":10},{"damage":154,"enemies":"downfall:CharBossMerchant","floor":52,"turns":7}],"seed_played":"-101691877720173342","potions_obtained":[{"floor":5,"key":"EntropicBrew"},{"floor":12,"key":"Guardian:DefensiveModePotion"},{"floor":14,"key":"Guardian:BlockOnCardUsePotion"},{"floor":14,"key":"EntropicBrew"},{"floor":16,"key":"Swift Potion"},{"floor":19,"key":"LiquidMemories"},{"floor":27,"key":"DistilledChaos"},{"floor":33,"key":"Energy Potion"},{"floor":36,"key":"GrandPatriotsElixir:ReiMu"},{"floor":46,"key":"SneckoOil"}],"is_trial":false,"path_per_floor":["R","M","M","M","M","M","T","R","M","E","R","M","?","?","M","B",null,"R","M","M","?","$","R","T","?","M","M","R","?","E","?","M","B",null,"R","M","$","$","M","$","T","?","T","R","?","M","R","?","M","B",null,"E"],"character_chosen":"GUARDIAN","items_purchased":["MerchantsRug","vexMod:Spyglass","CCEMRelics:WrappedPresent","vexMod:BarristanHead","TentaclePot:ReiMu","trackpad:AdjectivePendant"],"campfire_rested":0,"item_purchase_floors":[22,22,37,38,40,40],"current_hp_per_floor":[80,80,80,80,67,65,71,81,77,72,72,65,70,70,70,14,111,111,107,97,97,97,97,97,111,93,93,93,93,93,93,91,39,111,111,107,116,116,93,93,93,93,93,93,105,95,95,85,89,56,129,0,0,0],"gold":40,"neow_bonus":"HUNDRED_GOLD","is_daily":false,"chose_seed":false,"campfire_upgraded":9,"win_rate":0.0,"timestamp":1609561050,"path_taken":["R","M","M","?","M","M","T","R","M","E","R","M","?","?","M","BOSS","R","M","M","?","$","R","T","?","?","M","R","?","E","?","M","BOSS","R","M","$","?","M","$","T","?","?","R","?","M","R","?","M","BOSS","E"],"items_purchased_type":["Relic","Relic","Relic","Relic","Relic","Relic"],"build_version":"2020-12-22","purchased_purges":0,"victory":false,"max_hp_per_floor":[80,80,80,80,80,80,86,96,96,106,106,106,111,111,111,111,111,111,111,111,111,111,111,111,111,111,111,111,111,111,111,111,111,111,111,111,116,116,118,118,118,118,118,118,118,121,121,121,125,129,129,133,133,133],"card_choices":[{"not_picked":["Guardian:Planning","Guardian:Suspension","Guardian:Recover"],"picked":"SKIP","floor":2},{"not_picked":["Guardian:PiercingHide","Guardian:TemporalShield","Guardian:Suspension"],"picked":"SKIP","floor":3},{"not_picked":["Guardian:TemporalStrike","Guardian:VentSteam"],"picked":"Guardian:DecasProtection","floor":4},{"not_picked":["Guardian:CrystalBeam","Guardian:RefractedBeam","Guardian:BronzeOrb"],"picked":"SKIP","floor":5},{"not_picked":["Guardian:PrismaticBeam","Guardian:DecasProtection"],"picked":"Guardian:Gem_Fragmented","floor":6},{"not_picked":["Guardian:PrismaticBarrier","Guardian:Planning"],"picked":"Guardian:Gem_Lightblue","floor":9},{"not_picked":["Guardian:TimeCapacitor","Guardian:Reroute","Guardian:SphericShield"],"picked":"SKIP","floor":10},{"not_picked":["Guardian:Reroute","Guardian:PiercingHide"],"picked":"Guardian:Gem_Cyan","floor":12},{"not_picked":["Guardian:Suspension","Guardian:Gem_Lightblue","Guardian:DonusPower"],"picked":"SKIP","floor":15},{"not_picked":["Guardian:TimeCapacitor","Guardian:Planning","Guardian:WalkerClaw+1","Guardian:TemporalStrike"],"picked":"SKIP","floor":19},{"not_picked":["Guardian:ChargeCore","Guardian:VentSteam","Guardian:Emergency"],"picked":"Guardian:EvasiveProtocol","floor":20},{"not_picked":["Guardian:Suspension","Guardian:CrystalBeam","Guardian:ArmoredProtocol","Guardian:Recover"],"picked":"SKIP","floor":22},{"not_picked":["Guardian:DonusPower+1","Guardian:Gem_Crimson","Guardian:ArmoredProtocol","Guardian:TimeBomb"],"picked":"SKIP","floor":26},{"not_picked":["Guardian:DonusPower","Guardian:FastForward","Guardian:Gem_Red","Guardian:WalkerClaw+1"],"picked":"SKIP","floor":27},{"not_picked":["Guardian:FastForward","Guardian:RollAttack","Guardian:MultiBeam+1","Guardian:Harden"],"picked":"SKIP","floor":30},{"not_picked":["Guardian:CrystalBeam","Guardian:Planning","Guardian:Gem_Red"],"picked":"Guardian:FloatingOrbs","floor":32},{"not_picked":["Guardian:Gem_Red","Guardian:FloatingOrbs","Guardian:Incinerate","Guardian:Gem_Lightblue"],"picked":"SKIP","floor":36},{"not_picked":["Guardian:Gem_Synthetic","Guardian:Incinerate+1","Guardian:CrystalBeam","Guardian:PiercingHide+1"],"picked":"SKIP","floor":37},{"not_picked":["Guardian:Planning","Guardian:RollAttack+1","Guardian:Reroute+1","Guardian:PrismaticBarrier+1"],"picked":"SKIP","floor":39},{"not_picked":["Guardian:Gem_Cyan","Guardian:GuardianWhirl","Guardian:RollAttack+1","Guardian:TemporalShield+1"],"picked":"SKIP","floor":46},{"not_picked":["expansioncontent:TimeRipple","expansioncontent:Hexaburn","expansioncontent:Chronoboost"],"picked":"expansioncontent:SuperHexaguard","floor":48},{"not_picked":["Guardian:DonusPower","Guardian:RollAttack","Guardian:Planning+1","Guardian:ShieldSpikes"],"picked":"SKIP","floor":49}],"player_experience":563556,"relics_obtained":[{"floor":7,"key":"vexMod:BerryBomb"},{"floor":10,"key":"Pear"},{"floor":24,"key":"Du-Vu Doll"},{"floor":30,"key":"Calipers"},{"floor":37,"key":"HeavenlyBonsai"},{"floor":41,"key":"trackpad:RapidFire"},{"floor":43,"key":"PureWhite:ReiMu"}],"event_choices":[{"damage_healed":0,"gold_gain":0,"player_choice":"Donut","damage_taken":0,"max_hp_gain":5,"max_hp_loss":0,"event_name":"Big Fish","floor":13,"gold_loss":0},{"damage_healed":0,"gold_gain":0,"player_choice":"Got Potions","damage_taken":0,"max_hp_gain":0,"max_hp_loss":0,"event_name":"Lab","floor":14,"gold_loss":0},{"cards_removed":["Guardian:EvasiveProtocol"],"damage_healed":14,"gold_gain":0,"player_choice":"Offered Uncommon","damage_taken":0,"max_hp_gain":0,"max_hp_loss":0,"event_name":"Bonfire Elementals","floor":25,"gold_loss":0},{"damage_healed":0,"gold_gain":0,"player_choice":"Trade","damage_taken":0,"relics_obtained":["CultistMask"],"max_hp_gain":0,"max_hp_loss":0,"event_name":"FaceTrader","floor":29,"gold_loss":0},{"damage_healed":0,"gold_gain":0,"player_choice":"Upgraded","damage_taken":0,"max_hp_gain":0,"max_hp_loss":0,"event_name":"Upgrade Shrine","floor":31,"gold_loss":0,"cards_upgraded":["Guardian:Strike_Guardian"]}],"is_beta":false,"boss_relics":[{"not_picked":["Sozu","CCEMRelics:TransientCore"],"picked":"aspiration:MarisaSkillbook"},{"not_picked":["Runic Pyramid","Runesmith:UraniumAnvil"],"picked":"SacredBark"}],"items_purged_floors":[],"is_endless":false,"potions_floor_spawned":[5,12,15,16,19,27,33,36,46],"killed_by":"downfall:CharBossMerchant","ascension_level":0}}