{"host":"w9yruvs4bqht6bhw","time":1609617214,"event":{"mods":["BaseMod","Colored Powertips","Minty Spire (QoL Compilation)"],"gold_per_floor":[116,127,143,153,167,167,195,195,195,195,195,221,44,63,63,167,167,177,177,188,188,36,36,53,69,69,69,69,85,100,110,110,110,110],"floor_reached":33,"playtime":1213,"items_purged":["Strike_R"],"score":411,"play_id":"a6285ce6-c9fe-4ed4-9fd2-db3ebc1aa55a","local_time":"20210102145334","is_ascension_mode":true,"campfire_choices":[{"data":"Rampage","floor":6,"key":"SMITH"},{"data":"Intimidate","floor":8,"key":"SMITH"},{"data":"Infernal Blade","floor":11,"key":"SMITH"},{"data":"Demon Form","floor":15,"key":"SMITH"},{"floor":23,"key":"REST"},{"floor":27,"key":"REST"},{"floor":32,"key":"REST"}],"circlet_count":0,"master_deck":["Defend_R","Defend_R","Defend_R","Defend_R","Bash","Infernal Blade+1","Rampage+1","Headbutt","Shrug It Off","Anger+1","Intimidate+1","Demon Form+1","Exhume","Shrug It Off+1","Bite","Bite","Bite","Bite","Bite","Flex+1","Rampage+1","Seeing Red+1","Flex+1","Flex+1"],"relics":["Burning Blood","Bronze Scales","Boot","Empty Cage","Lantern","Toxic Egg 2"],"acts_visited":["Exordium","TheCity"],"potions_floor_usage":[4,4,7,14,16,30,30,33],"damage_taken":[{"damage":5,"enemies":"Small Slimes","floor":1,"turns":4},{"damage":1,"enemies":"Cultist","floor":2,"turns":3},{"damage":8,"enemies":"Jaw Worm","floor":3,"turns":4},{"damage":6,"enemies":"3 Louse","floor":4,"turns":3},{"damage":5,"enemies":"2 Fungi Beasts","floor":5,"turns":4},{"damage":27,"enemies":"3 Sentries","floor":7,"turns":6},{"damage":0,"enemies":"Gremlin Nob","floor":12,"turns":2},{"damage":0,"enemies":"Lots of Slimes","floor":14,"turns":2},{"damage":33,"enemies":"The Guardian","floor":16,"turns":5},{"damage":41,"enemies":"Spheric Guardian","floor":18,"turns":5},{"damage":29,"enemies":"Shell Parasite","floor":20,"turns":4},{"damage":14,"enemies":"Cultist and Chosen","floor":24,"turns":6},{"damage":45,"enemies":"Centurion and Healer","floor":25,"turns":7},{"damage":28,"enemies":"Snecko","floor":29,"turns":6},{"damage":7,"enemies":"3 Cultists","floor":30,"turns":6},{"damage":19,"enemies":"Centurion and Healer","floor":31,"turns":5},{"damage":90,"enemies":"Champ","floor":33,"turns":11}],"seed_played":"-9120950177901269115","potions_obtained":[{"floor":2,"key":"LiquidMemories"},{"floor":3,"key":"AttackPotion"},{"floor":4,"key":"AttackPotion"},{"floor":7,"key":"Explosive Potion"},{"floor":25,"key":"SpeedPotion"},{"floor":29,"key":"LiquidMemories"},{"floor":31,"key":"Fire Potion"}],"is_trial":false,"path_per_floor":["M","M","M","M","M","R","E","R","T","?","R","E","$","M","R","B",null,"M","?","M","?","$","R","M","M","T","R","?","M","M","M","R","B"],"character_chosen":"IRONCLAD","items_purchased":["CultistPotion","Lantern"],"campfire_rested":3,"item_purchase_floors":[13,22],"current_hp_per_floor":[73,78,76,76,77,77,56,56,56,56,56,62,62,68,68,41,70,35,35,20,20,20,36,42,19,19,35,35,25,38,37,53,0,0],"gold":110,"neow_bonus":"THREE_CARDS","is_daily":false,"chose_seed":false,"campfire_upgraded":4,"win_rate":0.0,"timestamp":1609617214,"path_taken":["M","M","M","M","M","R","E","R","T","?","R","E","?","M","R","BOSS","M","?","M","?","$","R","M","M","T","R","?","M","M","?","R","BOSS"],"items_purchased_type":["Potion","Relic"],"build_version":"2020-12-22","purchased_purges":1,"victory":false,"max_hp_per_floor":[80,80,80,80,80,80,80,80,80,80,80,80,80,80,80,80,80,80,56,56,56,56,56,56,56,56,56,56,56,56,56,56,56,56],"card_choices":[{"not_picked":["Rupture","Pommel Strike"],"picked":"Infernal Blade","floor":0},{"not_picked":["Heavy Blade","Warcry"],"picked":"Rampage","floor":1},{"not_picked":["Pummel","Bloodletting","Rupture"],"picked":"SKIP","floor":2},{"not_picked":["Heavy Blade","Rupture"],"picked":"Headbutt","floor":3},{"not_picked":["Entrench","Cleave"],"picked":"Shrug It Off","floor":4},{"not_picked":["Cleave","Rupture"],"picked":"Anger","floor":5},{"not_picked":["Rupture","Pummel"],"picked":"Intimidate","floor":7},{"not_picked":["Whirlwind","Rupture"],"picked":"Demon Form","floor":12},{"not_picked":["Bloodletting","Headbutt","True Grit"],"picked":"SKIP","floor":14},{"not_picked":["Barricade","Berserk"],"picked":"Exhume","floor":16},{"not_picked":["Thunderclap","Warcry"],"picked":"Shrug It Off+1","floor":18},{"not_picked":["Twin Strike","Headbutt","Clash"],"picked":"SKIP","floor":20},{"not_picked":["Hemokinesis","Heavy Blade","Feel No Pain"],"picked":"SKIP","floor":24},{"not_picked":["Headbutt","Disarm+1"],"picked":"Flex+1","floor":25},{"not_picked":["Metallicize+1","Immolate"],"picked":"Seeing Red+1","floor":29},{"not_picked":["Feel No Pain","Anger+1"],"picked":"Flex+1","floor":30},{"not_picked":["Warcry+1","Wild Strike"],"picked":"Flex+1","floor":31}],"player_experience":262641,"relics_obtained":[{"floor":7,"key":"Bronze Scales"},{"floor":12,"key":"Boot"},{"floor":26,"key":"Toxic Egg 2"}],"event_choices":[{"damage_healed":0,"gold_gain":0,"player_choice":"Upgraded","damage_taken":0,"max_hp_gain":0,"max_hp_loss":0,"event_name":"Upgrade Shrine","floor":10,"gold_loss":0,"cards_upgraded":["Anger"]},{"damage_healed":0,"gold_gain":0,"player_choice":"Became a vampire","damage_taken":0,"max_hp_gain":0,"max_hp_loss":24,"event_name":"Vampires","floor":19,"gold_loss":0,"cards_obtained":["Bite","Bite","Bite","Bite","Bite"]},{"damage_healed":0,"gold_gain":0,"player_choice":"Ignored","damage_taken":0,"max_hp_gain":0,"max_hp_loss":0,"event_name":"Cursed Tome","floor":21,"gold_loss":0},{"damage_healed":0,"gold_gain":0,"player_choice":"Copied","damage_taken":0,"max_hp_gain":0,"max_hp_loss":0,"event_name":"Duplicator","floor":28,"gold_loss":0,"cards_obtained":["Rampage"]}],"is_beta":false,"boss_relics":[{"not_picked":["Philosopher\u0027s Stone","Cursed Key"],"picked":"Empty Cage"}],"items_purged_floors":[13],"is_endless":false,"potions_floor_spawned":[2,3,4,7,25,29,31],"killed_by":"Champ","ascension_level":7}}