{"host":"z59j9eghykmqrz8g","time":1609623856,"event":{"mods":["Aspiration","BaseMod","Conspire","Infinite Spire","Minty Spire (QoL Compilation)","Replay The Spire","StSLib","vexMod"],"gold_per_floor":[111,163,163,175,222,234,23,55,55,73,73,84,45,58,58,158,158,175,175,110,37,57,57,507,507,507,507,522,538,555,555,555,655,655,677,677,487,525,548,584,584,584,655,655,704,725,753,753,753,780],"floor_reached":51,"playtime":3142,"items_purged":["Pain"],"score":805,"play_id":"c585780c-b337-41e8-9d85-e0c5a3dddc61","local_time":"20210103084416","daily_mods":["SealedDeck","Vintage","Heirloom","Time Dilation"],"is_ascension_mode":false,"campfire_choices":[{"data":"1","floor":6,"key":"LIFT"},{"data":"2","floor":11,"key":"LIFT"},{"data":"3","floor":15,"key":"LIFT"},{"data":"White Noise","floor":23,"key":"SMITH"},{"floor":25,"key":"REST"},{"floor":27,"key":"REST"},{"data":"Creative AI","floor":41,"key":"SMITH"},{"data":"Capacitor","floor":44,"key":"SMITH"},{"floor":49,"key":"REST"}],"circlet_count":0,"master_deck":["Coolheaded","Sweeping Beam","Capacitor","Coolheaded","Streamline+1","Lockon","Beam Cell","Gash+1","Beam Cell+1","Go for the Eyes","Gash","Redo","Conserve Battery","Conserve Battery","Echo Form+1","White Noise+1","Writhe","Creative AI+1","Capacitor+1","Loop+1","Panic Button+1","Parasite"],"relics":["FrozenCore","Girya","Mirror","WarpedTongs","Replay:Baseball","MawBank","DollysMirror","vexMod:InvisibilityCloak","Shuriken","vexMod:PlasmaPancake","vexMod:ScavengeHelm","MealTicket","Symbiotic Virus","Replay:Bottled Eggs","Bag of Preparation","Blue Doll","Emotion Chip","infinitespire:Lucky Rock","aspiration:ChemicalBlood","vexMod:ConsolationPrize","SlaversCollar","Prayer Wheel","Ice Cream","Replay:Mystery Machine","Unceasing Top","Geode","Boot","infinitespire:FocusingShard","Whetstone","conspire:TopHat","Akabeko"],"acts_visited":["Exordium","TheCity","TheBeyond"],"potions_floor_usage":[16,16,33,33,50,50,50],"damage_taken":[{"damage":0,"enemies":"Jaw Worm","floor":1,"turns":1},{"damage":6,"enemies":"Cultist","floor":4,"turns":2},{"damage":0,"enemies":"Gremlin Nob","floor":8,"turns":2},{"damage":5,"enemies":"2 Louse","floor":10,"turns":2},{"damage":0,"enemies":"Lots of Slimes","floor":12,"turns":1},{"damage":0,"enemies":"Looter","floor":14,"turns":1},{"damage":7,"enemies":"Hexaghost","floor":16,"turns":4},{"damage":0,"enemies":"conspire:FuzzyDice","floor":18,"turns":2},{"damage":9,"enemies":"Spheric Guardian","floor":22,"turns":4},{"damage":0,"enemies":"Centurion and Healer","floor":28,"turns":3},{"damage":2,"enemies":"3 Cultists","floor":29,"turns":3},{"damage":6,"enemies":"conspire:HollyBat","floor":30,"turns":4},{"damage":5,"enemies":"conspire:MysteriousRune","floor":33,"turns":5},{"damage":5,"enemies":"Orb Walker","floor":35,"turns":3},{"damage":22,"enemies":"3 Darklings","floor":38,"turns":4},{"damage":6,"enemies":"Sphere and 2 Shapes","floor":39,"turns":3},{"damage":6,"enemies":"Reptomancer","floor":40,"turns":5},{"damage":22,"enemies":"Nemesis","floor":45,"turns":5},{"damage":7,"enemies":"Transient","floor":46,"turns":5},{"damage":10,"enemies":"Writhing Mass","floor":47,"turns":4},{"damage":27,"enemies":"Awakened One","floor":50,"turns":7}],"seed_played":"-7493035661729158465","potions_obtained":[{"floor":10,"key":"Weak Potion"},{"floor":14,"key":"SpeedPotion"},{"floor":28,"key":"BlessingOfTheForge"},{"floor":29,"key":"Energy Potion"},{"floor":30,"key":"FearPotion"},{"floor":35,"key":"EssenceOfDarkness"}],"is_trial":true,"path_per_floor":["M","?","?","M","T","R","$","E","T","M","R","M","$","M","R","B",null,"M","?","?","$","M","R","?","R","T","R","M","M","M","?","R","B",null,"M","?","$","M","M","E","R","?","T","R","E","M","M","?","R","B",null],"character_chosen":"DEFECT","items_purchased":["DollysMirror","Conserve Battery","White Noise","Loop+1","Replay:Mystery Machine"],"campfire_rested":3,"item_purchase_floors":[7,13,21,37,37],"current_hp_per_floor":[75,75,75,69,69,69,69,69,69,70,70,70,70,70,70,63,81,81,81,81,81,72,72,26,50,50,74,74,72,66,66,81,76,81,76,76,81,59,53,47,47,47,47,47,25,18,8,16,40,13],"gold":780,"neow_bonus":"","is_daily":false,"chose_seed":false,"campfire_upgraded":3,"win_rate":0.0,"timestamp":1609623856,"path_taken":["M","?","?","?","?","R","$","E","T","M","R","M","?","M","R","BOSS","M","?","?","$","?","R","?","R","T","R","M","?","M","?","R","BOSS","M","?","$","?","?","E","R","?","T","R","E","M","M","?","R","BOSS"],"items_purchased_type":["Relic","Card","Card","Card","Relic"],"build_version":"2020-12-22","purchased_purges":1,"victory":true,"max_hp_per_floor":[75,75,75,75,75,75,75,75,75,81,81,81,81,81,81,81,81,81,81,81,81,81,81,81,81,81,81,81,81,81,81,81,81,81,81,81,81,81,81,81,81,81,81,81,81,81,81,81,81,81],"card_choices":[{"not_picked":["ReplayTheSpireMod:GoodbyeWorld","Panic Button"],"picked":"Redo","floor":8},{"not_picked":["Seek","Buffer"],"picked":"Echo Form","floor":16},{"not_picked":["ReplayRNGCard","Mirror Shield"],"picked":"ReplayTheSpireMod:Fabricate Wheel","floor":33},{"not_picked":["Reinforced Body","Chaos","Barrage+1"],"picked":"SKIP","floor":40},{"not_picked":["Auto Shields+1","Multi-Cast"],"picked":"Panic Button+1","floor":45}],"player_experience":1501853,"relics_obtained":[{"floor":1,"key":"Mirror"},{"floor":4,"key":"Replay:Baseball"},{"floor":5,"key":"MawBank"},{"floor":8,"key":"vexMod:InvisibilityCloak"},{"floor":9,"key":"Shuriken"},{"floor":10,"key":"vexMod:PlasmaPancake"},{"floor":12,"key":"vexMod:ScavengeHelm"},{"floor":14,"key":"MealTicket"},{"floor":18,"key":"Symbiotic Virus"},{"floor":22,"key":"Bag of Preparation"},{"floor":26,"key":"Blue Doll"},{"floor":28,"key":"Emotion Chip"},{"floor":29,"key":"infinitespire:Lucky Rock"},{"floor":30,"key":"aspiration:ChemicalBlood"},{"floor":35,"key":"Ice Cream"},{"floor":38,"key":"Unceasing Top"},{"floor":39,"key":"Geode"},{"floor":40,"key":"Boot"},{"floor":43,"key":"infinitespire:FocusingShard"},{"floor":45,"key":"Whetstone"},{"floor":46,"key":"conspire:TopHat"},{"floor":47,"key":"Akabeko"}],"event_choices":[{"damage_healed":0,"gold_gain":52,"player_choice":"Gained Gold","damage_taken":0,"max_hp_gain":0,"max_hp_loss":0,"event_name":"Golden Wing","floor":2,"gold_loss":0},{"damage_healed":0,"gold_gain":0,"player_choice":"Rummage","damage_taken":0,"relics_obtained":["WarpedTongs"],"max_hp_gain":0,"max_hp_loss":0,"event_name":"Accursed Blacksmith","floor":3,"gold_loss":0,"cards_obtained":["Pain"]},{"damage_healed":0,"gold_gain":0,"player_choice":"Ignored","damage_taken":0,"max_hp_gain":0,"max_hp_loss":0,"event_name":"Beggar","floor":19,"gold_loss":0},{"damage_healed":0,"gold_gain":0,"player_choice":"Paid Gold","damage_taken":0,"relics_obtained":["Replay:Bottled Eggs"],"max_hp_gain":0,"max_hp_loss":0,"event_name":"WeMeetAgain","floor":20,"gold_loss":65},{"damage_healed":0,"gold_gain":450,"player_choice":"GOLD GOLD GOLD GOLD GOLD ","damage_taken":46,"max_hp_gain":0,"max_hp_loss":0,"event_name":"Knowing Skull","floor":24,"potions_obtained":[],"gold_loss":0,"cards_obtained":[]},{"damage_healed":0,"gold_gain":0,"player_choice":"Opened","damage_taken":0,"relics_obtained":["vexMod:ConsolationPrize"],"max_hp_gain":0,"max_hp_loss":0,"event_name":"The Mausoleum","floor":31,"gold_loss":0,"cards_obtained":["Writhe"]},{"damage_healed":0,"gold_gain":0,"player_choice":"Copied","damage_taken":0,"max_hp_gain":0,"max_hp_loss":0,"event_name":"Duplicator","floor":36,"gold_loss":0,"cards_obtained":["Capacitor"]},{"damage_healed":0,"gold_gain":0,"player_choice":"Leave","damage_taken":0,"max_hp_gain":0,"max_hp_loss":0,"event_name":"conspire:Investor","floor":42,"gold_loss":0}],"is_beta":false,"boss_relics":[{"not_picked":["vexMod:MegatonBomb","aspiration:RunicSpoon"],"picked":"FrozenCore"},{"not_picked":["vexMod:CursedCompass","Replay:Drink Me"],"picked":"SlaversCollar"}],"items_purged_floors":[7],"is_endless":false,"potions_floor_spawned":[10,14,28,29,30,35,39],"ascension_level":0}}