{"host":"j6locglyv7e0c0tm","time":1609596860,"event":{"mods":["BaseMod","Better Altar","Better Match","Better Note","Better Sensory Stone","Better Skull","Better Third Choice","Better Vampires","BetterRewards","Card Forge","Colored Powertips","Custom Start","DeckTracker","Downfall","Googly Eyes","Hermit","Highlight Path","Jorbs\u0027s Wanderer Trilogy","Marked Mod","Minty Spire (QoL Compilation)","Relic Stats","Replay The Spire","Shade Mod","Shop Mod","StSLib","Swap Starting Deck Mod","The Runesmith","TheFirefly"],"gold_per_floor":[112,112,130,144,158,158,158,58,112,112,132,142,142,173,173,275,275,290,32,42,142,11,11,11,41,41,56,67,83,83,94,94,199,199,209,209,209,225,23,23,34,34,34,59,59,59,59,70,70,70,70],"floor_reached":50,"playtime":2089,"items_purged":["Strike_P","Pain"],"score":642,"play_id":"6d014468-2d2e-4ec6-a4e8-d26a9e284ae2","local_time":"20210103011420","is_ascension_mode":false,"campfire_choices":[{"data":"ClearTheMind","floor":6,"key":"SMITH"},{"floor":10,"key":"RECALL"},{"floor":15,"key":"REST"},{"data":"Apotheosis","floor":23,"key":"SMITH"},{"floor":32,"key":"REST"},{"floor":40,"key":"REST"},{"floor":45,"key":"REST"},{"floor":47,"key":"REST"},{"floor":49,"key":"REST"}],"circlet_count":0,"master_deck":["Strike_P","Strike_P","Strike_P","Defend_P","Defend_P","Defend_P","Defend_P","Eruption","Vigilance","PathToVictory","MarkedMod:Acupuncture","FollowUp","ClearTheMind+1","PathToVictory","SandsOfTime","Apotheosis+1","Perseverance","DevaForm","PathToVictory","MarkedMod:PinPointDefense","MarkedMod:PinPointDefense","MarkedMod:GentlePulse","Perseverance","MarkedMod:GentlePulse+1","Writhe"],"relics":["HolyWater","Hammer of Thor","Seething Fire","Anvil of the Gods","WarpedTongs","CaptainsWheel","Pantograph","Runesmith:Locket","Onion Ring","Runic Pyramid","Oddly Smooth Stone","Darkstone Periapt","Replay:Bottled Snecko"],"acts_visited":["Exordium","TheCity","TheBeyond"],"potions_floor_usage":[5,16,27,28,35,44],"damage_taken":[{"damage":0,"enemies":"2 Louse","floor":1,"turns":2},{"damage":6,"enemies":"Cultist","floor":3,"turns":4},{"damage":1,"enemies":"Small Slimes","floor":4,"turns":3},{"damage":5,"enemies":"2 Fungi Beasts","floor":5,"turns":3},{"damage":5,"enemies":"Looter","floor":11,"turns":3},{"damage":2,"enemies":"Exordium Thugs","floor":12,"turns":4},{"damage":30,"enemies":"3 Sentries","floor":14,"turns":8},{"damage":7,"enemies":"The Guardian","floor":16,"turns":7},{"damage":5,"enemies":"Chosen","floor":18,"turns":4},{"damage":4,"enemies":"Shell Parasite","floor":20,"turns":5},{"damage":14,"enemies":"Gremlin Leader","floor":25,"turns":7},{"damage":4,"enemies":"Snake Plant","floor":27,"turns":4},{"damage":0,"enemies":"3 Cultists","floor":28,"turns":4},{"damage":16,"enemies":"Shelled Parasite and Fungi","floor":29,"turns":5},{"damage":12,"enemies":"Snake Plant","floor":31,"turns":4},{"damage":64,"enemies":"Automaton","floor":33,"turns":11},{"damage":44,"enemies":"3 Darklings","floor":35,"turns":5},{"damage":16,"enemies":"3 Shapes","floor":38,"turns":6},{"damage":26,"enemies":"Spire Growth","floor":41,"turns":5},{"damage":54,"enemies":"Reptomancer","floor":44,"turns":7},{"damage":18,"enemies":"4 Shapes","floor":48,"turns":12},{"damage":76,"enemies":"Donu and Deca","floor":50,"turns":8}],"seed_played":"-5217030678298847727","potions_obtained":[{"floor":4,"key":"PowerPotion"},{"floor":5,"key":"SteroidPotion"},{"floor":11,"key":"Swift Potion"},{"floor":20,"key":"Swift Potion"},{"floor":27,"key":"Ancient Potion"},{"floor":29,"key":"Strength Potion"},{"floor":44,"key":"BlessingOfTheForge"}],"is_trial":false,"path_per_floor":["M","?","M","M","M","R","?","$","T","R","M","M","?","E","R","B",null,"M","$","M","?","$","R","?","E","T","M","M","M","?","M","R","B",null,"M","?","?","M","$","R","M","?","T","E","R","?","R","M","R","B"],"character_chosen":"WATCHER","items_purchased":["PathToVictory","MarkedMod:Acupuncture","Pantograph","MarkedMod:PinPointDefense","Adrenaline Potion","Energy Potion","Oddly Smooth Stone"],"campfire_rested":6,"item_purchase_floors":[0,0,19,22,22,39,39],"current_hp_per_floor":[67,67,61,60,55,55,60,60,60,60,55,53,53,23,46,39,77,72,72,68,68,68,68,68,54,54,50,50,34,34,22,45,6,77,33,33,33,17,17,40,14,67,67,13,33,56,73,55,73,0,0],"gold":70,"neow_bonus":"","is_daily":false,"chose_seed":false,"campfire_upgraded":2,"win_rate":0.0,"timestamp":1609596860,"path_taken":["M","?","M","?","M","R","?","$","T","R","M","M","?","E","R","BOSS","M","$","M","?","$","R","?","E","T","M","?","M","?","M","R","BOSS","M","?","?","M","$","R","M","?","T","E","R","?","R","M","R","BOSS"],"items_purchased_type":["Card","Card","Relic","Card","Potion","Potion","Relic"],"build_version":"2020-12-22","purchased_purges":2,"victory":false,"max_hp_per_floor":[72,72,72,72,72,72,77,77,77,77,77,77,77,77,77,77,77,77,77,77,77,77,77,77,77,77,77,77,77,77,77,77,77,77,77,77,77,77,77,77,77,67,67,67,67,73,73,73,73,73,73],"relic_stats":{"Darkstone Periapt":6,"counters":[127,685],"Pantograph":25,"obtain_stats":[{"Divine Protection":7,"Gremlin Horn":25,"thefirefly:TimeCapsule":43,"CeramicFish":48,"Vajra":0,"Runesmith:Locket":25,"Hammer of Thor":0,"Ring of Searing":4,"Blood Vial":0,"Centennial Puzzle":26,"Sundial":9,"Iron Hammer":12,"Kunai":17,"MerchantsRug":19,"Pear":0,"ReplayTheSpireMod:CursedCoin":4,"ReplayTheSpireMod:Ring of Addiction":4,"Replay:Grab Bag":17,"Oddly Smooth Stone":39,"Pen Nib":16,"Replay:Ancient Bell":17,"War Paint":44,"Question Card":6,"WarpedTongs":7,"SlaversCollar":17,"Replay:Baseball":11,"Anvil of the Gods":0,"Onion Ring":13,"ReplayTheSpireMod:TigerMarble":17,"Abe\u0027s Treasure":34,"Darkstone Periapt":17,"Singing Bowl":26,"thefirefly:LongRangeScanner":7,"SacredBark":17,"Blue Doll":23,"Juzu Bracelet":37,"Replay:Multitool":17,"Replay:Mystery Machine":0,"PrismaticShard":3,"Smiling Mask":26,"Cursed Key":17,"Pet Ghost":9,"ClockworkSouvenir":0,"Chameleon Ring":4,"Matryoshka":0,"thefirefly:RepairArm":11,"Gambling Chip":22,"Pantograph":19,"Red Mask":37,"Replay:Bottled Snecko":44,"Runic Pyramid":19,"thefirefly:StealthSystem":0,"Runesmith:Nanobots":30,"Lee\u0027s Waffle":0,"BargainBundle":0,"Replay:M_StaffOfTheSnake":3,"NeowsBlessing":0,"Quantum Egg":0,"Guide Book":19,"Replay:WaspNest":21,"Omamori":0,"Seething Fire":0,"White Beast Statue":4,"thefirefly:UpgradedSystem":17,"Calling Bell":17,"Pondfish Scales":17,"Anchor":17,"CaptainsWheel":14,"Busted Crown":17,"Ornamental Fan":0,"HolyWater":17,"ChewingGum":17,"Art of War":19,"Garlic":9,"Bottled Lightning":32,"Membership Card":8,"TungstenRod":0,"Toy Ornithopter":7},{"Divine Protection":38,"Gremlin Horn":26,"thefirefly:TimeCapsule":51,"CeramicFish":54,"Vajra":77,"Runesmith:Locket":116,"Hammer of Thor":0,"Ring of Searing":17,"Blood Vial":77,"Centennial Puzzle":42,"Sundial":38,"Iron Hammer":63,"Kunai":22,"MerchantsRug":85,"Pear":56,"ReplayTheSpireMod:CursedCoin":58,"ReplayTheSpireMod:Ring of Addiction":17,"Replay:Grab Bag":40,"Oddly Smooth Stone":123,"Pen Nib":99,"Replay:Ancient Bell":22,"War Paint":52,"Question Card":4,"WarpedTongs":60,"SlaversCollar":40,"Replay:Baseball":11,"Anvil of the Gods":0,"Onion Ring":83,"ReplayTheSpireMod:TigerMarble":40,"Abe\u0027s Treasure":30,"Darkstone Periapt":40,"Singing Bowl":70,"thefirefly:LongRangeScanner":10,"SacredBark":65,"Blue Doll":70,"Juzu Bracelet":32,"Replay:Multitool":40,"Replay:Mystery Machine":15,"PrismaticShard":17,"Smiling Mask":26,"Cursed Key":84,"Pet Ghost":10,"ClockworkSouvenir":77,"Chameleon Ring":17,"Matryoshka":56,"thefirefly:RepairArm":19,"Gambling Chip":41,"Pantograph":114,"Red Mask":47,"Replay:Bottled Snecko":125,"Runic Pyramid":100,"thefirefly:StealthSystem":0,"Runesmith:Nanobots":43,"Lee\u0027s Waffle":56,"BargainBundle":88,"Replay:M_StaffOfTheSnake":90,"NeowsBlessing":5,"Quantum Egg":35,"Guide Book":85,"Replay:WaspNest":68,"Omamori":35,"Seething Fire":0,"White Beast Statue":17,"thefirefly:UpgradedSystem":13,"Calling Bell":40,"Pondfish Scales":22,"Anchor":99,"CaptainsWheel":112,"Busted Crown":40,"Ornamental Fan":88,"HolyWater":113,"ChewingGum":40,"Art of War":14,"Garlic":61,"Bottled Lightning":44,"Membership Card":98,"TungstenRod":88,"Toy Ornithopter":98},{"Divine Protection":230,"Gremlin Horn":163,"thefirefly:TimeCapsule":305,"CeramicFish":332,"Vajra":441,"Runesmith:Locket":614,"Hammer of Thor":0,"Ring of Searing":105,"Blood Vial":441,"Centennial Puzzle":251,"Sundial":230,"Iron Hammer":372,"Kunai":134,"MerchantsRug":471,"Pear":348,"ReplayTheSpireMod:CursedCoin":354,"ReplayTheSpireMod:Ring of Addiction":105,"Replay:Grab Bag":243,"Oddly Smooth Stone":653,"Pen Nib":528,"Replay:Ancient Bell":134,"War Paint":315,"Question Card":25,"WarpedTongs":361,"SlaversCollar":243,"Replay:Baseball":60,"Anvil of the Gods":0,"Onion Ring":457,"ReplayTheSpireMod:TigerMarble":243,"Abe\u0027s Treasure":191,"Darkstone Periapt":243,"Singing Bowl":408,"thefirefly:LongRangeScanner":55,"SacredBark":387,"Blue Doll":408,"Juzu Bracelet":203,"Replay:Multitool":243,"Replay:Mystery Machine":95,"PrismaticShard":105,"Smiling Mask":163,"Cursed Key":468,"Pet Ghost":55,"ClockworkSouvenir":441,"Chameleon Ring":105,"Matryoshka":348,"thefirefly:RepairArm":112,"Gambling Chip":247,"Pantograph":602,"Red Mask":279,"Replay:Bottled Snecko":665,"Runic Pyramid":538,"thefirefly:StealthSystem":0,"Runesmith:Nanobots":257,"Lee\u0027s Waffle":348,"BargainBundle":482,"Replay:M_StaffOfTheSnake":489,"NeowsBlessing":30,"Quantum Egg":216,"Guide Book":471,"Replay:WaspNest":399,"Omamori":216,"Seething Fire":0,"White Beast Statue":105,"thefirefly:UpgradedSystem":82,"Calling Bell":243,"Pondfish Scales":134,"Anchor":528,"CaptainsWheel":591,"Busted Crown":243,"Ornamental Fan":482,"HolyWater":598,"ChewingGum":243,"Art of War":90,"Garlic":364,"Bottled Lightning":261,"Membership Card":522,"TungstenRod":482,"Toy Ornithopter":522}],"WarpedTongs":[60]},"card_choices":[{"not_picked":["BowlingBash","Tantrum"],"picked":"ClearTheMind","floor":1},{"not_picked":["BowlingBash","FollowUp"],"picked":"PathToVictory","floor":3},{"not_picked":["Consecrate","Replay:ManipulateFuture","InnerPeace"],"picked":"SKIP","floor":4},{"not_picked":["DeceiveReality","Replay:AtTheReady"],"picked":"SandsOfTime","floor":5},{"not_picked":["CrushJoints","Wallop","Omniscience"],"picked":"SKIP","floor":11},{"not_picked":["Consecrate","CrushJoints","Meditate"],"picked":"SKIP","floor":12},{"not_picked":["expansioncontent:DecasProtection","expansioncontent:QuickStudy"],"picked":"Apotheosis","floor":13},{"not_picked":["MarkedMod:SlowDance","Conclude"],"picked":"Perseverance","floor":14},{"not_picked":["Brilliance","Omniscience"],"picked":"DevaForm","floor":16},{"not_picked":["Replay:Battleflow","CutThroughFate","Consecrate"],"picked":"SKIP","floor":18},{"not_picked":["EmptyFist","EmptyBody+1"],"picked":"PathToVictory","floor":20},{"not_picked":["Blasphemy","Pray","ForeignInfluence"],"picked":"SKIP","floor":25},{"not_picked":["ClearTheMind+1","Replay:Hum"],"picked":"MarkedMod:GentlePulse","floor":27},{"not_picked":["ClearTheMind","Replay:DivineShield","JustLucky+1"],"picked":"SKIP","floor":28},{"not_picked":["CutThroughFate","Prostrate","Nirvana"],"picked":"SKIP","floor":29},{"not_picked":["FlyingSleeves","Prostrate","Tantrum"],"picked":"SKIP","floor":31},{"not_picked":["Replay:ManipulateFuture","FollowUp","Replay:AtTheReady"],"picked":"SKIP","floor":35},{"not_picked":["TalkToTheHand+1","CutThroughFate"],"picked":"Perseverance","floor":38},{"not_picked":["Prostrate","Consecrate"],"picked":"MarkedMod:GentlePulse+1","floor":41},{"not_picked":["Replay:Hum+1","Evaluate","EmptyFist+1"],"picked":"SKIP","floor":44},{"not_picked":["EmptyFist+1","Vault","Crescendo+1"],"picked":"SKIP","floor":48}],"player_experience":810424,"relics_obtained":[{"floor":14,"key":"CaptainsWheel"},{"floor":25,"key":"Runesmith:Locket"},{"floor":26,"key":"Onion Ring"},{"floor":43,"key":"Darkstone Periapt"},{"floor":44,"key":"Replay:Bottled Snecko"}],"event_choices":[{"damage_healed":0,"gold_gain":0,"player_choice":"Rummage","damage_taken":0,"relics_obtained":["WarpedTongs"],"max_hp_gain":0,"max_hp_loss":0,"event_name":"Accursed Blacksmith","floor":2,"gold_loss":0,"cards_obtained":["Pain"]},{"damage_healed":0,"gold_gain":0,"player_choice":"Donut","damage_taken":0,"max_hp_gain":5,"max_hp_loss":0,"event_name":"Big Fish","floor":7,"gold_loss":0},{"damage_healed":0,"gold_gain":1,"player_choice":"1","damage_taken":0,"max_hp_gain":0,"max_hp_loss":0,"event_name":"betterStone:BetterStone","floor":13,"gold_loss":0},{"damage_healed":0,"gold_gain":100,"player_choice":"Pray","damage_taken":0,"max_hp_gain":0,"max_hp_loss":0,"event_name":"Golden Shrine","floor":21,"gold_loss":0},{"damage_healed":0,"gold_gain":0,"player_choice":"Copied","damage_taken":0,"max_hp_gain":0,"max_hp_loss":0,"event_name":"Duplicator","floor":24,"gold_loss":0,"cards_obtained":["MarkedMod:PinPointDefense"]},{"damage_healed":0,"gold_gain":0,"player_choice":"Bought 0 Potions","damage_taken":0,"max_hp_gain":0,"max_hp_loss":0,"event_name":"The Woman in Blue","floor":30,"gold_loss":0},{"damage_healed":0,"gold_gain":0,"player_choice":"Ignored","damage_taken":0,"max_hp_gain":0,"max_hp_loss":0,"event_name":"Tomb of Lord Red Mask","floor":37,"gold_loss":0},{"damage_healed":67,"gold_gain":0,"player_choice":"Heal","damage_taken":0,"max_hp_gain":0,"max_hp_loss":10,"event_name":"The Moai Head","floor":42,"gold_loss":0},{"damage_healed":17,"gold_gain":0,"player_choice":"Writhe","damage_taken":0,"max_hp_gain":0,"max_hp_loss":0,"event_name":"Winding Halls","floor":46,"gold_loss":0,"cards_obtained":["Writhe"]}],"is_beta":false,"boss_relics":[{"not_picked":["Velvet Choker","Busted Crown"],"picked":"HolyWater"},{"not_picked":["ReplayTheSpireMod:DimensionalGlitch","SacredBark"],"picked":"Runic Pyramid"}],"items_purged_floors":[0,8],"is_endless":false,"potions_floor_spawned":[4,5,11,20,25,27,29,41,44],"killed_by":"Donu and Deca","ascension_level":0}}