{"host":"bg8va46pgqgvtzim","time":1609579347,"event":{"mods":["BaseMod","Minty Spire (QoL Compilation)","Quick Restart","StSLib","SuperFastMode"],"gold_per_floor":[152,184,216,216,271,361,361,420,445,445,445,531,84,127,127,253,253,345,406,468,468,507,559,559,355,405,405,468,554,554,660,660,757,757,802,888,901,538,624,677,677,677,704,704,704,430,465,541,541,541,541,541,16,68,68],"floor_reached":56,"playtime":2420,"items_purged":["Strike_R","Strike_R","Strike_R","Strike_R","Bash"],"score":1461,"play_id":"8ae241d4-8612-4f6c-941d-0ff6642ababf","local_time":"20210102172227","is_ascension_mode":true,"campfire_choices":[{"data":"HandOfGreed","floor":7.0,"key":"SMITH"},{"data":"Body Slam","floor":10.0,"key":"SMITH"},{"data":"Apotheosis","floor":15.0,"key":"SMITH"},{"data":"Havoc","floor":24.0,"key":"SMITH"},{"data":"Vault","floor":27.0,"key":"SMITH"},{"data":"Adrenaline","floor":30.0,"key":"SMITH"},{"data":"Berserk","floor":32.0,"key":"SMITH"},{"floor":42.0,"key":"REST"},{"floor":49.0,"key":"RECALL"},{"data":"Feel No Pain","floor":52.0,"key":"SMITH"}],"circlet_count":0,"master_deck":["Defend_R","Defend_R","Defend_R","HandOfGreed+1","Whirlwind","Body Slam+1","Shrug It Off","Battle Trance","Apotheosis+1","Second Wind","Adrenaline+1","Havoc+1","Vault+1","Berserk+1","Offering","Acrobatics+1","True Grit+1","Steam Power+1","Secret Technique","Feel No Pain+1","Outmaneuver","Rage+1","Disarm","Metallicize","Shrug It Off","Concentrate+1"],"relics":["Burning Blood","Lantern","Smiling Mask","PrismaticShard","SlaversCollar","Nloth\u0027s Gift","Art of War","Anchor","PreservedInsect","Toy Ornithopter","Mark of Pain","Pocketwatch","Akabeko","TheAbacus","Torii","TungstenRod","Orrery","Pen Nib","Strawberry"],"acts_visited":["Exordium","TheCity","TheBeyond","TheEnding"],"potions_floor_usage":[55],"damage_taken":[{"damage":0.0,"enemies":"2 Louse","floor":1.0,"turns":5.0},{"damage":11.0,"enemies":"Jaw Worm","floor":2.0,"turns":4.0},{"damage":1.0,"enemies":"Cultist","floor":3.0,"turns":3.0},{"damage":3.0,"enemies":"2 Fungi Beasts","floor":5.0,"turns":4.0},{"damage":34.0,"enemies":"3 Sentries","floor":6.0,"turns":12.0},{"damage":26.0,"enemies":"Lagavulin","floor":8.0,"turns":4.0},{"damage":5.0,"enemies":"Gremlin Gang","floor":12.0,"turns":6.0},{"damage":0.0,"enemies":"Blue Slaver","floor":14.0,"turns":2.0},{"damage":12.0,"enemies":"Hexaghost","floor":16.0,"turns":11.0},{"damage":0.0,"enemies":"3 Byrds","floor":18.0,"turns":7.0},{"damage":12.0,"enemies":"2 Thieves","floor":19.0,"turns":4.0},{"damage":6.0,"enemies":"Centurion and Healer","floor":20.0,"turns":8.0},{"damage":12.0,"enemies":"Snake Plant","floor":22.0,"turns":3.0},{"damage":12.0,"enemies":"Book of Stabbing","floor":23.0,"turns":5.0},{"damage":10.0,"enemies":"Shelled Parasite and Fungi","floor":28.0,"turns":6.0},{"damage":7.0,"enemies":"3 Cultists","floor":29.0,"turns":6.0},{"damage":0.0,"enemies":"Slavers","floor":31.0,"turns":5.0},{"damage":8.0,"enemies":"Automaton","floor":33.0,"turns":8.0},{"damage":10.0,"enemies":"Orb Walker","floor":35.0,"turns":3.0},{"damage":6.0,"enemies":"3 Shapes","floor":36.0,"turns":5.0},{"damage":6.0,"enemies":"Transient","floor":37.0,"turns":5.0},{"damage":14.0,"enemies":"Sphere and 2 Shapes","floor":39.0,"turns":5.0},{"damage":17.0,"enemies":"Reptomancer","floor":40.0,"turns":5.0},{"damage":6.0,"enemies":"Giant Head","floor":47.0,"turns":2.0},{"damage":1.0,"enemies":"2 Orb Walkers","floor":48.0,"turns":3.0},{"damage":52.0,"enemies":"Time Eater","floor":50.0,"turns":10.0},{"damage":15.0,"enemies":"Shield and Spear","floor":54.0,"turns":3.0},{"damage":5,"enemies":"The Heart","floor":55,"turns":7}],"seed_played":"6928597906061834352","potions_obtained":[{"floor":2.0,"key":"FearPotion"},{"floor":3.0,"key":"Strength Potion"},{"floor":5.0,"key":"SkillPotion"},{"floor":14.0,"key":"BloodPotion"},{"floor":16.0,"key":"Weak Potion"},{"floor":18.0,"key":"ColorlessPotion"},{"floor":28.0,"key":"DuplicationPotion"},{"floor":29.0,"key":"Explosive Potion"},{"floor":31.0,"key":"Block Potion"},{"floor":35.0,"key":"ColorlessPotion"},{"floor":39.0,"key":"Regen Potion"},{"floor":47.0,"key":"Block Potion"}],"is_trial":false,"path_per_floor":["M","M","M","?","M","E","R","E","T","R","?","M","$","M","R","B",null,"M","M","M","?","M","E","R","$","T","R","M","M","R","E","R","B",null,"M","M","M","$","M","E","?","R","T","?","?","$","E","?","R","B",null,"R","$","E","B",null],"character_chosen":"IRONCLAD","items_purchased":["Apotheosis","Second Wind","PrismaticShard","Anchor","Pocketwatch","TheAbacus","Feel No Pain","Orrery","Disarm","Pen Nib","Metallicize","Shrug It Off"],"campfire_rested":1,"item_purchase_floors":[13,13,13,25,38,46,46,53,53,53,53,53],"current_hp_per_floor":[72,67,72,72,72,44,44,24,24,24,24,25,25,31,31,25,72,72,66,66,66,60,54,54,54,54,54,50,49,49,72,72,70,72,68,68,68,68,60,49,49,70,70,70,70,70,70,72,72,26,72,72,72,70,76],"gold":68,"neow_bonus":"RANDOM_COLORLESS_2","is_daily":false,"chose_seed":false,"campfire_upgraded":8,"win_rate":0.0,"timestamp":1609579347,"path_taken":["M","M","M","?","M","E","R","E","T","R","?","M","?","?","R","BOSS","M","M","M","?","M","E","R","$","T","R","M","M","R","E","R","BOSS","M","M","M","$","?","E","?","R","T","?","?","$","E","?","R","BOSS","R","$","E","BOSS"],"items_purchased_type":["Card","Card","Relic","Relic","Relic","Relic","Card","Relic","Card","Relic","Card","Card"],"build_version":"2020-12-22","purchased_purges":5,"victory":true,"max_hp_per_floor":[72,72,72,72,72,72,72,72,72,72,72,72,72,72,72,72,72,72,72,72,72,72,72,72,72,72,72,72,72,72,72,72,72,72,72,72,72,72,72,72,72,72,72,72,72,72,72,72,72,72,72,72,72,79,79],"card_choices":[{"not_picked":["Mayhem","The Bomb"],"picked":"HandOfGreed","floor":0.0},{"not_picked":["Iron Wave","Shockwave"],"picked":"Whirlwind","floor":1.0},{"not_picked":["Thunderclap","Pommel Strike","Twin Strike"],"picked":"SKIP","floor":2.0},{"not_picked":["Corruption","Seeing Red"],"picked":"Body Slam","floor":3.0},{"not_picked":["Inflame","Rage","Uppercut"],"picked":"SKIP","floor":5.0},{"not_picked":["Twin Strike","Wild Strike"],"picked":"Shrug It Off","floor":6.0},{"not_picked":["Shrug It Off","Dark Embrace"],"picked":"Battle Trance","floor":8.0},{"not_picked":["Clothesline","Ghostly Armor","Heavy Blade"],"picked":"SKIP","floor":12.0},{"not_picked":["Evaluate","ThirdEye","BowlingBash"],"picked":"SKIP","floor":14.0},{"not_picked":["Creative AI","Echo Form"],"picked":"Adrenaline","floor":16.0},{"not_picked":["Tempest","Poisoned Stab+1","Body Slam+1"],"picked":"SKIP","floor":18.0},{"not_picked":["Static Discharge","Cloak And Dagger","Clash"],"picked":"SKIP","floor":19.0},{"not_picked":["Eviscerate+1","FTL+1","Heavy Blade"],"picked":"SKIP","floor":20.0},{"not_picked":["Flex+1","Entrench"],"picked":"Havoc","floor":22.0},{"not_picked":["BootSequence","CutThroughFate+1"],"picked":"Vault","floor":23.0},{"not_picked":["Capacitor","Mind Blast","Shrug It Off"],"picked":"SKIP","floor":28.0},{"not_picked":["Pommel Strike","Protect","JustLucky"],"picked":"SKIP","floor":29.0},{"not_picked":["Night Terror","Bane"],"picked":"Berserk","floor":31.0},{"not_picked":["Echo Form","Phantasmal Killer"],"picked":"Offering","floor":33.0},{"not_picked":["CutThroughFate+1","ReachHeaven+1","Clothesline"],"picked":"SKIP","floor":35.0},{"not_picked":["Anger+1","Flame Barrier+1"],"picked":"Acrobatics+1","floor":36.0},{"not_picked":["Evaluate+1","Headbutt+1"],"picked":"True Grit+1","floor":37.0},{"not_picked":["Armaments+1","Secret Technique","Body Slam"],"picked":"SKIP","floor":39.0},{"not_picked":["Flex","Expertise+1"],"picked":"Steam Power+1","floor":40.0},{"not_picked":["Purity","Metamorphosis"],"picked":"Secret Technique","floor":45.0},{"not_picked":["All For One","Steam+1","Clash+1"],"picked":"SKIP","floor":47.0},{"not_picked":["Cleave","Distraction+1"],"picked":"Outmaneuver","floor":53.0},{"not_picked":["Poisoned Stab+1","JustLucky+1"],"picked":"Rage+1","floor":53.0},{"not_picked":["Perseverance+1","Wireheading+1"],"picked":"Concentrate+1","floor":54.0}],"player_experience":2215084,"relics_obtained":[{"floor":6.0,"key":"Lantern"},{"floor":8.0,"key":"Dream Catcher"},{"floor":9.0,"key":"Smiling Mask"},{"floor":23.0,"key":"Art of War"},{"floor":26.0,"key":"PreservedInsect"},{"floor":31.0,"key":"Toy Ornithopter"},{"floor":40.0,"key":"Akabeko"},{"floor":47.0,"key":"Torii"},{"floor":48.0,"key":"TungstenRod"},{"floor":54.0,"key":"Strawberry"}],"event_choices":[{"damage_healed":0.0,"max_hp_gain":0.0,"max_hp_loss":0.0,"gold_gain":0.0,"event_name":"Liars Game","player_choice":"Ignored","floor":4.0,"gold_loss":0.0,"damage_taken":0.0},{"cards_removed":["Strike_R"],"damage_healed":0.0,"max_hp_gain":0.0,"max_hp_loss":0.0,"gold_gain":0.0,"event_name":"Living Wall","player_choice":"Forget","floor":11.0,"gold_loss":0.0,"damage_taken":0.0},{"damage_healed":0.0,"max_hp_gain":0.0,"max_hp_loss":0.0,"gold_gain":0.0,"event_name":"N\u0027loth","player_choice":"Traded Relic","floor":21.0,"relics_lost":["Dream Catcher"],"gold_loss":0.0,"damage_taken":0.0,"relics_obtained":["Nloth\u0027s Gift"]},{"damage_healed":0.0,"max_hp_gain":0.0,"max_hp_loss":0.0,"gold_gain":0.0,"event_name":"Tomb of Lord Red Mask","player_choice":"Ignored","floor":41.0,"gold_loss":0.0,"damage_taken":0.0},{"cards_removed":["Defend_R"],"damage_healed":0.0,"max_hp_gain":0.0,"max_hp_loss":0.0,"gold_gain":0.0,"event_name":"Falling","player_choice":"Removed Skill","floor":44.0,"gold_loss":0.0,"damage_taken":0.0},{"damage_healed":0.0,"max_hp_gain":0.0,"max_hp_loss":0.0,"gold_gain":0.0,"event_name":"SensoryStone","player_choice":"Memory 1","floor":45.0,"gold_loss":0.0,"damage_taken":0.0},{"damage_healed":0.0,"max_hp_gain":0.0,"max_hp_loss":0.0,"gold_gain":0.0,"event_name":"Mysterious Sphere","player_choice":"Fight","floor":48.0,"gold_loss":0.0,"damage_taken":0.0}],"is_beta":false,"boss_relics":[{"not_picked":["Busted Crown","Black Star"],"picked":"SlaversCollar"},{"not_picked":["Cursed Key","Velvet Choker"],"picked":"Mark of Pain"}],"items_purged_floors":[13,25,38,46,53],"is_endless":false,"potions_floor_spawned":[2,3,5,14,16,18,28,29,31,35,37,39,47,48],"ascension_level":1}}