{"host":"8vqjvqze17j4iyaj","time":1609630636,"event":{"mods":["Act Like it!","BaseMod","Chen","Colored Powertips","Duelist Mod","Elementarium","Gensokyo","GifTheSpireLib","Infinite Spire","Jorbs\u0027s Wanderer Trilogy","Koishi","Marisa????????","Minty Spire (QoL Compilation)","Rare Cards Sparkle","Reimu??????","Remilia??????","Replay The Spire","StSLib","The Animator","The Cursed","The Forsaken","The Servant 0.9.4","Wandering Minibosses"],"gold_per_floor":[117,131,131,31,12,12,44,44,44,60,87,87,87,87,87,190,290,308,410,270,270,284,284,319,319,344,344,344,344,370,396,396,499,499,452,470,487,351,351,351,315,315,362,376,376,407,407,353,353,353,353],"floor_reached":50,"playtime":4031,"items_purged":[],"score":599,"play_id":"505fe399-6bec-45ad-a1b9-108309f300aa","local_time":"20210102163716","is_ascension_mode":true,"campfire_choices":[{"data":"theForsaken:FuryStrikes","floor":6,"key":"SMITH"},{"data":"theForsaken:FuryStrikes","floor":8,"key":"SMITH"},{"data":"theForsaken:Penitence","floor":13,"key":"SMITH"},{"floor":15,"key":"REST"},{"floor":23,"key":"REST"},{"floor":25,"key":"REST"},{"data":"theForsaken:MagicWeapon","floor":28,"key":"SMITH"},{"floor":32,"key":"REST"},{"floor":40,"key":"REST"},{"floor":42,"key":"REST"},{"floor":45,"key":"REST"},{"floor":47,"key":"REST"},{"floor":49,"key":"REST"}],"circlet_count":0,"master_deck":["theForsaken:TheForsaken_Strike","theForsaken:TheForsaken_Strike","theForsaken:TheForsaken_Strike","theForsaken:TheForsaken_Defend","theForsaken:TheForsaken_Defend","theForsaken:TheForsaken_Defend","theForsaken:TheForsaken_Defend","theForsaken:Penitence+1","theForsaken:FuryStrikes+1","theForsaken:Backlash","theForsaken:FuryStrikes+1","theForsaken:BindingThorns+1","theForsaken:SacredOath+1","theForsaken:MagicWeapon+1","theForsaken:StoreUp+1","theForsaken:Bolster+1","theForsaken:HymnOfRest+1","theForsaken:BlessedWeapon+1","theForsaken:ShieldCharge","theForsaken:WordsOfMight+1","Gensokyo:ShootingStar+1","theForsaken:Prudence","theForsaken:PanicDive+1","theForsaken:DarkBargain","theForsaken:FuryStrikes","theForsaken:FuryStrikes","theForsaken:CleansingLight+1","theForsaken:CleansingLight+1"],"relics":["Happy Flower","Replay:Bottled Snecko","Toxic Egg 2","WingedGreaves","Replay:Wanted Poster","infinitespire:Beetle Shell","Ancient Tea Set","Replay:Rubber Ducky","Juzu Bracelet","theForsaken:ScalesOfTruth","theForsaken:Lifeblossom","Bag of Marbles","Painkiller Herb","Cauldron","PreservedInsect","Strawberry","ReplayTheSpireMod:TigerMarble"],"acts_visited":["Gensokyo:Gensokyo","Gensokyo:Gensokyoer","Gensokyo:Gensokyoest"],"potions_floor_usage":[16,24,24,24,33,37,46,50,50],"damage_taken":[{"damage":8,"enemies":"Gensokyo:2_Kodama","floor":1,"turns":6},{"damage":12,"enemies":"Gensokyo:Gryphon","floor":2,"turns":4},{"damage":3,"enemies":"Gensokyo:Python","floor":5,"turns":7},{"damage":21,"enemies":"Gensokyo:Cirno","floor":7,"turns":7},{"damage":0,"enemies":"Gensokyo:LivingMonolith","floor":10,"turns":2},{"damage":11,"enemies":"Gensokyo:Mamizou","floor":11,"turns":8},{"damage":31,"enemies":"Gensokyo:Kokoro","floor":16,"turns":13},{"damage":20,"enemies":"Gensokyo:2_Gloops","floor":18,"turns":7},{"damage":12,"enemies":"Gensokyo:Chomper","floor":22,"turns":4},{"damage":23,"enemies":"Gensokyo:Koishi","floor":24,"turns":5},{"damage":11,"enemies":"Gensokyo:Reisen","floor":30,"turns":6},{"damage":16,"enemies":"Nightmare","floor":31,"turns":8},{"damage":26,"enemies":"Gensokyo:Kaguya","floor":33,"turns":11},{"damage":26,"enemies":"Gensokyo:3_Bats","floor":35,"turns":8},{"damage":47,"enemies":"Gensokyo:3_Boulders","floor":36,"turns":7},{"damage":9,"enemies":"Gensokyo:AtlasGolem","floor":37,"turns":4},{"damage":44,"enemies":"Gensokyo:4_Bats","floor":44,"turns":5},{"damage":33,"enemies":"Gensokyo:Kasen","floor":46,"turns":8},{"damage":11,"enemies":"Gensokyo:Sharpion","floor":48,"turns":5},{"damage":148,"enemies":"Gensokyo:Scarlet_Devils","floor":50,"turns":12}],"seed_played":"-886621482307955837","potions_obtained":[{"floor":1,"key":"DuplicationPotion"},{"floor":10,"key":"Swift Potion"},{"floor":18,"key":"DuplicationPotion"},{"floor":22,"key":"LiquidBronze"},{"floor":30,"key":"SpeedPotion"},{"floor":35,"key":"FearPotion"},{"floor":38,"key":"FairyPotion"},{"floor":38,"key":"GrandPatriotsElixir:ReiMu"},{"floor":38,"key":"Flashbang"},{"floor":48,"key":"LiquidBronze"}],"is_trial":false,"path_per_floor":["M","M","?","?","M","R","E","R","T","M","E","?","R","?","R","B",null,"M","?","$","?","M","R","E","R","T","AVR","R","?","E","NM","R","B",null,"?","?","?","COS","?","T","T","T","T","?","T","E","T","?","T","B"],"character_chosen":"THE_FORSAKEN","items_purchased":["theForsaken:HymnOfRest+1","theForsaken:BlessedWeapon+1","theForsaken:FuryStrikes"],"campfire_rested":9,"item_purchase_floors":[20,20,41],"current_hp_per_floor":[66,59,59,59,56,56,35,35,35,35,24,24,24,24,45,14,71,51,34,34,34,22,43,20,41,41,41,41,41,30,20,41,48,71,48,7,4,4,4,25,25,46,53,15,38,11,34,29,52,0,0],"gold":353,"neow_bonus":"TEN_PERCENT_HP_BONUS","is_daily":false,"chose_seed":false,"campfire_upgraded":4,"win_rate":0.0,"timestamp":1609630636,"path_taken":["M","M","?","?","M","R","E","R","T","M","E","?","R","?","R","BOSS","M","?","$","?","M","R","E","R","T","AVR","R","?","E","NM","R","BOSS","?","?","?","COS","?","T","?","T","T","?","T","E","T","?","T","BOSS"],"items_purchased_type":["Card","Card","Card"],"build_version":"2020-12-22","purchased_purges":0,"victory":false,"max_hp_per_floor":[71,71,71,71,71,71,71,71,71,71,71,71,71,71,71,71,71,71,71,71,71,71,71,71,71,71,71,71,71,71,71,71,71,71,71,71,71,71,71,71,71,71,78,78,78,78,78,78,78,78,78],"card_choices":[{"not_picked":["theForsaken:BountifulSunlight","theForsaken:PanicDive"],"picked":"theForsaken:FuryStrikes","floor":1},{"not_picked":["theForsaken:PowerUp","theForsaken:Thunderbolt"],"picked":"theForsaken:Backlash","floor":2},{"not_picked":["theForsaken:HymnOfRest","theForsaken:PowerUp"],"picked":"theForsaken:FuryStrikes","floor":5},{"not_picked":["theForsaken:CowardsBrand","theForsaken:QuickAttack","theForsaken:Devotion"],"picked":"SKIP","floor":7},{"not_picked":["theForsaken:CreepingInfection+1","theForsaken:ChargeAttack","theForsaken:FountainOfLife"],"picked":"SKIP","floor":10},{"not_picked":["theForsaken:BindingThorns+1","theForsaken:Backlash+1","theForsaken:DesperatePlea"],"picked":"SKIP","floor":11},{"not_picked":["theForsaken:BindingThorns+1","theForsaken:Backlash+1","theForsaken:DesperatePlea"],"picked":"SKIP","floor":11},{"not_picked":["theForsaken:Backlash+1","theForsaken:DesperatePlea"],"picked":"theForsaken:BindingThorns+1","floor":11},{"not_picked":["theForsaken:CorruptDeck","theForsaken:SacrificeSoul"],"picked":"theForsaken:SacredOath+1","floor":16},{"not_picked":["theForsaken:PreciseStrike","theForsaken:HymnOfPatience+1"],"picked":"theForsaken:MagicWeapon","floor":18},{"not_picked":["theForsaken:CleansingLight+1","theForsaken:Thunderbolt"],"picked":"theForsaken:StoreUp+1","floor":19},{"not_picked":["theForsaken:Parry+1","theForsaken:FatRoll+1"],"picked":"theForsaken:Bolster+1","floor":19},{"not_picked":["theForsaken:CreepingInfection+1","theForsaken:PowerUp+1"],"picked":"theForsaken:ShieldCharge","floor":22},{"not_picked":["theForsaken:Backlash+1","theForsaken:CorruptDeck","theForsaken:Terrorize+1"],"picked":"SKIP","floor":24},{"not_picked":["theForsaken:SolarFlare","theForsaken:HymnOfPatience+1"],"picked":"theForsaken:WordsOfMight+1","floor":30},{"not_picked":["theForsaken:SacrificeSoul","theForsaken:Eulogy+1","theForsaken:PowerUp+1"],"picked":"SKIP","floor":31},{"not_picked":[],"picked":"Gensokyo:ShootingStar","floor":33},{"not_picked":["theForsaken:Horror+1","theForsaken:Mantra+1"],"picked":"theForsaken:Prudence","floor":33},{"not_picked":["theForsaken:Riposte","theForsaken:HymnOfRest+1","theForsaken:BlightOfFamine+1"],"picked":"SKIP","floor":35},{"not_picked":["theForsaken:BottledPlague+1","theForsaken:Backlash+1"],"picked":"theForsaken:PanicDive+1","floor":36},{"not_picked":["theForsaken:CreepingInfection+1","theForsaken:StoreUp+1"],"picked":"theForsaken:DarkBargain","floor":37},{"not_picked":["theForsaken:AncientWords","theForsaken:Bolster","theForsaken:ChargeAttack+1"],"picked":"SKIP","floor":44},{"not_picked":["theForsaken:Preservation+1","theForsaken:SacrificeSoul"],"picked":"theForsaken:CleansingLight+1","floor":46},{"not_picked":["theForsaken:Parry+1","theForsaken:PreciseStrike+1"],"picked":"theForsaken:CleansingLight+1","floor":48}],"player_experience":292210,"relics_obtained":[{"floor":7,"key":"Replay:Bottled Snecko"},{"floor":9,"key":"Toxic Egg 2"},{"floor":11,"key":"WingedGreaves"},{"floor":19,"key":"infinitespire:Beetle Shell"},{"floor":24,"key":"Ancient Tea Set"},{"floor":26,"key":"Replay:Rubber Ducky"},{"floor":30,"key":"theForsaken:Lifeblossom"},{"floor":31,"key":"Bag of Marbles"},{"floor":43,"key":"Strawberry"},{"floor":46,"key":"ReplayTheSpireMod:TigerMarble"}],"event_choices":[],"is_beta":false,"boss_relics":[{"not_picked":["infinitespire:Cupcake","Runic Dome"],"picked":"Replay:Wanted Poster"},{"not_picked":["Runic Pyramid","Snecko Heart"],"picked":"Painkiller Herb"}],"items_purged_floors":[],"is_endless":true,"potions_floor_spawned":[1,7,10,18,22,30,35,44,48],"killed_by":"Gensokyo:Scarlet_Devils","ascension_level":2}}