{"host":"wg33yb1rgt3nbe17","time":1609576991,"event":{"mods":["AchievementEnabler","BaseMod","Colored Map","Minty Spire (QoL Compilation)","Permanent Neow","Relic Stats","StSLib"],"gold_per_floor":[115,125,145,0,0,0,12,12,38,38,51,0,10,85,85,188,188,199,25,41,41,41,72,72,172,172,172,26,45,45,62,62,157,157,170,194,194,194,208,208,208],"floor_reached":40,"playtime":1437,"items_purged":[],"score":419,"play_id":"e1b74893-c92d-4e14-90d6-8f6ccb65d293","local_time":"20210102034311","is_ascension_mode":false,"campfire_choices":[{"data":"Zap","floor":6,"key":"SMITH"},{"data":"Dualcast","floor":8,"key":"SMITH"},{"data":"Ball Lightning","floor":10,"key":"SMITH"},{"data":"Redo","floor":15,"key":"SMITH"},{"floor":27,"key":"REST"},{"data":"White Noise","floor":30,"key":"SMITH"},{"floor":32,"key":"REST"}],"circlet_count":0,"master_deck":["Strike_B+1","Strike_B+1","Strike_B+1","Strike_B+1","Defend_B+1","Defend_B+1","Defend_B+1","Defend_B+1","Zap+1","Dualcast+1","Glacier","Conserve Battery","Ball Lightning+1","Cold Snap","Self Repair","Redo+1","Conserve Battery","Core Surge","Ball Lightning","Lockon","Redo","Self Repair","Reinforced Body","Necronomicurse","Streamline+1","Sunder","White Noise+1","Reinforced Body","Cold Snap+1","Fission","Consume+1","Leap+1"],"relics":["Cracked Core","Bird Faced Urn","Runic Capacitor","GremlinMask","Pen Nib","Runic Dome","Necronomicon","Boot","InkBottle","SacredBark"],"acts_visited":["Exordium","TheCity","TheBeyond"],"potions_floor_usage":[18,23,34,34],"damage_taken":[{"damage":3,"enemies":"2 Louse","floor":1,"turns":2},{"damage":0,"enemies":"Cultist","floor":2,"turns":4},{"damage":0,"enemies":"Jaw Worm","floor":3,"turns":3},{"damage":2,"enemies":"Large Slime","floor":7,"turns":5},{"damage":1,"enemies":"Red Slaver","floor":11,"turns":3},{"damage":0,"enemies":"Exordium Wildlife","floor":13,"turns":3},{"damage":14,"enemies":"Slime Boss","floor":16,"turns":12},{"damage":16,"enemies":"2 Thieves","floor":18,"turns":4},{"damage":7,"enemies":"Spheric Guardian","floor":20,"turns":4},{"damage":44,"enemies":"Gremlin Leader","floor":23,"turns":7},{"damage":21,"enemies":"Snake Plant","floor":29,"turns":3},{"damage":0,"enemies":"Cultist and Chosen","floor":31,"turns":7},{"damage":45,"enemies":"Champ","floor":33,"turns":11},{"damage":8,"enemies":"3 Shapes","floor":35,"turns":10},{"damage":45,"enemies":"3 Darklings","floor":39,"turns":6},{"damage":68,"enemies":"Reptomancer","floor":40,"turns":4}],"seed_played":"8178296481149499701","potions_obtained":[{"floor":1,"key":"SpeedPotion"},{"floor":2,"key":"Fruit Juice"},{"floor":16,"key":"Fire Potion"},{"floor":20,"key":"AttackPotion"},{"floor":31,"key":"Fruit Juice"},{"floor":39,"key":"FearPotion"}],"is_trial":false,"path_per_floor":["M","M","M","$","?","R","M","R","T","R","M","$","M","?","R","B",null,"M","$","M","?","$","E","?","?","T","R","$","M","R","M","R","B",null,"M","T","?","?","M","E"],"character_chosen":"DEFECT","items_purchased":["Runic Capacitor","Redo","Lockon","Redo","Self Repair","Sunder","White Noise"],"campfire_rested":2,"item_purchase_floors":[4,12,19,19,19,28,28],"current_hp_per_floor":[65,65,65,65,65,65,63,63,63,63,62,62,68,57,57,52,68,59,59,68,52,52,26,26,26,26,46,46,27,27,47,67,30,88,88,88,88,98,62,0,0],"gold":208,"neow_bonus":"ONE_RARE_RELIC","is_daily":false,"chose_seed":false,"campfire_upgraded":5,"win_rate":0.0,"timestamp":1609576991,"path_taken":["M","M","M","$","?","R","M","R","T","R","M","?","?","?","R","BOSS","M","$","M","?","$","E","?","?","T","R","$","M","R","M","R","BOSS","M","?","?","?","M","E"],"items_purchased_type":["Relic","Card","Card","Card","Card","Card","Card"],"build_version":"2020-12-22","purchased_purges":0,"victory":false,"max_hp_per_floor":[68,68,68,68,68,68,68,68,68,68,68,68,68,68,68,68,68,68,68,68,68,68,68,68,68,68,68,68,68,68,68,68,68,88,88,88,88,98,98,98,98],"relic_stats":{"counters":[16,88],"Bird Faced Urn":[33],"Pen Nib":[11],"Necronomicon":[7],"Boot":[7],"obtain_stats":[{"Runic Dome":17,"Bird Faced Urn":0,"SacredBark":34,"GremlinMask":5,"Pen Nib":9,"Runic Capacitor":4,"Necronomicon":21,"Cracked Core":0,"Boot":23,"InkBottle":26},{"Runic Dome":7,"Bird Faced Urn":0,"SacredBark":13,"GremlinMask":3,"Pen Nib":4,"Runic Capacitor":3,"Necronomicon":9,"Cracked Core":0,"Boot":10,"InkBottle":10},{"Runic Dome":32,"Bird Faced Urn":0,"SacredBark":68,"GremlinMask":9,"Pen Nib":14,"Runic Capacitor":9,"Necronomicon":40,"Cracked Core":0,"Boot":47,"InkBottle":47}],"InkBottle":[15]},"card_choices":[{"not_picked":["Streamline","Static Discharge"],"picked":"Glacier","floor":1},{"not_picked":["Hello World","Stack"],"picked":"Conserve Battery","floor":2},{"not_picked":["Glacier","Conserve Battery"],"picked":"Ball Lightning","floor":3},{"not_picked":["Compile Driver","Force Field"],"picked":"Cold Snap","floor":7},{"not_picked":["Doom and Gloom","Hologram"],"picked":"Self Repair","floor":11},{"not_picked":["Gash","Stack"],"picked":"Conserve Battery","floor":13},{"not_picked":["All For One","Thunder Strike"],"picked":"Core Surge","floor":16},{"not_picked":["Gash","Coolheaded"],"picked":"Ball Lightning","floor":18},{"not_picked":["Skim","Gash"],"picked":"Reinforced Body","floor":20},{"not_picked":["Fusion","Conserve Battery"],"picked":"Streamline+1","floor":23},{"not_picked":["Conserve Battery","Thunder Strike"],"picked":"Reinforced Body","floor":29},{"not_picked":["Melter","Stack"],"picked":"Cold Snap+1","floor":31},{"not_picked":["Machine Learning","Seek"],"picked":"Fission","floor":33},{"not_picked":["Barrage","Conserve Battery"],"picked":"Consume+1","floor":35},{"not_picked":["Metamorphosis","Impatience"],"picked":"Magnetism","floor":37},{"not_picked":["Glacier","Hello World"],"picked":"Leap+1","floor":39}],"player_experience":550111,"relics_obtained":[{"floor":9,"key":"Pen Nib"},{"floor":21,"key":"Necronomicon"},{"floor":23,"key":"Boot"},{"floor":26,"key":"InkBottle"}],"event_choices":[{"damage_healed":0,"gold_gain":0,"player_choice":"Trade","damage_taken":0,"relics_obtained":["GremlinMask"],"max_hp_gain":0,"max_hp_loss":0,"event_name":"FaceTrader","floor":5,"gold_loss":0},{"damage_healed":0,"gold_gain":75,"player_choice":"Gather Gold","damage_taken":11,"max_hp_gain":0,"max_hp_loss":0,"event_name":"World of Goop","floor":14,"gold_loss":0},{"damage_healed":0,"gold_gain":0,"player_choice":"Obtained Book","damage_taken":16,"max_hp_gain":0,"max_hp_loss":0,"event_name":"Cursed Tome","floor":21,"gold_loss":0},{"damage_healed":0,"gold_gain":0,"player_choice":"Simplicity","damage_taken":0,"max_hp_gain":0,"max_hp_loss":0,"event_name":"Back to Basics","floor":24,"gold_loss":0,"cards_upgraded":["Strike_B","Strike_B","Strike_B","Strike_B","Defend_B","Defend_B","Defend_B","Defend_B"]},{"damage_healed":0,"gold_gain":100,"player_choice":"Pray","damage_taken":0,"max_hp_gain":0,"max_hp_loss":0,"event_name":"Golden Shrine","floor":25,"gold_loss":0},{"damage_healed":0,"gold_gain":0,"player_choice":"Memory 1","damage_taken":0,"max_hp_gain":0,"max_hp_loss":0,"event_name":"SensoryStone","floor":37,"gold_loss":0},{"cards_removed":["Magnetism"],"damage_healed":0,"gold_gain":0,"player_choice":"Offered Rare","damage_taken":0,"max_hp_gain":10,"max_hp_loss":0,"event_name":"Bonfire Elementals","floor":38,"gold_loss":0}],"is_beta":false,"boss_relics":[{"not_picked":["Cursed Key","Coffee Dripper"],"picked":"Runic Dome"},{"not_picked":["Sozu","Black Star"],"picked":"SacredBark"}],"items_purged_floors":[],"is_endless":false,"potions_floor_spawned":[1,2,16,20,31,39],"killed_by":"Reptomancer","ascension_level":0}}