{"host":"t179ovrkr5k1gnfh","time":1609598282,"event":{"mods":["AchievementEnabler","BaseMod","Colored Map","Downfall","Minty Spire (QoL Compilation)","StSLib"],"gold_per_floor":[209,227,227,4,4,4,69,87,136,136,168,168,178,178,128,259,259,277,123,48,48,48,48,82,98,153,68,68,93,108,135,85,186,186,198,198,548,548,574,599,614,564,589,599,625,625,575,589,539,539,539,489,3,31,31],"floor_reached":56,"playtime":3860,"items_purged":["Slimebound:Defend_Slimebound","Slimebound:Strike_Slimebound","Slimebound:MassFeed+1"],"score":1973,"play_id":"5eef6650-1caf-44b8-afc5-5cb3524a95dc","local_time":"20210102153802","is_ascension_mode":true,"campfire_choices":[{"data":"Slimebound:CorrosiveSpit","floor":6,"key":"SMITH"},{"data":"Slimebound:Split","floor":10,"key":"SMITH"},{"data":"Madness","floor":15,"key":"SMITH"},{"data":"Slimebound:MassFeed","floor":23,"key":"SMITH"},{"floor":32,"key":"RECALL"},{"data":"Slimebound:GrowthPunch","floor":42,"key":"SMITH"},{"data":"Slimebound:Split","floor":47,"key":"SMITH"},{"data":"Slimebound:SplitMire","floor":49,"key":"SMITH"},{"data":"Slimebound:Strike_Slimebound","floor":52,"key":"SMITH"}],"circlet_count":0,"master_deck":["AscendersBane","Slimebound:Strike_Slimebound+1","Slimebound:Defend_Slimebound+1","Slimebound:Defend_Slimebound+1","Slimebound:Split+1","Slimebound:CorrosiveSpit+1","Slimebound:Split+1","Slimebound:TagTeam+1","Madness+1","Slimebound:GrowthPunch+1","Slimebound:SplitMire+1","Slimebound:Replication+1","Slimebound:SlimeTap+1","Slimebound:FormOfPuddle+1","Slimebound:Teamwork+1","Slimebound:SamplingLick+1","Madness+1","Madness+1","Slimebound:SlimeSpikes+1","Slimebound:Darklings+1","Slimebound:Recollect+1","Slimebound:LevelUp","Slimebound:GoopSpray+1","Slimebound:SlimeTap+1"],"relics":["Slimebound:AbsorbEndCombat","Lee\u0027s Waffle","Letter Opener","War Paint","Meat on the Bone","Slimebound:GreedOozeRelic","Bloody Idol","Empty Cage","Toxic Egg 2","Pen Nib","Happy Flower","Du-Vu Doll","Runic Pyramid","Old Coin","Bag of Preparation","InkBottle","Anchor","Slimebound:AggressiveSlimeRelic","Bronze Scales","Boot"],"acts_visited":["Exordium","TheCity","TheBeyond","TheEnding"],"potions_floor_usage":[2,16,24,24,29,31,40,40,48,55],"damage_taken":[{"damage":7,"enemies":"Jaw Worm","floor":1,"turns":4},{"damage":7,"enemies":"Cultist","floor":2,"turns":4},{"damage":39,"enemies":"3 Sentries","floor":7,"turns":7},{"damage":17,"enemies":"Small Slimes","floor":8,"turns":3},{"damage":33,"enemies":"Lagavulin","floor":11,"turns":5},{"damage":18,"enemies":"2 Fungi Beasts","floor":13,"turns":3},{"damage":12,"enemies":"Slime Boss","floor":16,"turns":7},{"damage":22,"enemies":"Shell Parasite","floor":18,"turns":4},{"damage":65,"enemies":"Book of Stabbing","floor":24,"turns":6},{"damage":28,"enemies":"2 Thieves","floor":25,"turns":4},{"damage":32,"enemies":"Gremlin Leader","floor":29,"turns":5},{"damage":16,"enemies":"Cultist and Chosen","floor":30,"turns":4},{"damage":13,"enemies":"Book of Stabbing","floor":31,"turns":4},{"damage":34,"enemies":"Champ","floor":33,"turns":10},{"damage":38,"enemies":"3 Darklings","floor":35,"turns":3},{"damage":16,"enemies":"Mind Bloom Boss Battle","floor":37,"turns":6},{"damage":16,"enemies":"Giant Head","floor":40,"turns":7},{"damage":32,"enemies":"3 Shapes","floor":41,"turns":3},{"damage":20,"enemies":"Transient","floor":44,"turns":5},{"damage":20,"enemies":"Reptomancer","floor":45,"turns":3},{"damage":16,"enemies":"Jaw Worm Horde","floor":48,"turns":2},{"damage":47,"enemies":"Donu and Deca","floor":50,"turns":6},{"damage":22,"enemies":"Shield and Spear","floor":54,"turns":4},{"damage":74,"enemies":"The Heart","floor":55,"turns":7}],"seed_played":"7247706198871659803","potions_obtained":[{"floor":1,"key":"AttackPotion"},{"floor":2,"key":"Energy Potion"},{"floor":13,"key":"SkillPotion"},{"floor":16,"key":"FearPotion"},{"floor":18,"key":"SpeedPotion"},{"floor":29,"key":"champ:CounterPotion"},{"floor":31,"key":"champ:CounterPotion"},{"floor":35,"key":"AttackPotion"},{"floor":37,"key":"Energy Potion"},{"floor":44,"key":"EssenceOfSteel"},{"floor":54,"key":"FairyPotion"}],"is_trial":false,"path_per_floor":["M","M","?","$","$","R","?","M","T","R","E","?","M","?","R","B",null,"M","$","?","?","$","R","E","M","T","?","?","E","M","E","R","B",null,"M","?","?","?","T","E","M","R","T","M","E","?","R","M","R","B",null,"R","$","E","B",null],"character_chosen":"SLIMEBOUND","items_purchased":["Lee\u0027s Waffle","Slimebound:SplitMire","Slimebound:LevelUp","Bronze Scales","Slimebound:GoopSpray+1","FairyPotion"],"campfire_rested":0,"item_purchase_floors":[4,19,53,53,53,53],"current_hp_per_floor":[59,60,60,67,67,67,52,41,41,41,34,34,36,36,36,46,58,61,61,61,61,61,61,41,55,60,60,60,57,74,81,81,85,85,70,59,87,87,89,93,101,101,101,101,105,105,105,117,117,106,114,114,114,117,77],"gold":31,"neow_bonus":"HUNDRED_GOLD","is_daily":false,"chose_seed":false,"campfire_upgraded":8,"win_rate":0.0,"timestamp":1609598282,"path_taken":["M","M","?","?","$","R","?","M","T","R","E","?","M","?","R","BOSS","M","$","?","?","?","R","E","?","T","?","?","E","M","E","R","BOSS","M","?","?","?","?","E","?","R","T","M","E","?","R","?","R","BOSS","R","$","E","BOSS"],"items_purchased_type":["Relic","Card","Card","Relic","Card","Potion"],"build_version":"2020-12-22","purchased_purges":3,"victory":true,"max_hp_per_floor":[60,60,60,67,67,67,67,67,67,67,67,67,67,62,62,62,62,65,65,65,65,65,65,69,73,73,73,73,73,77,81,81,85,85,85,85,89,89,89,93,101,101,101,101,105,105,105,117,117,117,117,117,117,117,117],"card_choices":[{"not_picked":["Slimebound:Equalize","Slimebound:FinishingTackle","Slimebound:Nibble"],"picked":"SKIP","floor":1},{"not_picked":["Slimebound:GoopSpray","Slimebound:FinishingTackle","Slimebound:BestDefense"],"picked":"SKIP","floor":2},{"not_picked":["Slimebound:HungryTackle","Slimebound:SamplingLick"],"picked":"Slimebound:GrowthPunch","floor":8},{"not_picked":["Slimebound:ViciousTackle","Slimebound:LeechingTouch","Slimebound:SplitLeeching"],"picked":"SKIP","floor":11},{"not_picked":["Slimebound:GoopSpray","Slimebound:DouseInSlime","Slimebound:SamplingLick"],"picked":"SKIP","floor":13},{"not_picked":["Slimebound:SelfFormingGoo","Slimebound:WasteNot"],"picked":"Slimebound:MassFeed","floor":16},{"not_picked":["Slimebound:GoopSpray+1","Slimebound:ComboTackle"],"picked":"Slimebound:SpikyOuterGoop","floor":18},{"not_picked":["Slimebound:Dissolve+1","Slimebound:LevelUp"],"picked":"Slimebound:Replication+1","floor":24},{"not_picked":["Slimebound:AcidTongue+1","Slimebound:GrowthPunch"],"picked":"Slimebound:SlimeTap+1","floor":25},{"not_picked":["Slimebound:ForwardTackle","Slimebound:SplitAcid+1"],"picked":"Slimebound:FormOfPuddle+1","floor":29},{"not_picked":["Slimebound:GoopSpray+1","Slimebound:Grow","Slimebound:PressTheAttack+1"],"picked":"SKIP","floor":30},{"not_picked":["Slimebound:FirmFortitude+1","Slimebound:ViciousTackle","Slimebound:RollThrough"],"picked":"SKIP","floor":31},{"not_picked":["Slimebound:OozeBath+1","Slimebound:Overexert"],"picked":"Slimebound:Teamwork+1","floor":33},{"not_picked":["Slimebound:RollThrough+1","Slimebound:ComboTackle"],"picked":"Slimebound:SamplingLick+1","floor":35},{"not_picked":["Slimebound:LeechingTouch+1","Slimebound:SplitLeeching+1"],"picked":"Slimebound:SlimeSpikes+1","floor":37},{"not_picked":["Slimebound:BestDefense","Slimebound:PressTheAttack+1"],"picked":"Slimebound:Darklings+1","floor":40},{"not_picked":["Slimebound:GoopTackle","Slimebound:SplitLeeching+1","Slimebound:ComboTackle+1"],"picked":"SKIP","floor":41},{"not_picked":["Slimebound:AcidTongue+1","Slimebound:BestDefense","Slimebound:GrowthPunch"],"picked":"SKIP","floor":44},{"not_picked":["Slimebound:Replication+1","Slimebound:ComboTackle"],"picked":"Slimebound:Recollect+1","floor":45},{"not_picked":["Slimebound:ComboTackle","Slimebound:SplitAcid+1","Slimebound:Gluttony+1"],"picked":"SKIP","floor":48},{"not_picked":["Slimebound:ViciousTackle","Slimebound:SplitLeeching+1"],"picked":"Slimebound:SlimeTap+1","floor":54}],"player_experience":199760,"relics_obtained":[{"floor":7,"key":"Letter Opener"},{"floor":9,"key":"War Paint"},{"floor":11,"key":"Meat on the Bone"},{"floor":24,"key":"Toxic Egg 2"},{"floor":29,"key":"Happy Flower"},{"floor":31,"key":"Du-Vu Doll"},{"floor":37,"key":"Old Coin"},{"floor":39,"key":"Bag of Preparation"},{"floor":40,"key":"InkBottle"},{"floor":43,"key":"Anchor"},{"floor":45,"key":"Slimebound:AggressiveSlimeRelic"},{"floor":54,"key":"Boot"}],"event_choices":[{"damage_healed":0,"gold_gain":0,"player_choice":"3 cards matched","damage_taken":0,"max_hp_gain":0,"max_hp_loss":0,"event_name":"Match and Keep!","floor":3,"gold_loss":0,"cards_obtained":["Slimebound:Split","Slimebound:TagTeam","Madness"]},{"damage_healed":0,"gold_gain":0,"player_choice":"Searched \u00271\u0027 times","damage_taken":0,"max_hp_gain":0,"max_hp_loss":0,"event_name":"Dead Adventurer","floor":7,"gold_loss":0},{"damage_healed":0,"gold_gain":0,"player_choice":"Lose Max HP","damage_taken":0,"relics_obtained":["Golden Idol"],"max_hp_gain":0,"max_hp_loss":5,"event_name":"Golden Idol","floor":14,"gold_loss":0},{"cards_removed":["Slimebound:Tackle"],"damage_healed":0,"gold_gain":0,"player_choice":"Gave Gold","damage_taken":0,"max_hp_gain":0,"max_hp_loss":0,"event_name":"Beggar","floor":20,"gold_loss":75},{"damage_healed":0,"gold_gain":0,"player_choice":"Gave Idol","damage_taken":0,"relics_obtained":["Bloody Idol"],"max_hp_gain":0,"max_hp_loss":0,"event_name":"Forgotten Altar","floor":21,"relics_lost":["Golden Idol"],"gold_loss":0},{"damage_healed":0,"gold_gain":0,"player_choice":"Obtained Relic","damage_taken":0,"relics_obtained":["Pen Nib"],"max_hp_gain":0,"max_hp_loss":0,"event_name":"Addict","floor":27,"gold_loss":85},{"damage_healed":0,"gold_gain":0,"player_choice":"Ignored","damage_taken":0,"max_hp_gain":0,"max_hp_loss":0,"event_name":"Vampires","floor":28,"gold_loss":0},{"damage_healed":0,"gold_gain":0,"player_choice":"Embrace Madness","damage_taken":11,"max_hp_gain":0,"max_hp_loss":0,"event_name":"Winding Halls","floor":36,"gold_loss":0,"cards_obtained":["Madness","Madness"]},{"damage_healed":0,"gold_gain":0,"player_choice":"Fight","damage_taken":0,"max_hp_gain":0,"max_hp_loss":0,"event_name":"MindBloom","floor":37,"gold_loss":0},{"cards_removed":["Slimebound:SpikyOuterGoop"],"damage_healed":0,"gold_gain":0,"player_choice":"Removed Power","damage_taken":0,"max_hp_gain":0,"max_hp_loss":0,"event_name":"Falling","floor":38,"gold_loss":0},{"damage_healed":0,"gold_gain":0,"player_choice":"Upgraded","damage_taken":0,"max_hp_gain":0,"max_hp_loss":0,"event_name":"Upgrade Shrine","floor":46,"gold_loss":0,"cards_upgraded":["Slimebound:TagTeam"]}],"is_beta":false,"boss_relics":[{"not_picked":["SlaversCollar","Slimebound:TarBlob"],"picked":"Empty Cage"},{"not_picked":["Runic Dome","Fusion Hammer"],"picked":"Runic Pyramid"}],"items_purged_floors":[4,19,53],"is_endless":false,"potions_floor_spawned":[1,2,13,16,18,29,31,35,37,44,54],"ascension_level":10}}