{"host":"cgv4xfjbrthxr81g","time":1609614901,"event":{"mods":["2.2 Compatiblity","Act Like it!","BaseMod","Bestiary","Better Altar","Better Match","Better Note","Better Sensory Stone","Better Skull","Better Third Choice","BetterRewards","Block Reminder","Card Forge","Clawfect","Colored Map","Colored Powertips","Curses Come First","DeckTracker","Defuse TimeMaze Blight","Downfall","Energized Spire","Evolution","Friendly Minions","Hallownest","Highlight Path","Hubris","Infinite Spire","Mimic Mod","Minty Spire (QoL Compilation)","Permanent Neow","Quick Restart","Rare Cards Sparkle","Relic Sorter","Relic Stats","Replay The Spire","Robot Space Explorer","Shop Mod","Spicy Shops","StSLib","SuperFastMode","The Bug Knight","The Caster","The Construct","The Jungle","TheVacant","Uncapped","Wandering Minibosses"],"gold_per_floor":[363,66,66,20,32,32,60,70,100,120,151,55,55,72,72,170,170,182,195,195,118,188,218,218,230,269,269,269,368,399,146,146,245,195,195,195],"floor_reached":35,"playtime":1943,"items_purged":["construct:Defend_Gold","Decay"],"score":524,"play_id":"3de15b4a-42ec-4e71-b44d-391ec658e1f9","local_time":"20210102141501","is_ascension_mode":true,"campfire_choices":[{"data":"construct:Autoturret","floor":6.0,"key":"SMITH"},{"floor":15.0,"key":"REST"},{"floor":24,"key":"REST"},{"floor":27,"key":"REST"},{"floor":32,"key":"REST"}],"circlet_count":0,"master_deck":["construct:AttackMode+1","construct:DefenseMode+1","construct:LaserCore+1","construct:Autoturret+1","construct:ScopeCore+1","construct:Reinforce+1","construct:ForceCore+1","construct:Autoturret+1","construct:BatteryCore+1","construct:Autoturret+1","construct:GuardCore+1","construct:Hazardproof+1","construct:MetalShell+1","construct:Reinforce+1","construct:ReactiveShield+1","construct:SuppressiveFire+1","construct:PointDefense+1","construct:ShieldGenerator+1","construct:MetalShell+1","construct:GuardCore+1","construct:SuppressiveFire+1","construct:ClockworkEgg+2","construct:GuardCore+1","construct:BatteryCore","construct:BatteryCore","construct:HyperBeam","construct:Strike_Gold","construct:ShieldBurst"],"relics":["construct:Cogwheel","Hammer of Thor","Seething Fire","ReplayTheSpireMod:CursedCoin","Anvil of the Gods","construct:Challenge1","EVO:Axolotl","MerchantsRug","Hallownest:SalubrasBlessingRelic","Blood Vial","Nunchaku","Hallownest:DreamNailRelic","construct:WeddingRing","Gremlin Food","Pantograph","Snack Pack","wanderingMiniBosses:CarrionFlame","Darkstone Periapt","Whetstone","HollowMod:StagPassRelic","ReplayFunnel","Orrery","energizedSpire:HugeHouse"],"acts_visited":["Hallownest:Greenpath","TheCity","Hallownest:KingdomsEdge"],"potions_floor_usage":[],"damage_taken":[{"damage":2.0,"enemies":"2_ Uuma","floor":1.0,"turns":3.0},{"damage":5.0,"enemies":"Hallownest:2_MossCreeps","floor":5.0,"turns":3.0},{"damage":27.0,"enemies":"Hallownest:eliteCrystalGuardian","floor":7.0,"turns":5.0},{"damage":0.0,"enemies":"Hallownest:monsterHuskWarrior","floor":8.0,"turns":3.0},{"damage":15.0,"enemies":"Hallownest:1_Ooma_and_2_Uuma","floor":9.0,"turns":6.0},{"damage":17.0,"enemies":"Hallownest:1_Ooma_and_2_Uuma","floor":10.0,"turns":4.0},{"damage":6.0,"enemies":"Hallownest:eliteMossKnight","floor":11.0,"turns":5.0},{"damage":8.0,"enemies":"Hallownest:2_Tiktiks_1_Baldur_1_Crawlid","floor":14.0,"turns":2.0},{"damage":15,"enemies":"Hallownest:BossHornet","floor":16,"turns":5},{"damage":5,"enemies":"Shell Parasite","floor":18,"turns":5},{"damage":15,"enemies":"3 Byrds","floor":19,"turns":3},{"damage":22,"enemies":"Gremlin Leader","floor":23,"turns":5},{"damage":11,"enemies":"Centurion and Healer","floor":25,"turns":6},{"damage":0,"enemies":"Shelled Parasite and Fungi","floor":26,"turns":4},{"damage":0,"enemies":"Book of Stabbing","floor":30,"turns":5},{"damage":0,"enemies":"Collector","floor":33,"turns":5},{"damage":7,"enemies":"Hallownest:Shield_Heavy","floor":35,"turns":3}],"seed_played":"7635176361001604678","potions_obtained":[{"floor":5.0,"key":"Weak Potion"},{"floor":7.0,"key":"Languid Potion"},{"floor":10.0,"key":"Weak Potion"},{"floor":11.0,"key":"DistilledChaos"},{"floor":16,"key":"AttackPotion"},{"floor":23,"key":"Swift Potion"},{"floor":25,"key":"Death Potion"}],"is_trial":false,"path_per_floor":["M","$","?","$","M","R","E","M","MIM","M","E","$","?","M","R","B",null,"M","M","?","$","T","E","R","M","MIM","R","?","?","E","$","R","B",null,"M"],"character_chosen":"THE_CONSTRUCT_MOD","items_purchased":["MerchantsRug","construct:LaserCore","construct:Autoturret","construct:BatteryCore","ReplayTheSpireMod:CursedCoin","Gremlin Food","HollowMod:StagPassRelic","ReplayFunnel","Orrery"],"campfire_rested":4,"item_purchase_floors":[2,2,4,12,21,21,31,31,31],"current_hp_per_floor":[75,75,75,75,70,70,43,43,28,13,9,9,9,3,28,15,79,74,61,61,61,61,41,66,57,59,83,1,1,1,1,3,3,1,0,0],"gold":195,"neow_bonus":"TWO_FIFTY_GOLD","is_daily":false,"chose_seed":false,"campfire_upgraded":1,"win_rate":0.0,"timestamp":1609614901,"path_taken":["M","?","?","$","M","R","E","M","MIM","?","E","?","?","?","R","BOSS","M","M","?","$","?","E","R","M","MIM","R","?","?","E","$","R","BOSS","M"],"items_purchased_type":["Relic","Card","Card","Card","Relic","Relic","Relic","Relic","Relic"],"build_version":"2020-12-22","purchased_purges":2,"victory":false,"max_hp_per_floor":[77,77,77,77,77,77,77,77,77,77,77,77,77,77,79,79,79,79,79,79,79,79,79,81,81,81,83,1,1,1,1,3,3,1,1,1],"relic_stats":{"Blood Vial":16,"Darkstone Periapt":0,"Nunchaku":[2],"counters":[17,68],"Pantograph":0,"Whetstone":[],"obtain_stats":[{"Gremlin Food":21,"Darkstone Periapt":26,"ReplayFunnel":31,"MerchantsRug":2,"Hallownest:SalubrasBlessingRelic":3,"construct:WeddingRing":17,"ReplayTheSpireMod:CursedCoin":21,"Hammer of Thor":0,"Hallownest:DreamNailRelic":13,"EVO:Axolotl":0,"Seething Fire":0,"Whetstone":30,"HollowMod:StagPassRelic":31,"construct:Challenge1":0,"Blood Vial":9,"Nunchaku":11,"wanderingMiniBosses:CarrionFlame":25,"Anvil of the Gods":0,"hubris:BottledHeart":28,"construct:Cogwheel":0,"Pantograph":22,"Orrery":31,"Snack Pack":23,"energizedSpire:HugeHouse":34},{"Gremlin Food":11,"Darkstone Periapt":14,"ReplayFunnel":15,"MerchantsRug":1,"Hallownest:SalubrasBlessingRelic":1,"construct:WeddingRing":9,"ReplayTheSpireMod:CursedCoin":11,"Hammer of Thor":0,"Hallownest:DreamNailRelic":7,"EVO:Axolotl":0,"Seething Fire":0,"Whetstone":15,"HollowMod:StagPassRelic":15,"construct:Challenge1":0,"Blood Vial":5,"Nunchaku":7,"wanderingMiniBosses:CarrionFlame":13,"Anvil of the Gods":0,"hubris:BottledHeart":14,"construct:Cogwheel":0,"Pantograph":11,"Orrery":15,"Snack Pack":12,"energizedSpire:HugeHouse":16},{"Gremlin Food":42,"Darkstone Periapt":56,"ReplayFunnel":60,"MerchantsRug":3,"Hallownest:SalubrasBlessingRelic":3,"construct:WeddingRing":35,"ReplayTheSpireMod:CursedCoin":42,"Hammer of Thor":0,"Hallownest:DreamNailRelic":28,"EVO:Axolotl":0,"Seething Fire":0,"Whetstone":60,"HollowMod:StagPassRelic":60,"construct:Challenge1":0,"Blood Vial":20,"Nunchaku":28,"wanderingMiniBosses:CarrionFlame":53,"Anvil of the Gods":0,"hubris:BottledHeart":56,"construct:Cogwheel":0,"Pantograph":42,"Orrery":60,"Snack Pack":47,"energizedSpire:HugeHouse":65}]},"card_choices":[{"not_picked":["construct:ShiftStrike","construct:SweepLaser","construct:HardReboot"],"picked":"SKIP","floor":1.0},{"not_picked":["construct:Impenetrable","construct:Versatility"],"picked":"construct:ScopeCore","floor":5.0},{"not_picked":["construct:Electrocute","construct:ElectricArmor"],"picked":"construct:Reinforce","floor":7.0},{"not_picked":["construct:Versatility","construct:ClusterMines"],"picked":"construct:ForceCore","floor":8.0},{"not_picked":["construct:FierceBash","construct:ModeShift"],"picked":"construct:Boost","floor":9.0},{"not_picked":["construct:Zapper","construct:SaveState"],"picked":"construct:Boost","floor":10.0},{"not_picked":["construct:ShieldGenerator","construct:HeavyBolt"],"picked":"construct:Autoturret","floor":11.0},{"not_picked":["construct:OmegaCannon","construct:ScrapCannon","construct:PowerUp"],"picked":"SKIP","floor":14.0},{"not_picked":["construct:Forcefield","construct:Construct_Overclock+1","construct:ModeShift"],"picked":"SKIP","floor":18},{"not_picked":["construct:SyphonStrike","construct:Anticipate","construct:ModeShift"],"picked":"SKIP","floor":19},{"not_picked":["construct:Construct_Overclock+1","construct:Antimatter","construct:FocusedBeam"],"picked":"SKIP","floor":23},{"not_picked":["construct:ElectricArmor","construct:Impenetrable","construct:FierceBash"],"picked":"SKIP","floor":25},{"not_picked":["construct:Reinforce","construct:CriticalHit"],"picked":"construct:GuardCore","floor":26},{"not_picked":["construct:ShiftStrike","construct:PointDefense","construct:MassProduction"],"picked":"SKIP","floor":30},{"not_picked":["construct:SpinDrive","construct:PanicFire"],"picked":"construct:HyperBeam","floor":33}],"player_experience":95348,"relics_obtained":[{"floor":9.0,"key":"Blood Vial"},{"floor":11.0,"key":"Nunchaku"},{"floor":22,"key":"Pantograph"},{"floor":23,"key":"Snack Pack"},{"floor":25,"key":"wanderingMiniBosses:CarrionFlame"},{"floor":26,"key":"Darkstone Periapt"},{"floor":30,"key":"Whetstone"}],"event_choices":[{"damage_healed":0,"gold_gain":0,"player_choice":"Cursed","damage_taken":0,"max_hp_gain":0,"max_hp_loss":0,"event_name":"Wheel of Change","floor":20,"gold_loss":0,"cards_obtained":["Decay"]},{"damage_healed":0,"gold_gain":99,"player_choice":"Steal","damage_taken":0,"max_hp_gain":0,"max_hp_loss":0,"event_name":"betterThird:BetterNest","floor":29,"gold_loss":0}],"is_beta":false,"boss_relics":[{"not_picked":["Painkiller Herb","Replay:Drink Me"],"picked":"construct:WeddingRing"},{"not_picked":["Replay:Ancient Bell","ReplayTheSpireMod:DimensionalGlitch"],"picked":"energizedSpire:HugeHouse"}],"items_purged_floors":[2,21],"is_endless":false,"potions_floor_spawned":[5,7,10,11,16,23,25],"killed_by":"Hallownest:Shield_Heavy","ascension_level":1}}