{"host":"wy5pcbg592uilh9l","time":1609571058,"event":{"mods":["AchievementEnabler","BaseMod","BetterRewards","Hubris","Infinite Spire","Minty Spire (QoL Compilation)","Permanent Neow","Replay The Spire","StSLib"],"gold_per_floor":[109,384,15,27,27,27,53,65,89,118,130,153,153,187,187,187,187],"floor_reached":16,"playtime":840,"items_purged":["Regret"],"score":124,"play_id":"ae19e389-ec0a-41ad-92b5-828885e717d5","local_time":"20210102010418","is_ascension_mode":true,"campfire_choices":[{"data":"Infernal Blade","floor":6,"key":"SMITH"},{"floor":13,"key":"REST"},{"floor":15,"key":"DIG"}],"circlet_count":0,"master_deck":["Strike_R","Strike_R","Strike_R","Strike_R","Strike_R","Defend_R","Defend_R","Defend_R","Defend_R","Bash","Infernal Blade+1","Thunderclap","Pommel Strike","True Grit","Warcry","ReplayTheSpireMod:Strike From Hell"],"relics":["Burning Blood","Prayer Wheel","MealTicket","Blue Doll","Lantern","Replay:Bottled Snecko","infinitespire:Bottled Soul"],"acts_visited":["Exordium"],"potions_floor_usage":[7,7,7,10],"damage_taken":[{"damage":1,"enemies":"Cultist","floor":1,"turns":3},{"damage":13,"enemies":"Jaw Worm","floor":4,"turns":3},{"damage":6,"enemies":"Gremlin Nob","floor":7,"turns":3},{"damage":11,"enemies":"2 Louse","floor":8,"turns":3},{"damage":36,"enemies":"3 Sentries","floor":10,"turns":9},{"damage":0,"enemies":"Exordium Wildlife","floor":11,"turns":2},{"damage":36,"enemies":"Lagavulin","floor":14,"turns":6},{"damage":41,"enemies":"Slime Boss","floor":16,"turns":6}],"seed_played":"4722719843181820599","potions_obtained":[{"floor":0,"key":"Elixir"},{"floor":0,"key":"Cursed Concoction"},{"floor":0,"key":"Adrenaline Potion"},{"floor":4,"key":"Fire Potion"},{"floor":8,"key":"ColorlessPotion"}],"is_trial":false,"path_per_floor":["M","?","$","M","$","R","E","M","T","E","M","T","R","E","R","B"],"character_chosen":"IRONCLAD","items_purchased":["Prayer Wheel"],"campfire_rested":1,"item_purchase_floors":[3],"current_hp_per_floor":[80,80,80,73,73,73,73,68,68,38,44,44,68,38,38,0,0],"gold":187,"neow_bonus":"THREE_SMALL_POTIONS","is_daily":false,"chose_seed":false,"campfire_upgraded":1,"win_rate":0.0,"timestamp":1609571058,"path_taken":["M","?","?","M","$","R","E","M","T","E","?","?","R","E","R","BOSS"],"items_purchased_type":["Relic"],"build_version":"2020-12-22","purchased_purges":1,"victory":false,"max_hp_per_floor":[80,80,80,80,80,80,80,80,80,80,80,80,80,80,80,80,80],"card_choices":[{"not_picked":["Heavy Blade","Life Link"],"picked":"Infernal Blade","floor":1},{"not_picked":["Rage","ReplayTheSpireMod:Stacked"],"picked":"Thunderclap","floor":4},{"not_picked":["Armaments","Corruption","Body Slam"],"picked":"SKIP","floor":4},{"not_picked":["Feel No Pain","Disarm"],"picked":"Pommel Strike","floor":7},{"not_picked":["Shrug It Off","Defy Death"],"picked":"True Grit","floor":8},{"not_picked":["Replay:Undeath\u0027s Touch","Second Wind","ReplayTheSpireMod:Strike From Hell"],"picked":"SKIP","floor":8},{"not_picked":["Bloodletting","hubris:StunningStrike"],"picked":"Warcry","floor":10},{"not_picked":["Wild Strike","Clothesline","hubris:SharpeningStone"],"picked":"SKIP","floor":11},{"not_picked":["Perfected Strike","Reckless Charge","Havoc"],"picked":"SKIP","floor":11},{"not_picked":["Defy Death","Disarm"],"picked":"ReplayTheSpireMod:Strike From Hell","floor":14}],"player_experience":190399,"relics_obtained":[{"floor":7,"key":"MealTicket"},{"floor":9,"key":"Blue Doll"},{"floor":10,"key":"Lantern"},{"floor":14,"key":"Replay:Bottled Snecko"},{"floor":15,"key":"infinitespire:Bottled Soul"}],"event_choices":[{"damage_healed":0,"gold_gain":275,"player_choice":"Desecrate","damage_taken":0,"max_hp_gain":0,"max_hp_loss":0,"event_name":"Golden Shrine","floor":2,"gold_loss":0,"cards_obtained":["Regret"]}],"is_beta":false,"boss_relics":[],"items_purged_floors":[3],"is_endless":false,"potions_floor_spawned":[4,8],"killed_by":"Slime Boss","ascension_level":1}}