{"host":"873t0y8ybyo38pfq","time":1609603948,"event":{"mods":["BaseMod","Bestiary","Colored Map","Colored Powertips","Highlight Path","Minty Spire (QoL Compilation)","Quick Restart","RNG Fix","Rare Cards Sparkle","Relic Stats","StSLib"],"gold_per_floor":[112,37,37,48,48,48,65,99,99,126,141,152,170,190,190,190,190],"floor_reached":16,"playtime":408,"items_purged":["Strike_B"],"score":278,"play_id":"ac6dab70-ae68-48a4-88a7-4bd2da9f02ac","local_time":"20210102111228","is_ascension_mode":true,"campfire_choices":[{"data":"Zap","floor":6,"key":"SMITH"},{"data":"Biased Cognition","floor":15,"key":"SMITH"}],"circlet_count":0,"master_deck":["AscendersBane","Strike_B","Strike_B","Defend_B","Defend_B","Defend_B","Defend_B","Zap+1","Dualcast","Rainbow+1","Coolheaded","Conserve Battery","Biased Cognition+1","Darkness","Redo","Self Repair","Coolheaded"],"relics":["Cracked Core","Shovel","White Beast Statue","Mango"],"acts_visited":["Exordium"],"potions_floor_usage":[10,11,14,16,16,16,16],"damage_taken":[{"damage":5,"enemies":"2 Louse","floor":1,"turns":3},{"damage":5,"enemies":"Jaw Worm","floor":4,"turns":3},{"damage":2,"enemies":"Cultist","floor":7,"turns":4},{"damage":13,"enemies":"Lagavulin","floor":8,"turns":5},{"damage":0,"enemies":"Gremlin Nob","floor":10,"turns":2},{"damage":7,"enemies":"3 Louse","floor":11,"turns":2},{"damage":1,"enemies":"Large Slime","floor":12,"turns":4},{"damage":1,"enemies":"Exordium Thugs","floor":13,"turns":4},{"damage":0,"enemies":"3 Louse","floor":14,"turns":3},{"damage":63,"enemies":"Hexaghost","floor":16,"turns":9}],"seed_played":"-5408343420405579677","potions_obtained":[{"floor":7,"key":"Energy Potion"},{"floor":8,"key":"DuplicationPotion"},{"floor":10,"key":"Explosive Potion"},{"floor":11,"key":"DuplicationPotion"},{"floor":12,"key":"DistilledChaos"},{"floor":14,"key":"EntropicBrew"}],"is_trial":false,"path_per_floor":["M","$","?","M","?","R","M","E","T","E","M","M","M","M","R","B"],"character_chosen":"DEFECT","items_purchased":[],"campfire_rested":0,"item_purchase_floors":[],"current_hp_per_floor":[41,41,41,36,36,36,34,21,21,35,28,27,33,40,40,0,0],"gold":190,"neow_bonus":"THREE_RARE_CARDS","is_daily":false,"chose_seed":false,"campfire_upgraded":2,"win_rate":0.0,"timestamp":1609603948,"path_taken":["M","$","?","M","?","R","M","E","T","E","?","?","M","M","R","BOSS"],"items_purchased_type":[],"build_version":"2020-12-22","purchased_purges":1,"victory":false,"max_hp_per_floor":[71,71,71,71,71,71,71,71,71,85,85,85,85,85,85,85,85],"relic_stats":{"Shovel":0,"counters":[10,39],"obtain_stats":[{"Shovel":8,"Mango":10,"Cracked Core":0,"White Beast Statue":9},{"Shovel":4,"Mango":5,"Cracked Core":0,"White Beast Statue":4},{"Shovel":15,"Mango":17,"Cracked Core":0,"White Beast Statue":15}]},"card_choices":[{"not_picked":["Machine Learning","Amplify"],"picked":"Rainbow","floor":0},{"not_picked":["Streamline","Storm"],"picked":"Coolheaded","floor":1},{"not_picked":["Rebound","Ball Lightning"],"picked":"Conserve Battery","floor":4},{"not_picked":["Turbo","Conserve Battery"],"picked":"Biased Cognition","floor":7},{"not_picked":["Go for the Eyes","Doom and Gloom"],"picked":"Darkness","floor":8},{"not_picked":["Go for the Eyes","Hologram"],"picked":"Redo","floor":10},{"not_picked":["Redo","Gash","Static Discharge"],"picked":"SKIP","floor":11},{"not_picked":["Melter","Barrage"],"picked":"Self Repair","floor":12},{"not_picked":["Sweeping Beam","Scrape"],"picked":"Coolheaded","floor":13},{"not_picked":["Coolheaded","Cold Snap","Turbo"],"picked":"SKIP","floor":14}],"player_experience":1484609,"relics_obtained":[{"floor":8,"key":"Shovel"},{"floor":9,"key":"White Beast Statue"},{"floor":10,"key":"Mango"}],"event_choices":[{"cards_removed":["Strike_B"],"damage_healed":0,"gold_gain":0,"player_choice":"Offered Basic","damage_taken":0,"max_hp_gain":0,"max_hp_loss":0,"event_name":"Bonfire Elementals","floor":3,"gold_loss":0},{"damage_healed":0,"gold_gain":0,"player_choice":"Upgraded","damage_taken":0,"max_hp_gain":0,"max_hp_loss":0,"event_name":"Upgrade Shrine","floor":5,"gold_loss":0,"cards_upgraded":["Rainbow"]}],"is_beta":false,"boss_relics":[],"items_purged_floors":[2],"is_endless":false,"potions_floor_spawned":[7,8,10,11,12,13,14],"killed_by":"Hexaghost","ascension_level":20}}