{"host":"tzyzz5n7hg2ni9q2","time":1609612533,"event":{"mods":["BaseMod","Minty Spire (QoL Compilation)","Quick Restart"],"gold_per_floor":[364,364,411,4,20,20,20,20,95,113,113,133,167,167,167,298,298,316,316,354,354,234,234,274,274,320,320,320],"floor_reached":27,"playtime":723,"items_purged":[],"score":349,"play_id":"9ff8c428-10d9-46d0-a54d-fcf543b39a92","local_time":"20210102193533","is_ascension_mode":true,"campfire_choices":[{"data":"Rampage","floor":6.0,"key":"SMITH"},{"data":"True Grit","floor":8.0,"key":"SMITH"},{"data":"Entrench","floor":11.0,"key":"SMITH"},{"floor":15.0,"key":"REST"},{"floor":23.0,"key":"REST"}],"circlet_count":0,"master_deck":["AscendersBane","Strike_R","Strike_R","Strike_R","Strike_R","Defend_R","Defend_R","Defend_R","Defend_R","Bash","True Grit+1","Rampage+1","Entrench+1","Body Slam","Berserk","Shrug It Off","Battle Trance","Shrug It Off"],"relics":["Burning Blood","Golden Idol","Anchor","StrikeDummy","Chemical X","HornCleat","Torii","Busted Crown","Red Mask","MealTicket","Bag of Marbles","MutagenicStrength","Lantern"],"acts_visited":["Exordium","TheCity"],"potions_floor_usage":[24],"damage_taken":[{"damage":8.0,"enemies":"Jaw Worm","floor":1.0,"turns":5.0},{"damage":1.0,"enemies":"Cultist","floor":5.0,"turns":3.0},{"damage":0.0,"enemies":"2 Louse","floor":10.0,"turns":2.0},{"damage":0.0,"enemies":"Blue Slaver","floor":12.0,"turns":5.0},{"damage":20.0,"enemies":"3 Sentries","floor":13.0,"turns":9.0},{"damage":13.0,"enemies":"The Guardian","floor":16.0,"turns":11.0},{"damage":36.0,"enemies":"Spheric Guardian","floor":18.0,"turns":8.0},{"damage":29.0,"enemies":"Masked Bandits","floor":20.0,"turns":6.0},{"damage":28,"enemies":"Book of Stabbing","floor":24,"turns":8},{"damage":30,"enemies":"Gremlin Leader","floor":27,"turns":7}],"seed_played":"-5599550816258823411","potions_obtained":[{"floor":1.0,"key":"FearPotion"},{"floor":10.0,"key":"Ancient Potion"},{"floor":20.0,"key":"Weak Potion"}],"is_trial":false,"path_per_floor":["M","?","T","$","M","R","$","R","T","M","R","M","E","?","R","B",null,"M","?","?","?","$","R","E","?","T","E"],"character_chosen":"IRONCLAD","items_purchased":["StrikeDummy","Chemical X","Shrug It Off","Battle Trance"],"campfire_rested":2,"item_purchase_floors":[4,4,22,22],"current_hp_per_floor":[49,29,29,29,34,34,34,34,34,40,40,46,32,25,49,42,71,41,41,18,18,33,57,35,35,35,5,5],"gold":320,"neow_bonus":"TWO_FIFTY_GOLD","is_daily":false,"chose_seed":false,"campfire_upgraded":3,"win_rate":0.0,"timestamp":1609612533,"path_taken":["M","?","?","$","?","R","?","R","T","M","R","?","E","?","R","BOSS","M","?","?","?","$","R","E","?","T","E"],"items_purchased_type":["Relic","Relic","Card","Card"],"build_version":"2020-12-22","purchased_purges":0,"victory":false,"max_hp_per_floor":[80,80,80,80,80,80,80,80,80,80,80,80,80,80,80,80,80,80,80,80,80,80,80,80,80,80,80,80],"card_choices":[{"not_picked":["Rage","Pummel"],"picked":"True Grit","floor":1.0},{"not_picked":["Clash","Warcry"],"picked":"Rampage","floor":5.0},{"not_picked":["Second Wind","Twin Strike"],"picked":"Entrench","floor":10.0},{"not_picked":["Perfected Strike","Heavy Blade","Warcry"],"picked":"SKIP","floor":12.0},{"not_picked":["Twin Strike","Entrench"],"picked":"Body Slam","floor":13.0},{"not_picked":["Offering","Brutality"],"picked":"Berserk","floor":16.0},{"not_picked":["Flex"],"picked":"SKIP","floor":18.0},{"not_picked":[],"picked":"Shrug It Off","floor":24}],"player_experience":233392,"relics_obtained":[{"floor":3.0,"key":"Anchor"},{"floor":9.0,"key":"HornCleat"},{"floor":13.0,"key":"Torii"},{"floor":20.0,"key":"Red Mask"},{"floor":24,"key":"Bag of Marbles"},{"floor":26,"key":"Lantern"}],"event_choices":[{"damage_healed":0.0,"max_hp_gain":0.0,"max_hp_loss":0.0,"gold_gain":0.0,"event_name":"Golden Idol","player_choice":"Take Damage","floor":2.0,"gold_loss":0.0,"damage_taken":20.0,"relics_obtained":["Golden Idol"]},{"cards_removed":["Strike_R"],"damage_healed":0.0,"max_hp_gain":0.0,"max_hp_loss":0.0,"gold_gain":0.0,"event_name":"Golden Wing","player_choice":"Card Removal","floor":14.0,"gold_loss":0.0,"damage_taken":7.0},{"damage_healed":0.0,"max_hp_gain":0.0,"max_hp_loss":0.0,"gold_gain":0.0,"event_name":"Ghosts","player_choice":"Ignored","floor":19.0,"gold_loss":0.0,"damage_taken":0.0},{"damage_healed":0.0,"max_hp_gain":0.0,"max_hp_loss":0.0,"gold_gain":0.0,"event_name":"Masked Bandits","player_choice":"Fought Bandits","floor":20.0,"gold_loss":0.0,"damage_taken":0.0},{"damage_healed":0.0,"max_hp_gain":0.0,"max_hp_loss":0.0,"gold_gain":0.0,"event_name":"The Mausoleum","player_choice":"Opened","floor":21.0,"gold_loss":0.0,"damage_taken":0.0,"relics_obtained":["MealTicket"]},{"damage_healed":0,"gold_gain":0,"player_choice":"Inject Mutagens","damage_taken":0,"relics_obtained":["MutagenicStrength"],"max_hp_gain":0,"max_hp_loss":0,"event_name":"Drug Dealer","floor":25,"gold_loss":0}],"is_beta":false,"boss_relics":[{"not_picked":["Runic Cube","Runic Pyramid"],"picked":"Busted Crown"}],"items_purged_floors":[],"is_endless":false,"potions_floor_spawned":[1,10,13,20],"killed_by":"Gremlin Leader","ascension_level":11}}