{"host":"dl7h25vjpuplx29g","time":1609628418,"event":{"mods":["BaseMod","Colored Map","Minty Spire (QoL Compilation)"],"gold_per_floor":[109,127,141,157,174,208,208,235,235,265,265,284,284,294,294,369,369,408,408,408,18,34,34,93,93,93,135,188,249,174,38,38,135,135,151,151,151,151,10,10,108,143,143,200,200,212,13,54,54,54,54,54,54,87,87],"floor_reached":56,"playtime":5943,"items_purged":["Strike_P","Strike_P","Strike_P"],"score":2135,"play_id":"b0634384-2ede-4f07-bf10-e64973567fae","local_time":"20210103080018","is_ascension_mode":true,"campfire_choices":[{"floor":7.0,"key":"REST"},{"floor":13.0,"key":"REST"},{"data":"Conclude","floor":15.0,"key":"SMITH"},{"data":"HandOfGreed","floor":23.0,"key":"SMITH"},{"data":"TalkToTheHand","floor":25.0,"key":"SMITH"},{"data":"Ragnarok","floor":32,"key":"SMITH"},{"floor":40,"key":"RECALL"},{"floor":45,"key":"REST"},{"floor":49,"key":"REST"},{"data":"TalkToTheHand","floor":52,"key":"SMITH"}],"circlet_count":0,"master_deck":["AscendersBane","Defend_P+1","Eruption+1","Vigilance","BowlingBash","EmptyFist+1","TalkToTheHand+1","Brilliance","ClearTheMind","Prostrate+1","Prostrate","FearNoEvil","Conclude+1","JustLucky+1","Worship+1","Wish","Ragnarok+1","ThirdEye","Vault+1","CrushJoints","TalkToTheHand+1","HandOfGreed+1","Halt","LessonLearned+1","FlurryOfBlows","WaveOfTheHand","Tantrum","Prostrate","Judgement","Blind+1","Chrysalis","Injury","MentalFortress","Wireheading","Adaptation+1","FlurryOfBlows","Devotion"],"relics":["Cursed Key","Dream Catcher","Orichalcum","Toy Ornithopter","Runic Pyramid","Membership Card","Bag of Marbles","Art of War","Ornamental Fan","MealTicket","Incense Burner","Thread and Needle","Juzu Bracelet","Ice Cream","StrikeDummy"],"acts_visited":["Exordium","TheCity","TheBeyond","TheEnding"],"potions_floor_usage":[28,41,44,55,55],"damage_taken":[{"damage":2.0,"enemies":"Cultist","floor":1.0,"turns":3.0},{"damage":0.0,"enemies":"Small Slimes","floor":2.0,"turns":2.0},{"damage":0.0,"enemies":"2 Louse","floor":3.0,"turns":2.0},{"damage":0.0,"enemies":"Large Slime","floor":4.0,"turns":4.0},{"damage":6.0,"enemies":"Exordium Wildlife","floor":5.0,"turns":5.0},{"damage":21.0,"enemies":"Lagavulin","floor":6.0,"turns":5.0},{"damage":10.0,"enemies":"3 Sentries","floor":8.0,"turns":5.0},{"damage":20.0,"enemies":"Lagavulin","floor":10.0,"turns":6.0},{"damage":4.0,"enemies":"2 Fungi Beasts","floor":12.0,"turns":3.0},{"damage":0.0,"enemies":"Large Slime","floor":14.0,"turns":3.0},{"damage":8.0,"enemies":"Slime Boss","floor":16.0,"turns":6.0},{"damage":8.0,"enemies":"Chosen","floor":18.0,"turns":6.0},{"damage":0.0,"enemies":"Spheric Guardian","floor":22.0,"turns":4.0},{"damage":0.0,"enemies":"Gremlin Leader","floor":24.0,"turns":3.0},{"damage":3,"enemies":"Snake Plant","floor":27,"turns":4},{"damage":11,"enemies":"Book of Stabbing","floor":28,"turns":5},{"damage":8,"enemies":"Centurion and Healer","floor":29,"turns":8},{"damage":0,"enemies":"Automaton","floor":33,"turns":7},{"damage":0,"enemies":"3 Shapes","floor":35,"turns":2},{"damage":21,"enemies":"2 Orb Walkers","floor":41,"turns":5},{"damage":22,"enemies":"Reptomancer","floor":42,"turns":5},{"damage":0,"enemies":"Giant Head","floor":44,"turns":6},{"damage":7,"enemies":"Orb Walker","floor":46,"turns":4},{"damage":10,"enemies":"Sphere and 2 Shapes","floor":48,"turns":5},{"damage":19,"enemies":"Time Eater","floor":50,"turns":8},{"damage":10,"enemies":"Shield and Spear","floor":54,"turns":8},{"damage":61,"enemies":"The Heart","floor":55,"turns":11}],"seed_played":"-219856162825618449","potions_obtained":[{"floor":2.0,"key":"Ancient Potion"},{"floor":3.0,"key":"BottledMiracle"},{"floor":12.0,"key":"ColorlessPotion"},{"floor":16.0,"key":"StancePotion"},{"floor":27,"key":"BottledMiracle"},{"floor":41,"key":"SneckoOil"},{"floor":44,"key":"Strength Potion"},{"floor":46,"key":"ColorlessPotion"}],"is_trial":false,"path_per_floor":["M","M","M","M","M","E","R","E","T","E","?","M","R","M","R","B",null,"M","?","?","$","M","R","E","R","T","M","E","M","?","$","R","B",null,"M","?","?","?","$","R","?","E","T","E","R","M","$","M","R","B",null,"R","$","E","B",null],"character_chosen":"WATCHER","items_purchased":["Membership Card","TalkToTheHand","Bag of Marbles","HandOfGreed","Prostrate","Swift Potion","GamblersBrew","MealTicket","Ice Cream","Adaptation","FlurryOfBlows"],"campfire_rested":4,"item_purchase_floors":[21,21,21,21,31,31,31,39,47,47,47],"current_hp_per_floor":[59,59,59,59,53,32,52,42,42,22,22,18,38,38,38,35,60,52,52,52,52,57,57,62,62,62,59,53,45,45,45,45,45,62,62,62,52,52,52,52,36,14,14,19,39,32,47,37,57,38,61,61,68,58,7],"gold":87,"neow_bonus":"BOSS_RELIC","is_daily":false,"chose_seed":false,"campfire_upgraded":5,"win_rate":0.0,"timestamp":1609628418,"path_taken":["M","M","M","M","M","E","R","E","T","E","?","M","R","?","R","BOSS","M","?","?","$","M","R","E","R","T","M","E","M","?","$","R","BOSS","M","?","?","?","$","R","?","E","T","E","R","M","$","M","R","BOSS","R","$","E","BOSS"],"items_purchased_type":["Relic","Card","Relic","Card","Card","Potion","Potion","Relic","Relic","Card","Card"],"build_version":"2020-12-22","purchased_purges":3,"victory":true,"max_hp_per_floor":[68,68,68,68,68,68,68,68,68,68,68,68,68,68,68,68,68,68,68,68,68,68,68,68,68,68,68,68,68,68,68,68,68,68,68,68,68,68,68,68,68,68,68,68,68,68,68,68,68,68,68,68,68,68,68],"card_choices":[{"not_picked":["Evaluate","JustLucky"],"picked":"BowlingBash","floor":1.0},{"not_picked":["DeceiveReality","WreathOfFlame"],"picked":"EmptyFist","floor":2.0},{"not_picked":["Crescendo","Wallop"],"picked":"TalkToTheHand","floor":3.0},{"not_picked":["EmptyFist","FlurryOfBlows"],"picked":"Brilliance","floor":4.0},{"not_picked":["EmptyBody","CrushJoints"],"picked":"ClearTheMind","floor":5.0},{"not_picked":["Alpha","JustLucky"],"picked":"Prostrate","floor":6.0},{"not_picked":["SignatureMove","EmptyMind"],"picked":"Prostrate","floor":7.0},{"not_picked":["Halt","Wireheading"],"picked":"FearNoEvil","floor":8.0},{"not_picked":["Swivel","ThirdEye"],"picked":"Conclude","floor":10.0},{"not_picked":["SandsOfTime","EmptyFist"],"picked":"JustLucky","floor":12.0},{"not_picked":["CutThroughFate","Halt"],"picked":"Worship","floor":13.0},{"not_picked":["Weave","Sanctity"],"picked":"Wish","floor":14.0},{"not_picked":["DevaForm","Alpha"],"picked":"Ragnarok","floor":16.0},{"not_picked":["FollowUp","Halt"],"picked":"ThirdEye","floor":18.0},{"not_picked":["Evaluate","ThirdEye"],"picked":"Halt","floor":22.0},{"not_picked":["ThirdEye","EmptyBody"],"picked":"LessonLearned","floor":24.0},{"not_picked":["Consecrate","CutThroughFate"],"picked":"FlurryOfBlows","floor":27},{"not_picked":["Meditate","Study"],"picked":"WaveOfTheHand","floor":28},{"not_picked":["Adaptation","FlurryOfBlows"],"picked":"Tantrum","floor":29},{"not_picked":["LessonLearned","Alpha"],"picked":"Judgement","floor":33},{"not_picked":["ThirdEye","Evaluate","CrushJoints+1"],"picked":"SKIP","floor":35},{"not_picked":["Sadistic Nature","Metamorphosis"],"picked":"Blind","floor":37},{"not_picked":["Forethought","Sadistic Nature"],"picked":"Chrysalis","floor":37},{"not_picked":["JustLucky","FlyingSleeves","Protect"],"picked":"SKIP","floor":42},{"not_picked":["Perseverance","JustLucky"],"picked":"MentalFortress","floor":44},{"not_picked":["CrushJoints","SignatureMove"],"picked":"Wireheading","floor":46},{"not_picked":["Study","CutThroughFate","Perseverance"],"picked":"SKIP","floor":48},{"not_picked":["Prostrate","CutThroughFate"],"picked":"Devotion","floor":54}],"player_experience":1471535,"relics_obtained":[{"floor":6.0,"key":"Dream Catcher"},{"floor":8.0,"key":"Orichalcum"},{"floor":10.0,"key":"Toy Ornithopter"},{"floor":24.0,"key":"Art of War"},{"floor":28,"key":"Ornamental Fan"},{"floor":41,"key":"Incense Burner"},{"floor":42,"key":"Thread and Needle"},{"floor":44,"key":"Juzu Bracelet"},{"floor":54,"key":"StrikeDummy"}],"event_choices":[{"damage_healed":0.0,"max_hp_gain":0.0,"max_hp_loss":0.0,"gold_gain":0.0,"event_name":"Upgrade Shrine","player_choice":"Upgraded","floor":11.0,"gold_loss":0.0,"damage_taken":0.0,"cards_upgraded":["Eruption"]},{"damage_healed":0.0,"max_hp_gain":0.0,"max_hp_loss":0.0,"gold_gain":0.0,"cards_transformed":["Defend_P","Strike_P"],"event_name":"Drug Dealer","player_choice":"Became Test Subject","floor":19.0,"gold_loss":0.0,"damage_taken":0.0,"cards_obtained":["Vault","CrushJoints"]},{"damage_healed":0.0,"max_hp_gain":0.0,"max_hp_loss":0.0,"gold_gain":0.0,"event_name":"The Mausoleum","player_choice":"Ignored","floor":20.0,"gold_loss":0.0,"damage_taken":0.0},{"cards_removed":["Defend_P"],"damage_healed":0,"gold_gain":0,"player_choice":"Gave Gold","damage_taken":0,"max_hp_gain":0,"max_hp_loss":0,"event_name":"Beggar","floor":30,"gold_loss":75},{"cards_removed":["Defend_P"],"damage_healed":0,"gold_gain":0,"player_choice":"Removed Skill","damage_taken":0,"max_hp_gain":0,"max_hp_loss":0,"event_name":"Falling","floor":36,"gold_loss":0},{"damage_healed":0,"gold_gain":0,"player_choice":"Memory 3","damage_taken":10,"max_hp_gain":0,"max_hp_loss":0,"event_name":"SensoryStone","floor":37,"gold_loss":0},{"damage_healed":0,"gold_gain":0,"player_choice":"Ignored","damage_taken":0,"max_hp_gain":0,"max_hp_loss":0,"event_name":"Tomb of Lord Red Mask","floor":38,"gold_loss":0},{"damage_healed":0,"gold_gain":0,"player_choice":"Fight","damage_taken":0,"max_hp_gain":0,"max_hp_loss":0,"event_name":"Mysterious Sphere","floor":41,"gold_loss":0}],"is_beta":false,"boss_relics":[{"not_picked":["Fusion Hammer","SacredBark"],"picked":"Runic Pyramid"},{"not_picked":["Velvet Choker","Snecko Eye","Busted Crown"]}],"items_purged_floors":[21,31,39],"is_endless":false,"potions_floor_spawned":[2,3,5,12,16,18,27,33,41,44,46],"ascension_level":15}}