{"host":"apvnte8t1esriuig","time":1609602967,"event":{"mods":["2.2 Compatiblity","AchievementEnabler","BaseMod","Infinite Spire","Minty Spire (QoL Compilation)","Rare Cards Sparkle","StSLib"],"gold_per_floor":[119,119,119,69,83,108,124,157,211,211,537,568,587,177,177,279,279,294,294,37,37,63,63,90,115,142,155,155,155,190,225,225,325,375,390,390,402,502,556,556,582,31,55,89,89,89,89,121,121,226,226,232,192,201,233,286,311,325,337,349,383,417,448,303,361,361,470,470,485,493,493,135,158,183,194,225,273,295,332,360,369,398,398,512,512,516,269,269,269,284,295,328,328,353,369,351,383,145,147,147,239,239,269,269,269,269,296,321,336,349,349,380,406,439,463,474,474,589,589,598,428,263,267,276,315,328,328,328,350,350,812,812,821,821,917,917,922,922,942,859,859,859],"floor_reached":141,"playtime":5062,"items_purged":["Bandage Up+1","Beam Cell"],"score":4179,"play_id":"01696821-e6de-4e9a-8a77-e3b0cfa82727","local_time":"20210102165607","daily_mods":["Draft","Vintage","Colorless Cards","Heirloom","Time Dilation","Flight","DeadlyEvents","Elite Swarm"],"is_ascension_mode":false,"campfire_choices":[{"floor":10.0,"key":"REST"},{"floor":15.0,"key":"REST"},{"data":"Echo Form","floor":23.0,"key":"SMITH"},{"floor":32.0,"key":"REST"},{"floor":40.0,"key":"REST"},{"data":"Echo Form","floor":46.0,"key":"SMITH"},{"data":"infinitespire:Oblivion","floor":47.0,"key":"SMITH"},{"data":"Double Energy","floor":49.0,"key":"SMITH"},{"floor":59.0,"key":"REST"},{"data":"Echo Form","floor":66.0,"key":"SMITH"},{"data":"Creative AI","floor":83.0,"key":"SMITH"},{"floor":93.0,"key":"REST"},{"floor":100.0,"key":"REST"},{"floor":117.0,"key":"REST"},{"data":"Beam Cell","floor":117.0,"key":"PURGE"},{"floor":130.0,"key":"REST"},{"data":"Demon Form","floor":130.0,"key":"SMITH"},{"floor":132.0,"key":"REST"},{"data":"Defragment","floor":132.0,"key":"SMITH"},{"floor":134.0,"key":"REST"},{"data":"Barrage","floor":134.0,"key":"SMITH"}],"circlet_count":86,"master_deck":["Demon Form+1","Echo Form+1","DevaForm+1","Defragment+1","Conserve Battery+1","Swift Strike","Sunder","Ball Lightning","Ball Lightning+1","Sweeping Beam","Cold Snap+1","Beam Cell","Sweeping Beam+1","Barrage+1","Cold Snap","Double Energy+1","White Noise+1","Static Discharge","Echo Form+1","Echo Form+1","Creative AI+1","infinitespire:Oblivion+1","Electrodynamics+1","infinitespire:UltimateForm+1","Buffer+1","Electrodynamics+1","Capacitor+1","infinitespire:UltimateForm+1","Envenom+1","infinitespire:UltimateForm+1","Buffer+1","DevaForm+1","Madness+1","Madness+1","infinitespire:Pacifist","Amplify+1","Madness+1","CurseOfTheBell"],"relics":["ClockworkSouvenir","infinitespire:Joker Card","Gambling Chip","Medical Kit","Ring of the Snake","Boot","Astrolabe","Toy Ornithopter","CultistMask","Lee\u0027s Waffle","infinitespire:EvilPickle","White Beast Statue","Burning Blood","Blue Candle","Meat on the Bone","Brimstone","Runic Pyramid","HandDrill","Velvet Choker","Ornamental Fan","InkBottle","GremlinMask","WarpedTongs","Sling","CeramicFish","Regal Pillow","Cursed Key","MutagenicStrength","Chemical X","TheAbacus","Emotion Chip","infinitespire:CheckeredPen","Cracked Core","infinitespire:DarkRift","Red Mask","infinitespire:Blanks Blanky","Gremlin Horn","Calling Bell","Circlet","infinitespire:Chaos"],"acts_visited":["Exordium","TheCity","TheBeyond","Exordium","TheCity","TheBeyond","Exordium","TheCity","TheBeyond"],"potions_floor_usage":[],"damage_taken":[{"damage":0.0,"enemies":"Cultist","floor":1.0,"turns":3.0},{"damage":0.0,"enemies":"Small Slimes","floor":5.0,"turns":1.0},{"damage":18.0,"enemies":"3 Sentries","floor":6.0,"turns":4.0},{"damage":6.0,"enemies":"2 Louse","floor":7.0,"turns":2.0},{"damage":8.0,"enemies":"Lagavulin","floor":8.0,"turns":5.0},{"damage":12.0,"enemies":"3 Sentries","floor":11.0,"turns":3.0},{"damage":12.0,"enemies":"Lagavulin","floor":12.0,"turns":5.0},{"damage":9.0,"enemies":"Exordium Wildlife","floor":13.0,"turns":2.0},{"damage":27.0,"enemies":"Hexaghost","floor":16.0,"turns":6.0},{"damage":0.0,"enemies":"3 Byrds","floor":18.0,"turns":3.0},{"damage":29.0,"enemies":"Slavers","floor":24.0,"turns":4.0},{"damage":18.0,"enemies":"Book of Stabbing","floor":25.0,"turns":3.0},{"damage":1.0,"enemies":"Spheric Guardian","floor":27.0,"turns":3.0},{"damage":16.0,"enemies":"Gremlin Leader","floor":30.0,"turns":3.0},{"damage":13.0,"enemies":"Book of Stabbing","floor":31.0,"turns":4.0},{"damage":0.0,"enemies":"Automaton","floor":33.0,"turns":5.0},{"damage":19.0,"enemies":"3 Shapes","floor":35.0,"turns":3.0},{"damage":3.0,"enemies":"Orb Walker","floor":37.0,"turns":2.0},{"damage":0.0,"enemies":"infinitespire:Three Voidlings","floor":38.0,"turns":3.0},{"damage":66.0,"enemies":"Nightmare_Alpha","floor":38.0,"turns":8.0},{"damage":7.0,"enemies":"Giant Head","floor":41.0,"turns":4.0},{"damage":33.0,"enemies":"Nemesis","floor":44.0,"turns":3.0},{"damage":0.0,"enemies":"Giant Head","floor":48.0,"turns":4.0},{"damage":6.0,"enemies":"Time Eater","floor":50.0,"turns":4.0},{"damage":16.0,"enemies":"Jaw Worm","floor":52.0,"turns":2.0},{"damage":29.0,"enemies":"3 Sentries","floor":55.0,"turns":3.0},{"damage":0.0,"enemies":"Gremlin Nob","floor":57.0,"turns":2.0},{"damage":6.0,"enemies":"3 Sentries","floor":61.0,"turns":3.0},{"damage":0.0,"enemies":"Lagavulin","floor":62.0,"turns":4.0},{"damage":0.0,"enemies":"Gremlin Nob","floor":63.0,"turns":2.0},{"damage":0.0,"enemies":"3 Sentries","floor":65.0,"turns":1.0},{"damage":62.0,"enemies":"Hexaghost","floor":67.0,"turns":3.0},{"damage":0.0,"enemies":"Spheric Guardian","floor":69.0,"turns":2.0},{"damage":0.0,"enemies":"Nightmare","floor":74.0,"turns":2.0},{"damage":0.0,"enemies":"Shell Parasite","floor":75.0,"turns":1.0},{"damage":0.0,"enemies":"Gremlin Leader","floor":76.0,"turns":2.0},{"damage":0.0,"enemies":"Book of Stabbing","floor":78.0,"turns":1.0},{"damage":15.0,"enemies":"Slavers","floor":79.0,"turns":2.0},{"damage":0.0,"enemies":"Gremlin Leader","floor":80.0,"turns":1.0},{"damage":0.0,"enemies":"Slavers","floor":82.0,"turns":1.0},{"damage":0.0,"enemies":"Champ","floor":84.0,"turns":3.0},{"damage":0.0,"enemies":"3 Shapes","floor":86.0,"turns":1.0},{"damage":0.0,"enemies":"3 Darklings","floor":90.0,"turns":1.0},{"damage":0.0,"enemies":"Giant Head","floor":91.0,"turns":2.0},{"damage":60.0,"enemies":"Nightmare_Alpha","floor":92.0,"turns":3.0},{"damage":0.0,"enemies":"Giant Head","floor":95.0,"turns":2.0},{"damage":0.0,"enemies":"Transient","floor":96.0,"turns":4.0},{"damage":0.0,"enemies":"Reptomancer","floor":97.0,"turns":1.0},{"damage":0.0,"enemies":"Jaw Worm Horde","floor":99.0,"turns":1.0},{"damage":0.0,"enemies":"Time Eater","floor":101.0,"turns":4.0},{"damage":0.0,"enemies":"2 Louse","floor":103.0,"turns":1.0},{"damage":0.0,"enemies":"Gremlin Nob","floor":108.0,"turns":1.0},{"damage":0.0,"enemies":"Jaw Worm","floor":109.0,"turns":1.0},{"damage":0.0,"enemies":"Nightmare","floor":110.0,"turns":3.0},{"damage":0.0,"enemies":"Lagavulin","floor":112.0,"turns":1.0},{"damage":0.0,"enemies":"Gremlin Nob","floor":113.0,"turns":1.0},{"damage":0.0,"enemies":"3 Sentries","floor":114.0,"turns":1.0},{"damage":0.0,"enemies":"Lagavulin","floor":115.0,"turns":1.0},{"damage":0.0,"enemies":"infinitespire:Voidling","floor":116.0,"turns":1.0},{"damage":0.0,"enemies":"Slime Boss","floor":118.0,"turns":1.0},{"damage":0.0,"enemies":"3 Byrds","floor":120.0,"turns":2.0},{"damage":0.0,"enemies":"Shell Parasite","floor":123.0,"turns":1.0},{"damage":0.0,"enemies":"Cultist and Chosen","floor":124.0,"turns":1.0},{"damage":0.0,"enemies":"Gremlin Leader","floor":125.0,"turns":1.0},{"damage":0.0,"enemies":"Nightmare","floor":126.0,"turns":2.0},{"damage":0.0,"enemies":"Book of Stabbing","floor":129.0,"turns":2.0},{"damage":0.0,"enemies":"Collector","floor":135.0,"turns":2.0},{"damage":0.0,"enemies":"Orb Walker","floor":137.0,"turns":1.0},{"damage":0,"enemies":"3 Darklings","floor":141,"turns":1}],"seed_played":"-1444306422739621503","potions_obtained":[{"floor":5.0,"key":"PowerPotion"},{"floor":8.0,"key":"DistilledChaos"},{"floor":12.0,"key":"Energy Potion"},{"floor":13.0,"key":"SpeedPotion"},{"floor":25.0,"key":"Weak Potion"},{"floor":53.0,"key":"FocusPotion"},{"floor":53.0,"key":"PowerPotion"},{"floor":53.0,"key":"Regen Potion"},{"floor":61.0,"key":"Explosive Potion"},{"floor":69.0,"key":"FearPotion"},{"floor":79.0,"key":"PowerPotion"},{"floor":99.0,"key":"SteroidPotion"},{"floor":108.0,"key":"ColorlessPotion"},{"floor":109.0,"key":"DistilledChaos"},{"floor":125.0,"key":"DistilledChaos"},{"floor":135.0,"key":"FairyPotion"}],"is_trial":true,"path_per_floor":["M","?","?","?","M","E","M","E","T","R","E","E","M","$","R","B",null,"M","?","$","?","T","R","E","E","T","M","$","AVR","E","E","R","B",null,"M","AVR","M","?","T","R","E","$","T","E","$","R","R","E","R","B",null,"M","?","AVR","E","T","E","?","R","T","E","E","E","$","E","R","B",null,"M","?","T","$","T","NM","M","E","T","E","E","E","AVR","E","R","B",null,"M","$","?","T","M","E","NM","R","T","E","M","E","$","M","R","B",null,"M","$","AVR","?","T","E","M","NM","T","E","E","E","E","M","R","B",null,"M","$","$","M","M","E","NM","AVR","T","E","R","?","R","T","R","B",null,"M","?","?","$","M"],"character_chosen":"DEFECT","items_purchased":["infinitespire:BottledMercury","Orrery","Mummified Hand","Lee\u0027s Waffle","Boot","Frozen Egg 2","Lantern","PrismaticShard","Happy Flower","Capacitor+1","Shuriken","Prayer Wheel","Strange Spoon","Sling","infinitespire:Chaos"],"campfire_rested":11,"item_purchase_floors":[14,14,20,42,42,42,64,72,72,72,87,98,121,122,140],"current_hp_per_floor":[85,85,85,85,85,67,61,53,53,78,66,54,45,45,70,45,85,85,85,85,85,85,85,56,40,40,48,63,63,49,44,69,69,74,69,69,71,43,43,74,74,81,81,48,63,78,81,81,81,76,81,65,65,65,55,55,66,46,81,81,77,81,81,81,81,81,19,81,81,65,65,80,80,81,81,81,81,81,66,68,68,70,81,81,81,81,81,81,81,81,83,42,85,85,87,87,89,89,89,91,93,93,93,93,93,93,93,95,95,99,99,101,117,119,121,121,123,125,125,125,125,125,125,125,125,127,127,127,129,131,91,133,139,141,143,143,143,145,128,152,152,152],"gold":859,"neow_bonus":"","is_daily":false,"chose_seed":false,"campfire_upgraded":9,"win_rate":0.0,"timestamp":1609602967,"path_taken":["M","?","?","?","?","E","M","E","T","R","?","?","M","?","R","BOSS","M","?","$","?","?","R","E","E","T","M","$","AVR","E","?","R","BOSS","M","AVR","M","?","?","R","E","$","T","E","$","R","R","?","R","BOSS","M","?","AVR","?","?","E","?","R","T","?","E","E","$","E","R","BOSS","M","?","?","$","?","NM","M","E","T","E","?","E","AVR","E","R","BOSS","M","$","?","?","?","E","NM","R","T","E","M","E","$","M","R","BOSS","M","?","AVR","?","?","E","M","NM","T","E","?","?","E","M","R","BOSS","M","$","$","M","M","E","NM","AVR","T","E","R","?","R","?","R","BOSS","M","?","?","$","M"],"items_purchased_type":["Relic","Relic","Relic","Relic","Relic","Relic","Relic","Relic","Relic","Card","Relic","Relic","Relic","Relic","Relic"],"build_version":"2020-12-22","purchased_purges":2,"victory":false,"max_hp_per_floor":[85,85,85,85,85,85,85,85,85,85,85,85,85,85,85,85,85,85,85,85,85,85,85,85,85,85,92,92,92,69,69,69,69,74,74,74,74,74,74,74,74,81,81,81,81,81,81,81,81,81,81,81,81,81,81,81,81,81,81,81,81,81,81,81,81,81,81,81,81,81,81,81,81,81,81,81,81,81,81,81,81,81,81,81,81,81,81,81,81,81,83,83,85,85,87,87,89,89,89,91,93,93,93,93,93,93,93,95,95,99,99,101,117,119,121,121,123,125,125,125,125,125,125,125,125,127,127,127,129,131,131,133,139,141,143,143,143,145,145,152,152,152],"card_choices":[{"not_picked":["Undo","Stack"],"picked":"Beam Cell","floor":0.0},{"not_picked":["Aggregate","Rip and Tear"],"picked":"Beam Cell","floor":0.0},{"not_picked":["Hello World","Compile Driver"],"picked":"Defragment","floor":0.0},{"not_picked":["Jack Of All Trades","Madness"],"picked":"Conserve Battery","floor":0.0},{"not_picked":["Leap","Auto Shields"],"picked":"Swift Strike","floor":0.0},{"not_picked":["Consume","Stack"],"picked":"Sunder","floor":0.0},{"not_picked":["Skim","Coolheaded"],"picked":"Ball Lightning","floor":0.0},{"not_picked":["Turbo","Scrape"],"picked":"Ball Lightning","floor":0.0},{"not_picked":["Chaos","Beam Cell"],"picked":"Sweeping Beam","floor":0.0},{"not_picked":["Darkness","Impatience"],"picked":"Cold Snap","floor":0.0},{"not_picked":["Go for the Eyes","Rip and Tear"],"picked":"Beam Cell","floor":0.0},{"not_picked":["Madness","Turbo"],"picked":"Sweeping Beam","floor":0.0},{"not_picked":["Steam","Beam Cell"],"picked":"Barrage","floor":0.0},{"not_picked":["Compile Driver","Flash of Steel"],"picked":"Cold Snap","floor":0.0},{"not_picked":["Steam","Recycle"],"picked":"Double Energy","floor":0.0},{"not_picked":["Thinking Ahead","Apotheosis","Rainbow"],"picked":"SKIP","floor":6.0},{"not_picked":["Secret Weapon","Thunder Strike","Reboot"],"picked":"SKIP","floor":8.0},{"not_picked":["Apotheosis","Transmutation","Secret Weapon"],"picked":"SKIP","floor":11.0},{"not_picked":["The Bomb","HandOfGreed","Secret Weapon"],"picked":"SKIP","floor":12.0},{"not_picked":["Mayhem","Go for the Eyes"],"picked":"White Noise","floor":14.0},{"not_picked":["Impatience","Coolheaded"],"picked":"Static Discharge","floor":14.0},{"not_picked":["Metamorphosis","Mayhem"],"picked":"Echo Form","floor":24.0},{"not_picked":["Rainbow","Master of Strategy","Echo Form"],"picked":"SKIP","floor":25.0},{"not_picked":["Echo Form","Magnetism","All For One"],"picked":"SKIP","floor":30.0},{"not_picked":["Machine Learning","Multi-Cast+1"],"picked":"Echo Form","floor":31.0},{"not_picked":["Chrysalis+1","Panache"],"picked":"Creative AI","floor":33.0},{"not_picked":["Panacea+1","Redo+1"],"picked":"Bandage Up+1","floor":34.0},{"not_picked":["infinitespire:Starlight","infinitespire:Menacing"],"picked":"infinitespire:Oblivion","floor":38.0},{"not_picked":["Echo Form","Transmutation+1","Mayhem"],"picked":"SKIP","floor":41.0},{"not_picked":["Thunder Strike","Meteor Strike","Secret Weapon+1"],"picked":"SKIP","floor":44.0},{"not_picked":["Apotheosis+1","Hyperbeam","Seek+1"],"picked":"SKIP","floor":48.0},{"not_picked":["Transmutation+1","Reboot+1"],"picked":"Electrodynamics+1","floor":50.0},{"not_picked":["All For One","Echo Form+1"],"picked":"Buffer+1","floor":55.0},{"not_picked":["Secret Technique+1","Transmutation+1","Violence+1"],"picked":"SKIP","floor":57.0},{"not_picked":["Master of Strategy+1","Sadistic Nature+1","Mayhem+1"],"picked":"SKIP","floor":61.0},{"not_picked":["Core Surge","Multi-Cast+1","Rainbow+1"],"picked":"SKIP","floor":62.0},{"not_picked":["Apotheosis+1","The Bomb+1","Panache+1"],"picked":"SKIP","floor":63.0},{"not_picked":["Fission+1","Multi-Cast+1"],"picked":"Electrodynamics+1","floor":65.0},{"not_picked":["Blasphemy+1","Echo Form+1"],"picked":"Panache+1","floor":74.0},{"not_picked":["Secret Technique+1","Machine Learning+1","Brilliance"],"picked":"SKIP","floor":76.0},{"not_picked":["Mayhem+1","Bullet Time+1","Die Die Die"],"picked":"SKIP","floor":78.0},{"not_picked":["Blasphemy+1","Mayhem+1"],"picked":"Limit Break+1","floor":79.0},{"not_picked":["A Thousand Cuts+1","Night Terror+1","Sadistic Nature+1"],"picked":"SKIP","floor":80.0},{"not_picked":["Secret Weapon+1","Seek+1","Bludgeon"],"picked":"SKIP","floor":82.0},{"not_picked":["Ragnarok","Night Terror+1"],"picked":"Envenom+1","floor":84.0},{"not_picked":["infinitespire:DeathsTouch","infinitespire:SealOfDarkness+"],"picked":"infinitespire:UltimateForm","floor":84.0},{"not_picked":["Violence+1","Apotheosis+1","Thinking Ahead+1","Chrysalis+1"],"picked":"Singing Bowl","floor":91.0},{"not_picked":["Fiend Fire","Multi-Cast+1","Violence+1"],"picked":"Buffer+1","floor":92.0},{"not_picked":["Sucker Punch+1","Sever Soul","Sweeping Beam","Halt+1"],"picked":"Singing Bowl","floor":93.0},{"not_picked":["Immolate","Die Die Die","HandOfGreed","Metamorphosis+1"],"picked":"Singing Bowl","floor":95.0},{"not_picked":["Immolate","A Thousand Cuts+1","Amplify+1","Corpse Explosion+1"],"picked":"Singing Bowl","floor":97.0},{"not_picked":["BowlingBash+1","Streamline+1","ClearTheMind+1","Dodge and Roll+1"],"picked":"Singing Bowl","floor":100.0},{"not_picked":["Doppelganger+1","Storm of Steel+1","Corruption+1","Malaise+1"],"picked":"Singing Bowl","floor":101.0},{"not_picked":["Panache+1","Vault+1"],"picked":"Singing Bowl","floor":108.0},{"not_picked":["infinitespire:Fortify","infinitespire:Menacing","infinitespire:Execution"],"picked":"Singing Bowl","floor":110.0},{"not_picked":["MasterReality+1","Corruption+1"],"picked":"Singing Bowl","floor":110.0},{"not_picked":["Die Die Die+1","Corruption+1"],"picked":"Singing Bowl","floor":112.0},{"not_picked":["Thunder Strike+1","Blasphemy+1"],"picked":"Singing Bowl","floor":113.0},{"not_picked":["Secret Technique+1","All For One+1"],"picked":"Singing Bowl","floor":114.0},{"not_picked":["Panache+1","Corpse Explosion+1"],"picked":"Singing Bowl","floor":115.0},{"not_picked":["Iron Wave+1","Dagger Spray+1"],"picked":"Singing Bowl","floor":117.0},{"not_picked":["Die Die Die+1","Grand Finale+1"],"picked":"Singing Bowl","floor":118.0},{"not_picked":["Secret Weapon+1"],"picked":"DevaForm+1","floor":125.0},{"not_picked":["Master of Strategy+1","Secret Technique+1"],"picked":"Singing Bowl","floor":126.0},{"not_picked":["Grand Finale+1","Mayhem+1"],"picked":"Singing Bowl","floor":129.0},{"not_picked":["Conserve Battery+1","Slice+1"],"picked":"Singing Bowl","floor":130.0},{"not_picked":["Blade Dance+1","Heavy Blade+1"],"picked":"Singing Bowl","floor":132.0},{"not_picked":["FollowUp+1","Dagger Throw+1"],"picked":"Singing Bowl","floor":134.0},{"not_picked":["A Thousand Cuts+1","Reboot+1"],"picked":"Singing Bowl","floor":135.0},{"not_picked":["Thinking Ahead+1","Blind+1"],"picked":"Singing Bowl","floor":138.0}],"player_experience":346714,"relics_obtained":[{"floor":1.0,"key":"Pear"},{"floor":5.0,"key":"Orichalcum"},{"floor":6.0,"key":"InkBottle"},{"floor":7.0,"key":"Letter Opener"},{"floor":8.0,"key":"Potion Belt"},{"floor":9.0,"key":"infinitespire:Satchel"},{"floor":11.0,"key":"Old Coin"},{"floor":12.0,"key":"Tiny Chest"},{"floor":13.0,"key":"Blood Vial"},{"floor":18.0,"key":"Regal Pillow"},{"floor":22.0,"key":"infinitespire:PuzzleCube"},{"floor":24.0,"key":"Nunchaku"},{"floor":24.0,"key":"Toy Ornithopter"},{"floor":25.0,"key":"Smiling Mask"},{"floor":25.0,"key":"MealTicket"},{"floor":26.0,"key":"infinitespire:Lucky Rock"},{"floor":27.0,"key":"Strawberry"},{"floor":30.0,"key":"infinitespire:Lychee Nut"},{"floor":30.0,"key":"Vajra"},{"floor":31.0,"key":"Centennial Puzzle"},{"floor":31.0,"key":"Toxic Egg 2"},{"floor":35.0,"key":"Eternal Feather"},{"floor":37.0,"key":"Whetstone"},{"floor":38.0,"key":"Torii"},{"floor":39.0,"key":"Pen Nib"},{"floor":41.0,"key":"Art of War"},{"floor":41.0,"key":"Dream Catcher"},{"floor":43.0,"key":"Omamori"},{"floor":44.0,"key":"Kunai"},{"floor":44.0,"key":"infinitespire:Midas Blood"},{"floor":48.0,"key":"Bag of Marbles"},{"floor":48.0,"key":"Symbiotic Virus"},{"floor":52.0,"key":"CeramicFish"},{"floor":55.0,"key":"Blue Candle"},{"floor":55.0,"key":"DataDisk"},{"floor":56.0,"key":"MawBank"},{"floor":57.0,"key":"Turnip"},{"floor":57.0,"key":"infinitespire:Beetle Shell"},{"floor":60.0,"key":"infinitespire:CheckeredPen"},{"floor":61.0,"key":"HornCleat"},{"floor":61.0,"key":"infinitespire:FocusingShard"},{"floor":62.0,"key":"Akabeko"},{"floor":62.0,"key":"Ancient Tea Set"},{"floor":63.0,"key":"Darkstone Periapt"},{"floor":63.0,"key":"PreservedInsect"},{"floor":65.0,"key":"Gremlin Horn"},{"floor":65.0,"key":"Oddly Smooth Stone"},{"floor":69.0,"key":"Mercury Hourglass"},{"floor":70.0,"key":"Enchiridion"},{"floor":71.0,"key":"Bronze Scales"},{"floor":73.0,"key":"War Paint"},{"floor":74.0,"key":"Bag of Preparation"},{"floor":74.0,"key":"infinitespire:Freezer"},{"floor":75.0,"key":"Meat on the Bone"},{"floor":76.0,"key":"Ornamental Fan"},{"floor":76.0,"key":"Pantograph"},{"floor":77.0,"key":"Bottled Tornado"},{"floor":78.0,"key":"infinitespire:Bottled Soul"},{"floor":78.0,"key":"Matryoshka"},{"floor":79.0,"key":"Sundial"},{"floor":79.0,"key":"infinitespire:ShieldingShard"},{"floor":80.0,"key":"Cables"},{"floor":80.0,"key":"Incense Burner"},{"floor":82.0,"key":"infinitespire:SolderingIron"},{"floor":82.0,"key":"StrikeDummy"},{"floor":86.0,"key":"Bottled Flame"},{"floor":89.0,"key":"Bottled Lightning"},{"floor":89.0,"key":"Question Card"},{"floor":90.0,"key":"Singing Bowl"},{"floor":91.0,"key":"The Courier"},{"floor":91.0,"key":"Ice Cream"},{"floor":92.0,"key":"infinitespire:EmpoweringShard"},{"floor":92.0,"key":"White Beast Statue"},{"floor":94.0,"key":"infinitespire:WardingShard"},{"floor":94.0,"key":"Gambling Chip"},{"floor":95.0,"key":"infinitespire:Golems Mask"},{"floor":95.0,"key":"Pocketwatch"},{"floor":96.0,"key":"Thread and Needle"},{"floor":97.0,"key":"Calipers"},{"floor":97.0,"key":"infinitespire:Joker Card"},{"floor":99.0,"key":"Dead Branch"},{"floor":103.0,"key":"Molten Egg 2"},{"floor":107.0,"key":"infinitespire:Eraser"},{"floor":108.0,"key":"Bird Faced Urn"},{"floor":108.0,"key":"Unceasing Top"},{"floor":109.0,"key":"Peace Pipe"},{"floor":110.0,"key":"infinitespire:CursedDice"},{"floor":110.0,"key":"TungstenRod"},{"floor":111.0,"key":"infinitespire:Magic Flask"},{"floor":112.0,"key":"Lizard Tail"},{"floor":112.0,"key":"CaptainsWheel"},{"floor":113.0,"key":"Shovel"},{"floor":113.0,"key":"Mango"},{"floor":114.0,"key":"Du-Vu Doll"},{"floor":114.0,"key":"Emotion Chip"},{"floor":115.0,"key":"StoneCalendar"},{"floor":115.0,"key":"FossilizedHelix"},{"floor":116.0,"key":"Circlet"},{"floor":120.0,"key":"Circlet"},{"floor":123.0,"key":"Circlet"},{"floor":124.0,"key":"Circlet"},{"floor":125.0,"key":"Circlet"},{"floor":125.0,"key":"Circlet"},{"floor":126.0,"key":"Circlet"},{"floor":126.0,"key":"Circlet"},{"floor":128.0,"key":"Circlet"},{"floor":129.0,"key":"Circlet"},{"floor":129.0,"key":"Circlet"},{"floor":133.0,"key":"Circlet"},{"floor":137.0,"key":"Circlet"},{"floor":140.0,"key":"Circlet"},{"floor":140.0,"key":"Circlet"},{"floor":140.0,"key":"Circlet"}],"event_choices":[{"damage_healed":0.0,"max_hp_gain":0.0,"max_hp_loss":0.0,"gold_gain":0.0,"event_name":"Living Wall","player_choice":"Grow","floor":3.0,"gold_loss":0.0,"damage_taken":0.0,"cards_upgraded":["DevaForm"]},{"cards_removed":["Wraith Form v2"],"damage_healed":0.0,"max_hp_gain":0.0,"max_hp_loss":0.0,"gold_gain":0.0,"event_name":"The Cleric","player_choice":"Card Removal","floor":4.0,"gold_loss":50.0,"damage_taken":0.0},{"damage_healed":0.0,"max_hp_gain":0.0,"max_hp_loss":0.0,"gold_gain":0.0,"event_name":"Ghosts","player_choice":"Ignored","floor":19.0,"gold_loss":0.0,"damage_taken":0.0},{"damage_healed":0.0,"max_hp_gain":0.0,"max_hp_loss":0.0,"gold_gain":0.0,"event_name":"Vampires","player_choice":"Ignored","floor":21.0,"gold_loss":0.0,"damage_taken":0.0},{"damage_healed":0.0,"max_hp_gain":0.0,"max_hp_loss":0.0,"gold_gain":0.0,"event_name":"Vampires","player_choice":"Ignored","floor":38.0,"gold_loss":0.0,"damage_taken":0.0},{"damage_healed":0.0,"max_hp_gain":0.0,"max_hp_loss":0.0,"gold_gain":0.0,"event_name":"The Woman in Blue","player_choice":"Bought 3 Potions","floor":53.0,"gold_loss":0.0,"damage_taken":0.0},{"damage_healed":0.0,"max_hp_gain":0.0,"max_hp_loss":0.0,"gold_gain":0.0,"event_name":"Golden Idol","player_choice":"Take Damage","floor":58.0,"gold_loss":0.0,"damage_taken":20.0,"relics_obtained":["Golden Idol"]},{"damage_healed":0.0,"max_hp_gain":0.0,"max_hp_loss":0.0,"gold_gain":0.0,"event_name":"Cursed Tome","player_choice":"Obtained Book","floor":70.0,"gold_loss":0.0,"damage_taken":16.0},{"damage_healed":20.0,"max_hp_gain":0.0,"max_hp_loss":0.0,"gold_gain":0.0,"event_name":"Winding Halls","player_choice":"Writhe","floor":88.0,"gold_loss":0.0,"damage_taken":0.0,"cards_obtained":["Writhe"]},{"damage_healed":0.0,"max_hp_gain":0.0,"max_hp_loss":0.0,"gold_gain":450.0,"event_name":"Knowing Skull","player_choice":"GOLD GOLD GOLD GOLD GOLD ","floor":131.0,"potions_obtained":[],"gold_loss":0.0,"damage_taken":46.0,"cards_obtained":[]},{"damage_healed":0.0,"max_hp_gain":0.0,"max_hp_loss":0.0,"gold_gain":0.0,"event_name":"SensoryStone","player_choice":"Memory 1","floor":138.0,"gold_loss":0.0,"damage_taken":0.0},{"damage_healed":0.0,"max_hp_gain":0.0,"max_hp_loss":0.0,"gold_gain":0.0,"event_name":"Winding Halls","player_choice":"Embrace Madness","floor":139.0,"gold_loss":0.0,"damage_taken":18.0,"cards_obtained":["Madness","Madness"]}],"is_beta":false,"boss_relics":[{"not_picked":["Calling Bell","Philosopher\u0027s Stone"],"picked":"Black Star"},{"not_picked":["Sozu","FrozenCore"],"picked":"Tiny House"},{"not_picked":["Velvet Choker","Coffee Dripper"],"picked":"SlaversCollar"},{"not_picked":["SacredBark","Empty Cage"],"picked":"Nuclear Battery"},{"not_picked":["Fusion Hammer","Coffee Dripper","Velvet Choker"]},{"not_picked":["Runic Dome","FrozenCore"],"picked":"Busted Crown"},{"not_picked":["infinitespire:Cupcake","FrozenCore"],"picked":"Cursed Key"},{"not_picked":["Runic Pyramid","Snecko Eye","Fusion Hammer"]}],"items_purged_floors":[121,122],"is_endless":true,"potions_floor_spawned":[5,8,12,13,25,27,30,35,38,41,48,50,61,69,78,79,80,90,91,95,96,97,99,101,103,108,109,112,113,114,115,116,118,120,123,124,125,129,135,137],"killed_by":"3 Darklings","ascension_level":0}}