{"host":"a2lvm7nbw6nkrc91","time":1609588372,"event":{"mods":["BaseMod","Friendly Minions","Hermit","Kiyohime£¨?ýï£©","Koishi","Marisa£¨Ùöéë¡¡Øª×âÞÞ£©","Minty Spire (QoL Compilation)","Prisma Mod","Replay The Spire","StSLib","Td1madao Mod","The Bug Knight","The Dragon Tamer"],"gold_per_floor":[111,111,126,126,126,167,185,185,208,227,266,284,14,39,39,165,165,189,213,231,231,141,141,170,170,470,482,53,78,78,107,107,209,209,223,223,55,73,73,73,89,117,117,117,136,165,165,200,200,200,200],"floor_reached":50,"playtime":2685,"items_purged":["Koishi:BasicStrike","Koishi:BasicStrike"],"score":700,"play_id":"1709ed11-e246-467e-9fce-20061621c3a0","local_time":"20210102205252","is_ascension_mode":false,"campfire_choices":[{"data":"Koishi:EmbryosDream","floor":8.0,"key":"SMITH"},{"data":"Koishi:BloodcurdlingScream","floor":15.0,"key":"SMITH"},{"data":"Koishi:ImGoingToCallYouNow","floor":23.0,"key":"SMITH"},{"data":"Koishi:RacingHeart","floor":25,"key":"SMITH"},{"data":"Koishi:Untouchable","floor":30,"key":"SMITH"},{"data":"Koishi:DNAsFlaw","floor":32,"key":"SMITH"},{"data":"Koishi:RuptureMind","floor":40,"key":"SMITH"},{"data":"Koishi:HauntingSlash","floor":44,"key":"SMITH"},{"data":"Koishi:SilentAndRestless","floor":49,"key":"SMITH"}],"circlet_count":0,"master_deck":["Koishi:BasicDefend","Koishi:BasicDefend","Koishi:BasicDefend","Koishi:Provoke","Koishi:HauntingSlash+1","Koishi:DreadfulBlow","Koishi:EmbryosDream+1","Koishi:DreadfulBlow","Koishi:ParalyzingFear","Koishi:SprinkleStarAndHeart","Koishi:BloodcurdlingScream+1","Koishi:SubconsciousSweep","Koishi:ImGoingToCallYouNow+1","Koishi:PhantomStrike+1","Koishi:RacingHeart+1","Koishi:DanmakuParanoia+1","Koishi:ReflexRadar","Koishi:YoukaiPolygraph","Koishi:Untouchable+1","Koishi:SubterraneanRose+1","Koishi:DNAsFlaw+1","Koishi:SilentAndRestless+1","Koishi:UnconsciousUrges+1","Koishi:RuptureMind+1","Koishi:FleetingPhantom","Koishi:Jaunt+1","Koishi:Jaunt+1","Koishi:ReleaseOfTheId","Koishi:FidgetySnatcher+1","Decay","Koishi:DreadfulBlow+1"],"relics":["Koishi:ImaginaryFriend","NeowsBlessing","Bloody Idol","Replay:Towering Pillar of Hats","Garlic","Toy Ornithopter","Orichalcum","MealTicket","Regal Pillow","Ring of Chaos","Nunchaku","Old Coin","Frozen Egg 2","Boot","Quantum Egg","Empty Cage","Membership Card","Gambling Chip","Molten Egg 2","Replay:Bottled Steam","Simple Rune"],"acts_visited":["Exordium","TheCity","TheBeyond"],"potions_floor_usage":[24,24,27,39,46,50,50,50],"damage_taken":[{"damage":0.0,"enemies":"2 Louse","floor":1.0,"turns":1.0},{"damage":0.0,"enemies":"Jaw Worm","floor":3.0,"turns":1.0},{"damage":0.0,"enemies":"Lagavulin","floor":6.0,"turns":1.0},{"damage":0.0,"enemies":"Small Slimes","floor":7.0,"turns":4.0},{"damage":5.0,"enemies":"Looter","floor":10.0,"turns":4.0},{"damage":18.0,"enemies":"Gremlin Nob","floor":11.0,"turns":5.0},{"damage":0.0,"enemies":"Gremlin Gang","floor":12.0,"turns":5.0},{"damage":3.0,"enemies":"2 Fungi Beasts","floor":14.0,"turns":3.0},{"damage":19.0,"enemies":"The Guardian","floor":16.0,"turns":15.0},{"damage":11.0,"enemies":"2 Thieves","floor":18.0,"turns":5.0},{"damage":9.0,"enemies":"Spheric Guardian","floor":19.0,"turns":5.0},{"damage":24.0,"enemies":"Snake Plant","floor":20.0,"turns":6.0},{"damage":25,"enemies":"Gremlin Leader","floor":24,"turns":13},{"damage":9,"enemies":"Snecko","floor":27,"turns":6},{"damage":10,"enemies":"Book of Stabbing","floor":29,"turns":10},{"damage":0,"enemies":"Gremlin Leader","floor":31,"turns":8},{"damage":48,"enemies":"Automaton","floor":33,"turns":17},{"damage":7,"enemies":"Orb Walker","floor":35,"turns":5},{"damage":8,"enemies":"3 Darklings","floor":38,"turns":9},{"damage":0,"enemies":"Jaw Worm Horde","floor":39,"turns":1},{"damage":0,"enemies":"Writhing Mass","floor":41,"turns":7},{"damage":12,"enemies":"R_Hoarder","floor":42,"turns":9},{"damage":15,"enemies":"3 Darklings","floor":45,"turns":9},{"damage":0,"enemies":"Nemesis","floor":46,"turns":7},{"damage":44,"enemies":"Giant Head","floor":48,"turns":11},{"damage":92,"enemies":"Donu and Deca","floor":50,"turns":10}],"seed_played":"-222582101004946066","potions_obtained":[{"floor":6.0,"key":"LifebloodPotion"},{"floor":7.0,"key":"Elixir"},{"floor":12.0,"key":"Languid Potion"},{"floor":18.0,"key":"BlessingOfTheForge"},{"floor":20.0,"key":"LiquidMemories"},{"floor":33,"key":"Regen Potion"},{"floor":35,"key":"SmokeBomb"},{"floor":42,"key":"Ancient Potion"},{"floor":45,"key":"SkillPotion"},{"floor":46,"key":"Elixir"}],"is_trial":false,"path_per_floor":["M","?","M","T","?","E","M","R","T","M","E","M","$","M","R","B",null,"M","M","M","?","?","R","E","R","T","M","$","E","R","E","R","B",null,"M","?","$","M","M","R","M","E","T","R","M","E","?","E","R","B"],"character_chosen":"KOISHI","items_purchased":["Koishi:SubconsciousSweep","Regal Pillow","Koishi:Untouchable","Frozen Egg 2","Membership Card","Koishi:FleetingPhantom"],"campfire_rested":0,"item_purchase_floors":[13,13,28,28,37,37],"current_hp_per_floor":[60,56,56,56,56,56,56,56,56,56,45,49,56,54,54,47,56,56,48,44,44,44,44,45,45,50,56,56,56,56,56,56,28,56,56,56,56,56,56,56,56,56,56,56,56,56,56,56,56,0,0],"gold":200,"neow_bonus":"THREE_ENEMY_KILL","is_daily":false,"chose_seed":false,"campfire_upgraded":9,"win_rate":0.0,"timestamp":1609588372,"path_taken":["M","?","M","?","?","E","M","R","T","M","E","M","$","M","R","BOSS","M","M","?","?","?","R","E","R","T","?","$","E","R","E","R","BOSS","M","?","$","M","M","R","?","E","T","R","M","E","?","E","R","BOSS"],"items_purchased_type":["Card","Relic","Card","Relic","Relic","Card"],"build_version":"2020-12-22","purchased_purges":2,"victory":false,"max_hp_per_floor":[60,56,56,56,56,56,56,56,56,56,56,56,56,56,56,56,56,56,56,56,56,56,56,56,56,56,56,56,56,56,56,56,56,56,56,56,56,56,56,56,56,56,56,56,56,56,56,56,56,56,56],"card_choices":[{"not_picked":["Koishi:Prune","Koishi:JumpScare"],"picked":"Koishi:DreadfulBlow","floor":1.0},{"not_picked":["Koishi:HeartfeltFancy","Koishi:Jaunt"],"picked":"Koishi:UnseenTerror","floor":3.0},{"not_picked":["Koishi:Prune","Koishi:FreudianInstinct"],"picked":"Koishi:EmbryosDream","floor":6.0},{"not_picked":["Koishi:TraumaticStroke","Koishi:FourthEye"],"picked":"Koishi:DreadfulBlow","floor":7.0},{"not_picked":["Koishi:SpiritedAway","Koishi:Vanish"],"picked":"Koishi:ParalyzingFear","floor":10.0},{"not_picked":["Koishi:StingingMind","Koishi:HeartfeltFancy"],"picked":"Koishi:SprinkleStarAndHeart","floor":11.0},{"not_picked":["Koishi:VengefulSpirit","Koishi:RorschachInDanmaku"],"picked":"Koishi:BloodcurdlingScream","floor":12.0},{"not_picked":["Koishi:BloodcurdlingScream","Koishi:StrangeCloudFist","Koishi:GhostParty"],"picked":"SKIP","floor":14.0},{"not_picked":["Koishi:ConfinedInnocent","Koishi:FormlessExistence"],"picked":"Koishi:ImGoingToCallYouNow","floor":16.0},{"not_picked":["Koishi:SpiritedAway","Koishi:CatchAndRose"],"picked":"Koishi:PhantomStrike+1","floor":18.0},{"not_picked":["Koishi:StingingMind","Koishi:GhostParty"],"picked":"Koishi:RacingHeart","floor":19.0},{"not_picked":["Koishi:Bloodlust","Koishi:GhostParty+1"],"picked":"Koishi:DanmakuParanoia+1","floor":20.0},{"not_picked":["Koishi:JumpScare","Koishi:ParalyzingFear"],"picked":"Koishi:ReflexRadar","floor":24},{"not_picked":["Koishi:HeartfeltFancy","Koishi:EmbersOfLove"],"picked":"Koishi:YoukaiPolygraph","floor":27},{"not_picked":["Koishi:Bloodlust","Koishi:MindNumbingTerror"],"picked":"Koishi:SubterraneanRose+1","floor":29},{"not_picked":["Koishi:SubterraneanRose+1","Koishi:SubconsciousSweep"],"picked":"Koishi:DNAsFlaw","floor":31},{"not_picked":["Koishi:SuperEgo","Koishi:FadingMemory"],"picked":"Koishi:SilentAndRestless","floor":33},{"not_picked":["Koishi:CatchAndRose","Koishi:HeartfeltFancy+1"],"picked":"Koishi:UnconsciousUrges+1","floor":35},{"not_picked":["Koishi:MassHysteria","Koishi:SubterraneanRose"],"picked":"Koishi:Jaunt+1","floor":38},{"not_picked":["Koishi:ApparitionsStalkTheNight","Koishi:Heartbroken+1"],"picked":"Koishi:Jaunt+1","floor":41},{"not_picked":["Koishi:RorschachInDanmaku","Koishi:HeartfeltFancy+1","Koishi:Prune"],"picked":"SKIP","floor":42},{"not_picked":["Koishi:Whimsy+1","Koishi:FourthEye"],"picked":"Koishi:ReleaseOfTheId","floor":45},{"not_picked":["Koishi:LastRemote+1","Koishi:PhilosophyOfTheDespised"],"picked":"Koishi:FidgetySnatcher+1","floor":46},{"not_picked":["Koishi:FleetingPhantom+1","Koishi:GhostParty+1"],"picked":"Koishi:DreadfulBlow+1","floor":48}],"player_experience":517300,"relics_obtained":[{"floor":4.0,"key":"Replay:Towering Pillar of Hats"},{"floor":6.0,"key":"Toy Ornithopter"},{"floor":9.0,"key":"Orichalcum"},{"floor":11.0,"key":"MealTicket"},{"floor":24,"key":"Nunchaku"},{"floor":26,"key":"Old Coin"},{"floor":29,"key":"Boot"},{"floor":31,"key":"Quantum Egg"},{"floor":42,"key":"Gambling Chip"},{"floor":43,"key":"Molten Egg 2"},{"floor":46,"key":"Replay:Bottled Steam"},{"floor":48,"key":"Simple Rune"}],"event_choices":[{"damage_healed":0.0,"max_hp_gain":0.0,"max_hp_loss":4.0,"gold_gain":0.0,"event_name":"Golden Idol","player_choice":"Lose Max HP","floor":2.0,"gold_loss":0.0,"damage_taken":0.0,"relics_obtained":["Golden Idol"]},{"cards_removed":["Koishi:UnseenTerror"],"damage_healed":0.0,"max_hp_gain":0.0,"max_hp_loss":0.0,"gold_gain":0.0,"event_name":"WeMeetAgain","player_choice":"Gave Card","floor":5.0,"gold_loss":0.0,"damage_taken":0.0,"relics_obtained":["Garlic"]},{"damage_healed":0.0,"max_hp_gain":0.0,"max_hp_loss":0.0,"gold_gain":0.0,"event_name":"Forgotten Altar","player_choice":"Gave Idol","floor":21.0,"relics_lost":["Golden Idol"],"gold_loss":0.0,"damage_taken":0.0,"relics_obtained":["Bloody Idol"]},{"cards_removed":["Koishi:BasicStrike"],"damage_healed":0.0,"max_hp_gain":0.0,"max_hp_loss":0.0,"gold_gain":0.0,"event_name":"Designer","player_choice":"Upgrade and Remove","floor":22.0,"gold_loss":90.0,"damage_taken":0.0,"cards_upgraded":["Koishi:BasicDefend"]},{"damage_healed":0,"gold_gain":0,"player_choice":"1 cards matched","damage_taken":0,"max_hp_gain":0,"max_hp_loss":0,"event_name":"Match and Keep!","floor":36,"gold_loss":0,"cards_obtained":["Koishi:RuptureMind"]},{"damage_healed":0,"gold_gain":0,"player_choice":"Cursed","damage_taken":0,"max_hp_gain":0,"max_hp_loss":0,"event_name":"Wheel of Change","floor":47,"gold_loss":0,"cards_obtained":["Decay"]}],"is_beta":false,"boss_relics":[{"not_picked":["Replay:Ancient Bell","Runic Dome"],"picked":"Ring of Chaos"},{"not_picked":["Replay:Drink Me","Coffee Dripper"],"picked":"Empty Cage"}],"items_purged_floors":[13,28],"is_endless":false,"potions_floor_spawned":[6,7,12,18,20,33,35,42,45,46],"killed_by":"Donu and Deca","ascension_level":0}}