{"host":"5fasz840ryq7obdf","time":1609582271,"event":{"mods":["AchievementEnabler","BaseMod","Bestiary","Better Altar","Better Skull","Better Third Choice","BetterRewards","Block Reminder","Colored Powertips","Curses Come First","Highlight Path","Minty Spire (QoL Compilation)","Quick Restart","Relic Sorter","Relic Stats","Replay The Spire","Shop Mod","Spicy Shops","StSLib","SuperFastMode","ojb\u0027s Better Paths Mod","ojb\u0027s Info Mod"],"gold_per_floor":[46,57,0,13,23,23,23],"floor_reached":6,"playtime":318,"items_purged":["Strike_B"],"score":76,"play_id":"dbb8ebf2-5130-4774-83d5-09bdcb61aa45","local_time":"20210102101111","is_ascension_mode":true,"campfire_choices":[],"circlet_count":0,"master_deck":["AscendersBane","Strike_B","Strike_B","Strike_B","Defend_B","Defend_B","Defend_B","Defend_B","Zap","Dualcast","Sunder","Steam","Reprogram","Scrape","Flash of Steel","Go for the Eyes","ReplayGash","Poisoned Strike","Scrape","Steam","Hologram","Rebound"],"relics":["Cracked Core","Kunai","BargainBundle"],"acts_visited":["Exordium"],"potions_floor_usage":[6,6],"damage_taken":[{"damage":6.0,"enemies":"Small Slimes","floor":1.0,"turns":3.0},{"damage":0.0,"enemies":"2 Louse","floor":2.0,"turns":2.0},{"damage":0.0,"enemies":"Cultist","floor":4.0,"turns":3.0},{"damage":5.0,"enemies":"Blue Slaver","floor":5.0,"turns":3.0},{"damage":25,"enemies":"Lagavulin","floor":6,"turns":3}],"seed_played":"-853863945269330356","potions_obtained":[],"is_trial":false,"path_per_floor":["M","M","$","M","M","E"],"character_chosen":"DEFECT","items_purchased":["Sunder","Steam","Kunai","Reprogram","Scrape","BargainBundle","Flash of Steel","Go for the Eyes","ReplayGash","Poisoned Strike","Fire Potion","Dexterity Potion","Hologram"],"campfire_rested":0,"item_purchase_floors":[0,0,0,0,0,0,0,0,0,0,0,0,3],"current_hp_per_floor":[26,26,26,26,21,0,0],"gold":23,"neow_bonus":"","is_daily":false,"chose_seed":false,"campfire_upgraded":0,"win_rate":0.0,"timestamp":1609582271,"path_taken":["M","M","$","M","M","E"],"items_purchased_type":["Card","Card","Relic","Card","Card","Relic","Card","Card","Card","Card","Potion","Potion","Card"],"build_version":"2020-12-22","purchased_purges":1,"victory":false,"max_hp_per_floor":[71,71,71,71,71,71,71],"relic_stats":{"counters":[5,14],"Kunai":[7],"obtain_stats":[{"BargainBundle":0,"Kunai":0,"Cracked Core":0},{"BargainBundle":0,"Kunai":0,"Cracked Core":0},{"BargainBundle":0,"Kunai":0,"Cracked Core":0}]},"card_choices":[{"not_picked":["Turbo","Aggregate"],"picked":"Scrape","floor":1.0},{"not_picked":["Redo","Barrage"],"picked":"Steam","floor":2.0},{"not_picked":["Turbo","Leap","Panic Button"],"picked":"SKIP","floor":4.0},{"not_picked":["Steam","Cold Snap"],"picked":"Rebound","floor":5.0}],"player_experience":1357414,"relics_obtained":[],"event_choices":[],"is_beta":false,"boss_relics":[],"items_purged_floors":[0],"is_endless":false,"potions_floor_spawned":[2,4],"killed_by":"Lagavulin","ascension_level":20}}