{"host":"6fh0uvaoh3e0g6do","time":1609547825,"event":{"mods":["AchievementEnabler","BaseMod","Downfall","Minty Spire (QoL Compilation)","Replay The Spire","StSLib","The Cursed"],"gold_per_floor":[115,134,134,152,20,20,36,36,36,50,121,135,151,166,166,269,269,285,304,219,132,147,147,147,180,180,37,57,75,101,101,101],"floor_reached":31,"playtime":2248,"items_purged":["hexamod:Haunted"],"score":276,"play_id":"35d3ae49-3ad2-48c4-ad93-ed8e6de8576d","local_time":"20210101173705","is_ascension_mode":false,"campfire_choices":[{"data":"Spot Weakness","floor":6,"key":"SMITH"},{"data":"Spot Weakness","floor":8,"key":"SMITH"},{"data":"Heavy Blade","floor":15,"key":"SMITH"},{"data":"Metallicize","floor":23,"key":"SMITH"}],"circlet_count":0,"master_deck":["Strike_R+1","Strike_R+1","Strike_R+1","Strike_R+1","Strike_R+1","Defend_R+1","Defend_R+1","Defend_R+1","Defend_R+1","Limit Break","Twin Strike","Headbutt","Heavy Blade+1","Spot Weakness+1","Spot Weakness+1","Metallicize+1","ReplayTheSpireMod:Muscle Training","Flex","Sword Boomerang","Anger","Anger","Double Tap+1","Clothesline","Anger","expansioncontent:CaCaw+1","Anger+1","Clothesline+1","Metallicize+1","Mayhem+1","Clothesline+1","Pummel+1"],"relics":["Burning Blood","Golden Egg","SacredBark","Ornamental Fan","Molten Egg 2","Replay:Rubber Ducky","ReplayTheSpireMod:CursedCoin","Replay:Wax Seal"],"acts_visited":["Exordium","TheCity"],"potions_floor_usage":[10,13,13,16,25],"damage_taken":[{"damage":2,"enemies":"2 Louse","floor":1,"turns":3},{"damage":1,"enemies":"Cultist","floor":2,"turns":3},{"damage":3,"enemies":"Jaw Worm","floor":4,"turns":4},{"damage":6,"enemies":"Exordium Wildlife","floor":7,"turns":4},{"damage":9,"enemies":"Large Slime","floor":10,"turns":3},{"damage":10,"enemies":"Blue Slaver","floor":12,"turns":3},{"damage":34,"enemies":"Gremlin Gang","floor":13,"turns":4},{"damage":1,"enemies":"3 Louse","floor":14,"turns":3},{"damage":50,"enemies":"Fading Forest","floor":16,"turns":11},{"damage":6,"enemies":"Chosen","floor":18,"turns":2},{"damage":20,"enemies":"Shell Parasite","floor":19,"turns":3},{"damage":15,"enemies":"Centurion and Healer","floor":22,"turns":5},{"damage":39,"enemies":"Gremlin Leader","floor":25,"turns":9},{"damage":4,"enemies":"Chosen and Byrds","floor":28,"turns":7},{"damage":20,"enemies":"Snake Plant","floor":29,"turns":3},{"damage":15,"enemies":"3 Cultists","floor":31,"turns":4}],"seed_played":"7615383866814589625","potions_obtained":[{"floor":4,"key":"Weak Potion"},{"floor":10,"key":"Strength Potion"},{"floor":12,"key":"SkillPotion"},{"floor":13,"key":"champ:CounterPotion"},{"floor":16,"key":"Languid Potion"},{"floor":18,"key":"Ancient Potion"},{"floor":22,"key":"Adrenaline Potion"}],"is_trial":false,"path_per_floor":["M","M","?","M","$","R","M","R","T","M","?","M","M","M","R","B",null,"M","M","?","$","M","R","?","E","T","$","M","M","T","M"],"character_chosen":"IRONCLAD","items_purchased":["Spot Weakness","Metallicize","expansioncontent:CaCaw","ReplayTheSpireMod:CursedCoin","Metallicize","Mayhem"],"campfire_rested":0,"item_purchase_floors":[5,5,21,27,27,27],"current_hp_per_floor":[80,80,80,80,80,80,80,80,80,77,77,73,45,50,50,26,80,80,66,66,66,57,57,57,24,24,24,26,12,12,0,0],"gold":101,"neow_bonus":"ONE_RANDOM_RARE_CARD","is_daily":false,"chose_seed":false,"campfire_upgraded":4,"win_rate":0.0,"timestamp":1609547825,"path_taken":["M","M","?","?","$","R","M","R","T","M","?","M","M","M","R","BOSS","M","M","?","$","M","R","?","E","T","$","M","M","?","M"],"items_purchased_type":["Card","Card","Card","Relic","Card","Card"],"build_version":"2020-12-22","purchased_purges":1,"victory":false,"max_hp_per_floor":[80,80,80,80,80,80,80,80,80,80,80,80,80,80,80,80,80,80,80,80,80,80,80,80,80,80,80,80,80,80,80,80],"card_choices":[{"not_picked":["Searing Blow","Clash"],"picked":"Twin Strike","floor":1},{"not_picked":["ReplayTheSpireMod:Corrosion Curse","Abandon"],"picked":"Headbutt","floor":2},{"not_picked":["Hemokinesis","Uppercut"],"picked":"Heavy Blade","floor":4},{"not_picked":["Entrench","Run Through"],"picked":"ReplayTheSpireMod:Muscle Training","floor":7},{"not_picked":["Replay:Undeath\u0027s Touch","Second Wind"],"picked":"Flex","floor":10},{"not_picked":["Clash","Barricade"],"picked":"Sword Boomerang","floor":12},{"not_picked":["Power Through","Body Slam"],"picked":"Anger","floor":13},{"not_picked":["Second Wind","Iron Wave"],"picked":"Anger","floor":14},{"not_picked":["Hemogenesis","Demonic Infusion"],"picked":"Double Tap","floor":16},{"not_picked":["ReplayTheSpireMod:Strike From Hell","Dropkick"],"picked":"Clothesline","floor":18},{"not_picked":["Uppercut","Clash+1"],"picked":"Anger","floor":19},{"not_picked":["Shrug It Off","Pommel Strike"],"picked":"Anger+1","floor":22},{"not_picked":["Brutality","Massacre+1"],"picked":"Clothesline+1","floor":25},{"not_picked":["ReplayTheSpireMod:Strike From Hell+1","Second Wind"],"picked":"Clothesline+1","floor":28},{"not_picked":["True Grit","Anger+1"],"picked":"Pummel+1","floor":29}],"player_experience":3292,"relics_obtained":[{"floor":9,"key":"Golden Egg"},{"floor":25,"key":"Molten Egg 2"},{"floor":26,"key":"Replay:Rubber Ducky"},{"floor":30,"key":"Replay:Wax Seal"}],"event_choices":[{"cards_removed":["Bash"],"damage_healed":0,"gold_gain":0,"player_choice":"Offered Basic","damage_taken":0,"max_hp_gain":0,"max_hp_loss":0,"event_name":"Bonfire Elementals","floor":3,"gold_loss":0},{"damage_healed":0,"gold_gain":71,"player_choice":"Gained Gold","damage_taken":0,"max_hp_gain":0,"max_hp_loss":0,"event_name":"Golden Wing","floor":11,"gold_loss":0},{"damage_healed":0,"gold_gain":0,"player_choice":"Obtained Relic","damage_taken":0,"relics_obtained":["Ornamental Fan"],"max_hp_gain":0,"max_hp_loss":0,"event_name":"Addict","floor":20,"gold_loss":85},{"damage_healed":0,"gold_gain":0,"player_choice":"Simplicity","damage_taken":0,"max_hp_gain":0,"max_hp_loss":0,"event_name":"Back to Basics","floor":24,"gold_loss":0,"cards_upgraded":["Strike_R","Strike_R","Strike_R","Strike_R","Strike_R","Defend_R","Defend_R","Defend_R","Defend_R"]}],"is_beta":false,"boss_relics":[{"not_picked":["Coffee Dripper","Snecko Eye"],"picked":"SacredBark"}],"items_purged_floors":[27],"is_endless":false,"potions_floor_spawned":[4,10,12,13,16,18,22],"killed_by":"3 Cultists","ascension_level":0}}