{"host":"3vgzk5mhz751jdrj","time":1609550593,"event":{"mods":["2.2 Compatiblity","AchievementEnabler","Act Like it!","Aspiration","BaseMod","Better Match","Better Note","Better Sensory Stone","Better Skull","Better Third Choice","Block Reminder","Colored Map","Conspire","Displayed Cursed Tome","Downfall","Downfall-Rebalance","Friendly Minions","GifTheSpireLib","Halation","Hubris","Marked Mod","Mimic Mod","Minty Spire (QoL Compilation)","Quick Restart","Rare Cards Sparkle","Replay The Spire","Reworked Bosses","Shop Mod","Spicy Shops","Spikes Relics","StSLib","Stuff the Spire","The Marked","Trackpad","vexMod"],"gold_per_floor":[115,115,127,127,144,171,191,240,240,26,26,59,75,90,90,188,188,200,200,211,222,72,72,89,100,100,10,42,42,42,61,61,159,159,176,186,197,197,216,216,63,63,94,113,12,12,12,45,45,45,45],"floor_reached":50,"playtime":2789,"items_purged":["ReplayTheSpireMod:Splinters","theMarked:Defend","theMarked:Strike"],"score":579,"play_id":"b6a602ea-58cc-4996-9c86-68d319fc5cfe","local_time":"20210101202313","is_ascension_mode":false,"campfire_choices":[{"floor":11,"key":"REST"},{"data":"theMarked:ParalyzingBlade","floor":15,"key":"SMITH"},{"data":"theMarked:MuscleMemory","floor":23,"key":"SMITH"},{"floor":30,"key":"RECALL"},{"data":"theMarked:Aftermath","floor":32,"key":"SMITH"},{"data":"theMarked:Levitate","floor":40,"key":"SMITH"},{"data":"theMarked:ComboAttacks","floor":42,"key":"SMITH"},{"data":"theMarked:Opportunist","floor":47,"key":"SMITH"},{"data":"theMarked:Aftermath","floor":49,"key":"SMITH"}],"circlet_count":0,"master_deck":["theMarked:Strike","theMarked:Strike","theMarked:Strike","theMarked:Strike","theMarked:Defend","theMarked:Defend","theMarked:Defend","theMarked:SoldierOfQuellstein+1","theMarked:ParalyzingBlade+1","theMarked:ShockingTouch+1","theMarked:Opportunist+1","theMarked:SwordAndMagic","theMarked:RepellingDischarge","theMarked:MuscleMemory+1","theMarked:EmpowerWeapon+1","Sadistic Nature+1","theMarked:Aftermath+1","theMarked:SoldierForm+1","theMarked:Levitate+1","theMarked:ComboAttacks+1","theMarked:Aftermath+1"],"relics":["theMarked:ArtifactOfAir","hubris:Towel","Replay:Ringing Soul","trackpad:CultistFigurine","Membership Card","StuffTheSpire:Experiment12","Replay:Bronze Core","Anchor","CaptainsWheel","Bronze Scales","hubris:ScarierMask","MerchantsRug","hubris:Zylophone","CrustySpines","Replay:Wax Seal","Guide Book","StuffTheSpire:NeowsTribute"],"acts_visited":["Exordium","TheCity","TheBeyond"],"potions_floor_usage":[5,12,13,14,18,21,24,25,28,37,39,48],"damage_taken":[{"damage":1,"enemies":"2 Louse","floor":1,"turns":3},{"damage":5,"enemies":"Small Slimes","floor":3,"turns":4},{"damage":3,"enemies":"Jaw Worm","floor":5,"turns":3},{"damage":12,"enemies":"Gremlin Nob","floor":6,"turns":3},{"damage":12,"enemies":"Gremlin Gang","floor":7,"turns":5},{"damage":0,"enemies":"3 Sentries","floor":12,"turns":6},{"damage":0,"enemies":"Large Slime","floor":13,"turns":3},{"damage":7,"enemies":"Red Slaver","floor":14,"turns":2},{"damage":26,"enemies":"The Guardian","floor":16,"turns":8},{"damage":0,"enemies":"Spheric Guardian","floor":18,"turns":2},{"damage":3,"enemies":"2 Thieves","floor":20,"turns":4},{"damage":0,"enemies":"Shelled Parasite and Fungi","floor":21,"turns":1},{"damage":6,"enemies":"Chosen and Byrds","floor":24,"turns":3},{"damage":0,"enemies":"Snake Plant","floor":25,"turns":3},{"damage":25,"enemies":"Slavers","floor":28,"turns":3},{"damage":0,"enemies":"Centurion and Healer","floor":31,"turns":4},{"damage":42,"enemies":"Automaton","floor":33,"turns":7},{"damage":4,"enemies":"3 Darklings","floor":35,"turns":3},{"damage":0,"enemies":"Orb Walker","floor":36,"turns":3},{"damage":0,"enemies":"Jaw Worm Horde","floor":37,"turns":3},{"damage":0,"enemies":"Transient","floor":39,"turns":5},{"damage":0,"enemies":"Spire Growth","floor":43,"turns":5},{"damage":0,"enemies":"Spire Growth","floor":44,"turns":4},{"damage":24,"enemies":"Nemesis","floor":48,"turns":5},{"damage":107,"enemies":"bossMod:newShapes","floor":50,"turns":6}],"seed_played":"-3809185943555306705","potions_obtained":[{"floor":3,"key":"Swift Potion"},{"floor":7,"key":"EssenceOfSteel"},{"floor":8,"key":"SmokeBomb"},{"floor":12,"key":"SkillPotion"},{"floor":13,"key":"DuplicationPotion"},{"floor":16,"key":"SkillPotion"},{"floor":21,"key":"Adrenaline Potion"},{"floor":24,"key":"Block Potion"},{"floor":25,"key":"champ:CounterPotion"},{"floor":33,"key":"Swift Potion"},{"floor":35,"key":"hexamod:EctoCoolerPotion"},{"floor":44,"key":"Dexterity Potion"}],"is_trial":false,"path_per_floor":["M","?","M","?","M","E","M","?","T","$","R","E","M","M","R","B",null,"M","?","M","M","$","R","M","M","T","$","E","?","R","M","R","B",null,"M","M","M","?","M","R","$","R","MIM","M","$","?","R","E","R","B"],"character_chosen":"THE_DEFAULT","items_purchased":["Membership Card","theMarked:RepellingDischarge","Anchor","Sadistic Nature","theMarked:ComboAttacks","halation:BottledHappiness","MerchantsRug","theMarked:Aftermath","Replay:Wax Seal","Guide Book"],"campfire_rested":1,"item_purchase_floors":[10,10,22,27,41,41,41,41,45,45],"current_hp_per_floor":[69,69,64,64,61,52,43,46,46,49,73,73,73,66,66,43,85,88,88,85,85,85,85,79,79,79,82,57,57,57,60,60,21,97,93,93,93,93,96,96,99,99,99,99,99,99,99,75,75,0,0],"gold":45,"neow_bonus":"UPGRADE_CARD","is_daily":false,"chose_seed":false,"campfire_upgraded":7,"win_rate":0.0,"timestamp":1609550593,"path_taken":["M","?","M","?","M","E","M","?","T","$","R","E","?","M","R","BOSS","M","?","M","M","?","R","M","M","T","$","E","?","R","M","R","BOSS","M","M","M","?","M","R","$","R","MIM","M","$","?","R","E","R","BOSS"],"items_purchased_type":["Relic","Card","Relic","Card","Card","Relic","Relic","Card","Relic","Relic"],"build_version":"2020-12-22","purchased_purges":3,"victory":false,"max_hp_per_floor":[70,70,70,70,70,73,76,79,79,82,82,82,82,82,82,85,85,88,88,88,88,88,88,88,88,88,91,91,91,91,94,94,97,97,97,97,97,97,100,100,103,103,103,103,103,103,103,103,103,103,103],"card_choices":[{"not_picked":["theMarked:EmpowerWeapon","theMarked:Panic"],"picked":"theMarked:ParalyzingBlade","floor":1},{"not_picked":["theMarked:ChainLightning","theMarked:Overthink"],"picked":"theMarked:ShockingTouch","floor":3},{"not_picked":["theMarked:DeterminationOfTheMarked","theMarked:Frustration","theMarked:BanishingStrike"],"picked":"SKIP","floor":5},{"not_picked":["theMarked:KeepCalmAndFightOn","theMarked:TunnelVision"],"picked":"theMarked:Opportunist","floor":6},{"not_picked":["theMarked:Improvise","theMarked:Electrocute"],"picked":"theMarked:SwordAndMagic","floor":7},{"not_picked":["theMarked:ResourceFulStrike","theMarked:BanishingStrike","theMarked:Frustration"],"picked":"SKIP","floor":12},{"not_picked":["theMarked:BanishingStrike","theMarked:Electrocute","theMarked:Parry"],"picked":"SKIP","floor":13},{"not_picked":["theMarked:HeightenedSenses","theMarked:Generate","theMarked:Frustration"],"picked":"SKIP","floor":14},{"not_picked":["theMarked:Snap","theMarked:BindingBlade"],"picked":"theMarked:MuscleMemory","floor":16},{"not_picked":["theMarked:Reabsorb","theMarked:GodGivenPower"],"picked":"theMarked:EmpowerWeapon+1","floor":18},{"not_picked":["theMarked:Convert","theMarked:ElementalBlade","theMarked:KeepCalmAndFightOn"],"picked":"SKIP","floor":20},{"not_picked":["theMarked:HeightenedSenses+1","theMarked:Improvise","theMarked:WastefulAttack+1"],"picked":"SKIP","floor":21},{"not_picked":["theMarked:WastefulDefense","theMarked:ContemptForTheProud","theMarked:EnhanceMovement"],"picked":"SKIP","floor":24},{"not_picked":["theMarked:TakeCover","theMarked:EmpowerWeapon+1","theMarked:HeightenedSenses+1"],"picked":"SKIP","floor":25},{"not_picked":["theMarked:Convert","theMarked:SwordAndMagic+1","theMarked:Static"],"picked":"SKIP","floor":28},{"not_picked":["theMarked:TunnelVision","theMarked:GodGivenPower"],"picked":"theMarked:Aftermath","floor":31},{"not_picked":["theMarked:TakeOffHeels","theMarked:ChannelForce"],"picked":"theMarked:SoldierForm","floor":33},{"not_picked":["theMarked:ResourceFulStrike+1","theMarked:ParalyzingBlade","theMarked:Static+1"],"picked":"SKIP","floor":35},{"not_picked":["theMarked:ResourceFulStrike+1","theMarked:BanishingStrike+1","theMarked:Standoff"],"picked":"SKIP","floor":36},{"not_picked":["theMarked:GodGivenPower+1","theMarked:BanishingStrike+1","theMarked:DeterminationOfTheMarked"],"picked":"SKIP","floor":37},{"not_picked":["theMarked:ReduceFriction+1","theMarked:RepellingDischarge+1"],"picked":"theMarked:Levitate","floor":39},{"not_picked":["theMarked:ShockingTouch","theMarked:Frustration","theMarked:Improvise"],"picked":"SKIP","floor":44},{"not_picked":["theMarked:ShockingTouch","theMarked:Frustration","theMarked:Improvise"],"picked":"SKIP","floor":44},{"not_picked":["theMarked:BanishingStrike","theMarked:EmpowerWeapon+1","theMarked:ElectricStrings"],"picked":"SKIP","floor":48}],"player_experience":416049,"relics_obtained":[{"floor":6,"key":"Replay:Ringing Soul"},{"floor":8,"key":"trackpad:CultistFigurine"},{"floor":12,"key":"StuffTheSpire:Experiment12"},{"floor":26,"key":"CaptainsWheel"},{"floor":28,"key":"Bronze Scales"},{"floor":43,"key":"hubris:Zylophone"},{"floor":43,"key":"CrustySpines"},{"floor":48,"key":"StuffTheSpire:NeowsTribute"}],"event_choices":[{"damage_healed":0,"gold_gain":0,"player_choice":"Ignored","damage_taken":0,"max_hp_gain":0,"max_hp_loss":0,"event_name":"betterNote:BetterNote","floor":19,"gold_loss":0,"cards_obtained":["theMarked:BindingBlade"]}],"is_beta":false,"boss_relics":[{"not_picked":["hubris:TerracottaHorce","conspire:RunicOctahedron"],"picked":"Replay:Bronze Core"},{"not_picked":["vexMod:CursedCompass","conspire:SlowCooker"],"picked":"hubris:ScarierMask"}],"items_purged_floors":[10,22,22],"is_endless":false,"potions_floor_spawned":[3,7,12,13,16,21,24,25,33,35,44],"killed_by":"bossMod:newShapes","ascension_level":0}}