{"host":"h4lp0eeso8a0ssq0","time":1609553255,"event":{"mods":["2.2 Compatiblity","AchievementEnabler","BaseMod","CapriCore","Colored Map","Lobotomy","Minty Spire (QoL Compilation)","StSLib","SuperFastMode"],"gold_per_floor":[110,35,49,68,82,62,75,75,123,123,123,136,136,152,152,252,252,265,365,383,399,399,399],"floor_reached":22,"playtime":482,"items_purged":["Strike_P"],"score":180,"play_id":"b3c3cfcd-cb0a-43d6-ac11-c4f0ef6d2890","local_time":"20210102110735","is_ascension_mode":false,"campfire_choices":[{"data":"Eruption","floor":8,"key":"SMITH"},{"floor":13,"key":"REST"},{"data":"Adaptation","floor":15,"key":"SMITH"}],"circlet_count":0,"master_deck":["Strike_P","Strike_P","Strike_P","Defend_P","Defend_P","Defend_P","Eruption+1","Vigilance","Tantrum","Adaptation+1","InnerPeace"],"relics":["Philosopher\u0027s Stone"],"acts_visited":["Exordium","TheCity"],"potions_floor_usage":[16,20,21],"damage_taken":[{"damage":0,"enemies":"2 Louse","floor":1,"turns":2},{"damage":0,"enemies":"Cultist","floor":3,"turns":3},{"damage":0,"enemies":"Jaw Worm","floor":4,"turns":2},{"damage":20,"enemies":"Lots of Slimes","floor":5,"turns":3},{"damage":0,"enemies":"Looter","floor":7,"turns":2},{"damage":10,"enemies":"Exordium Wildlife","floor":12,"turns":2},{"damage":0,"enemies":"Blue Slaver","floor":14,"turns":2},{"damage":37,"enemies":"The Guardian","floor":16,"turns":11},{"damage":16,"enemies":"Shell Parasite","floor":18,"turns":4},{"damage":15,"enemies":"2 Thieves","floor":20,"turns":3},{"damage":33,"enemies":"Snake Plant","floor":21,"turns":4},{"damage":0,"enemies":"Masked Bandits","floor":22,"turns":1}],"seed_played":"8446593067804605466","potions_obtained":[{"floor":1,"key":"LiquidMemories"},{"floor":6,"key":"Ambrosia"},{"floor":7,"key":"ColorlessPotion"},{"floor":16,"key":"LiquidMemories"},{"floor":20,"key":"DistilledChaos"}],"is_trial":false,"path_per_floor":["M","$","M","M","M","?","M","R","T","?","?","M","R","M","R","B",null,"M","?","M","M","?"],"character_chosen":"WATCHER","items_purchased":[],"campfire_rested":1,"item_purchase_floors":[],"current_hp_per_floor":[72,72,72,72,52,52,52,52,52,52,45,35,56,56,56,19,72,56,56,41,8,8,8],"gold":399,"neow_bonus":"BOSS_RELIC","is_daily":false,"chose_seed":false,"campfire_upgraded":2,"win_rate":0.0,"timestamp":1609553255,"path_taken":["M","$","M","M","M","?","?","R","T","?","?","M","R","M","R","BOSS","M","?","?","M","?"],"items_purchased_type":[],"build_version":"2020-12-22","purchased_purges":1,"victory":false,"max_hp_per_floor":[72,72,72,72,72,72,72,72,72,72,72,72,72,72,72,72,72,72,72,72,72,72,72],"card_choices":[{"not_picked":["Collect","SashWhip"],"picked":"Tantrum","floor":1},{"not_picked":["Halt","Crescendo","EmptyFist"],"picked":"SKIP","floor":3},{"not_picked":["MentalFortress","CrushJoints"],"picked":"Adaptation","floor":4},{"not_picked":["CrushJoints","Evaluate","FollowUp"],"picked":"SKIP","floor":5},{"not_picked":["Halt","Perseverance"],"picked":"InnerPeace","floor":7},{"not_picked":["ForeignInfluence","FlurryOfBlows","Worship"],"picked":"SKIP","floor":12},{"not_picked":["CarveReality","PathToVictory","DeusExMachina"],"picked":"SKIP","floor":14},{"not_picked":["WindmillStrike","CrushJoints+1","Protect"],"picked":"SKIP","floor":18},{"not_picked":["BowlingBash+1","EmptyMind","TalkToTheHand"],"picked":"SKIP","floor":20},{"not_picked":["SashWhip","Perseverance","BowlingBash"],"picked":"SKIP","floor":21}],"player_experience":22336,"relics_obtained":[],"event_choices":[{"damage_healed":0,"gold_gain":0,"player_choice":"Bought 1 Potion","damage_taken":0,"max_hp_gain":0,"max_hp_loss":0,"event_name":"The Woman in Blue","floor":6,"gold_loss":0},{"damage_healed":0,"gold_gain":0,"player_choice":"Ignored","damage_taken":0,"max_hp_gain":0,"max_hp_loss":0,"event_name":"Golden Idol","floor":10,"gold_loss":0},{"cards_removed":["Defend_P"],"damage_healed":0,"gold_gain":0,"player_choice":"Card Removal","damage_taken":7,"max_hp_gain":0,"max_hp_loss":0,"event_name":"Golden Wing","floor":11,"gold_loss":0},{"damage_healed":0,"gold_gain":100,"player_choice":"Pray","damage_taken":0,"max_hp_gain":0,"max_hp_loss":0,"event_name":"Golden Shrine","floor":19,"gold_loss":0},{"damage_healed":0,"gold_gain":0,"player_choice":"Fought Bandits","damage_taken":0,"max_hp_gain":0,"max_hp_loss":0,"event_name":"Masked Bandits","floor":22,"gold_loss":0}],"is_beta":false,"boss_relics":[{"not_picked":["Philosopher\u0027s Stone","Velvet Choker","Astrolabe"]}],"items_purged_floors":[2],"is_endless":false,"potions_floor_spawned":[1,7,12,16,20],"killed_by":"Masked Bandits","ascension_level":0}}