{"host":"yecadp3kwkksam5a","time":1609585084,"event":{"mods":["Arknights The Spire","BaseMod","Minty Spire (QoL Compilation)","StSLib","The Hierophant"],"gold_per_floor":[115,133,150,166,184,209,209,239,262,296,371,371,385,396,396,493,493,511,529,548,560,101,141,141,240,291,326,43,64,87,114,114,229,229,229],"floor_reached":34,"playtime":2080,"items_purged":["hierophant:Strike_Hierophant","hierophant:Strike_Hierophant"],"score":439,"play_id":"47963af9-10b2-420e-8368-3d8d6948bd40","local_time":"20210102195804","is_ascension_mode":true,"campfire_choices":[{"data":"hierophant:PassingBell","floor":7.0,"key":"SMITH"},{"data":"hierophant:ChurchCoffers","floor":12.0,"key":"SMITH"},{"data":"hierophant:Punish","floor":15.0,"key":"SMITH"},{"data":"hierophant:Community","floor":24.0,"key":"SMITH"},{"data":"hierophant:Flagellation","floor":32.0,"key":"SMITH"}],"circlet_count":0,"master_deck":["hierophant:Strike_Hierophant","hierophant:Strike_Hierophant","hierophant:Punish+1","hierophant:Defend_Hierophant","hierophant:Defend_Hierophant","hierophant:Defend_Hierophant","hierophant:Defend_Hierophant","hierophant:ChurchCoffers+1","hierophant:Shelter","hierophant:Smite","hierophant:Blessing","hierophant:PassingBell+1","hierophant:Shelter","hierophant:Smite","hierophant:FaithHealing+1","hierophant:Determination","hierophant:SealAway+1","hierophant:Flagellation+1","hierophant:HolyVerse","hierophant:Community+1","Purity","hierophant:CoinFling","hierophant:Doubloon+1","hierophant:Shelter","hierophant:PassingBell","hierophant:Encroach","Finesse","hierophant:Smite+1","hierophant:Doubloon","hierophant:Refuge+1"],"relics":["Runic Dome","ats:Originium","Anchor","ats:Originium","Tiny Chest","Bag of Preparation","ats:Originium","Happy Flower","Runic Pyramid","TheAbacus","ats:Originium","War Paint","Oddly Smooth Stone","Strawberry"],"acts_visited":["Exordium","TheCity"],"potions_floor_usage":[],"damage_taken":[{"damage":1.0,"enemies":"Cultist","floor":1.0,"turns":3.0},{"damage":0.0,"enemies":"Small Slimes","floor":2.0,"turns":2.0},{"damage":0.0,"enemies":"2 Louse","floor":3.0,"turns":2.0},{"damage":0.0,"enemies":"2 Fungi Beasts","floor":4.0,"turns":2.0},{"damage":0.0,"enemies":"3 Louse","floor":5.0,"turns":2.0},{"damage":30.0,"enemies":"Gremlin Nob","floor":6.0,"turns":5.0},{"damage":22.0,"enemies":"Lagavulin","floor":8.0,"turns":7.0},{"damage":4.0,"enemies":"3 Sentries","floor":10.0,"turns":5.0},{"damage":10.0,"enemies":"Exordium Thugs","floor":13.0,"turns":3.0},{"damage":0.0,"enemies":"Lots of Slimes","floor":14.0,"turns":1.0},{"damage":28.0,"enemies":"Hexaghost","floor":16.0,"turns":10.0},{"damage":2.0,"enemies":"Shell Parasite","floor":18.0,"turns":4.0},{"damage":0.0,"enemies":"Chosen","floor":19.0,"turns":2.0},{"damage":1.0,"enemies":"Snake Plant","floor":20.0,"turns":2.0},{"damage":11.0,"enemies":"Centurion and Healer","floor":21.0,"turns":5.0},{"damage":2.0,"enemies":"Book of Stabbing","floor":23.0,"turns":5.0},{"damage":38.0,"enemies":"Slavers","floor":27.0,"turns":5.0},{"damage":0.0,"enemies":"Snecko","floor":29.0,"turns":3.0},{"damage":0.0,"enemies":"3 Cultists","floor":30.0,"turns":3.0},{"damage":0.0,"enemies":"Centurion and Healer","floor":31.0,"turns":3.0},{"damage":3.0,"enemies":"Automaton","floor":33.0,"turns":8.0}],"seed_played":"7430127796663006152","potions_obtained":[{"floor":1.0,"key":"SpeedPotion"},{"floor":4.0,"key":"Weak Potion"},{"floor":8.0,"key":"PowerPotion"}],"is_trial":false,"path_per_floor":["M","M","M","M","M","E","R","E","T","E","?","R","M","M","R","B",null,"M","M","M","M","$","E","R","?","T","E","$","M","M","M","R","B",null],"character_chosen":"HIEROPHANT","items_purchased":["hierophant:Community","Purity","hierophant:CoinFling","TheAbacus","hierophant:PassingBell","hierophant:Encroach","Finesse"],"campfire_rested":0,"item_purchase_floors":[22,22,22,22,28,28,28],"current_hp_per_floor":[74,74,74,74,74,44,44,29,29,32,25,25,22,29,29,8,75,75,75,74,71,71,75,75,75,75,69,69,69,82,82,82,82,82,82],"gold":229,"neow_bonus":"BOSS_RELIC","is_daily":false,"chose_seed":false,"campfire_upgraded":5,"win_rate":0.0,"timestamp":1609585084,"path_taken":["M","?","M","M","M","E","R","E","T","E","?","R","?","M","R","BOSS","M","M","M","M","$","E","R","?","T","E","$","M","M","M","R","BOSS"],"items_purchased_type":["Card","Card","Card","Relic","Card","Card","Card"],"build_version":"2020-12-22","purchased_purges":2,"victory":false,"max_hp_per_floor":[75,75,75,75,75,75,75,75,75,75,75,75,75,75,75,75,75,75,75,75,75,75,75,75,75,75,82,82,82,82,82,82,82,82,82],"card_choices":[{"not_picked":["hierophant:Empathy","hierophant:Martyrdom"],"picked":"hierophant:Shelter","floor":1.0},{"not_picked":["hierophant:ConvertCurrency","hierophant:Encroach"],"picked":"hierophant:Smite","floor":2.0},{"not_picked":["hierophant:Purify","hierophant:FlamingChariot","hierophant:SealAway"],"picked":"SKIP","floor":3.0},{"not_picked":["hierophant:DeathKnell","hierophant:TollTheBells"],"picked":"hierophant:Blessing","floor":4.0},{"not_picked":["hierophant:CursedGold","hierophant:DisplayOfPower"],"picked":"hierophant:PassingBell","floor":5.0},{"not_picked":["hierophant:FieryStrike","hierophant:Exaltation"],"picked":"hierophant:Shelter","floor":6.0},{"not_picked":["hierophant:FaithHealing","hierophant:Alms"],"picked":"hierophant:Smite","floor":8.0},{"not_picked":["hierophant:SecretStash","hierophant:DivineIntervention","hierophant:Purify"],"picked":"SKIP","floor":10.0},{"not_picked":["hierophant:FieryStrike","hierophant:SolarFlare","hierophant:Empathy"],"picked":"SKIP","floor":13.0},{"not_picked":["hierophant:SealAway","hierophant:Encroach"],"picked":"hierophant:FaithHealing","floor":14.0},{"not_picked":["hierophant:WrathOfGod","hierophant:Batter"],"picked":"hierophant:Determination","floor":16.0},{"not_picked":["hierophant:Shelter","hierophant:Purify+1"],"picked":"hierophant:SealAway+1","floor":18.0},{"not_picked":["hierophant:DisplayOfPower","hierophant:Prophecy+1","hierophant:Sermon"],"picked":"SKIP","floor":19.0},{"not_picked":["hierophant:Embezzle","hierophant:Charity"],"picked":"hierophant:Flagellation","floor":20.0},{"not_picked":["hierophant:DivineIntervention","hierophant:Shelter+1"],"picked":"hierophant:HolyVerse","floor":21.0},{"not_picked":["hierophant:Batter","hierophant:Mercenaries+1"],"picked":"hierophant:Shelter","floor":23.0},{"not_picked":["hierophant:RepressedViolence","hierophant:Purify+1","hierophant:SolarFlare"],"picked":"SKIP","floor":27.0},{"not_picked":["hierophant:Endure","hierophant:Embezzle"],"picked":"hierophant:Smite+1","floor":29.0},{"not_picked":["hierophant:FlamingChariot","hierophant:Doomsaying"],"picked":"hierophant:Refuge+1","floor":30.0},{"not_picked":["hierophant:Doomsaying","hierophant:Chorus","hierophant:MorningPrayer"],"picked":"SKIP","floor":31.0}],"player_experience":317860,"relics_obtained":[{"floor":6.0,"key":"ats:Originium"},{"floor":6.0,"key":"Anchor"},{"floor":8.0,"key":"ats:Originium"},{"floor":8.0,"key":"Tiny Chest"},{"floor":9.0,"key":"Bag of Preparation"},{"floor":10.0,"key":"ats:Originium"},{"floor":10.0,"key":"Happy Flower"},{"floor":23.0,"key":"ats:Originium"},{"floor":23.0,"key":"War Paint"},{"floor":26.0,"key":"Oddly Smooth Stone"},{"floor":27.0,"key":"Strawberry"}],"event_choices":[{"damage_healed":0.0,"max_hp_gain":0.0,"max_hp_loss":0.0,"gold_gain":75.0,"event_name":"FaceTrader","player_choice":"Touch","floor":11.0,"gold_loss":0.0,"damage_taken":7.0},{"damage_healed":0.0,"max_hp_gain":0.0,"max_hp_loss":0.0,"gold_gain":99.0,"event_name":"Nest","player_choice":"Stole From Cult","floor":25.0,"gold_loss":0.0,"damage_taken":0.0}],"is_beta":false,"boss_relics":[{"not_picked":["Empty Cage","SacredBark"],"picked":"Runic Pyramid"}],"items_purged_floors":[22,28],"is_endless":false,"potions_floor_spawned":[1,4,8,10,13,20,21,31,33],"ascension_level":1}}