{"host":"t4bl6qmmsws2mq4o","time":1609572857,"event":{"mods":["AchievementEnabler","BaseMod","Better Note","Downfall","GifTheSpireLib","Hermit","Minty Spire (QoL Compilation)","Replay The Spire","StSLib","The Alterego","The Jungle","The Marked"],"gold_per_floor":[111,125,200,218,218,250,260,271,352,362,362,387,141,141,141,244,244,263,263,263,275,375,375,21,21,96,113,132,132,165,178,178,279,279,299,312,366,80,94,123,123,123,147,147,147,147,176,193,193,193],"floor_reached":51,"playtime":2397,"items_purged":[],"score":660,"play_id":"73a3984d-438c-49b2-b23e-277e65cfd844","local_time":"20210101233417","is_ascension_mode":false,"campfire_choices":[{"floor":11.0,"key":"REST"},{"data":"Replay:Bag of Tricks","floor":15.0,"key":"SMITH"},{"data":"Bullet Time","floor":23.0,"key":"SMITH"},{"floor":25.0,"key":"REST"},{"data":"ReplayTheSpireMod:Necrosis","floor":29.0,"key":"SMITH"},{"data":"Neutralize","floor":32.0,"key":"SMITH"},{"data":"Adrenaline","floor":44,"key":"SMITH"},{"data":"After Image","floor":49,"key":"SMITH"}],"circlet_count":0,"master_deck":["Strike_G","Strike_G","Strike_G","Strike_G","Defend_G","Defend_G","Defend_G","Defend_G","Neutralize+1","Bouncing Flask","Flying Knee","Flying Knee","Bullet Time+1","ReplayTheSpireMod:Necrosis+1","Hidden Blade","Dagger Throw","Slice","Replay:Bag of Tricks+1","m_Survivalism","Poison Darts","All Out Attack","Replay:Bag of Tricks+1","Footwork+1","Poisoned Stab","Deflect","Bane","Deflect","Escape Plan+1","Adrenaline+1","Dash+1","Toxin Wave+1","Slice+1","After Image+1"],"relics":["Ring of the Snake","Sundial","Snack Pack","Counterbalance","Ornamental Fan","SacredBark","Snake Skull","Medical Kit","Shuriken","Potion Belt","SlaversCollar","Unceasing Top","CaptainsWheel","Chameleon Ring","ReplayTheSpireMod:Ring of Addiction","White Beast Statue","Toy Ornithopter","Replay:Mystery Machine","Pen Nib"],"acts_visited":["Exordium","TheCity","TheBeyond"],"potions_floor_usage":[47,50,50,50,50],"damage_taken":[{"damage":0.0,"enemies":"Jaw Worm","floor":1.0,"turns":4.0},{"damage":0.0,"enemies":"Cultist","floor":2.0,"turns":3.0},{"damage":7.0,"enemies":"2 Louse","floor":4.0,"turns":3.0},{"damage":23.0,"enemies":"Gremlin Nob","floor":6.0,"turns":4.0},{"damage":12.0,"enemies":"Gremlin Gang","floor":7.0,"turns":5.0},{"damage":0.0,"enemies":"Exordium Thugs","floor":8.0,"turns":3.0},{"damage":0.0,"enemies":"Exordium Wildlife","floor":10.0,"turns":2.0},{"damage":15.0,"enemies":"Lagavulin","floor":12.0,"turns":5.0},{"damage":45.0,"enemies":"Slime Boss","floor":16.0,"turns":13.0},{"damage":6.0,"enemies":"Shell Parasite","floor":18.0,"turns":5.0},{"damage":14.0,"enemies":"2 Thieves","floor":21.0,"turns":5.0},{"damage":0.0,"enemies":"Snecko","floor":27.0,"turns":3.0},{"damage":8.0,"enemies":"3 Cultists","floor":28.0,"turns":5.0},{"damage":5.0,"enemies":"Gremlin Leader","floor":30.0,"turns":4.0},{"damage":9.0,"enemies":"Snake Plant","floor":31.0,"turns":4.0},{"damage":43.0,"enemies":"Collector","floor":33.0,"turns":3.0},{"damage":12.0,"enemies":"3 Shapes","floor":35.0,"turns":3.0},{"damage":7.0,"enemies":"3 Darklings","floor":36.0,"turns":4.0},{"damage":23.0,"enemies":"2 Orb Walkers","floor":37.0,"turns":5.0},{"damage":16.0,"enemies":"Jaw Worm Horde","floor":39.0,"turns":4.0},{"damage":3.0,"enemies":"Giant Head","floor":40.0,"turns":7.0},{"damage":0,"enemies":"Reptomancer","floor":47,"turns":5},{"damage":0,"enemies":"4 Shapes","floor":48,"turns":2},{"damage":15,"enemies":"Replay:Hell Engine","floor":50,"turns":5}],"seed_played":"1586782603642980410","potions_obtained":[{"floor":1.0,"key":"SkillPotion"},{"floor":2.0,"key":"Weak Potion"},{"floor":10.0,"key":"LiquidBronze"},{"floor":27.0,"key":"Death Potion"},{"floor":31.0,"key":"Toxic Potion"},{"floor":33.0,"key":"CunningPotion"},{"floor":35.0,"key":"CultistPotion"},{"floor":39.0,"key":"FairyPotion"},{"floor":41.0,"key":"Poison Potion"},{"floor":41.0,"key":"Reflective Coating"},{"floor":42,"key":"DuplicationPotion"},{"floor":47,"key":"SpeedPotion"},{"floor":48,"key":"Adrenaline Potion"}],"is_trial":false,"path_per_floor":["M","M","?","M","?","E","M","M","T","M","R","E","$","?","R","B",null,"M","?","?","M","?","R","$","R","T","M","M","R","E","M","R","B",null,"M","M","?","$","M","E","R","?","T","R","?","?","E","M","R","B",null],"character_chosen":"THE_SILENT","items_purchased":["Ornamental Fan","Snake Skull","Medical Kit","Poisoned Stab","CaptainsWheel"],"campfire_rested":2,"item_purchase_floors":[13,24,24,24,38],"current_hp_per_floor":[77,77,70,63,63,40,28,28,28,30,53,42,42,42,42,13,77,71,71,52,42,42,42,42,65,65,71,69,69,74,71,71,28,77,67,66,49,49,41,50,50,50,50,50,50,50,63,69,69,75],"gold":193,"neow_bonus":"TEN_PERCENT_HP_BONUS","is_daily":false,"chose_seed":false,"campfire_upgraded":6,"win_rate":0.0,"timestamp":1609572857,"path_taken":["M","M","?","?","?","E","M","M","T","?","R","E","$","?","R","BOSS","M","?","?","?","?","R","?","R","T","M","M","R","E","M","R","BOSS","M","M","?","$","M","E","R","?","T","R","?","?","E","M","R","BOSS"],"items_purchased_type":["Relic","Relic","Relic","Card","Relic"],"build_version":"2020-12-22","purchased_purges":0,"victory":true,"max_hp_per_floor":[77,77,77,77,77,77,77,77,77,77,77,77,77,77,77,77,77,77,77,77,77,77,77,77,77,77,77,77,77,77,77,77,77,77,77,77,77,77,77,77,77,77,77,77,77,75,75,75,75,75],"card_choices":[{"not_picked":["Dodge and Roll","Well Laid Plans"],"picked":"Bouncing Flask","floor":1.0},{"not_picked":["Prepared","Riddle With Holes"],"picked":"Flying Knee","floor":2.0},{"not_picked":["Prepared","Dagger Throw"],"picked":"Flying Knee","floor":4.0},{"not_picked":["Prepared","Outmaneuver"],"picked":"ReplayTheSpireMod:Necrosis","floor":6.0},{"not_picked":["Eviscerate","Catalyst"],"picked":"Hidden Blade","floor":7.0},{"not_picked":["Prepared","Acrobatics"],"picked":"Dagger Throw","floor":8.0},{"not_picked":["Sucker Punch","Outmaneuver"],"picked":"Slice","floor":10.0},{"not_picked":["Quick Slash","PiercingWail"],"picked":"Replay:Bag of Tricks","floor":12.0},{"not_picked":["Die Die Die","Burst"],"picked":"Poison Darts","floor":16.0},{"not_picked":["Crippling Poison","Quick Slash"],"picked":"All Out Attack","floor":18.0},{"not_picked":["Quick Slash","Flying Knee"],"picked":"Footwork+1","floor":21.0},{"not_picked":["ReplayTheSpireMod:Exploit Weakness","Backflip"],"picked":"Deflect","floor":27.0},{"not_picked":["Outmaneuver","Calculated Gamble"],"picked":"Bane","floor":28.0},{"not_picked":["Heel Hook+1","Unload"],"picked":"Deflect","floor":30.0},{"not_picked":["Terror","Deadly Poison"],"picked":"Escape Plan+1","floor":31.0},{"not_picked":["Poison Darts","Malaise"],"picked":"Adrenaline","floor":33.0},{"not_picked":["Backflip","Dagger Throw"],"picked":"Dash+1","floor":35.0},{"not_picked":["Flying Knee","Hidden Blade+1","Blade Dance"],"picked":"SKIP","floor":36.0},{"not_picked":["Sucker Punch+1","Slice+1"],"picked":"Toxin Wave+1","floor":39.0},{"not_picked":["PiercingWail+1","Quick Slash"],"picked":"Slice+1","floor":40.0},{"not_picked":["Dodge and Roll+1","Caltrops+1"],"picked":"After Image","floor":47},{"not_picked":["Riddle With Holes","Cloak And Dagger","Underhanded Strike+1"],"picked":"SKIP","floor":48}],"player_experience":452974,"relics_obtained":[{"floor":6.0,"key":"Sundial"},{"floor":9.0,"key":"Snack Pack"},{"floor":12.0,"key":"Counterbalance"},{"floor":26.0,"key":"Shuriken"},{"floor":30.0,"key":"Potion Belt"},{"floor":37.0,"key":"Unceasing Top"},{"floor":40.0,"key":"Chameleon Ring"},{"floor":42,"key":"ReplayTheSpireMod:Ring of Addiction"},{"floor":42,"key":"White Beast Statue"},{"floor":42,"key":"Toy Ornithopter"},{"floor":43,"key":"Replay:Mystery Machine"},{"floor":47,"key":"Pen Nib"}],"event_choices":[{"damage_healed":0.0,"max_hp_gain":0.0,"max_hp_loss":0.0,"gold_gain":75.0,"event_name":"FaceTrader","player_choice":"Touch","floor":3.0,"gold_loss":0.0,"damage_taken":7.0},{"damage_healed":0.0,"max_hp_gain":0.0,"max_hp_loss":0.0,"gold_gain":0.0,"cards_transformed":["Strike_G"],"event_name":"Transmorgrifier","player_choice":"Transformed","floor":5.0,"gold_loss":0.0,"damage_taken":0.0,"cards_obtained":["Bullet Time"]},{"damage_healed":0.0,"max_hp_gain":0.0,"max_hp_loss":0.0,"gold_gain":0.0,"event_name":"Duplicator","player_choice":"Copied","floor":19.0,"gold_loss":0.0,"damage_taken":0.0,"cards_obtained":["Replay:Bag of Tricks"]},{"damage_healed":0.0,"max_hp_gain":0.0,"max_hp_loss":0.0,"gold_gain":0.0,"event_name":"Knowing Skull","player_choice":"POTION POTION ","floor":20.0,"potions_obtained":["FearPotion","Death Potion"],"gold_loss":0.0,"damage_taken":19.0,"cards_obtained":[]},{"damage_healed":0.0,"max_hp_gain":0.0,"max_hp_loss":0.0,"gold_gain":100.0,"event_name":"Golden Shrine","player_choice":"Pray","floor":22.0,"gold_loss":0.0,"damage_taken":0.0},{"damage_healed":0.0,"max_hp_gain":0.0,"max_hp_loss":0.0,"gold_gain":0.0,"event_name":"Mysterious Sphere","player_choice":"Fight","floor":37.0,"gold_loss":0.0,"damage_taken":0.0},{"damage_healed":0,"gold_gain":0,"player_choice":"Ignored","damage_taken":0,"max_hp_gain":0,"max_hp_loss":0,"event_name":"Tomb of Lord Red Mask","floor":45,"gold_loss":0},{"cards_removed":["Defend_G"],"damage_healed":0,"gold_gain":0,"player_choice":"Removed Skill","damage_taken":0,"max_hp_gain":0,"max_hp_loss":0,"event_name":"Falling","floor":46,"gold_loss":0}],"is_beta":false,"boss_relics":[{"not_picked":["Ring of Chaos","Kintsugi"],"picked":"SacredBark"},{"not_picked":["Honey Jar","Replay:Fungal Core"],"picked":"SlaversCollar"}],"items_purged_floors":[],"is_endless":false,"potions_floor_spawned":[1,2,10,27,31,33,35,39,47,48],"ascension_level":0}}