{"host":"wy23tj84iquxuyyu","time":1609555281,"event":{"mods":["Aspiration","BaseMod","Better Note","Colored Map","Fireblade Mod","Hermit","Marked Mod","Minty Spire (QoL Compilation)","Random Character Button","Rare Cards Sparkle","Relic Stats","Replay The Spire","Retaliation","Shade Mod","Spicy Shops","StSLib","The Cursed","The Death Knight","The Necromancer","Trackpad"],"gold_per_floor":[116,139,139,59,79,79,109,109,109,141,141,141,141,216,216,313,313,328,328,4,4,15,43,43,68,93,71,87,87,105,105,105,207,207,227,239,33,47,47,47,0,15,15,28,57,57,57,57,57,57],"floor_reached":51,"playtime":1811,"items_purged":["Defend_R"],"score":842,"play_id":"043de0ed-e794-4f51-b2a4-4e3188164dab","local_time":"20210101214121","is_ascension_mode":false,"campfire_choices":[{"floor":6,"key":"REST"},{"floor":8,"key":"REST"},{"floor":15,"key":"REST"},{"floor":32,"key":"REST"},{"floor":40,"key":"REST"},{"floor":46,"key":"RECALL"},{"floor":49,"key":"REST"}],"circlet_count":0,"master_deck":["Strike_R","Strike_R","Strike_R","Strike_R","Strike_R","Defend_R","Defend_R+1","Defend_R+1","Ghostly Armor","Anger+1","DDmod:PokeAttack","Clash","Warcry+1","Pot Of Greed+1","Pot Of Greed+1","Intimidate","Offering","Replay:Undeath\u0027s Touch+1","Anger+1","Replay:Undeath\u0027s Touch","Flex","Clash+1","Flex","Replay:Undeath\u0027s Touch","Pot Of Greed+1","Clash"],"relics":["Burning Blood","Unceasing Top","trackpad:BottledShadow","Grinning Jar","Blue Doll","Replay:Grab Bag","Fusion Hammer","Philosopher\u0027s Stone","Runic Cube","aspiration:PoetsPen_weak","Snack Pack","Nunchaku","aspiration:HiddenCompartment","trackpad:WindUpAutoDealer","ReplayTheSpireMod:Lightbulb","Black Star","TheAbacus","DDmod:BarbedSlagRelic","Red Mask","Orichalcum","War Paint","MealTicket"],"acts_visited":["Exordium","TheCity","TheBeyond"],"potions_floor_usage":[7,10,23,25,35,50,50,50],"damage_taken":[{"damage":0,"enemies":"Small Slimes","floor":1,"turns":4},{"damage":0,"enemies":"2 Louse","floor":5,"turns":3},{"damage":19,"enemies":"Gremlin Nob","floor":7,"turns":5},{"damage":26,"enemies":"Lagavulin","floor":10,"turns":5},{"damage":32,"enemies":"Hexaghost","floor":16,"turns":8},{"damage":6,"enemies":"Spheric Guardian","floor":18,"turns":2},{"damage":6,"enemies":"3 Byrds","floor":22,"turns":3},{"damage":6,"enemies":"Gremlin Leader","floor":23,"turns":4},{"damage":6,"enemies":"Book of Stabbing","floor":25,"turns":3},{"damage":0,"enemies":"3 Cultists","floor":28,"turns":2},{"damage":0,"enemies":"Sentry and Sphere","floor":30,"turns":2},{"damage":7,"enemies":"Pondfish","floor":33,"turns":3},{"damage":16,"enemies":"3 Shapes","floor":35,"turns":2},{"damage":0,"enemies":"3 Darklings","floor":36,"turns":2},{"damage":16,"enemies":"4 Shapes","floor":38,"turns":2},{"damage":14,"enemies":"Writhing Mass","floor":42,"turns":2},{"damage":6,"enemies":"Spire Growth","floor":44,"turns":2},{"damage":6,"enemies":"Reptomancer","floor":45,"turns":2},{"damage":55,"enemies":"Time Eater","floor":50,"turns":5}],"seed_played":"-5598244163876255178","potions_obtained":[{"floor":1,"key":"Adrenaline Potion"},{"floor":5,"key":"Block Potion"},{"floor":19,"key":"LifebloodPotion"},{"floor":19,"key":"LifebloodPotion"},{"floor":19,"key":"AttackPotion"},{"floor":25,"key":"AttackPotion"},{"floor":42,"key":"Strength Potion"},{"floor":44,"key":"BloodPotion"}],"is_trial":false,"path_per_floor":["M","?","?","$","M","R","E","R","T","E","?","$","?","?","R","B",null,"M","?","$","?","M","E","?","E","T","$","M","?","M","?","R","B",null,"M","M","$","M","?","R","?","M","T","M","E","R","?","?","R_BF","B",null],"character_chosen":"IRONCLAD","items_purchased":["Anger","DDmod:PokeAttack","Snack Pack","Anger","Flex","Replay:Undeath\u0027s Touch","TheAbacus"],"campfire_rested":6,"item_purchase_floors":[4,4,20,27,37,37,37],"current_hp_per_floor":[80,48,41,41,47,71,58,80,80,60,60,60,60,49,73,47,80,80,80,80,80,80,80,80,80,80,80,80,80,80,56,80,80,80,80,80,80,71,71,80,80,80,80,80,80,80,80,56,80,64],"gold":57,"neow_bonus":"THREE_CARDS","is_daily":false,"chose_seed":false,"campfire_upgraded":0,"win_rate":0.0,"timestamp":1609555281,"path_taken":["M","?","?","$","M","R","E","R","T","E","?","$","?","?","R","BOSS","M","?","$","?","M","E","?","E","T","$","?","?","M","?","R","BOSS","M","M","$","M","?","R","?","M","T","M","E","R","?","?","R_BF","BOSS"],"items_purchased_type":["Card","Card","Relic","Card","Card","Card","Relic"],"build_version":"2020-12-22","purchased_purges":1,"victory":true,"max_hp_per_floor":[80,80,80,80,80,80,80,80,80,80,80,80,80,80,80,80,80,80,80,80,80,80,80,80,80,80,80,80,80,80,80,80,80,80,80,80,80,80,80,80,80,80,80,80,80,80,80,80,80,80],"relic_stats":{"Nunchaku":[30],"TheAbacus":[48],"counters":[19,61],"MealTicket":0,"Black Star":1,"Orichalcum":[0],"War Paint":["Defend_R","Defend_R"],"obtain_stats":[{"Replay:Grab Bag":17,"Blue Doll":10,"aspiration:PoetsPen_weak":17,"Orichalcum":43,"War Paint":45,"aspiration:HiddenCompartment":24,"Burning Blood":0,"Nunchaku":23,"TheAbacus":37,"Philosopher\u0027s Stone":17,"MealTicket":45,"trackpad:BottledShadow":7,"Fusion Hammer":17,"Snack Pack":20,"Black Star":34,"Red Mask":41,"Grinning Jar":9,"trackpad:WindUpAutoDealer":25,"ReplayTheSpireMod:Lightbulb":26,"DDmod:BarbedSlagRelic":39,"Unceasing Top":2,"Runic Cube":17},{"Replay:Grab Bag":5,"Blue Doll":4,"aspiration:PoetsPen_weak":5,"Orichalcum":16,"War Paint":18,"aspiration:HiddenCompartment":8,"Burning Blood":0,"Nunchaku":8,"TheAbacus":14,"Philosopher\u0027s Stone":5,"MealTicket":18,"trackpad:BottledShadow":3,"Fusion Hammer":5,"Snack Pack":6,"Black Star":12,"Red Mask":15,"Grinning Jar":3,"trackpad:WindUpAutoDealer":9,"ReplayTheSpireMod:Lightbulb":9,"DDmod:BarbedSlagRelic":15,"Unceasing Top":1,"Runic Cube":5},{"Replay:Grab Bag":25,"Blue Doll":17,"aspiration:PoetsPen_weak":25,"Orichalcum":52,"War Paint":56,"aspiration:HiddenCompartment":34,"Burning Blood":0,"Nunchaku":34,"TheAbacus":48,"Philosopher\u0027s Stone":25,"MealTicket":56,"trackpad:BottledShadow":12,"Fusion Hammer":25,"Snack Pack":27,"Black Star":44,"Red Mask":50,"Grinning Jar":12,"trackpad:WindUpAutoDealer":37,"ReplayTheSpireMod:Lightbulb":37,"DDmod:BarbedSlagRelic":50,"Unceasing Top":4,"Runic Cube":25}],"Burning Blood":54,"Unceasing Top":[49],"Runic Cube":[23]},"card_choices":[{"not_picked":["Clash","DDmod:UnstoppableAttack"],"picked":"Ghostly Armor","floor":0},{"not_picked":["Blood for Blood","Headbutt","Clothesline"],"picked":"SKIP","floor":1},{"not_picked":["Rupture","Bloodletting"],"picked":"Ghostly Armor","floor":2},{"not_picked":["DDmod:CallousedSkill","Inflame"],"picked":"Clash","floor":5},{"not_picked":["Iron Wave","Warcry","ReplayTheSpireMod:Stacked"],"picked":"SKIP","floor":7},{"not_picked":["Iron Wave","ReplayTheSpireMod:Stacked"],"picked":"Warcry","floor":7},{"not_picked":["DDmod:SpikeShotSkill","Thunderclap"],"picked":"Intimidate","floor":10},{"not_picked":["DDmod:RechargeSkill","Corruption"],"picked":"Offering","floor":16},{"not_picked":["Flame Barrier","Combust+1","Sentinel+1"],"picked":"SKIP","floor":18},{"not_picked":["Headbutt+1","Twin Strike","Whirlwind"],"picked":"SKIP","floor":22},{"not_picked":["DDmod:RapidStrikeAttack+1","Havoc","Iron Wave"],"picked":"SKIP","floor":23},{"not_picked":["DDmod:PokeAttack+1","Perfected Strike"],"picked":"Replay:Undeath\u0027s Touch","floor":25},{"not_picked":["Replay:Many Hands","Heavy Blade"],"picked":"Replay:Undeath\u0027s Touch","floor":28},{"not_picked":["Havoc","DDmod:UnstoppableAttack"],"picked":"Flex","floor":30},{"not_picked":["Headbutt+1","Body Slam"],"picked":"Clash+1","floor":35},{"not_picked":["Cleave+1","Defy Death+1","Body Slam"],"picked":"SKIP","floor":36},{"not_picked":["Cleave+1","True Grit","DDmod:EasePowerCard"],"picked":"SKIP","floor":38},{"not_picked":["ReplayTheSpireMod:Strike From Hell+1","Sword Boomerang"],"picked":"Clash","floor":42},{"not_picked":["Pommel Strike+1","Dual Wield+1","Twin Strike"],"picked":"SKIP","floor":44},{"not_picked":["Dropkick","Cleave+1","Fire Breathing+1"],"picked":"SKIP","floor":45}],"player_experience":876414,"relics_obtained":[{"floor":2,"key":"Unceasing Top"},{"floor":7,"key":"trackpad:BottledShadow"},{"floor":9,"key":"Grinning Jar"},{"floor":10,"key":"Blue Doll"},{"floor":23,"key":"Nunchaku"},{"floor":25,"key":"trackpad:WindUpAutoDealer"},{"floor":26,"key":"ReplayTheSpireMod:Lightbulb"},{"floor":43,"key":"Orichalcum"},{"floor":45,"key":"War Paint"},{"floor":45,"key":"MealTicket"}],"event_choices":[{"cards_removed":["Bash"],"damage_healed":0,"gold_gain":0,"player_choice":"Card Removal","damage_taken":7,"max_hp_gain":0,"max_hp_loss":0,"event_name":"Golden Wing","floor":3,"gold_loss":0},{"damage_healed":0,"gold_gain":0,"player_choice":"Ignored","damage_taken":0,"max_hp_gain":0,"max_hp_loss":0,"event_name":"Liars Game","floor":11,"gold_loss":0},{"damage_healed":0,"gold_gain":75,"player_choice":"Gather Gold","damage_taken":11,"max_hp_gain":0,"max_hp_loss":0,"event_name":"World of Goop","floor":14,"gold_loss":0},{"damage_healed":0,"gold_gain":0,"player_choice":"Got Potions","damage_taken":0,"max_hp_gain":0,"max_hp_loss":0,"event_name":"Lab","floor":19,"gold_loss":0},{"damage_healed":0,"gold_gain":0,"player_choice":"Ignored","damage_taken":0,"max_hp_gain":0,"max_hp_loss":0,"event_name":"betterNote:BetterNote","floor":21,"gold_loss":0,"cards_obtained":["Conserve Battery"]},{"cards_removed":["Ghostly Armor"],"damage_healed":0,"gold_gain":0,"player_choice":"Gave Card","damage_taken":0,"relics_obtained":["aspiration:HiddenCompartment"],"max_hp_gain":0,"max_hp_loss":0,"event_name":"WeMeetAgain","floor":24,"gold_loss":0},{"damage_healed":0,"gold_gain":0,"player_choice":"Ignored","damage_taken":0,"max_hp_gain":0,"max_hp_loss":0,"event_name":"Ghosts","floor":29,"gold_loss":0},{"damage_healed":0,"gold_gain":0,"player_choice":"Paid","damage_taken":0,"relics_obtained":["Red Mask"],"max_hp_gain":0,"max_hp_loss":0,"event_name":"Tomb of Lord Red Mask","floor":41,"gold_loss":47}],"is_beta":false,"boss_relics":[{"not_picked":["Ooze Armor","Snecko Eye"],"picked":"Replay:Grab Bag"},{"not_picked":["ChewingGum","trackpad:Trackpad"],"picked":"Fusion Hammer"},{"not_picked":["Cursed Key","Coffee Dripper"],"picked":"Philosopher\u0027s Stone"},{"not_picked":["Calling Bell","aspiration:DefectSkillbook"],"picked":"Runic Cube"},{"not_picked":["SlaversCollar","SacredBark"],"picked":"aspiration:PoetsPen_weak"},{"not_picked":["Tiny House","Replay:Drink Me"],"picked":"Black Star"}],"items_purged_floors":[20],"is_endless":false,"potions_floor_spawned":[1,5,22,25,42,44,45],"ascension_level":0}}