{"host":"vsdszi3rnxsdp24p","time":1609591678,"event":{"mods":["AchievementEnabler","BaseMod","Colored Map","Colored Powertips","Hermit","Highlight Path","Minty Spire (QoL Compilation)","Quick Restart","Relic Sorter","Relic Stats","StSLib","SuperFastMode","Synergy Search","The Cursed"],"gold_per_floor":[117,136,151,167,15,15,15,15,69,69,29,43,43,43,43,43,43],"floor_reached":16,"playtime":486,"items_purged":[],"score":90,"play_id":"1031ccbc-387c-49f9-b419-6d5fc1448a27","local_time":"20210102134758","is_ascension_mode":false,"campfire_choices":[{"floor":6,"key":"REST"},{"floor":8,"key":"REST"},{"data":"hermit:Maintenance","floor":10,"key":"SMITH"},{"data":"hermit:Reprieve","floor":13,"key":"SMITH"},{"data":"hermit:ShadowCloak","floor":15,"key":"SMITH"}],"circlet_count":0,"master_deck":["hermit:Strike_Hermit","hermit:Strike_Hermit","hermit:Strike_Hermit","hermit:Strike_Hermit","hermit:Defend_Hermit","hermit:Defend_Hermit","hermit:Defend_Hermit","hermit:Defend_Hermit","hermit:Snapshot","hermit:Covet","hermit:FromBeyond","hermit:ItchyTrigger","hermit:Spite","hermit:PistolWhip","hermit:Maintenance+1","hermit:ShadowCloak+1","hermit:Feint","hermit:Showdown","hermit:Reprieve+1"],"relics":["hermit:Momento","Bag of Marbles","Vajra"],"acts_visited":["Exordium"],"potions_floor_usage":[16,16,16],"damage_taken":[{"damage":19,"enemies":"Small Slimes","floor":1,"turns":4},{"damage":11,"enemies":"Cultist","floor":2,"turns":6},{"damage":3,"enemies":"2 Louse","floor":3,"turns":3},{"damage":5,"enemies":"2 Fungi Beasts","floor":4,"turns":3},{"damage":7,"enemies":"Blue Slaver","floor":12,"turns":3},{"damage":59,"enemies":"Hexaghost","floor":16,"turns":9}],"seed_played":"-801750259406189849","potions_obtained":[{"floor":4,"key":"hermit:BlackBile"},{"floor":11,"key":"ColorlessPotion"},{"floor":11,"key":"Dexterity Potion"},{"floor":11,"key":"Block Potion"}],"is_trial":false,"path_per_floor":["M","M","M","M","$","R","$","R","T","R","?","M","R","T","R","B"],"character_chosen":"HERMIT","items_purchased":["hermit:ShadowCloak","hermit:Feint","hermit:Showdown"],"campfire_rested":2,"item_purchase_floors":[5,5,5],"current_hp_per_floor":[35,24,21,16,16,38,38,60,60,60,60,53,53,53,53,0,0],"gold":43,"neow_bonus":"THREE_RARE_CARDS","is_daily":false,"chose_seed":false,"campfire_upgraded":3,"win_rate":0.0,"timestamp":1609591678,"path_taken":["M","M","M","M","$","R","$","R","T","R","?","?","R","?","R","BOSS"],"items_purchased_type":["Card","Card","Card"],"build_version":"2020-12-22","purchased_purges":0,"victory":false,"max_hp_per_floor":[75,75,75,75,75,75,75,75,75,75,75,75,75,75,75,75,75],"relic_stats":{"counters":[6,28],"obtain_stats":[{"Vajra":14,"Bag of Marbles":9,"hermit:Momento":0},{"Vajra":5,"Bag of Marbles":4,"hermit:Momento":0},{"Vajra":19,"Bag of Marbles":16,"hermit:Momento":0}]},"card_choices":[{"not_picked":["hermit:HighNoon","hermit:FatalDesire"],"picked":"hermit:FromBeyond","floor":0},{"not_picked":["hermit:HoleUp","hermit:Ricochet"],"picked":"hermit:ItchyTrigger","floor":1},{"not_picked":["hermit:LowProfile","hermit:TrackingShot"],"picked":"hermit:Spite","floor":2},{"not_picked":["hermit:SprayPray","hermit:HoleUp"],"picked":"hermit:PistolWhip","floor":3},{"not_picked":["hermit:LowProfile","hermit:Ricochet"],"picked":"hermit:Maintenance","floor":4},{"not_picked":["hermit:Horror","hermit:TakeCover"],"picked":"hermit:Reprieve","floor":12}],"player_experience":105991,"relics_obtained":[{"floor":9,"key":"Bag of Marbles"},{"floor":14,"key":"Vajra"}],"event_choices":[{"damage_healed":0,"gold_gain":0,"player_choice":"Bought 3 Potions","damage_taken":0,"max_hp_gain":0,"max_hp_loss":0,"event_name":"The Woman in Blue","floor":11,"gold_loss":0}],"is_beta":false,"boss_relics":[],"items_purged_floors":[],"is_endless":false,"potions_floor_spawned":[4,12],"killed_by":"Hexaghost","ascension_level":0}}