{"host":"w9yruvs4bqht6bhw","time":1609548318,"event":{"mods":["BaseMod","Colored Powertips","Minty Spire (QoL Compilation)"],"gold_per_floor":[116,127,143,158,176,176,205,205,257,271,271,281,40,52,52,149,149,167,167,179,179],"floor_reached":20,"playtime":727,"items_purged":[],"score":225,"play_id":"f7bbf104-1df8-4001-b576-33aa902b47d2","local_time":"20210101194518","is_ascension_mode":true,"campfire_choices":[{"data":"Uppercut","floor":6,"key":"SMITH"},{"data":"Twin Strike","floor":8,"key":"SMITH"},{"floor":15,"key":"REST"}],"circlet_count":0,"master_deck":["Strike_R","Strike_R","Strike_R","Strike_R","Strike_R","Defend_R+1","Defend_R+1","Defend_R","Defend_R","Bash","Bludgeon","Armaments","Cleave","Uppercut+1","Twin Strike+1","Pommel Strike","Iron Wave","Iron Wave","Fiend Fire","Limit Break","Perfected Strike","Pommel Strike"],"relics":["Burning Blood","Self Forming Clay","War Paint","Runic Cube"],"acts_visited":["Exordium","TheCity"],"potions_floor_usage":[14,16,16],"damage_taken":[{"damage":0,"enemies":"Jaw Worm","floor":1,"turns":3},{"damage":10,"enemies":"2 Louse","floor":2,"turns":4},{"damage":0,"enemies":"Small Slimes","floor":3,"turns":2},{"damage":5,"enemies":"2 Fungi Beasts","floor":4,"turns":3},{"damage":5,"enemies":"Blue Slaver","floor":5,"turns":5},{"damage":30,"enemies":"3 Sentries","floor":7,"turns":6},{"damage":0,"enemies":"Large Slime","floor":10,"turns":5},{"damage":8,"enemies":"Exordium Wildlife","floor":12,"turns":4},{"damage":14,"enemies":"Exordium Thugs","floor":14,"turns":3},{"damage":32,"enemies":"Hexaghost","floor":16,"turns":9},{"damage":14,"enemies":"3 Byrds","floor":18,"turns":6},{"damage":39,"enemies":"Shell Parasite","floor":20,"turns":7}],"seed_played":"-4304222273539710684","potions_obtained":[{"floor":3,"key":"Strength Potion"},{"floor":7,"key":"Dexterity Potion"},{"floor":16,"key":"Weak Potion"},{"floor":18,"key":"SpeedPotion"},{"floor":20,"key":"Fruit Juice"}],"is_trial":false,"path_per_floor":["M","M","M","M","M","R","E","R","T","M","?","M","$","M","R","B",null,"M","?","M"],"character_chosen":"IRONCLAD","items_purchased":["Iron Wave","Fiend Fire","ColorlessPotion"],"campfire_rested":1,"item_purchase_floors":[13,13,13],"current_hp_per_floor":[80,76,80,80,80,80,56,56,56,62,62,60,60,52,76,50,73,65,50,17,17],"gold":179,"neow_bonus":"ONE_RANDOM_RARE_CARD","is_daily":false,"chose_seed":false,"campfire_upgraded":2,"win_rate":0.0,"timestamp":1609548318,"path_taken":["M","M","M","M","M","R","E","R","T","M","?","M","$","M","R","BOSS","M","?","M"],"items_purchased_type":["Card","Card","Potion"],"build_version":"2020-12-22","purchased_purges":0,"victory":false,"max_hp_per_floor":[80,80,80,80,80,80,80,80,80,80,80,80,80,80,80,80,80,80,85,85,85],"card_choices":[{"not_picked":["Cleave","Reckless Charge"],"picked":"Armaments","floor":1},{"not_picked":["Sword Boomerang","Anger"],"picked":"Cleave","floor":2},{"not_picked":["Warcry","Dropkick","Power Through"],"picked":"SKIP","floor":3},{"not_picked":["Disarm","Seeing Red"],"picked":"Uppercut","floor":4},{"not_picked":["Sword Boomerang","Entrench","Anger"],"picked":"SKIP","floor":5},{"not_picked":["Body Slam","Offering"],"picked":"Twin Strike","floor":7},{"not_picked":["Thunderclap","True Grit"],"picked":"Pommel Strike","floor":10},{"not_picked":["Clothesline","Ghostly Armor"],"picked":"Iron Wave","floor":12},{"not_picked":["Dark Embrace","Havoc","Warcry"],"picked":"SKIP","floor":14},{"not_picked":["Offering","Feed"],"picked":"Limit Break","floor":16},{"not_picked":["Dual Wield","Uppercut"],"picked":"Perfected Strike","floor":18},{"not_picked":["Cleave","Pummel"],"picked":"Pommel Strike","floor":20}],"player_experience":242811,"relics_obtained":[{"floor":7,"key":"Self Forming Clay"},{"floor":9,"key":"War Paint"}],"event_choices":[{"damage_healed":0,"gold_gain":0,"player_choice":"Ignored","damage_taken":0,"max_hp_gain":0,"max_hp_loss":0,"event_name":"Liars Game","floor":11,"gold_loss":0},{"damage_healed":0,"gold_gain":0,"player_choice":"Shed Blood","damage_taken":20,"max_hp_gain":5,"max_hp_loss":0,"event_name":"Forgotten Altar","floor":19,"gold_loss":0}],"is_beta":false,"boss_relics":[{"not_picked":["Philosopher\u0027s Stone","Runic Dome"],"picked":"Runic Cube"}],"items_purged_floors":[],"is_endless":false,"potions_floor_spawned":[3,7,16,18,20],"killed_by":"Shell Parasite","ascension_level":5}}