{"host":"xnrw1j8ho83czkv7","time":1609553873,"event":{"mods":["AchievementEnabler","BaseMod","Colored Map","Colored Powertips","Minty Spire (QoL Compilation)","Quick Restart","StSLib"],"gold_per_floor":[116,41,41,65,65,98,98,111,111,111,11,11,30,51,51,171,171,196,196,111,131,146,146,179,200,200,200,200,233,233,267,267,391,391,414,435,435,451,451,490,490,505,505,353,353,353,376,72,72,72],"floor_reached":51,"playtime":2523,"items_purged":["Strike_B","Strike_B","Defend_B","Defend_B+1"],"score":783,"play_id":"3bac387d-0381-4d7b-879a-2389c26a044c","local_time":"20210102021753","is_ascension_mode":false,"campfire_choices":[{"data":"Dualcast","floor":7.0,"key":"SMITH"},{"data":"Defend_B","floor":10.0,"key":"SMITH"},{"data":"Defend_B","floor":12.0,"key":"SMITH"},{"data":"Lockon","floor":15.0,"key":"SMITH"},{"data":"Electrodynamics","floor":23.0,"key":"SMITH"},{"data":"All For One","floor":27.0,"key":"SMITH"},{"floor":32.0,"key":"DIG"},{"data":"Reinforced Body","floor":41,"key":"SMITH"},{"floor":46,"key":"DIG"},{"floor":49,"key":"DIG"}],"circlet_count":0,"master_deck":["Defend_B+1","Zap+1","Dualcast+1","Lockon+1","All For One+1","Electrodynamics+1","Defragment+1","Reinforced Body+1","Gash","White Noise+1","Gash","Madness+1","Madness+1","Scrape+1","Gash+1"],"relics":["Cracked Core","NeowsBlessing","Golden Idol","HornCleat","Shuriken","Empty Cage","Sundial","Pen Nib","Ancient Tea Set","Shovel","Bottled Flame","Prayer Wheel","White Beast Statue","SlaversCollar","Toxic Egg 2","MealTicket","Oddly Smooth Stone","Bottled Tornado","Chemical X","Mummified Hand"],"acts_visited":["Exordium","TheCity","TheBeyond"],"potions_floor_usage":[50],"damage_taken":[{"damage":0.0,"enemies":"Small Slimes","floor":1.0,"turns":1.0},{"damage":0.0,"enemies":"Jaw Worm","floor":4.0,"turns":1.0},{"damage":0.0,"enemies":"Lagavulin","floor":6.0,"turns":1.0},{"damage":0.0,"enemies":"2 Louse","floor":8.0,"turns":1.0},{"damage":12.0,"enemies":"Large Slime","floor":13.0,"turns":5.0},{"damage":0.0,"enemies":"3 Louse","floor":14.0,"turns":3.0},{"damage":20.0,"enemies":"The Guardian","floor":16.0,"turns":9.0},{"damage":0.0,"enemies":"Spheric Guardian","floor":18.0,"turns":2.0},{"damage":20.0,"enemies":"2 Thieves","floor":21.0,"turns":3.0},{"damage":1.0,"enemies":"Snecko","floor":22.0,"turns":3.0},{"damage":0.0,"enemies":"Gremlin Leader","floor":24.0,"turns":3.0},{"damage":7.0,"enemies":"Cultist and Chosen","floor":25.0,"turns":4.0},{"damage":14.0,"enemies":"Book of Stabbing","floor":29.0,"turns":4.0},{"damage":7.0,"enemies":"Slavers","floor":31.0,"turns":4.0},{"damage":20.0,"enemies":"Automaton","floor":33.0,"turns":6.0},{"damage":0.0,"enemies":"Orb Walker","floor":35.0,"turns":3.0},{"damage":16.0,"enemies":"3 Shapes","floor":36.0,"turns":3.0},{"damage":1.0,"enemies":"Spire Growth","floor":38.0,"turns":4.0},{"damage":17,"enemies":"Nemesis","floor":40,"turns":7},{"damage":0,"enemies":"Transient","floor":42,"turns":5},{"damage":20,"enemies":"Maw","floor":47,"turns":6},{"damage":16,"enemies":"Donu and Deca","floor":50,"turns":4}],"seed_played":"-322413740764128109","potions_obtained":[{"floor":6.0,"key":"EssenceOfSteel"},{"floor":21.0,"key":"ColorlessPotion"},{"floor":24.0,"key":"EntropicBrew"},{"floor":29.0,"key":"SteroidPotion"},{"floor":31.0,"key":"FearPotion"},{"floor":33.0,"key":"SpeedPotion"},{"floor":35.0,"key":"Weak Potion"},{"floor":36.0,"key":"Energy Potion"},{"floor":38,"key":"FairyPotion"},{"floor":40,"key":"ColorlessPotion"}],"is_trial":false,"path_per_floor":["M","$","?","M","?","E","R","M","T","R","$","R","M","M","R","B",null,"M","$","?","M","M","R","E","M","T","R","?","E","?","E","R","B",null,"M","M","?","M","?","E","R","M","T","$","?","R","M","$","R","B",null],"character_chosen":"DEFECT","items_purchased":["Gash","Chemical X"],"campfire_rested":0,"item_purchase_floors":[44,48],"current_hp_per_floor":[75,75,57,57,42,42,42,42,42,42,42,42,30,30,30,10,75,75,75,75,55,54,54,54,47,47,47,47,33,33,26,26,6,75,75,59,59,58,58,41,41,41,41,56,47,47,27,42,42,26],"gold":72,"neow_bonus":"THREE_ENEMY_KILL","is_daily":false,"chose_seed":false,"campfire_upgraded":7,"win_rate":0.0,"timestamp":1609553873,"path_taken":["M","$","?","M","?","E","R","M","T","R","?","R","M","?","R","BOSS","M","$","?","M","M","R","E","M","T","R","?","E","?","E","R","BOSS","M","M","?","?","?","E","R","M","T","?","?","R","M","?","R","BOSS"],"items_purchased_type":["Card","Relic"],"build_version":"2020-12-22","purchased_purges":4,"victory":true,"max_hp_per_floor":[75,75,75,75,75,75,75,75,75,75,75,75,75,75,75,75,75,75,75,75,75,75,75,75,75,75,75,75,75,75,75,75,75,75,75,75,75,75,75,75,75,75,75,75,75,75,75,75,75,75],"card_choices":[{"not_picked":["Conserve Battery","Capacitor","Sweeping Beam"],"picked":"SKIP","floor":1.0},{"not_picked":["FTL","Hologram","Sweeping Beam"],"picked":"SKIP","floor":4.0},{"not_picked":["Sweeping Beam","Leap","Go for the Eyes"],"picked":"SKIP","floor":6.0},{"not_picked":["Conserve Battery","Hologram","Go for the Eyes"],"picked":"SKIP","floor":8.0},{"not_picked":["Hologram","Undo"],"picked":"Lockon","floor":13.0},{"not_picked":["Self Repair","Hologram"],"picked":"All For One","floor":14.0},{"not_picked":["Amplify","Creative AI"],"picked":"Electrodynamics","floor":16.0},{"not_picked":["Steam","Chaos"],"picked":"Defragment+1","floor":18.0},{"not_picked":["Redo","Leap","Rip and Tear"],"picked":"SKIP","floor":21.0},{"not_picked":["Reprogram","Steam Power","Melter+1"],"picked":"SKIP","floor":22.0},{"not_picked":["Aggregate","Reprogram","Barrage"],"picked":"SKIP","floor":24.0},{"not_picked":["Redo","Compile Driver","Streamline"],"picked":"SKIP","floor":25.0},{"not_picked":["Capacitor","Ball Lightning+1","Sweeping Beam"],"picked":"SKIP","floor":29.0},{"not_picked":["Go for the Eyes","Hologram","Double Energy+1"],"picked":"SKIP","floor":31.0},{"not_picked":["Cold Snap","Capacitor+1"],"picked":"Reinforced Body","floor":35.0},{"not_picked":["Cold Snap","Loop","Redo"],"picked":"SKIP","floor":35.0},{"not_picked":["Darkness","Cold Snap"],"picked":"Gash","floor":36.0},{"not_picked":["Beam Cell","Go for the Eyes","Steam Power+1"],"picked":"SKIP","floor":36.0},{"not_picked":["Hologram","Capacitor+1","Beam Cell+1"],"picked":"SKIP","floor":38},{"not_picked":["White Noise","Reprogram+1","Stack+1"],"picked":"SKIP","floor":38},{"not_picked":["Steam Power+1","Darkness+1"],"picked":"White Noise+1","floor":40},{"not_picked":["Rainbow+1","Coolheaded+1","Stack+1"],"picked":"SKIP","floor":42},{"not_picked":["Darkness+1","Tempest+1","Coolheaded+1"],"picked":"SKIP","floor":42},{"not_picked":["Ball Lightning","Rebound+1"],"picked":"Scrape+1","floor":47},{"not_picked":["Leap+1","Reinforced Body+1"],"picked":"Gash+1","floor":47}],"player_experience":13222,"relics_obtained":[{"floor":6.0,"key":"HornCleat"},{"floor":9.0,"key":"Shuriken"},{"floor":24.0,"key":"Pen Nib"},{"floor":26.0,"key":"Ancient Tea Set"},{"floor":29.0,"key":"Bottled Flame"},{"floor":31.0,"key":"Prayer Wheel"},{"floor":32.0,"key":"White Beast Statue"},{"floor":40,"key":"MealTicket"},{"floor":43,"key":"Oddly Smooth Stone"},{"floor":46,"key":"Bottled Tornado"},{"floor":49,"key":"Mummified Hand"}],"event_choices":[{"damage_healed":0.0,"max_hp_gain":0.0,"max_hp_loss":0.0,"gold_gain":0.0,"event_name":"Golden Idol","player_choice":"Take Damage","floor":3.0,"gold_loss":0.0,"damage_taken":18.0,"relics_obtained":["Golden Idol"]},{"damage_healed":0.0,"max_hp_gain":0.0,"max_hp_loss":0.0,"gold_gain":0.0,"event_name":"Shining Light","player_choice":"Entered Light","floor":5.0,"gold_loss":0.0,"damage_taken":15.0,"cards_upgraded":["Zap","Strike_B"]},{"damage_healed":0.0,"max_hp_gain":0.0,"max_hp_loss":0.0,"gold_gain":0.0,"event_name":"Addict","player_choice":"Obtained Relic","floor":20.0,"gold_loss":85.0,"damage_taken":0.0,"relics_obtained":["Sundial"]},{"damage_healed":0.0,"max_hp_gain":0.0,"max_hp_loss":0.0,"gold_gain":0.0,"event_name":"The Mausoleum","player_choice":"Opened","floor":28.0,"gold_loss":0.0,"damage_taken":0.0,"relics_obtained":["Shovel"]},{"damage_healed":0.0,"max_hp_gain":0.0,"max_hp_loss":0.0,"gold_gain":0.0,"event_name":"Vampires","player_choice":"Ignored","floor":30.0,"gold_loss":0.0,"damage_taken":0.0},{"cards_removed":["Strike_B"],"damage_healed":0.0,"max_hp_gain":0.0,"max_hp_loss":0.0,"gold_gain":0.0,"event_name":"Bonfire Elementals","player_choice":"Offered Basic","floor":37.0,"gold_loss":0.0,"damage_taken":0.0},{"damage_healed":0,"gold_gain":0,"player_choice":"Gave Potion","damage_taken":0,"relics_obtained":["Toxic Egg 2"],"max_hp_gain":0,"max_hp_loss":0,"event_name":"WeMeetAgain","floor":39,"gold_loss":0},{"damage_healed":0,"gold_gain":0,"player_choice":"Embrace Madness","damage_taken":9,"max_hp_gain":0,"max_hp_loss":0,"event_name":"Winding Halls","floor":45,"gold_loss":0,"cards_obtained":["Madness","Madness"]}],"is_beta":false,"boss_relics":[{"not_picked":["Ectoplasm","Runic Dome"],"picked":"Empty Cage"},{"not_picked":["Tiny House","Runic Pyramid"],"picked":"SlaversCollar"}],"items_purged_floors":[2,11,44,48],"is_endless":false,"potions_floor_spawned":[6,21,24,29,31,33,35,36,38,40,42,47],"ascension_level":0}}