{"host":"uv231blk40vjdojr","time":1609578935,"event":{"mods":["BaseMod","Minty Spire (QoL Compilation)","Relic Stats"],"gold_per_floor":[15,25,100,120,134,159,159,177,203,203,203,235,249,261,261,261,261],"floor_reached":16,"playtime":431,"items_purged":[],"score":217,"play_id":"6b2c7587-164a-4569-aa4b-75d9f7f31192","local_time":"20210102101535","is_ascension_mode":true,"campfire_choices":[{"data":"Immolate","floor":7.0,"key":"SMITH"},{"data":"Immolate","floor":11,"key":"SMITH"},{"data":"Spot Weakness","floor":15,"key":"SMITH"}],"circlet_count":0,"master_deck":["AscendersBane","Strike_R","Strike_R","Strike_R","Strike_R","Strike_R","Defend_R","Defend_R","Defend_R","Defend_R","Bash","Immolate+1","Spot Weakness+1","Immolate+1","True Grit+1","Battle Trance"],"relics":["Burning Blood","Tiny Chest","Boot","Blood Vial"],"acts_visited":["Exordium"],"potions_floor_usage":[13,16,16],"damage_taken":[{"damage":1.0,"enemies":"Cultist","floor":1.0,"turns":3.0},{"damage":15.0,"enemies":"2 Louse","floor":2.0,"turns":2.0},{"damage":5.0,"enemies":"Small Slimes","floor":4.0,"turns":2.0},{"damage":21.0,"enemies":"Exordium Thugs","floor":5.0,"turns":3.0},{"damage":8.0,"enemies":"Gremlin Nob","floor":6.0,"turns":3.0},{"damage":13,"enemies":"Red Slaver","floor":8,"turns":4},{"damage":23,"enemies":"3 Sentries","floor":12,"turns":6},{"damage":1,"enemies":"Looter","floor":13,"turns":2},{"damage":0,"enemies":"3 Louse","floor":14,"turns":2},{"damage":30,"enemies":"The Guardian","floor":16,"turns":9}],"seed_played":"-6418954081242565012","potions_obtained":[{"floor":2.0,"key":"ColorlessPotion"},{"floor":4.0,"key":"BlessingOfTheForge"},{"floor":8,"key":"LiquidMemories"},{"floor":13,"key":"Weak Potion"}],"is_trial":false,"path_per_floor":["M","M","?","M","M","E","R","M","T","?","R","E","M","M","R","B"],"character_chosen":"IRONCLAD","items_purchased":[],"campfire_rested":0,"item_purchase_floors":[],"current_hp_per_floor":[73,64,53,54,39,37,37,30,30,30,30,13,20,28,28,0,0],"gold":261,"neow_bonus":"THREE_RARE_CARDS","is_daily":false,"chose_seed":false,"campfire_upgraded":3,"win_rate":0.0,"timestamp":1609578935,"path_taken":["M","?","?","M","M","E","R","M","T","?","R","E","?","M","R","BOSS"],"items_purchased_type":[],"build_version":"2020-12-22","purchased_purges":0,"victory":false,"max_hp_per_floor":[75,75,75,75,75,75,75,75,75,75,75,75,75,75,75,75,75],"relic_stats":{"Blood Vial":6,"counters":[10,36],"Tiny Chest":0,"Boot":[0],"obtain_stats":[{"Blood Vial":12,"Tiny Chest":6,"Boot":9,"Burning Blood":0},{"Blood Vial":7,"Tiny Chest":5,"Boot":6,"Burning Blood":0},{"Blood Vial":23,"Tiny Chest":13,"Boot":17,"Burning Blood":0}],"Burning Blood":54},"card_choices":[{"not_picked":["Bludgeon","Demon Form"],"picked":"Immolate","floor":0.0},{"not_picked":["Clash","Second Wind","Searing Blow"],"picked":"SKIP","floor":1.0},{"not_picked":["Blood for Blood","Warcry","Body Slam"],"picked":"SKIP","floor":2.0},{"not_picked":["Whirlwind","Wild Strike"],"picked":"Spot Weakness","floor":4.0},{"not_picked":["Havoc","Dual Wield","Body Slam"],"picked":"SKIP","floor":5.0},{"not_picked":["Power Through","Ghostly Armor"],"picked":"Immolate","floor":6.0},{"not_picked":["Uppercut","Anger"],"picked":"True Grit","floor":8},{"not_picked":["Intimidate","Armaments"],"picked":"Battle Trance","floor":12},{"not_picked":["Havoc","Sword Boomerang","Twin Strike"],"picked":"SKIP","floor":13},{"not_picked":["Sever Soul","Spot Weakness","Iron Wave"],"picked":"SKIP","floor":14}],"player_experience":552313,"relics_obtained":[{"floor":6.0,"key":"Tiny Chest"},{"floor":9,"key":"Boot"},{"floor":12,"key":"Blood Vial"}],"event_choices":[{"damage_healed":0.0,"max_hp_gain":0.0,"max_hp_loss":0.0,"gold_gain":75.0,"event_name":"World of Goop","player_choice":"Gather Gold","floor":3.0,"gold_loss":0.0,"damage_taken":11.0},{"damage_healed":0,"gold_gain":0,"player_choice":"Upgraded","damage_taken":0,"max_hp_gain":0,"max_hp_loss":0,"event_name":"Upgrade Shrine","floor":10,"gold_loss":0,"cards_upgraded":["True Grit"]}],"is_beta":false,"boss_relics":[],"items_purged_floors":[],"is_endless":false,"potions_floor_spawned":[2,4,8,13],"killed_by":"The Guardian","ascension_level":18}}