{"host":"e8rlfedn69rz2s07","time":1609610501,"event":{"mods":["Act Like it!","BaseMod","Conspire","Hubris","Infinite Spire","Minty Spire (QoL Compilation)","Permanent Neow","Relic Stats","Replay The Spire","Shop Mod","StSLib","The Jungle"],"gold_per_floor":[116,116,133,133,133,168,168,186,186,197,197,231,231,256,256,328,328,341,251,271,321,221,221,249,249,249,259,284,300,314,327,327,404,404,414,414,433,433,448,473,473,419,419,437,463,463,498,513,513,513,513,513,813,852,864],"floor_reached":56,"playtime":4506,"items_purged":["Strike_G+1","Strike_G+1"],"score":2279,"play_id":"0ef9ea56-109c-4b83-9f52-a08f503116ec","local_time":"20210102200141","is_ascension_mode":true,"campfire_choices":[{"data":"Neutralize","floor":7.0,"key":"SMITH"},{"floor":13.0,"key":"REST"},{"data":"Footwork","floor":15.0,"key":"SMITH"},{"floor":23.0,"key":"REST"},{"floor":32.0,"key":"REST"},{"data":"infinitespire:Neurotoxin","floor":32.0,"key":"SMITH"},{"data":"ReplayTheSpireMod:Necrosis","floor":41.0,"key":"SMITH"},{"floor":46.0,"key":"RECALL"},{"floor":49.0,"key":"REST"},{"data":"Well Laid Plans","floor":49.0,"key":"SMITH"},{"floor":52.0,"key":"REST"},{"data":"Draining Mist","floor":52.0,"key":"SMITH"}],"circlet_count":0,"master_deck":["AscendersBane","Strike_G+1","Strike_G+1","Strike_G+1","Defend_G+1","Defend_G+1","Defend_G+1","Defend_G+1","Defend_G+1","Survivor+1","Neutralize+1","Poisoned Stab","Catalyst+1","PiercingWail","Deadly Poison","ReplayTheSpireMod:From All Sides","Footwork+1","infinitespire:Neurotoxin+1","Draining Mist+1","Dagger Spray","Well Laid Plans+1","infinitespire:Fortify","Dodge and Roll","Backflip","Backflip","ReplayTheSpireMod:Necrosis+1","Backflip","Infinite Blades","Toxin Wave","ReplayTheSpireMod:Exploit Weakness","Bouncing Flask","ReplayTheSpireMod:Speed Training+1","Blade Dance"],"relics":["Ring of the Snake","infinitespire:CheckeredPen","Replay:Accelerometer","infinitespire:WardingShard","Art of War","ChewingGum","theJungle:ParSnip","Pen Nib","White Beast Statue","infinitespire:Magic Flask","Shuriken","Painkiller Herb","ReplayTheSpireMod:Shallot","The Courier","hubris:MobiusCoin","Kunai","hubris:AstralHammer","hubris:AncientText","hubris:NiceRug","Replay:Bandana","FossilizedHelix","Frozen Eye","Calipers"],"acts_visited":["Exordium","Exordium","TheBeyond","TheEnding"],"potions_floor_usage":[55,55],"damage_taken":[{"damage":3.0,"enemies":"2 Louse","floor":1.0,"turns":3.0},{"damage":0.0,"enemies":"Cultist","floor":3.0,"turns":4.0},{"damage":27.0,"enemies":"Lagavulin","floor":6.0,"turns":6.0},{"damage":0.0,"enemies":"Jaw Worm","floor":8.0,"turns":4.0},{"damage":0.0,"enemies":"Exordium Wildlife","floor":10.0,"turns":3.0},{"damage":11.0,"enemies":"Gremlin Nob","floor":12.0,"turns":4.0},{"damage":17.0,"enemies":"Replay:BlueRogue","floor":14.0,"turns":10.0},{"damage":15.0,"enemies":"The Guardian","floor":16.0,"turns":12.0},{"damage":8.0,"enemies":"theJungle:GiantWrat","floor":18.0,"turns":4.0},{"damage":1.0,"enemies":"theJungle:MUSHROOMGANG","floor":20.0,"turns":7.0},{"damage":7.0,"enemies":"Nightmare","floor":24.0,"turns":9.0},{"damage":17.0,"enemies":"theJungle:Lyon","floor":27.0,"turns":3.0},{"damage":0.0,"enemies":"theJungle:Cassacara","floor":28.0,"turns":6.0},{"damage":6.0,"enemies":"theJungle:2_Snecko_Cultists","floor":29.0,"turns":4.0},{"damage":4.0,"enemies":"theJungle:2_Flameangoes","floor":30.0,"turns":9.0},{"damage":4.0,"enemies":"theJungle:SlimyTreeVines","floor":31.0,"turns":4.0},{"damage":2.0,"enemies":"theJungle:FunGuy","floor":33.0,"turns":7.0},{"damage":7.0,"enemies":"3 Darklings","floor":35.0,"turns":8.0},{"damage":0.0,"enemies":"3 Shapes","floor":37.0,"turns":6.0},{"damage":3.0,"enemies":"Jaw Worm Horde","floor":39.0,"turns":6.0},{"damage":6.0,"enemies":"R_Hoarder","floor":40.0,"turns":8.0},{"damage":0.0,"enemies":"3 Darklings","floor":44.0,"turns":6.0},{"damage":0.0,"enemies":"Nemesis","floor":45.0,"turns":7.0},{"damage":0.0,"enemies":"Reptomancer","floor":47.0,"turns":2.0},{"damage":10.0,"enemies":"Transient","floor":48.0,"turns":5.0},{"damage":29.0,"enemies":"Time Eater","floor":50.0,"turns":10.0},{"damage":0.0,"enemies":"hubris:Merchant","floor":53.0,"turns":4.0},{"damage":0,"enemies":"Shield and Spear","floor":54,"turns":5},{"damage":0,"enemies":"The Heart","floor":55,"turns":5}],"seed_played":"-8975729639905972580","potions_obtained":[{"floor":2.0,"key":"Adrenaline Potion"},{"floor":2.0,"key":"GamblersBrew"},{"floor":6.0,"key":"Dexterity Potion"},{"floor":12.0,"key":"SneckoOil"},{"floor":27.0,"key":"Flashbang"},{"floor":28.0,"key":"PowerPotion"},{"floor":30.0,"key":"DuplicationPotion"},{"floor":35.0,"key":"Poison Potion"},{"floor":54,"key":"PowerPotion"}],"is_trial":false,"path_per_floor":["M","?","M","?","T","E","R","M","T","M","?","E","R","E","R","B",null,"M","?","M","?","?","R","NM","AVR","T","M","E","M","M","M","R","B",null,"?","AVR","?","?","?","E","T","T","T","?","E","T","E","?","T","B",null,"T","T","E","B",null],"character_chosen":"THE_SILENT","items_purchased":["ReplayTheSpireMod:Exploit Weakness"],"campfire_rested":5,"item_purchase_floors":[42],"current_hp_per_floor":[56,56,56,56,56,29,29,29,29,29,29,18,37,20,20,5,51,43,43,42,29,29,48,41,41,41,24,24,18,14,16,35,33,58,51,51,51,51,48,42,42,42,42,42,42,42,42,32,51,22,55,66,66,66,66],"gold":864,"neow_bonus":"THREE_CARDS","is_daily":false,"chose_seed":false,"campfire_upgraded":6,"win_rate":0.0,"timestamp":1609610501,"path_taken":["M","?","?","?","?","E","R","M","T","M","?","E","R","E","R","BOSS","M","?","M","?","?","R","NM","AVR","T","?","E","M","M","M","R","BOSS","?","AVR","?","?","?","E","T","T","T","?","E","T","E","?","T","BOSS","T","T","E","BOSS"],"items_purchased_type":["Card"],"build_version":"2020-12-22","purchased_purges":2,"victory":true,"max_hp_per_floor":[66,66,66,66,66,66,66,66,66,66,66,66,66,66,66,66,66,66,66,66,66,66,66,66,66,66,66,66,66,66,66,66,66,66,66,66,66,66,66,66,66,66,66,66,66,66,66,66,66,66,66,66,66,66,66],"relic_stats":{"counters":[29,171],"Shuriken":[22],"Pen Nib":[16],"Art of War":[18],"Kunai":[13],"obtain_stats":[{"Replay:Accelerometer":9,"hubris:MobiusCoin":40,"Calipers":54,"Painkiller Herb":34,"Pen Nib":24,"The Courier":38,"infinitespire:CheckeredPen":6,"infinitespire:Magic Flask":26,"White Beast Statue":25,"Frozen Eye":53,"Replay:Bandana":53,"infinitespire:WardingShard":12,"ReplayTheSpireMod:Shallot":36,"Shuriken":28,"hubris:AstralHammer":45,"ChewingGum":17,"Art of War":14,"Kunai":43,"theJungle:ParSnip":19,"hubris:AncientText":47,"FossilizedHelix":53,"Ring of the Snake":0,"hubris:NiceRug":53},{"Replay:Accelerometer":4,"hubris:MobiusCoin":21,"Calipers":28,"Painkiller Herb":17,"Pen Nib":11,"The Courier":19,"infinitespire:CheckeredPen":3,"infinitespire:Magic Flask":11,"White Beast Statue":11,"Frozen Eye":27,"Replay:Bandana":27,"infinitespire:WardingShard":6,"ReplayTheSpireMod:Shallot":18,"Shuriken":13,"hubris:AstralHammer":23,"ChewingGum":8,"Art of War":7,"Kunai":21,"theJungle:ParSnip":9,"hubris:AncientText":24,"FossilizedHelix":27,"Ring of the Snake":0,"hubris:NiceRug":27},{"Replay:Accelerometer":17,"hubris:MobiusCoin":127,"Calipers":166,"Painkiller Herb":99,"Pen Nib":66,"The Courier":113,"infinitespire:CheckeredPen":13,"infinitespire:Magic Flask":66,"White Beast Statue":66,"Frozen Eye":161,"Replay:Bandana":161,"infinitespire:WardingShard":24,"ReplayTheSpireMod:Shallot":107,"Shuriken":75,"hubris:AstralHammer":140,"ChewingGum":46,"Art of War":34,"Kunai":127,"theJungle:ParSnip":50,"hubris:AncientText":142,"FossilizedHelix":161,"Ring of the Snake":0,"hubris:NiceRug":161}],"Ring of the Snake":[58]},"card_choices":[{"not_picked":["Dagger Throw","Tactician"],"picked":"Poisoned Stab","floor":0.0},{"not_picked":["Eviscerate","Slice"],"picked":"Catalyst","floor":1.0},{"not_picked":["Prepared","Underhanded Strike","Slice"],"picked":"SKIP","floor":3.0},{"not_picked":["Backflip","Outmaneuver"],"picked":"PiercingWail","floor":6.0},{"not_picked":["hubris:Sniper","Quick Slash"],"picked":"Deadly Poison","floor":8.0},{"not_picked":["Dodge and Roll","Caltrops"],"picked":"ReplayTheSpireMod:From All Sides","floor":10.0},{"not_picked":["Dagger Spray","Quick Slash"],"picked":"Footwork","floor":12.0},{"not_picked":["Acrobatics","All Out Attack","Calculated Gamble"],"picked":"SKIP","floor":14.0},{"not_picked":["Phantasmal Killer","Replay:Bag of Tricks"],"picked":"infinitespire:Neurotoxin","floor":16.0},{"not_picked":["Flying Knee","Cloak And Dagger"],"picked":"Draining Mist","floor":18.0},{"not_picked":["hubris:SlightOfHand","Slice"],"picked":"Dagger Spray","floor":20.0},{"not_picked":["hubris:Counter","Infinite Blades"],"picked":"Well Laid Plans","floor":24.0},{"not_picked":["Outmaneuver+1","Blade Dance+1","Choke"],"picked":"SKIP","floor":27.0},{"not_picked":["Outmaneuver","Toxin Wave","Prepared"],"picked":"SKIP","floor":28.0},{"not_picked":["Cloak And Dagger","hubris:Sniper"],"picked":"Dodge and Roll","floor":29.0},{"not_picked":["Flying Knee","Underhanded Strike"],"picked":"Backflip","floor":30.0},{"not_picked":["Blade Dance","Hidden Blade"],"picked":"Backflip","floor":31.0},{"not_picked":["Phantasmal Killer","Die Die Die"],"picked":"ReplayTheSpireMod:Necrosis","floor":33.0},{"not_picked":["Prepared","Outmaneuver+1","Concentrate"],"picked":"SKIP","floor":35.0},{"not_picked":["Masterful Stab","Calculated Gamble"],"picked":"Backflip","floor":37.0},{"not_picked":["Prepared","Eviscerate"],"picked":"Infinite Blades","floor":39.0},{"not_picked":["hubris:Sniper","ReplayTheSpireMod:Tripwire+1"],"picked":"Toxin Wave","floor":40.0},{"not_picked":["Blade Dance+1","Outmaneuver"],"picked":"Bouncing Flask","floor":44.0},{"not_picked":["Grand Finale","Slice"],"picked":"ReplayTheSpireMod:Speed Training+1","floor":45.0},{"not_picked":["Outmaneuver+1","Unload"],"picked":"Blade Dance","floor":47.0},{"not_picked":["Bane","Outmaneuver+1","Tactician+1"],"picked":"SKIP","floor":48.0},{"not_picked":["Slice"],"picked":"SKIP","floor":53.0},{"not_picked":["Bane"],"picked":"SKIP","floor":53.0},{"not_picked":["conspire:PoisonWeapons"],"picked":"SKIP","floor":53.0},{"not_picked":["Prepared+1"],"picked":"SKIP","floor":53.0},{"not_picked":["Well Laid Plans"],"picked":"SKIP","floor":53.0},{"not_picked":["Madness"],"picked":"SKIP","floor":53.0},{"not_picked":["Metamorphosis"],"picked":"SKIP","floor":53.0},{"not_picked":["ReplayTheSpireMod:Scrap Shanks","Accuracy","Deadly Poison"],"picked":"SKIP","floor":54}],"player_experience":934531,"relics_obtained":[{"floor":6.0,"key":"infinitespire:CheckeredPen"},{"floor":9.0,"key":"Replay:Accelerometer"},{"floor":12.0,"key":"infinitespire:WardingShard"},{"floor":14.0,"key":"Art of War"},{"floor":24.0,"key":"Pen Nib"},{"floor":26.0,"key":"infinitespire:Magic Flask"},{"floor":28.0,"key":"Shuriken"},{"floor":38.0,"key":"The Courier"},{"floor":40.0,"key":"hubris:MobiusCoin"},{"floor":43.0,"key":"Kunai"},{"floor":45.0,"key":"hubris:AstralHammer"},{"floor":47.0,"key":"hubris:AncientText"},{"floor":53.0,"key":"Replay:Bandana"},{"floor":53.0,"key":"FossilizedHelix"},{"floor":53.0,"key":"Frozen Eye"},{"floor":54,"key":"Calipers"}],"event_choices":[{"damage_healed":0.0,"max_hp_gain":0.0,"max_hp_loss":0.0,"gold_gain":0.0,"event_name":"Lab","player_choice":"Got Potions","floor":2.0,"gold_loss":0.0,"damage_taken":0.0},{"damage_healed":0.0,"max_hp_gain":0.0,"max_hp_loss":0.0,"gold_gain":0.0,"event_name":"Wheel of Change","player_choice":"Relic","floor":38.0,"gold_loss":0.0,"damage_taken":0.0}],"is_beta":false,"boss_relics":[{"not_picked":["conspire:RunicOctahedron","ReplayTheSpireMod:DimensionalGlitch"],"picked":"ChewingGum"},{"not_picked":["SlaversCollar","infinitespire:Cupcake"],"picked":"Painkiller Herb"}],"items_purged_floors":[25,36],"is_endless":false,"potions_floor_spawned":[6,12,14,27,28,29,30,31,33,35,37,39,40,44,45,47,48,54],"ascension_level":15}}