{"host":"p08oqmr389b4tgxi","time":1609546598,"event":{"mods":["Act Like it!","Arknights The Spire","BaseMod","Colored Powertips","Friendly Minions","Gensokyo","Hermit","Minty Spire (QoL Compilation)","Pale of the Ancients","Relic Stats","StSLib","The Alterego","The Marked","UnlockEverythingMod","Yakumo Yukari mod"],"gold_per_floor":[117,135,149,149,162,205,205,205,205],"floor_reached":8,"playtime":356,"items_purged":[],"score":58,"play_id":"3033cfec-c4ad-4cc7-afa8-0d59d9e85775","local_time":"20210102081638","is_ascension_mode":false,"campfire_choices":[{"floor":7,"key":"REST"}],"circlet_count":0,"master_deck":["ats:Strike C","ats:Strike G","ats:Strike S","ats:Strike V","ats:Armor Crushing Shot","ats:Defend","ats:Defend","ats:Defend","ats:Defend","ats:Emotion Absorption","ats:Healing Strengthening","ats:Explosion Area Strengthen","ats:Dogmatic Field","ats:Closed Bolt Burst Fire","ats:Hammer On"],"relics":["ats:Sanity","NeowsBlessing","Golden Idol","ats:Originium","Sundial"],"acts_visited":["Exordium"],"potions_floor_usage":[6],"damage_taken":[{"damage":0.0,"enemies":"Cultist","floor":1.0,"turns":1.0},{"damage":0.0,"enemies":"Jaw Worm","floor":2.0,"turns":1.0},{"damage":0.0,"enemies":"2 Louse","floor":3.0,"turns":1.0},{"damage":48.0,"enemies":"Lots of Slimes","floor":5.0,"turns":10.0},{"damage":65,"enemies":"Lagavulin","floor":6,"turns":11},{"damage":20,"enemies":"Gremlin Nob","floor":8,"turns":4}],"seed_played":"-824155039581757295","potions_obtained":[{"floor":1.0,"key":"FearPotion"},{"floor":2.0,"key":"Regen Potion"}],"is_trial":false,"path_per_floor":["M","M","M","?","M","E","R","E"],"character_chosen":"DOCTOR_CLASS","items_purchased":[],"campfire_rested":1,"item_purchase_floors":[],"current_hp_per_floor":[72,72,72,54,72,7,28,8,8],"gold":205,"neow_bonus":"THREE_ENEMY_KILL","is_daily":false,"chose_seed":false,"campfire_upgraded":0,"win_rate":0.0,"timestamp":1609546598,"path_taken":["M","M","?","?","M","E","R","E"],"items_purchased_type":[],"build_version":"2020-12-22","purchased_purges":0,"victory":false,"max_hp_per_floor":[72,72,72,72,72,72,72,72,72],"relic_stats":{"counters":[6,28],"Golden Idol":12,"Sundial":[0],"obtain_stats":[{"NeowsBlessing":0,"ats:Originium":6,"Golden Idol":4,"Sundial":6,"ats:Sanity":0},{"NeowsBlessing":0,"ats:Originium":5,"Golden Idol":3,"Sundial":5,"ats:Sanity":0},{"NeowsBlessing":0,"ats:Originium":24,"Golden Idol":3,"Sundial":24,"ats:Sanity":0}]},"card_choices":[{"not_picked":["ats:Song Of Battle","ats:Apocalypse"],"picked":"ats:Healing Strengthening","floor":1.0},{"not_picked":["ats:Powerful Strike","ats:Assault Order"],"picked":"ats:Explosion Area Strengthen","floor":2.0},{"not_picked":["ats:Apocalypse","ats:Counter Healing Mode"],"picked":"ats:Dogmatic Field","floor":3.0},{"not_picked":["ats:Shell Defense","ats:Cat Scratch"],"picked":"ats:Closed Bolt Burst Fire","floor":5.0},{"not_picked":["ats:Explosion Area Strengthen","ats:Burning Ground"],"picked":"ats:Hammer On","floor":6}],"player_experience":6924,"relics_obtained":[{"floor":6,"key":"ats:Originium"},{"floor":6,"key":"Sundial"}],"event_choices":[{"damage_healed":0.0,"max_hp_gain":0.0,"max_hp_loss":0.0,"gold_gain":0.0,"event_name":"Golden Idol","player_choice":"Take Damage","floor":4.0,"gold_loss":0.0,"damage_taken":18.0,"relics_obtained":["Golden Idol"]}],"is_beta":false,"boss_relics":[],"items_purged_floors":[],"is_endless":false,"potions_floor_spawned":[1,2],"killed_by":"Gremlin Nob","ascension_level":0}}