{"host":"wl9at99caqxndrn4","time":1609586235,"event":{"mods":["BaseMod","BetterRewards","Colored Map","Colored Powertips","Downfall","Googly Eyes","Hermit","Lobotomy","Marisa（霧雨　魔理沙）","Minty Spire (QoL Compilation)","Quick Restart","Rare Cards Sparkle","Remilia（蕾米莉亚）","Shop Mod","StSLib","The Animator","The Construct","The Cursed","The Disciple","The Hierophant","The Necromancer","The Poker Player","The Runesmith"],"gold_per_floor":[127,127,127,127,127,127,145,190,190,205,26,61,61,61],"floor_reached":13,"playtime":1486,"items_purged":[],"score":108,"play_id":"22601d31-54b1-400d-bdec-a5ad0c5d2aec","local_time":"20210102191715","is_ascension_mode":false,"campfire_choices":[{"floor":6,"key":"RECALL"}],"circlet_count":0,"master_deck":["animator:Strike_Konosuba","animator:Defend_Konosuba","animator:Strike+1","animator:Strike","animator:Strike","animator:Defend","animator:Defend","animator:Defend","animator:Kazuma","animator:Aqua","animator:SakuraMatou","animator:Vesta+1","animator:Millim","animator:Souei","animator:Kaijin","animator:Benimaru"],"relics":["animator:LivingPicture","animator:ColorlessFragment","Mango","Runesmith:AutoHammer","CaptainsWheel"],"acts_visited":["Exordium"],"potions_floor_usage":[],"damage_taken":[{"damage":9,"enemies":"2 Louse","floor":1,"turns":3},{"damage":0,"enemies":"Cultist","floor":7,"turns":6},{"damage":44,"enemies":"Lagavulin","floor":8,"turns":11},{"damage":12,"enemies":"Jaw Worm","floor":10,"turns":5},{"damage":17,"enemies":"2 Fungi Beasts","floor":12,"turns":5},{"damage":13,"enemies":"Gremlin Nob","floor":13,"turns":2}],"seed_played":"-293597448010397696","potions_obtained":[{"floor":10,"key":"champ:CounterPotion"},{"floor":12,"key":"Ancient Potion"}],"is_trial":false,"path_per_floor":["M","?","?","?","T","R","M","E","T","M","$","M","E"],"character_chosen":"THE_ANIMATOR","items_purchased":["animator:ColorlessFragment"],"campfire_rested":0,"item_purchase_floors":[11],"current_hp_per_floor":[57,57,57,57,71,71,74,32,32,23,23,8,0,0],"gold":61,"neow_bonus":"THREE_CARDS","is_daily":false,"chose_seed":false,"campfire_upgraded":0,"win_rate":0.0,"timestamp":1609586235,"path_taken":["M","?","?","?","?","R","M","E","T","M","?","?","E"],"items_purchased_type":["Relic"],"build_version":"2020-12-22","purchased_purges":0,"victory":false,"max_hp_per_floor":[66,66,66,66,80,80,81,81,81,82,82,82,82,82],"card_choices":[{"not_picked":["animator:TukaLunaMarceau","animator:ShinjiMatou"],"picked":"animator:SakuraMatou","floor":0},{"not_picked":["animator:Tatsumaki","animator:Shuna"],"picked":"animator:Vesta","floor":1},{"not_picked":["animator:Entoma","animator:Mitsurugi"],"picked":"animator:Millim","floor":7},{"not_picked":["animator:Illya","animator:Millim"],"picked":"animator:Souei","floor":8},{"not_picked":["animator:Millim","animator:Vesta"],"picked":"animator:Kaijin","floor":10},{"not_picked":["animator:PandorasActor","animator:MumenRider"],"picked":"animator:Benimaru","floor":12}],"player_experience":168865,"relics_obtained":[{"floor":5,"key":"Mango"},{"floor":8,"key":"Runesmith:AutoHammer"},{"floor":9,"key":"CaptainsWheel"}],"event_choices":[{"damage_healed":0,"gold_gain":0,"player_choice":"Grow","damage_taken":0,"max_hp_gain":0,"max_hp_loss":0,"event_name":"Living Wall","floor":2,"gold_loss":0,"cards_upgraded":["animator:Vesta"]},{"damage_healed":0,"gold_gain":0,"player_choice":"Ignored","damage_taken":0,"max_hp_gain":0,"max_hp_loss":0,"event_name":"Liars Game","floor":3,"gold_loss":0},{"damage_healed":0,"gold_gain":0,"player_choice":"Ignored","damage_taken":0,"max_hp_gain":0,"max_hp_loss":0,"event_name":"Golden Idol","floor":4,"gold_loss":0}],"is_beta":false,"boss_relics":[],"items_purged_floors":[],"is_endless":false,"potions_floor_spawned":[10,12],"killed_by":"Gremlin Nob","ascension_level":0}}