{"host":"ceopyqoizwrgii5g","time":1609587574,"event":{"mods":["ATMod(阿瑾Mod)","Act Like it!","Aspiration","BaseMod","BetterRewards","CapriCore","Conspire","Dota2Spire","GungeonMod","Hallownest","Hermit","Infinite Spire","Luminous","Marisa（霧雨　魔理沙）","Minty Spire (QoL Compilation)","Permanent Neow","Quick Restart","Reimu（博???）","Remilia（蕾米莉?）","Replay The Spire","Robot Space Explorer","RumiaBox-露米?的神秘盒子","SOS（斯巴?之子）","Shop Mod","Spicy Shops","StSLib","SuperFastMode","The Bug Knight","The Cursed","The Marked","Transform Curses","WarShipGirlsR/??少女R mod","Yakumo Yukari mod","Youmu（魂魄妖?）","【功能Mod】混沌之?修复?丁","【?物卡牌】REMEMod"],"gold_per_floor":[112,39,39,39,4,4,31,31,58,78,97,114,114,143,143,245,245,261,201,201,219,319,319,319,319,345,360,360,380,396,423,423,521,521,533,176,193,193,210,210,243,256,281,299,309,309,323,334,334,435,435,451,451,451,451,458,475,497,508,508,508,531,536,556,556,556,647,647,654,667,671,673,323,347,333,333,333,339,339,438,438,464,464,560,560,568,568,568,637,633,659,672,672,672,672,675,675,680,318,318,401,401,412,421,430,430,430,430,446,446,500,525,531,531,567,559,559,643,643,652,852,289,285,285,285,315,261,261,259,275,283,283,290,290,383,383,389,391,423,432,358,358,381,381,406,414,414,411,429,441,441,525,525,525,447,471,470],"floor_reached":158,"playtime":3477,"items_purged":["theMarked:EnhanceMovement","theMarked:TakeCover","theMarked:ChainLightning","theMarked:Strike","theMarked:MaelstromOfLightning+1","theMarked:Strike","theMarked:Strike+1","theMarked:Strike","theMarked:Strike+1"],"score":4038,"play_id":"b6d74a40-5247-4653-b9b8-e75eb0d7b6ca","local_time":"20210102193934","is_ascension_mode":false,"campfire_choices":[{"data":"Limit Break","floor":6.0,"key":"SMITH"},{"data":"AT_Dispersion","floor":8.0,"key":"SMITH"},{"floor":15.0,"key":"REST"},{"data":"theMarked:SummonStrength","floor":23.0,"key":"SMITH"},{"data":"theMarked:EternalStudent","floor":25.0,"key":"SMITH"},{"floor":28.0,"key":"REST"},{"floor":32.0,"key":"REST"},{"data":"theMarked:ElementalBlade","floor":40.0,"key":"SMITH"},{"floor":49.0,"key":"REST"},{"data":"theMarked:ElementalBlade","floor":61,"key":"SMITH"},{"data":"theMarked:Overcharge","floor":66,"key":"SMITH"},{"data":"theMarked:SoldierForm","floor":81,"key":"SMITH"},{"data":"theMarked:MaelstromOfLightning","floor":83,"key":"SMITH"},{"data":"theMarked:TakeOffHeels","floor":93,"key":"SMITH"},{"data":"theMarked:ParalyzingBlade","floor":93,"key":"SMITH"},{"data":"theMarked:StartUp","floor":95,"key":"SMITH"},{"data":"theMarked:TunnelVision","floor":95,"key":"SMITH"},{"data":"theMarked:SwordAndMagic","floor":100,"key":"SMITH"},{"data":"theMarked:SoldierOfQuellstein","floor":100,"key":"SMITH"},{"data":"theMarked:EmpowerWeapon","floor":108,"key":"SMITH"},{"data":"theMarked:Defend","floor":108,"key":"SMITH"},{"data":"theMarked:Defend","floor":114,"key":"SMITH"},{"data":"theMarked:Defend","floor":114,"key":"SMITH"},{"data":"theMarked:Strike","floor":117,"key":"SMITH"},{"data":"theMarked:Strike","floor":117,"key":"SMITH"},{"floor":125,"key":"REST"},{"floor":132,"key":"RECALL"},{"data":"theMarked:Defend+1","floor":134,"key":"PURGE"},{"floor":142,"key":"REST"},{"floor":151,"key":"DIG"},{"floor":154,"key":"REST"}],"circlet_count":0,"master_deck":["theMarked:Defend+1","theMarked:Defend+2","theMarked:Defend+1","theMarked:SoldierOfQuellstein+1","AT_Dispersion+1","Limit Break+1","theMarked:EternalStudent+1","theMarked:SwordAndMagic+1","theMarked:TunnelVision+1","theMarked:EmpowerWeapon+1","theMarked:SummonStrength+1","theMarked:Overcharge+1","theMarked:ElementalBlade+1","theMarked:EternalStudent+1","theMarked:StartUp+1","theMarked:ElementalBlade+1","theMarked:ParalyzingBlade+1","theMarked:SoldierForm+1","theMarked:SwordAndMagic+1","theMarked:Overcharge+1","infinitespire:SealOfDarkness+","theMarked:TakeOffHeels+1","theMarked:BindingBlade+1","theMarked:ChannelForce+1","theMarked:EternalStudent+1","theMarked:Parry+1","theMarked:EternalStudent+1","TheCursedMod:Dregs"],"relics":["theMarked:ArtifactOfAir","REME_ComplimentaryCards","AT_ATBox","MerchantsRug","Potion Belt","Membership Card","SecretRecord","SecretRecord","SecretRecord","SecretRecord","SecretRecord","SecretRecord","theMarked:Winder","FlyPower:ReiMu","Kunai","Dota2Spire:PhaseBoots","ZombieArmy","GodSword7","Dota2Spire:EchoSabre","Busted Crown","Honey Jar","theMarked:BronzeBlade","Counterbalance","CaptainsWheel","infinitespire:CursedDice","Boot","GodSword4","ScarletDevilRocket","SoulBox","Vajra","PreservedInsect","Frozen Eye","Singing Bowl","Dota2Spire:ShadowBlade","AT_EbonyIvory","infinitespire:FocusingShard","Painkiller Herb","Dota2Spire:PowerTreads","Replay:Arrowhead","Eternal Feather","AT_SilvercatRing","Sling","Dota2Spire:DrumOfEndurance","conspire:SpecialSausage","aspiration:RandomNobGenerator","HornCleat","Pen Nib","AT_ChloranthyRing","Dota2Spire:Bloodstone","theMarked:SecretDocuments","Dota2Spire:EtherealBlade","OrangePellets","Medical Kit","Happy Flower","TentaclePot:ReiMu","SlaversCollar","Oddly Smooth Stone","BargainBundle","infinitespire:Beetle Shell","Replay:Rubber Ducky","DollysMirror","DemoMod:WeirdEgg","DemoMod:PinkGuonStone","ReplayTheSpireMod:DimensionalGlitch","ReplayTheSpireMod:ShopPack","Lantern","Omamori","DemoMod:SerJunkan","DemoMod:MonsterBlood","Dota2Spire:RefresherOrb","Blue Doll","DemoMod:Junk","DemoMod:GlassGuonStoneRelic","DemoMod:BigBoy","Replay:Ancient Bell","Juzu Bracelet","conspire:Dentures","aspiration:AnachronicSnailShell","HandDrill"],"acts_visited":["Exordium","TheCity","TheBeyond","Exordium","TheCity","TheBeyond","Exordium","TheCity","TheBeyond","TheEnding"],"potions_floor_usage":[105,105,105],"damage_taken":[{"damage":2.0,"enemies":"conspire:RoseBush","floor":1.0,"turns":3.0},{"damage":11.0,"enemies":"3 Sentries","floor":7.0,"turns":8.0},{"damage":0.0,"enemies":"Cultist","floor":10.0,"turns":3.0},{"damage":6.0,"enemies":"Jaw Worm","floor":11.0,"turns":2.0},{"damage":11.0,"enemies":"Large Slime","floor":12.0,"turns":2.0},{"damage":6.0,"enemies":"Gremlin Nob","floor":14.0,"turns":3.0},{"damage":26.0,"enemies":"The Guardian","floor":16.0,"turns":6.0},{"damage":0.0,"enemies":"Chosen","floor":18.0,"turns":3.0},{"damage":5.0,"enemies":"Spheric Guardian","floor":21.0,"turns":3.0},{"damage":15.0,"enemies":"conspire:HollyBat","floor":27.0,"turns":5.0},{"damage":0.0,"enemies":"Snake Plant","floor":29.0,"turns":2.0},{"damage":11.0,"enemies":"Cultist and Chosen","floor":30.0,"turns":5.0},{"damage":19.0,"enemies":"Nightmare","floor":31.0,"turns":5.0},{"damage":24.0,"enemies":"Automaton","floor":33.0,"turns":6.0},{"damage":25.0,"enemies":"3 Darklings","floor":35.0,"turns":4.0},{"damage":4.0,"enemies":"Orb Walker","floor":37.0,"turns":3.0},{"damage":3.0,"enemies":"Spire Growth","floor":39.0,"turns":3.0},{"damage":0.0,"enemies":"HollowMod:StalkingDevout","floor":41.0,"turns":2.0},{"damage":0.0,"enemies":"Writhing Mass","floor":42.0,"turns":3.0},{"damage":0.0,"enemies":"Transient","floor":44.0,"turns":5.0},{"damage":13.0,"enemies":"HollowMod:SlobberingHusk","floor":45.0,"turns":4.0},{"damage":14.0,"enemies":"4 Shapes","floor":47.0,"turns":3.0},{"damage":0.0,"enemies":"Transient","floor":48.0,"turns":5.0},{"damage":18.0,"enemies":"conspire:OrnateMirror","floor":50.0,"turns":5.0},{"damage":0.0,"enemies":"Jaw Worm","floor":52.0,"turns":1.0},{"damage":0.0,"enemies":"Small Slimes","floor":56.0,"turns":1.0},{"damage":0,"enemies":"3 Sentries","floor":57,"turns":2},{"damage":0,"enemies":"Nightmare","floor":58,"turns":1},{"damage":0,"enemies":"2 Louse","floor":59,"turns":1},{"damage":0,"enemies":"Lagavulin","floor":62,"turns":1},{"damage":0,"enemies":"Blue Slaver","floor":63,"turns":1},{"damage":0,"enemies":"Gremlin Nob","floor":64,"turns":1},{"damage":0,"enemies":"The Guardian","floor":67,"turns":1},{"damage":0,"enemies":"conspire:FuzzyDice","floor":69,"turns":1},{"damage":0,"enemies":"2 Thieves","floor":70,"turns":1},{"damage":0,"enemies":"Snake Plant","floor":71,"turns":2},{"damage":0,"enemies":"Centurion and Healer","floor":72,"turns":2},{"damage":0,"enemies":"Book of Stabbing","floor":74,"turns":1},{"damage":0,"enemies":"conspire:HollyBat","floor":75,"turns":4},{"damage":0,"enemies":"Chosen and Byrds","floor":78,"turns":1},{"damage":0,"enemies":"Nightmare","floor":82,"turns":1},{"damage":0,"enemies":"conspire:MysteriousRune","floor":84,"turns":1},{"damage":0,"enemies":"3 Darklings","floor":86,"turns":2},{"damage":0,"enemies":"3 Shapes","floor":90,"turns":2},{"damage":0,"enemies":"Nemesis","floor":91,"turns":1},{"damage":0,"enemies":"Maw","floor":92,"turns":1},{"damage":0,"enemies":"Sphere and 2 Shapes","floor":96,"turns":2},{"damage":0,"enemies":"4 Shapes","floor":97,"turns":2},{"damage":0,"enemies":"Sphere and 2 Shapes","floor":98,"turns":2},{"damage":0,"enemies":"Donu and Deca","floor":101,"turns":2},{"damage":0,"enemies":"Small Slimes","floor":103,"turns":1},{"damage":2,"enemies":"conspire:RoseBush","floor":104,"turns":1},{"damage":0,"enemies":"2 Louse","floor":105,"turns":1},{"damage":0,"enemies":"Replay:BlueRogue","floor":109,"turns":1},{"damage":0,"enemies":"Nightmare","floor":112,"turns":1},{"damage":0,"enemies":"Large Slime","floor":113,"turns":1},{"damage":0,"enemies":"Exordium Thugs","floor":116,"turns":2},{"damage":0,"enemies":"Slime Boss","floor":118,"turns":2},{"damage":0,"enemies":"Shell Parasite","floor":120,"turns":1},{"damage":0,"enemies":"Chosen","floor":123,"turns":2},{"damage":0,"enemies":"Slavers","floor":126,"turns":1},{"damage":0,"enemies":"Shelled Parasite and Fungi","floor":129,"turns":2},{"damage":8,"enemies":"Nightmare_Alpha","floor":130,"turns":3},{"damage":0,"enemies":"Snake Plant","floor":131,"turns":1},{"damage":0,"enemies":"Centurion and Healer","floor":133,"turns":1},{"damage":0,"enemies":"Automaton","floor":135,"turns":1},{"damage":0,"enemies":"3 Darklings","floor":137,"turns":1},{"damage":5,"enemies":"3 Shapes","floor":138,"turns":1},{"damage":0,"enemies":"Sphere and 2 Shapes","floor":140,"turns":1},{"damage":0,"enemies":"Reptomancer","floor":143,"turns":1},{"damage":0,"enemies":"Spire Growth","floor":146,"turns":1},{"damage":0,"enemies":"Jaw Worm Horde","floor":148,"turns":1},{"damage":31,"enemies":"Nightmare_Alpha","floor":149,"turns":3},{"damage":0,"enemies":"Writhing Mass","floor":150,"turns":1},{"damage":0,"enemies":"infinitespire:LordOfFortification","floor":152,"turns":1},{"damage":0,"enemies":"Shield and Spear","floor":156,"turns":1},{"damage":2,"enemies":"The Heart","floor":157,"turns":1}],"seed_played":"4948106976255237148","potions_obtained":[{"floor":7.0,"key":"AttackPotion"},{"floor":27.0,"key":"Block Potion"},{"floor":33.0,"key":"LiquidBronze"},{"floor":35.0,"key":"Elixir"},{"floor":37.0,"key":"GrandPatriotsElixir:ReiMu"},{"floor":45.0,"key":"Adrenaline Potion"},{"floor":50.0,"key":"Dota2Spire:HealingSalve"},{"floor":59,"key":"Block Potion"},{"floor":63,"key":"Doom Potion"},{"floor":64,"key":"Milkshake"},{"floor":67,"key":"FearPotion"},{"floor":72,"key":"Weak Potion"},{"floor":101,"key":"FearPotion"},{"floor":116,"key":"Strength Potion"},{"floor":123,"key":"Strength Potion"},{"floor":129,"key":"Regen Potion"},{"floor":135,"key":"Energy Potion"}],"is_trial":false,"path_per_floor":["M","?","$","T","$","R","E","R","T","M","M","M","$","E","R","B",null,"M","?","?","M","?","R","AVR","R","T","M","R","M","M","NM","R","B",null,"M","$","M","?","M","R","E","M","T","M","M","AVR","M","M","R","B",null,"M","AVR","?","?","M","E","NM","M","T","R","E","M","E","?","R","B",null,"M","M","M","M","$","E","M","AVR","T","M","?","?","R","NM","R","B",null,"M","AVR","?","T","?","E","?","T","T","T","?","?","?","T","T","B",null,"?","?","?","AVR","?","T","E","?","T","NM","?","T","?","?","T","B",null,"?","?","T","?","AVR","T","E","T","T","?","NM","?","T","?","T","B",null,"?","?","T","?","T","T","E","?","T","?","AVR","?","NM","?","T","B",null,"T","T","E","B",null],"character_chosen":"THE_DEFAULT","items_purchased":["MerchantsRug","theMarked:EternalStudent","Potion Belt","Membership Card","theMarked:SwordAndMagic","theMarked:EmpowerWeapon","theMarked:Winder","aspiration:Nostalgia","Kunai","Dota2Spire:PhaseBoots","ZombieArmy","GodSword7","Vajra","PreservedInsect","Frozen Eye","Singing Bowl","Replay:Arrowhead","Lee\u0027s Waffle","aspiration:DSix","Sling","Dota2Spire:DrumOfEndurance","theMarked:SecretDocuments","Dota2Spire:EtherealBlade","OrangePellets","Medical Kit","Happy Flower","BargainBundle","infinitespire:Beetle Shell","Replay:Rubber Ducky","DollysMirror","ReplayTheSpireMod:ShopPack","Lantern","Omamori","HandDrill"],"campfire_rested":7,"item_purchase_floors":[0,0,0,0,0,5,36,36,36,36,36,36,73,73,73,73,89,89,99,99,99,122,122,122,122,122,127,127,127,127,139,139,141,155],"current_hp_per_floor":[68,68,68,68,68,68,57,57,57,57,51,40,40,34,55,29,70,70,70,70,65,65,65,65,65,65,50,70,70,59,40,61,37,70,45,45,41,41,38,38,38,38,38,38,25,25,11,11,32,14,70,70,70,70,45,45,45,45,45,45,45,45,45,45,45,45,45,70,70,70,70,70,72,74,76,76,76,78,78,78,78,80,80,82,82,84,84,84,91,93,95,97,97,97,97,99,101,103,103,103,103,103,105,105,107,107,107,109,111,111,111,113,115,115,91,93,108,110,123,125,125,125,127,127,127,129,129,129,131,134,136,144,146,146,148,148,150,147,147,149,149,154,154,154,161,163,163,163,136,138,156,158,177,177,177,177,177],"gold":470,"neow_bonus":"","is_daily":false,"chose_seed":false,"campfire_upgraded":21,"win_rate":0.0,"timestamp":1609587574,"path_taken":["M","?","$","?","$","R","E","R","T","M","M","M","?","E","R","BOSS","M","?","?","?","?","R","AVR","R","T","M","R","M","?","NM","R","BOSS","M","$","M","?","M","R","E","M","T","M","M","AVR","M","?","R","BOSS","M","AVR","?","?","M","E","NM","M","T","R","E","M","E","?","R","BOSS","M","?","M","M","$","E","M","AVR","T","?","?","?","R","NM","R","BOSS","M","AVR","?","T","?","E","?","T","T","T","?","?","?","T","T","BOSS","?","?","?","AVR","?","T","E","?","T","NM","?","T","?","?","T","BOSS","?","?","T","?","AVR","T","E","T","T","?","NM","?","T","?","T","BOSS","?","?","T","?","?","T","E","?","T","?","AVR","?","NM","?","T","BOSS","T","T","E","BOSS"],"items_purchased_type":["Relic","Card","Relic","Relic","Card","Card","Relic","Relic","Relic","Relic","Relic","Relic","Relic","Relic","Relic","Relic","Relic","Relic","Relic","Relic","Relic","Relic","Relic","Relic","Relic","Relic","Relic","Relic","Relic","Relic","Relic","Relic","Relic","Relic"],"build_version":"2020-12-22","purchased_purges":9,"victory":true,"max_hp_per_floor":[70,70,70,70,70,70,70,70,70,70,70,70,70,70,70,70,70,70,70,70,70,70,70,70,70,70,70,70,70,70,70,70,70,70,70,70,70,70,70,70,70,70,70,70,70,70,70,70,70,70,70,70,70,70,70,70,70,70,70,70,70,70,70,70,70,70,70,70,70,70,70,70,72,74,76,76,76,78,78,78,78,80,80,82,82,84,84,84,91,93,95,97,97,97,97,99,101,103,103,103,103,103,105,107,109,109,109,109,111,111,111,113,115,115,119,121,121,123,123,125,125,125,127,127,127,129,129,129,131,142,144,144,146,146,148,148,150,152,152,154,154,154,154,154,161,163,163,163,167,169,169,171,177,177,177,177,179],"card_choices":[{"not_picked":["theMarked:MysticalArsenal","theMarked:TwofoldDefense"],"picked":"theMarked:TunnelVision","floor":1.0},{"not_picked":["theMarked:HeightenedSenses","theMarked:WardOff","theMarked:BanishingStrike"],"picked":"SKIP","floor":7.0},{"not_picked":["theMarked:DeterminationOfTheMarked","theMarked:Convert","theMarked:TwofoldDefense"],"picked":"SKIP","floor":10.0},{"not_picked":["theMarked:GodGivenPower","theMarked:TakeCover","theMarked:ChainLightning"],"picked":"SKIP","floor":11.0},{"not_picked":["theMarked:Aftermath","theMarked:EmpowerWeapon","theMarked:RepellingDischarge"],"picked":"SKIP","floor":12.0},{"not_picked":["theMarked:RepellingDischarge","theMarked:Electrocute","theMarked:ElectricStrings"],"picked":"SKIP","floor":14.0},{"not_picked":["theMarked:Abjuration","theMarked:Vacuum"],"picked":"theMarked:SummonStrength","floor":16.0},{"not_picked":["theMarked:ComboAttacks","theMarked:ResourceFulStrike+1"],"picked":"theMarked:Overcharge","floor":18.0},{"not_picked":["theMarked:ResourceFulStrike+1","theMarked:WastefulAttack","theMarked:SwordAndMagic"],"picked":"SKIP","floor":21.0},{"not_picked":["theMarked:WastefulAttack","theMarked:Standoff+1","theMarked:MysticalArsenal"],"picked":"SKIP","floor":27.0},{"not_picked":["theMarked:ChainLightning","theMarked:RepellingDischarge","theMarked:BanishingStrike+1"],"picked":"SKIP","floor":29.0},{"not_picked":["theMarked:ChainLightning+1","theMarked:ContemptForTheProud","theMarked:Electrocute"],"picked":"SKIP","floor":30.0},{"not_picked":["theMarked:Aftermath+1","theMarked:WardOff+1","theMarked:UnarmedFury"],"picked":"SKIP","floor":31.0},{"not_picked":["theMarked:EmpowerWeapon","theMarked:Improvise","theMarked:HeightenedSenses+1"],"picked":"SKIP","floor":35.0},{"not_picked":["theMarked:WardOff+1","theMarked:RogueSparks"],"picked":"theMarked:ElementalBlade","floor":37.0},{"not_picked":["theMarked:Panic","theMarked:ElectricStrings+1","theMarked:WardOff+1"],"picked":"SKIP","floor":39.0},{"not_picked":["theMarked:Aftermath+1","theMarked:HeightenedSenses+1","theMarked:WastefulDefense"],"picked":"SKIP","floor":41.0},{"not_picked":["theMarked:Aftermath","theMarked:ParalyzingBlade+1"],"picked":"theMarked:StartUp","floor":42.0},{"not_picked":["theMarked:MysticalArsenal","theMarked:EmpowerWeapon+1","theMarked:ResourceFulStrike+1"],"picked":"SKIP","floor":44.0},{"not_picked":["theMarked:ReduceFriction","theMarked:TurnInvisible","theMarked:WastefulDefense"],"picked":"SKIP","floor":45.0},{"not_picked":["theMarked:ParalyzingBlade"],"picked":"SKIP","floor":47.0},{"not_picked":["theMarked:RepellingDischarge+1"],"picked":"SKIP","floor":48.0},{"not_picked":["theMarked:EmpowerWeapon"],"picked":"theMarked:ElementalBlade","floor":52.0},{"not_picked":["theMarked:Parkour","theMarked:Indomitable"],"picked":"SKIP","floor":56},{"not_picked":["theMarked:Electrocute"],"picked":"theMarked:ParalyzingBlade","floor":57},{"not_picked":["theMarked:SuspiciousRaven"],"picked":"theMarked:ChainLightning","floor":58},{"not_picked":["theMarked:ResourceFulStrike"],"picked":"theMarked:EnhanceMovement","floor":59},{"not_picked":["theMarked:Convert"],"picked":"theMarked:TakeCover","floor":62},{"not_picked":["theMarked:EmpowerWeapon"],"picked":"theMarked:MaelstromOfLightning","floor":63},{"not_picked":["theMarked:Static"],"picked":"theMarked:ElectricStrings","floor":64},{"not_picked":["theMarked:Snap"],"picked":"theMarked:SoldierForm","floor":67},{"not_picked":["theMarked:WastefulAttack"],"picked":"theMarked:SwordAndMagic","floor":69},{"not_picked":["theMarked:TwofoldDefense","theMarked:SelfDefenseTraining"],"picked":"SKIP","floor":70},{"not_picked":["theMarked:BanishingStrike","theMarked:ParalyzingBlade+1"],"picked":"SKIP","floor":71},{"not_picked":["theMarked:ChainLightning","theMarked:Generate"],"picked":"SKIP","floor":72},{"not_picked":["theMarked:ChainLightning","theMarked:Generate"],"picked":"SKIP","floor":72},{"not_picked":["infinitespire:FinalStrike","infinitespire:NeuralNetwork","infinitespire:TheBestDefense"],"picked":"Singing Bowl","floor":73},{"not_picked":["theMarked:ParalyzingBlade","theMarked:Aftermath"],"picked":"Singing Bowl","floor":74},{"not_picked":["theMarked:Electrocute","theMarked:ReduceFriction+1"],"picked":"Singing Bowl","floor":75},{"not_picked":["theMarked:WardOff+1","theMarked:TunnelVision"],"picked":"Singing Bowl","floor":78},{"not_picked":["infinitespire:UltimateForm","ReplayTheSpireMod:Black Plague","infinitespire:NeuralNetwork"],"picked":"Singing Bowl","floor":82},{"not_picked":["theMarked:Reabsorb"],"picked":"theMarked:Overcharge+1","floor":82},{"not_picked":["theMarked:Defy","theMarked:ThrowWeapon"],"picked":"Singing Bowl","floor":84},{"not_picked":["theMarked:HeightenedSenses+1","theMarked:Panic","REME_ProfessionalPlagiarism"],"picked":"Singing Bowl","floor":86},{"not_picked":[],"picked":"theMarked:TakeOffHeels","floor":88},{"not_picked":["theMarked:BanishingStrike","theMarked:BanishingWave"],"picked":"Singing Bowl","floor":90},{"not_picked":["theMarked:Improvise+1","theMarked:HeightenedSenses"],"picked":"Singing Bowl","floor":91},{"not_picked":["theMarked:BanishingStrike+1","theMarked:ChainLightning"],"picked":"Singing Bowl","floor":92},{"not_picked":["theMarked:WardOff","theMarked:Generate+1"],"picked":"Singing Bowl","floor":96},{"not_picked":["theMarked:TunnelVision","theMarked:Frustration+1"],"picked":"Singing Bowl","floor":97},{"not_picked":["theMarked:Overthink+1","theMarked:ReduceFriction"],"picked":"Singing Bowl","floor":98},{"not_picked":["theMarked:DispelDoubt"],"picked":"theMarked:BindingBlade","floor":101},{"not_picked":["theMarked:RepellingDischarge","theMarked:Standoff"],"picked":"Singing Bowl","floor":103},{"not_picked":["theMarked:TwofoldDefense","theMarked:SwordAndMagic"],"picked":"Singing Bowl","floor":104},{"not_picked":["theMarked:ElectricStrings","theMarked:ShockingTouch"],"picked":"Singing Bowl","floor":105},{"not_picked":["theMarked:ChainLightning","theMarked:BanishingWave"],"picked":"Singing Bowl","floor":109},{"not_picked":["theMarked:BanishingWave","theMarked:SelfDefenseTraining"],"picked":"Singing Bowl","floor":112},{"not_picked":["theMarked:ParalyzingBlade","theMarked:Static"],"picked":"Singing Bowl","floor":113},{"not_picked":["theMarked:BanishingWave","theMarked:Frustration"],"picked":"Singing Bowl","floor":115},{"not_picked":["theMarked:KeepCalmAndFightOn","theMarked:Static"],"picked":"Singing Bowl","floor":115},{"not_picked":["theMarked:BanishingStrike","theMarked:ContemptForTheProud"],"picked":"Singing Bowl","floor":116},{"not_picked":["theMarked:TurnInvisible","theMarked:MagicAdept"],"picked":"Singing Bowl","floor":118},{"not_picked":["theMarked:ElectricStrings","theMarked:Static"],"picked":"Singing Bowl","floor":120},{"not_picked":["theMarked:SummonStrength"],"picked":"theMarked:ChannelForce","floor":121},{"not_picked":["theMarked:ResourceFulStrike+1","theMarked:SwordAndMagic+1"],"picked":"Singing Bowl","floor":123},{"not_picked":["theMarked:RepellingDischarge+1","theMarked:WastefulDefense+1"],"picked":"Singing Bowl","floor":126},{"not_picked":["theMarked:TakeCover+1","theMarked:Electrify"],"picked":"Singing Bowl","floor":129},{"not_picked":["theMarked:RepellingDischarge+1","theMarked:Static"],"picked":"Singing Bowl","floor":130},{"not_picked":["infinitespire:SealOfDarkness+","infinitespire:Fortify","Replay:Fractal Strike"],"picked":"Singing Bowl","floor":130},{"not_picked":["theMarked:HeightenedSenses","theMarked:TunnelVision"],"picked":"Singing Bowl","floor":131},{"not_picked":["theMarked:Polarize","theMarked:TwofoldDefense"],"picked":"Singing Bowl","floor":133},{"not_picked":["theMarked:MagicAdept","theMarked:TakeOffHeels"],"picked":"Singing Bowl","floor":135},{"not_picked":["theMarked:WastefulDefense","theMarked:SwordAndMagic"],"picked":"Singing Bowl","floor":137},{"not_picked":["theMarked:ReduceFriction","theMarked:WardOff+1"],"picked":"Singing Bowl","floor":138},{"not_picked":["theMarked:TwofoldDefense","theMarked:BanishingStrike"],"picked":"Singing Bowl","floor":140},{"not_picked":["theMarked:Improvise"],"picked":"theMarked:Parry+1","floor":143},{"not_picked":["theMarked:BanishingStrike","theMarked:WastefulDefense"],"picked":"Singing Bowl","floor":146},{"not_picked":["theMarked:WardOff"],"picked":"theMarked:EternalStudent","floor":148},{"not_picked":["theMarked:BanishingWave","theMarked:WastefulDefense"],"picked":"Singing Bowl","floor":149},{"not_picked":["infinitespire:Collect","infinitespire:TheBestDefense","infinitespire:Punishment"],"picked":"Singing Bowl","floor":149},{"not_picked":["theMarked:ResourceFulStrike","theMarked:WardOff+1"],"picked":"Singing Bowl","floor":150},{"not_picked":["theMarked:Challenge","theMarked:EternalStudent"],"picked":"Singing Bowl","floor":152},{"not_picked":["Clumsy","ReplayTheSpireMod:Doomed"],"picked":"Singing Bowl","floor":153},{"not_picked":["TheCursedMod:Dregs","infinitespire:Pacifist"],"picked":"Singing Bowl","floor":153},{"not_picked":["conspire:Blindness","TheCursedMod:Dregs"],"picked":"Singing Bowl","floor":153},{"not_picked":["theMarked:Parry","theMarked:ShockingTouch"],"picked":"SKIP","floor":156},{"not_picked":["theMarked:Defy","theMarked:TakeOffHeels"],"picked":"Singing Bowl","floor":157}],"player_experience":407307,"relics_obtained":[{"floor":1.0,"key":"AddBug"},{"floor":4.0,"key":"aspiration:TomeofQuesting"},{"floor":7.0,"key":"Centennial Puzzle"},{"floor":9.0,"key":"Lantern"},{"floor":10.0,"key":"SecretRecord"},{"floor":14.0,"key":"SecretRecord"},{"floor":14.0,"key":"AT_BellowingDragoncrestRing"},{"floor":16.0,"key":"SecretRecord"},{"floor":26.0,"key":"Smiling Mask"},{"floor":27.0,"key":"SecretRecord"},{"floor":31.0,"key":"SecretRecord"},{"floor":31.0,"key":"DemoMod:ClearGuonStone"},{"floor":41.0,"key":"Dota2Spire:EchoSabre"},{"floor":43.0,"key":"Simple Rune"},{"floor":57,"key":"infinitespire:CursedDice"},{"floor":58,"key":"Boot"},{"floor":60,"key":"GodSword4"},{"floor":62,"key":"ScarletDevilRocket"},{"floor":64,"key":"HollowMod:PaleOreRelic"},{"floor":74,"key":"ReplayFunnel"},{"floor":77,"key":"Dota2Spire:ShadowBlade"},{"floor":82,"key":"infinitespire:FocusingShard"},{"floor":85,"key":"Mastiff:ReiMu"},{"floor":85,"key":"REME_HandOfSuture"},{"floor":91,"key":"Eternal Feather"},{"floor":94,"key":"AT_SilvercatRing"},{"floor":109,"key":"Pen Nib"},{"floor":111,"key":"Pet Ghost"},{"floor":112,"key":"AT_ChloranthyRing"},{"floor":115,"key":"DemoMod:Bottle"},{"floor":126,"key":"Oddly Smooth Stone"},{"floor":128,"key":"DemoMod:WeirdEgg"},{"floor":130,"key":"DemoMod:PinkGuonStone"},{"floor":143,"key":"DemoMod:SerJunkan"},{"floor":145,"key":"DemoMod:MonsterBlood"},{"floor":149,"key":"DemoMod:Junk"},{"floor":151,"key":"DemoMod:BigBoy"},{"floor":156,"key":"DemoMod:Junk"}],"event_choices":[{"damage_healed":0.0,"max_hp_gain":0.0,"max_hp_loss":0.0,"gold_gain":0.0,"event_name":"WeMeetAgain","player_choice":"Paid Gold","floor":2.0,"gold_loss":73.0,"damage_taken":0.0,"relics_obtained":["infinitespire:ShieldingShard"]},{"damage_healed":0.0,"max_hp_gain":0.0,"max_hp_loss":0.0,"gold_gain":0.0,"event_name":"FaceTrader","player_choice":"Trade","floor":20.0,"gold_loss":0.0,"damage_taken":0.0,"relics_obtained":["CultistMask"]},{"damage_healed":0.0,"max_hp_gain":0.0,"max_hp_loss":0.0,"gold_gain":100.0,"event_name":"Golden Shrine","player_choice":"Pray","floor":22.0,"gold_loss":0.0,"damage_taken":0.0},{"damage_healed":0.0,"max_hp_gain":0.0,"max_hp_loss":0.0,"gold_gain":0.0,"event_name":"Duplicator","player_choice":"Copied","floor":38.0,"gold_loss":0.0,"damage_taken":0.0,"cards_obtained":["theMarked:EternalStudent"]},{"damage_healed":0.0,"max_hp_gain":0.0,"max_hp_loss":0.0,"gold_gain":0.0,"event_name":"conspire:Investor","player_choice":"Leave","floor":54.0,"gold_loss":0.0,"damage_taken":0.0},{"damage_healed":0.0,"max_hp_gain":0.0,"max_hp_loss":0.0,"gold_gain":0.0,"event_name":"Scrap Ooze","player_choice":"Success","floor":55.0,"gold_loss":0.0,"damage_taken":25.0,"relics_obtained":["CaptainsWheel"]},{"cards_removed":["theMarked:ElectricStrings"],"damage_healed":0,"gold_gain":0,"player_choice":"Purged","damage_taken":0,"max_hp_gain":0,"max_hp_loss":0,"event_name":"Purifier","floor":65,"gold_loss":0},{"damage_healed":0,"gold_gain":99,"player_choice":"Stole From Cult","damage_taken":0,"max_hp_gain":0,"max_hp_loss":0,"event_name":"Nest","floor":80,"gold_loss":0},{"damage_healed":0,"gold_gain":0,"player_choice":"Memory 1","damage_taken":0,"max_hp_gain":0,"max_hp_loss":0,"event_name":"SensoryStone","floor":144,"gold_loss":0}],"is_beta":false,"boss_relics":[{"not_picked":["Empty Cage","aspiration:DefectSkillbook"],"picked":"Philosopher\u0027s Stone"},{"not_picked":["Replay:Drink Me","REME_ChargedStone"],"picked":"theMarked:SpiritSword"},{"not_picked":["REME_DemonsWealth","Coffee Dripper"],"picked":"Honey Jar"},{"not_picked":["aspiration:RitualDagger","Runic Pyramid"],"picked":"SoulBox"},{"not_picked":["Coffee Dripper","Calling Bell"],"picked":"REME_LowDesire"},{"not_picked":["REME_DuelDisc","aspiration:SecretTechniqueScroll"],"picked":"conspire:SpecialSausage"},{"not_picked":["infinitespire:Cupcake","Tiny House"],"picked":"Dota2Spire:Bloodstone"},{"not_picked":["RedLine:ReiMu","aspiration:FutureDiary"],"picked":"ReplayTheSpireMod:DimensionalGlitch"},{"not_picked":["theMarked:Eyepatch","aspiration:MarisaSkillbook"],"picked":"Replay:Ancient Bell"},{"not_picked":["Dream Catcher","Bag of Marbles"],"picked":"Juzu Bracelet"},{"not_picked":["Ornamental Fan","Iron Hammer"],"picked":"conspire:Dentures"},{"not_picked":["Incense Burner","conspire:Boomerang"],"picked":"aspiration:AnachronicSnailShell"}],"items_purged_floors":[73,76,87,89,99,106,122,122,127],"is_endless":true,"potions_floor_spawned":[7,10,11,27,29,33,35,37,45,50,59,63,64,67,72,74,78,92,96,101,104,112,113,116,123,129,133,135,137,143,150,152,156,157],"ascension_level":0}}