{"host":"6dzkwbf36t1khqct","time":1609621683,"event":{"mods":["AchievementEnabler","BaseMod","Beaked The Cultist","Better Third Choice","Colored Map","Colored Powertips","Conspire","Curses Come First","Displayed Cursed Tome","Downfall","Friendly Minions","Glutton Mod","Hubris","Infinite Spire","Koishi","Lobotomy","Mad Scientist","Marisa????????","Minty Spire (QoL Compilation)","Quick Restart","Replay The Spire","Robot Space Explorer","Say the Spire","StSLib","The Blackbeard","The Construct","The Cursed","The Disciple","The Hierophant","The Mystic","The Runesmith","The Servant 0.9.4","The Witch","??????REMEMod"],"gold_per_floor":[110,110,190,43,43,73,39,39,39,39,59,117,129,129],"floor_reached":13,"playtime":2279,"items_purged":[],"score":79,"play_id":"e38d5efd-9cec-4eb7-b128-0e0530d5b6a1","local_time":"20210102190802","is_ascension_mode":false,"campfire_choices":[{"floor":8,"key":"REST"}],"circlet_count":0,"master_deck":["Strike_R+1","Strike_R","Strike_R","Strike_R","Strike_R","Defend_R+1","Defend_R+1","Defend_R","Defend_R","Bash","Inflame","Iron Wave","Warcry+1","hubris:SharpeningStone","ReplayTheSpireMod:Muscle Training"],"relics":["Burning Blood","REME_ComplimentaryCards","Ornamental Fan","Gremlin Food","War Paint","Dream Catcher","MawBank"],"acts_visited":[],"potions_floor_usage":[13,13],"damage_taken":[{"damage":6,"enemies":"Cultist","floor":1,"turns":3},{"damage":24,"enemies":"Gremlin Nob","floor":6,"turns":5},{"damage":3,"enemies":"Jaw Worm","floor":11,"turns":3},{"damage":28,"enemies":"3 Sentries","floor":12,"turns":9},{"damage":60,"enemies":"Nightmare","floor":13,"turns":8}],"seed_played":"-3172437532012298069","potions_obtained":[{"floor":1,"key":"Doom Potion"},{"floor":12,"key":"SkillPotion"}],"is_trial":false,"path_per_floor":["M","AVR","T","$","?","E","$","R","T","$","M","?","NM"],"character_chosen":"IRONCLAD","items_purchased":["Gremlin Food","Warcry+1"],"campfire_rested":1,"item_purchase_floors":[4,7],"current_hp_per_floor":[80,80,80,80,80,62,62,80,80,80,80,58,0,0],"gold":129,"neow_bonus":"THREE_CARDS","is_daily":false,"chose_seed":false,"campfire_upgraded":0,"win_rate":0.0,"timestamp":1609621682,"path_taken":["M","AVR","?","$","?","E","?","R","T","$","M","?","NM"],"items_purchased_type":["Relic","Card"],"build_version":"2020-12-22","purchased_purges":0,"victory":false,"max_hp_per_floor":[80,80,80,80,80,80,80,80,80,80,80,80,80,80],"card_choices":[{"not_picked":["Perfected Strike","Shrug It Off"],"picked":"Inflame","floor":0},{"not_picked":["Sever Soul","ReplayTheSpireMod:LeadingStrike"],"picked":"Iron Wave","floor":1},{"not_picked":["Iron Wave","Replay:Undeath\u0027s Touch","Pummel"],"picked":"SKIP","floor":6},{"not_picked":["Clash","Perfected Strike"],"picked":"hubris:SharpeningStone","floor":11},{"not_picked":["ReplayTheSpireMod:LeadingStrike","Bloodletting"],"picked":"ReplayTheSpireMod:Muscle Training","floor":12}],"player_experience":10493,"relics_obtained":[{"floor":3,"key":"Ornamental Fan"},{"floor":6,"key":"War Paint"},{"floor":9,"key":"Dream Catcher"},{"floor":12,"key":"MawBank"}],"event_choices":[{"damage_healed":0,"gold_gain":0,"player_choice":"Ignored","damage_taken":0,"max_hp_gain":0,"max_hp_loss":0,"event_name":"Golden Wing","floor":5,"gold_loss":0},{"damage_healed":0,"gold_gain":30,"player_choice":"Searched \u00273\u0027 times","damage_taken":0,"max_hp_gain":0,"max_hp_loss":0,"event_name":"Dead Adventurer","floor":12,"gold_loss":0}],"is_beta":false,"boss_relics":[],"items_purged_floors":[],"is_endless":false,"potions_floor_spawned":[1,12],"killed_by":"Nightmare","ascension_level":0}}