{"host":"r6jigiblrojhp6xe","time":1609602153,"event":{"mods":["AchievementEnabler","BaseMod","DeckTracker","Minty Spire (QoL Compilation)","Quick Restart","Rare Cards Sparkle","Relic Stats","StSLib","SuperFastMode","The Cursed","everything is the same but u backflip on backflip"],"gold_per_floor":[109,121,196,42,92,120,120,138,162,162,190,29,44,57,57,130,130,143,143,143,143],"floor_reached":20,"playtime":346,"items_purged":[],"score":414,"play_id":"12ca6534-a49b-434b-9937-a828c89c836f","local_time":"20210103004233","is_ascension_mode":true,"campfire_choices":[{"data":"Perfected Strike","floor":7.0,"key":"SMITH"},{"data":"Armaments","floor":10,"key":"SMITH"},{"data":"Offering","floor":15,"key":"SMITH"}],"circlet_count":0,"master_deck":["AscendersBane","Strike_R","Strike_R","Strike_R","Strike_R","Strike_R","Defend_R","Defend_R","Defend_R","Bash","Armaments+1","Perfected Strike+1","Finesse","Shrug It Off","Pommel Strike","Offering+1","Twin Strike","Headbutt","Reaper","True Grit","Corruption","Sword Boomerang"],"relics":["Burning Blood","NeowsBlessing","Blood Vial","Bag of Marbles","Oddly Smooth Stone","Mark of Pain"],"acts_visited":["Exordium","TheCity"],"potions_floor_usage":[16],"damage_taken":[{"damage":0.0,"enemies":"2 Louse","floor":1.0,"turns":1.0},{"damage":0.0,"enemies":"Cultist","floor":2.0,"turns":1.0},{"damage":0.0,"enemies":"3 Sentries","floor":6.0,"turns":1.0},{"damage":0.0,"enemies":"Small Slimes","floor":8.0,"turns":3.0},{"damage":39,"enemies":"Gremlin Nob","floor":11,"turns":4},{"damage":6,"enemies":"Blue Slaver","floor":13,"turns":1},{"damage":6,"enemies":"Exordium Wildlife","floor":14,"turns":3},{"damage":35,"enemies":"The Guardian","floor":16,"turns":9},{"damage":15,"enemies":"Shell Parasite","floor":18,"turns":2},{"damage":6,"enemies":"3 Byrds","floor":20,"turns":2}],"seed_played":"7720247149277919438","potions_obtained":[{"floor":2.0,"key":"LiquidBronze"},{"floor":11,"key":"Regen Potion"}],"is_trial":false,"path_per_floor":["M","M","?","$","?","E","R","M","T","R","E","$","M","M","R","B",null,"M","?","M"],"character_chosen":"IRONCLAD","items_purchased":["Perfected Strike","Finesse","Oddly Smooth Stone"],"campfire_rested":0,"item_purchase_floors":[4,4,12],"current_hp_per_floor":[74,75,64,64,57,63,63,71,71,71,40,40,42,44,44,17,61,54,54,57,57],"gold":143,"neow_bonus":"THREE_ENEMY_KILL","is_daily":false,"chose_seed":false,"campfire_upgraded":3,"win_rate":0.0,"timestamp":1609602153,"path_taken":["M","M","?","$","?","E","R","M","T","R","E","$","M","?","R","BOSS","M","?","M"],"items_purchased_type":["Card","Card","Relic"],"build_version":"2020-12-22","purchased_purges":0,"victory":false,"max_hp_per_floor":[75,75,75,75,75,75,75,75,75,75,75,75,75,75,75,75,75,75,75,75,75],"relic_stats":{"Blood Vial":14,"counters":[10,27],"obtain_stats":[{"Blood Vial":6,"NeowsBlessing":0,"Oddly Smooth Stone":12,"Mark of Pain":17,"Bag of Marbles":11,"Burning Blood":0},{"Blood Vial":3,"NeowsBlessing":0,"Oddly Smooth Stone":5,"Mark of Pain":8,"Bag of Marbles":5,"Burning Blood":0},{"Blood Vial":3,"NeowsBlessing":0,"Oddly Smooth Stone":10,"Mark of Pain":23,"Bag of Marbles":10,"Burning Blood":0}],"Burning Blood":49},"card_choices":[{"not_picked":["Anger","Sentinel"],"picked":"Clash","floor":1.0},{"not_picked":["Warcry","Pummel"],"picked":"Armaments","floor":2.0},{"not_picked":["Wild Strike","True Grit"],"picked":"Shrug It Off","floor":6.0},{"not_picked":["Reckless Charge","Thunderclap"],"picked":"Pommel Strike","floor":8.0},{"not_picked":["Flex","Pummel"],"picked":"Offering","floor":11},{"not_picked":["Intimidate","Combust"],"picked":"Twin Strike","floor":13},{"not_picked":["True Grit","Dropkick"],"picked":"Headbutt","floor":14},{"not_picked":["Exhume","Limit Break"],"picked":"Reaper","floor":16},{"not_picked":["Heavy Blade","Havoc"],"picked":"True Grit","floor":18}],"player_experience":560699,"relics_obtained":[{"floor":6.0,"key":"Blood Vial"},{"floor":11,"key":"Bag of Marbles"}],"event_choices":[{"damage_healed":0.0,"max_hp_gain":0.0,"max_hp_loss":0.0,"gold_gain":75.0,"event_name":"World of Goop","player_choice":"Gather Gold","floor":3.0,"gold_loss":0.0,"damage_taken":11.0},{"damage_healed":0.0,"max_hp_gain":0.0,"max_hp_loss":0.0,"gold_gain":50.0,"event_name":"FaceTrader","player_choice":"Touch","floor":5.0,"gold_loss":0.0,"damage_taken":7.0},{"damage_healed":0,"gold_gain":0,"cards_transformed":["Defend_R","Clash"],"player_choice":"Became Test Subject","damage_taken":0,"max_hp_gain":0,"max_hp_loss":0,"event_name":"Drug Dealer","floor":19,"gold_loss":0,"cards_obtained":["Corruption","Sword Boomerang"]}],"is_beta":false,"boss_relics":[{"not_picked":["Runic Cube","Busted Crown"],"picked":"Mark of Pain"}],"items_purged_floors":[],"is_endless":false,"potions_floor_spawned":[2,11,14],"killed_by":"3 Byrds","ascension_level":20}}