{"host":"cyiefo55v5hz1ih5","time":1609619535,"event":{"mods":["2.2 Compatiblity","AchievementEnabler","BaseMod","GifTheSpireLib","Hubris","Jorbs\u0027s Wanderer Trilogy","Minty Spire (QoL Compilation)","Replay The Spire","Spicy Shops","StSLib","The Animator"],"gold_per_floor":[130,149,149,162,190,223,323,323,323,9,24,24,24,47,47,142,142,152,242,252,48,65,65,65],"floor_reached":23,"playtime":1654,"items_purged":["animator:Strike","animator:Strike"],"score":203,"play_id":"d89cd76e-6965-43c8-84d9-2a10b8ac5c0b","local_time":"20210102153215","is_ascension_mode":true,"campfire_choices":[{"floor":8,"key":"REST"},{"floor":13,"key":"REST"},{"data":"animator:Berserker","floor":15,"key":"SMITH"}],"circlet_count":0,"master_deck":["animator:Strike_Fate","animator:Defend_Fate","animator:Strike+1","animator:Defend","animator:Defend","animator:Defend+1","animator:Alexander+1","animator:Rider","animator:Layla","animator:RoyMustang","animator:WinryRockbell","animator:RinTohsaka","animator:Lancer","animator:Berserker+1","animator:Saber","animator:NononJakuzure","animator:Sonic"],"relics":["animator:LivingPicture","animator:TheMissingPiece","ReplayFunnel","Replay:Bottled Flurry","animator:OldCoffin","hubris:RunicObelisk","Membership Card"],"acts_visited":["Exordium","TheCity"],"potions_floor_usage":[5,6,16,16,20,22],"damage_taken":[{"damage":1,"enemies":"Cultist","floor":1,"turns":4},{"damage":4,"enemies":"Jaw Worm","floor":2,"turns":4},{"damage":0,"enemies":"Small Slimes","floor":4,"turns":3},{"damage":9,"enemies":"Exordium Thugs","floor":5,"turns":3},{"damage":24,"enemies":"Gremlin Nob","floor":6,"turns":5},{"damage":9,"enemies":"Exordium Wildlife","floor":11,"turns":3},{"damage":9,"enemies":"2 Fungi Beasts","floor":14,"turns":3},{"damage":27,"enemies":"The Guardian","floor":16,"turns":12},{"damage":0,"enemies":"Chosen","floor":18,"turns":5},{"damage":9,"enemies":"2 Thieves","floor":20,"turns":4},{"damage":24,"enemies":"Chosen and Byrds","floor":22,"turns":6},{"damage":20,"enemies":"Book of Stabbing","floor":23,"turns":3}],"seed_played":"-8666522543848554252","potions_obtained":[{"floor":1,"key":"Explosive Potion"},{"floor":5,"key":"Doom Potion"},{"floor":6,"key":"SpeedPotion"},{"floor":14,"key":"ColorlessPotion"},{"floor":16,"key":"Flashbang"},{"floor":20,"key":"Fire Potion"}],"is_trial":false,"path_per_floor":["M","M","?","M","M","E","?","R","T","$","M","?","R","M","R","B",null,"M","?","M","$","M","E"],"character_chosen":"THE_ANIMATOR","items_purchased":["animator:OldCoffin","Membership Card"],"campfire_rested":2,"item_purchase_floors":[10,21],"current_hp_per_floor":[65,61,48,48,39,16,16,36,36,36,27,27,47,38,38,12,68,68,50,41,41,17,0,0],"gold":65,"neow_bonus":"UPGRADE_CARD","is_daily":false,"chose_seed":false,"campfire_upgraded":1,"win_rate":0.0,"timestamp":1609619535,"path_taken":["M","M","?","M","M","E","?","R","T","$","?","?","R","M","R","BOSS","M","?","M","?","?","E"],"items_purchased_type":["Relic","Relic"],"build_version":"2020-12-22","purchased_purges":2,"victory":false,"max_hp_per_floor":[66,66,66,66,66,67,67,67,67,67,67,67,67,67,67,68,68,68,68,68,68,68,68,68],"card_choices":[{"not_picked":["animator:Sonic","animator:Demiurge"],"picked":"animator:Layla","floor":1},{"not_picked":["animator:MetalKnight","animator:Azekura"],"picked":"animator:RoyMustang","floor":2},{"not_picked":["animator:MumenRider","animator:ShinjiMatou"],"picked":"animator:WinryRockbell","floor":4},{"not_picked":["animator:ShinjiMatou","animator:Alexander"],"picked":"animator:RinTohsaka","floor":5},{"not_picked":["animator:Fredrika","animator:ChaikaBohdan"],"picked":"animator:Lancer","floor":6},{"not_picked":["animator:Boros","animator:Melzalgald","animator:ShinjiMatou"],"picked":"SKIP","floor":11},{"not_picked":["animator:Shichika","animator:ElricAlphonse"],"picked":"animator:Berserker","floor":14},{"not_picked":["animator:ChaikaTrabant","animator:SwordMaiden"],"picked":"animator:Saber","floor":16},{"not_picked":["animator:ChaikaBohdan","animator:Entoma+1"],"picked":"animator:Sonic","floor":20},{"not_picked":["animator:PandorasActor","animator:Scar","animator:AcuraTooru+1"],"picked":"SKIP","floor":22}],"player_experience":685565,"relics_obtained":[{"floor":6,"key":"ReplayFunnel"},{"floor":9,"key":"Replay:Bottled Flurry"}],"event_choices":[{"damage_healed":0,"gold_gain":0,"player_choice":"Entered Light","damage_taken":13,"max_hp_gain":0,"max_hp_loss":0,"event_name":"Shining Light","floor":3,"gold_loss":0,"cards_upgraded":["animator:Defend","animator:Strike"]},{"damage_healed":0,"gold_gain":100,"player_choice":"Pray","damage_taken":0,"max_hp_gain":0,"max_hp_loss":0,"event_name":"Golden Shrine","floor":7,"gold_loss":0},{"damage_healed":0,"gold_gain":0,"player_choice":"Ignored","damage_taken":0,"max_hp_gain":0,"max_hp_loss":0,"event_name":"Liars Game","floor":12,"gold_loss":0},{"damage_healed":0,"gold_gain":90,"player_choice":"GOLD CARD ","damage_taken":18,"max_hp_gain":0,"max_hp_loss":0,"event_name":"Knowing Skull","floor":19,"potions_obtained":[],"gold_loss":0,"cards_obtained":["animator:NononJakuzure"]}],"is_beta":false,"boss_relics":[{"not_picked":["hubris:HollowSoul","Calling Bell"],"picked":"hubris:RunicObelisk"}],"items_purged_floors":[10,21],"is_endless":false,"potions_floor_spawned":[1,5,6,14,16,20],"killed_by":"Book of Stabbing","ascension_level":1}}