{"host":"o9f8b8qp367yg72z","time":1609601074,"event":{"mods":["2.2 Compatiblity","BaseMod","Clockwork Mod","Colored Map","Colored Powertips","Highlight Path","Marisa????????","Minty Spire (QoL Compilation)","Rare Cards Sparkle","Relic Stats","Shade Mod","StSLib","The Blackbeard","The Caster","The Construct","The Dragon Tamer","The Gatherer","The Servant 0.9.4","The Spell Scribe","TheVacant"],"gold_per_floor":[116,116,128,3,78,106,106,124,124,136,136,136,169,169,169,264,264,281,293,293,88,88,88,88,88,88,101,119,130,130,148,148,249,249,259,259,308,319,74,74,105,123,191,216,216,228,76,76,76,76],"floor_reached":51,"playtime":2055,"items_purged":["Shade:Strike_Shade","Shade:Strike_Shade"],"score":888,"play_id":"fd5775df-1837-478b-9543-2f9d368e4163","local_time":"20210103022434","is_ascension_mode":false,"campfire_choices":[{"data":"Shade:OpenGraves","floor":7,"key":"SMITH"},{"data":"Shade:PressTheAttack","floor":11,"key":"SMITH"},{"data":"Shade:OpenGraves","floor":15,"key":"SMITH"},{"data":"Shade:OpenGraves","floor":23,"key":"SMITH"},{"data":"Shade:AuraOfUnlife","floor":24,"key":"SMITH"},{"data":"Shade:Putrefaction","floor":30,"key":"SMITH"},{"data":"Shade:AnimateDead","floor":32,"key":"SMITH"},{"data":"Shade:Putrefaction","floor":40,"key":"SMITH"},{"data":"Shade:SkeletonArmy","floor":49,"key":"SMITH"}],"circlet_count":0,"master_deck":["Shade:Strike_Shade","Shade:Defend_Shade","Shade:Defend_Shade+1","Shade:Defend_Shade","Shade:Defend_Shade","Shade:AnimateDead+1","Shade:CarefulCut","Shade:CommandSoldier+1","Shade:OpenGraves+1","Shade:OpenGraves+1","Shade:GraveStillness","Shade:PoundOfFlesh","Shade:PressTheAttack+1","Shade:FuneraryArmor","Shade:Putrefaction+1","Shade:CloudOfShrapnel+1","Shade:AuraOfUnlife+1","Shade:OpenGraves+1","Shade:FleshToFlesh+1","Shade:FleshLikeOak+1","Shade:Putrefaction+1","Shade:FuneraryJewels+1","Shade:Putrefaction+1","Shade:SkeletonArmy+1","Shade:AuraOfUnlife","Shade:Brains","Shade:OpenGraves+1"],"relics":["Shade:YorickSkull","NeowsBlessing","construct:FoamFinger","Eternal Feather","Ginger","Bottled Flame","Calling Bell","Lantern","Singing Bowl","WingedGreaves","StrikeDummy","Nloth\u0027s Gift","Kunai","Coffee Dripper","CatCart","DollysMirror","Calipers","Mercury Hourglass","Orichalcum","Nunchaku"],"acts_visited":["Exordium","TheCity","TheBeyond"],"potions_floor_usage":[28,50,50],"damage_taken":[{"damage":0,"enemies":"2 Louse","floor":1,"turns":1},{"damage":0,"enemies":"Jaw Worm","floor":3,"turns":1},{"damage":0,"enemies":"3 Sentries","floor":6,"turns":1},{"damage":0,"enemies":"Small Slimes","floor":8,"turns":3},{"damage":0,"enemies":"Looter","floor":10,"turns":3},{"damage":2,"enemies":"Lagavulin","floor":13,"turns":4},{"damage":0,"enemies":"The Guardian","floor":16,"turns":7},{"damage":6,"enemies":"Shell Parasite","floor":18,"turns":5},{"damage":0,"enemies":"2 Thieves","floor":19,"turns":1},{"damage":2,"enemies":"Cultist and Chosen","floor":27,"turns":5},{"damage":0,"enemies":"Snake Plant","floor":28,"turns":3},{"damage":1,"enemies":"3 Cultists","floor":29,"turns":5},{"damage":0,"enemies":"Cultist and Chosen","floor":31,"turns":5},{"damage":20,"enemies":"Collector","floor":33,"turns":9},{"damage":0,"enemies":"3 Shapes","floor":35,"turns":2},{"damage":0,"enemies":"Orin","floor":37,"turns":8},{"damage":3,"enemies":"3 Darklings","floor":38,"turns":4},{"damage":1,"enemies":"Giant Head","floor":41,"turns":8},{"damage":11,"enemies":"Maw","floor":42,"turns":6},{"damage":6,"enemies":"Nemesis","floor":44,"turns":5},{"damage":7,"enemies":"Jaw Worm Horde","floor":46,"turns":4},{"damage":25,"enemies":"Time Eater","floor":50,"turns":8}],"seed_played":"6001692653228064103","potions_obtained":[{"floor":3,"key":"LiquidBronze"},{"floor":16,"key":"Dexterity Potion"},{"floor":18,"key":"LiquidMemories"},{"floor":29,"key":"FearPotion"},{"floor":33,"key":"Ancient Potion"},{"floor":38,"key":"AttackPotion"},{"floor":41,"key":"AttackPotion"},{"floor":42,"key":"FairyPotion"}],"is_trial":false,"path_per_floor":["M","?","M","$","?","E","R","M","T","M","R","?","E","T","R","B",null,"M","M","?","$","?","R","R","?","T","M","M","M","R","M","R","B",null,"M","?","?","M","$","R","E","M","T","E","?","M","$","?","R","B",null],"character_chosen":"SHADE","items_purchased":["Shade:OpenGraves","Shade:GraveStillness","StrikeDummy","Shade:OpenGraves","DollysMirror","Nunchaku"],"campfire_rested":0,"item_purchase_floors":[4,4,21,21,39,47],"current_hp_per_floor":[65,58,58,58,47,47,47,47,47,47,56,43,41,41,50,50,65,59,61,61,61,55,64,67,67,67,65,67,66,69,71,71,51,71,73,69,71,68,68,71,70,59,59,53,53,48,48,73,73,48],"gold":76,"neow_bonus":"THREE_ENEMY_KILL","is_daily":false,"chose_seed":false,"campfire_upgraded":9,"win_rate":0.0,"timestamp":1609601074,"path_taken":["M","?","M","$","?","E","R","M","T","M","R","?","E","?","R","BOSS","M","M","?","$","?","R","R","?","T","M","?","M","R","M","R","BOSS","M","?","?","?","$","R","E","M","T","E","?","?","?","?","R","BOSS"],"items_purchased_type":["Card","Card","Relic","Card","Relic","Relic"],"build_version":"2020-12-22","purchased_purges":2,"victory":true,"max_hp_per_floor":[65,65,65,65,65,65,65,65,65,65,65,65,65,65,65,65,65,65,67,67,67,67,67,67,67,67,67,69,69,69,71,71,71,71,73,69,71,71,71,71,71,71,71,71,71,73,73,73,73,73],"relic_stats":{"Nunchaku":[1],"Singing Bowl":12,"counters":[22,98],"Eternal Feather":36,"Nloth\u0027s Gift":3,"Ginger":[11],"Kunai":[6],"Orichalcum":[30],"obtain_stats":[{"Lantern":17,"construct:FoamFinger":6,"Calipers":41,"NeowsBlessing":0,"Singing Bowl":17,"Shade:YorickSkull":0,"Eternal Feather":9,"Ginger":13,"Orichalcum":44,"Mercury Hourglass":43,"Calling Bell":17,"Bottled Flame":14,"Anchor":22,"Nunchaku":47,"DollysMirror":39,"WingedGreaves":17,"Nloth\u0027s Gift":25,"Coffee Dripper":34,"Kunai":26,"CatCart":37,"StrikeDummy":21},{"Lantern":7,"construct:FoamFinger":3,"Calipers":18,"NeowsBlessing":0,"Singing Bowl":7,"Shade:YorickSkull":0,"Eternal Feather":4,"Ginger":6,"Orichalcum":20,"Mercury Hourglass":19,"Calling Bell":7,"Bottled Flame":6,"Anchor":9,"Nunchaku":21,"DollysMirror":17,"WingedGreaves":7,"Nloth\u0027s Gift":9,"Coffee Dripper":14,"Kunai":9,"CatCart":16,"StrikeDummy":9},{"Lantern":20,"construct:FoamFinger":3,"Calipers":75,"NeowsBlessing":0,"Singing Bowl":20,"Shade:YorickSkull":0,"Eternal Feather":6,"Ginger":13,"Orichalcum":86,"Mercury Hourglass":81,"Calling Bell":20,"Bottled Flame":13,"Anchor":26,"Nunchaku":90,"DollysMirror":67,"WingedGreaves":20,"Nloth\u0027s Gift":26,"Coffee Dripper":53,"Kunai":26,"CatCart":63,"StrikeDummy":26}],"Mercury Hourglass":[27]},"card_choices":[{"not_picked":["Shade:GreyBargain","Shade:Bonestorm"],"picked":"Shade:CommandSoldier","floor":1},{"not_picked":["Shade:FleshToFlesh","Shade:AncientSpear"],"picked":"Shade:OpenGraves","floor":3},{"not_picked":["Shade:Asphyxiate","Shade:SoulToxin","Shade:ClawBack"],"picked":"SKIP","floor":6},{"not_picked":["Shade:Asphyxiate","Shade:SkeletonHug"],"picked":"Shade:PoundOfFlesh","floor":8},{"not_picked":["Shade:CommandSoldier","Shade:Patience"],"picked":"Shade:PressTheAttack","floor":10},{"not_picked":["Shade:Premonition","Shade:Asphyxiate"],"picked":"Shade:FuneraryArmor","floor":13},{"not_picked":["Shade:SelfBurial","Shade:OfferingToTheBeyond"],"picked":"Shade:Putrefaction","floor":16},{"not_picked":["Shade:Patience+1","Shade:SpontaneousRitual"],"picked":"Shade:CloudOfShrapnel+1","floor":18},{"not_picked":["Shade:PressTheAttack","Shade:Patience+1","Shade:CommandSoldier"],"picked":"Singing Bowl","floor":19},{"not_picked":["Shade:Carnophage","Shade:StitchTogether"],"picked":"Shade:FleshToFlesh+1","floor":27},{"not_picked":["Shade:Tombstone","Shade:FeralStrike","Shade:CallWraith"],"picked":"Singing Bowl","floor":28},{"not_picked":["Shade:GraveStillness","Shade:DarkOfNight"],"picked":"Shade:FleshLikeOak+1","floor":29},{"not_picked":["Shade:FleshOffering","Shade:GraveStillness","Shade:GoDigging"],"picked":"Singing Bowl","floor":31},{"not_picked":["Shade:LoseControl","Shade:LastGasp"],"picked":"Shade:Putrefaction","floor":33},{"not_picked":["Shade:FeralStrike","Shade:BoneShards","Shade:GreyBargain"],"picked":"Singing Bowl","floor":35},{"not_picked":["Shade:Premonition","Shade:FingerOfDeath+1","Shade:Frenzy+1"],"picked":"Singing Bowl","floor":37},{"not_picked":["Shade:Frenzy","Shade:ClawBack+1"],"picked":"Shade:FuneraryJewels+1","floor":38},{"not_picked":["Shade:CallOfTheGrave+1","Shade:MadHubris"],"picked":"Shade:SkeletonArmy","floor":41},{"not_picked":["Shade:Awaken+1","Shade:Asphyxiate"],"picked":"Shade:AuraOfUnlife","floor":42},{"not_picked":["Shade:FingerOfDeath","Shade:GoDigging+1"],"picked":"Shade:Brains","floor":44},{"not_picked":["Shade:Carnophage","Shade:Bite_Shade","Shade:LastGasp"],"picked":"Singing Bowl","floor":46}],"player_experience":293310,"relics_obtained":[{"floor":6,"key":"construct:FoamFinger"},{"floor":9,"key":"Eternal Feather"},{"floor":13,"key":"Ginger"},{"floor":14,"key":"Bottled Flame"},{"floor":17,"key":"Lantern"},{"floor":17,"key":"Singing Bowl"},{"floor":17,"key":"WingedGreaves"},{"floor":26,"key":"Kunai"},{"floor":37,"key":"CatCart"},{"floor":41,"key":"Calipers"},{"floor":43,"key":"Mercury Hourglass"},{"floor":44,"key":"Orichalcum"}],"event_choices":[{"cards_removed":["Shade:Strike_Shade"],"damage_healed":0,"gold_gain":0,"player_choice":"Card Removal","damage_taken":7,"max_hp_gain":0,"max_hp_loss":0,"event_name":"Golden Wing","floor":2,"gold_loss":0},{"damage_healed":0,"gold_gain":75,"player_choice":"Gather Gold","damage_taken":11,"max_hp_gain":0,"max_hp_loss":0,"event_name":"World of Goop","floor":5,"gold_loss":0},{"damage_healed":0,"gold_gain":0,"player_choice":"Entered Light","damage_taken":13,"max_hp_gain":0,"max_hp_loss":0,"event_name":"Shining Light","floor":12,"gold_loss":0,"cards_upgraded":["Shade:CommandSoldier","Shade:Defend_Shade"]},{"damage_healed":0,"gold_gain":0,"player_choice":"Read","damage_taken":0,"max_hp_gain":0,"max_hp_loss":0,"event_name":"The Library","floor":20,"gold_loss":0,"cards_obtained":["Shade:AuraOfUnlife"]},{"damage_healed":0,"gold_gain":0,"player_choice":"Anchor","damage_taken":0,"relics_obtained":["Anchor"],"max_hp_gain":0,"max_hp_loss":0,"event_name":"blackbeard:ShipwreckEvent","floor":22,"gold_loss":0},{"damage_healed":0,"gold_gain":0,"player_choice":"Traded Relic","damage_taken":0,"relics_obtained":["Nloth\u0027s Gift"],"max_hp_gain":0,"max_hp_loss":0,"event_name":"N\u0027loth","floor":25,"relics_lost":["Anchor"],"gold_loss":0},{"damage_healed":0,"gold_gain":0,"player_choice":"Max HP","damage_taken":0,"max_hp_gain":0,"max_hp_loss":4,"event_name":"Winding Halls","floor":36,"gold_loss":0},{"damage_healed":0,"gold_gain":0,"player_choice":"Fight","damage_taken":0,"max_hp_gain":0,"max_hp_loss":0,"event_name":"OrinTheCat","floor":37,"gold_loss":0},{"damage_healed":0,"gold_gain":0,"player_choice":"Copied","damage_taken":0,"max_hp_gain":0,"max_hp_loss":0,"event_name":"Duplicator","floor":45,"gold_loss":0,"cards_obtained":["Shade:OpenGraves"]},{"damage_healed":25,"gold_gain":0,"player_choice":"Full Heal","damage_taken":0,"max_hp_gain":0,"max_hp_loss":0,"event_name":"Wheel of Change","floor":48,"gold_loss":0}],"is_beta":false,"boss_relics":[{"not_picked":["Busted Crown","Snecko Eye"],"picked":"Calling Bell"},{"not_picked":["Velvet Choker","Sozu"],"picked":"Coffee Dripper"}],"items_purged_floors":[21,39],"is_endless":false,"potions_floor_spawned":[3,16,18,29,33,38,41,42,44],"ascension_level":0}}