{"host":"u7lm8z2rvb4dg2oo","time":1609555426,"event":{"mods":["AchievementEnabler","BaseMod","Colored Map","Colored Powertips","Curses Come First","Googly Eyes","Highlight Path","Minty Spire (QoL Compilation)","Quick Restart","StSLib"],"gold_per_floor":[117,117,117,42,42,42,17,17,17,17,38,77,101,145,145,276,276,301,319,319,0,0,0,19,19,89,89,89,89],"floor_reached":28,"playtime":1071,"items_purged":["Strike_P","Writhe"],"score":396,"play_id":"d84f9147-d80b-4271-b816-374d2366e215","local_time":"20210101214346","is_ascension_mode":true,"campfire_choices":[{"data":"Eruption","floor":6,"key":"SMITH"},{"floor":8,"key":"RECALL"},{"data":"CutThroughFate","floor":10,"key":"SMITH"},{"floor":15,"key":"REST"},{"floor":23,"key":"REST"},{"data":"LessonLearned","floor":25,"key":"SMITH"}],"circlet_count":0,"master_deck":["Defend_P","Defend_P","Defend_P","Defend_P","Eruption+1","Vigilance+1","EmptyFist+1","CutThroughFate+1","Conclude","LessonLearned+1","Protect+1","BattleHymn","Magnetism","Bite","Bite","Bite+1","Bite","Bite","Perseverance+1","Necronomicurse"],"relics":["PureWater","NeowsBlessing","Golden Idol","Bag of Marbles","Ornamental Fan","Shuriken","Pantograph","Snecko Eye","Turnip","Membership Card","White Beast Statue","Necronomicon"],"acts_visited":["Exordium","TheCity"],"potions_floor_usage":[18,18,18],"damage_taken":[{"damage":0,"enemies":"2 Louse","floor":1,"turns":1},{"damage":0,"enemies":"Small Slimes","floor":11,"turns":1},{"damage":0,"enemies":"Gremlin Nob","floor":12,"turns":1},{"damage":0,"enemies":"Jaw Worm","floor":13,"turns":2},{"damage":15,"enemies":"Lagavulin","floor":14,"turns":3},{"damage":0,"enemies":"Slime Boss","floor":16,"turns":3},{"damage":72,"enemies":"3 Byrds","floor":18,"turns":6},{"damage":4,"enemies":"Chosen","floor":19,"turns":4},{"damage":3,"enemies":"Centurion and Healer","floor":24,"turns":3},{"damage":30,"enemies":"Gremlin Leader","floor":28,"turns":2}],"seed_played":"-111541016781383184","potions_obtained":[{"floor":1,"key":"Regen Potion"},{"floor":12,"key":"PowerPotion"},{"floor":16,"key":"Weak Potion"}],"is_trial":false,"path_per_floor":["M","?","?","$","?","R","$","R","T","R","M","E","M","E","R","B",null,"M","M","?","$","?","R","M","R","T","?","E"],"character_chosen":"WATCHER","items_purchased":["CutThroughFate","Membership Card","Magnetism","Fire Potion"],"campfire_rested":2,"item_purchase_floors":[7,21,21,21],"current_hp_per_floor":[72,72,54,54,47,47,47,47,47,47,47,47,47,32,53,72,72,12,8,8,8,8,23,28,28,28,12,0,0],"gold":89,"neow_bonus":"THREE_ENEMY_KILL","is_daily":false,"chose_seed":false,"campfire_upgraded":3,"win_rate":0.0,"timestamp":1609555426,"path_taken":["M","?","?","$","?","R","$","R","T","R","M","E","M","E","R","BOSS","M","M","?","$","?","R","?","R","T","?","E"],"items_purchased_type":["Card","Relic","Card","Potion"],"build_version":"2020-12-22","purchased_purges":2,"victory":false,"max_hp_per_floor":[72,72,72,72,72,72,72,72,72,72,72,72,72,72,72,72,72,72,72,72,72,50,50,50,50,50,50,50,50],"card_choices":[{"not_picked":["LikeWater","CrushJoints","DeceiveReality"],"picked":"SKIP","floor":1},{"not_picked":["FlurryOfBlows","EmptyFist","ThirdEye"],"picked":"SKIP","floor":11},{"not_picked":["Halt","Indignation","SashWhip"],"picked":"SKIP","floor":12},{"not_picked":["Crescendo","ClearTheMind","CrushJoints"],"picked":"SKIP","floor":13},{"not_picked":["EmptyFist","FlyingSleeves"],"picked":"Conclude","floor":14},{"not_picked":["Vault","Alpha"],"picked":"LessonLearned","floor":16},{"not_picked":["EmptyBody","ThirdEye"],"picked":"Protect+1","floor":18},{"not_picked":["Consecrate","PathToVictory+1"],"picked":"BattleHymn","floor":19},{"not_picked":["Perseverance+1","Crescendo+1","Pray"],"picked":"SKIP","floor":24},{"not_picked":["Crescendo+1","Pray"],"picked":"Perseverance+1","floor":24}],"player_experience":1028271,"relics_obtained":[{"floor":9,"key":"Ornamental Fan"},{"floor":12,"key":"Shuriken"},{"floor":14,"key":"Pantograph"},{"floor":26,"key":"White Beast Statue"},{"floor":27,"key":"Necronomicon"}],"event_choices":[{"damage_healed":0,"gold_gain":0,"cards_transformed":["Strike_P"],"player_choice":"Change","damage_taken":0,"max_hp_gain":0,"max_hp_loss":0,"event_name":"Living Wall","floor":2,"gold_loss":0,"cards_obtained":["EmptyFist"]},{"damage_healed":0,"gold_gain":0,"player_choice":"Take Damage","damage_taken":18,"relics_obtained":["Golden Idol"],"max_hp_gain":0,"max_hp_loss":0,"event_name":"Golden Idol","floor":3,"gold_loss":0},{"damage_healed":0,"gold_gain":0,"player_choice":"Success","damage_taken":7,"relics_obtained":["Bag of Marbles"],"max_hp_gain":0,"max_hp_loss":0,"event_name":"Scrap Ooze","floor":5,"gold_loss":0},{"damage_healed":0,"gold_gain":0,"player_choice":"Opened","damage_taken":0,"relics_obtained":["Turnip"],"max_hp_gain":0,"max_hp_loss":0,"event_name":"The Mausoleum","floor":20,"gold_loss":0,"cards_obtained":["Writhe"]},{"damage_healed":0,"gold_gain":0,"player_choice":"Became a vampire","damage_taken":0,"max_hp_gain":0,"max_hp_loss":22,"event_name":"Vampires","floor":22,"gold_loss":0,"cards_obtained":["Bite","Bite","Bite","Bite","Bite"]},{"damage_healed":0,"gold_gain":0,"player_choice":"Obtained Book","damage_taken":16,"max_hp_gain":0,"max_hp_loss":0,"event_name":"Cursed Tome","floor":27,"gold_loss":0}],"is_beta":false,"boss_relics":[{"not_picked":["Cursed Key","Velvet Choker"],"picked":"Snecko Eye"}],"items_purged_floors":[4,21],"is_endless":false,"potions_floor_spawned":[1,12,16],"killed_by":"Gremlin Leader","ascension_level":5}}