{"host":"x1qj4d8ympd5jdqh","time":1609588430,"event":{"mods":["AchievementEnabler","AlwaysNeverKeys","BaseMod","Colored Map","Custom Start","DeckTracker","Highlight Path","Minty Spire (QoL Compilation)","StSLib","SuperFastMode"],"gold_per_floor":[109,109,109,52,72,72,83,111,111,111,127,127,127],"floor_reached":12,"playtime":242,"items_purged":[],"score":156,"play_id":"5efde6d9-7fc1-4f65-b4bc-f8cd2c496636","local_time":"20210102205350","is_ascension_mode":true,"campfire_choices":[{"data":"Eruption","floor":6,"key":"SMITH"},{"data":"CrushJoints","floor":10,"key":"SMITH"}],"circlet_count":0,"master_deck":["AscendersBane","Strike_P+1","Strike_P","Strike_P","Defend_P","Defend_P+1","Defend_P","Defend_P","Eruption+1","Vigilance","CrushJoints+1","EmptyFist","LessonLearned"],"relics":["PureWater","Pear","Lantern"],"acts_visited":["Exordium"],"potions_floor_usage":[8,11],"damage_taken":[{"damage":0,"enemies":"Cultist","floor":1,"turns":3},{"damage":4,"enemies":"Small Slimes","floor":5,"turns":4},{"damage":2,"enemies":"Jaw Worm","floor":7,"turns":2},{"damage":10,"enemies":"Lagavulin","floor":8,"turns":5},{"damage":3,"enemies":"Lots of Slimes","floor":11,"turns":3},{"damage":37,"enemies":"3 Sentries","floor":12,"turns":5}],"seed_played":"982020428087936549","potions_obtained":[{"floor":1,"key":"AttackPotion"},{"floor":5,"key":"BottledMiracle"},{"floor":8,"key":"SneckoOil"}],"is_trial":false,"path_per_floor":["M","?","?","$","M","R","M","E","T","R","M","E"],"character_chosen":"WATCHER","items_purchased":["EmptyFist"],"campfire_rested":0,"item_purchase_floors":[4],"current_hp_per_floor":[61,54,54,54,50,50,48,48,48,48,45,8,8],"gold":127,"neow_bonus":"THREE_CARDS","is_daily":false,"chose_seed":false,"campfire_upgraded":2,"win_rate":0.0,"timestamp":1609588430,"path_taken":["M","?","?","$","M","R","M","E","T","R","M","E"],"items_purchased_type":["Card"],"build_version":"2020-12-22","purchased_purges":0,"victory":false,"max_hp_per_floor":[68,68,68,68,68,68,68,78,78,78,78,78,78],"card_choices":[{"not_picked":["Wireheading","ForeignInfluence"],"picked":"CrushJoints","floor":1},{"not_picked":["SashWhip","Evaluate","EmptyFist"],"picked":"SKIP","floor":5},{"not_picked":["ClearTheMind","FlurryOfBlows","EmptyFist"],"picked":"SKIP","floor":7},{"not_picked":["Indignation","FlyingSleeves"],"picked":"LessonLearned","floor":8},{"not_picked":["ClearTheMind","JustLucky","Protect"],"picked":"SKIP","floor":11}],"player_experience":1306239,"relics_obtained":[{"floor":8,"key":"Pear"},{"floor":9,"key":"Lantern"}],"event_choices":[{"cards_removed":["Strike_P"],"damage_healed":0,"gold_gain":0,"player_choice":"Card Removal","damage_taken":7,"max_hp_gain":0,"max_hp_loss":0,"event_name":"Golden Wing","floor":2,"gold_loss":0},{"damage_healed":0,"gold_gain":0,"player_choice":"0 cards matched","damage_taken":0,"max_hp_gain":0,"max_hp_loss":0,"event_name":"Match and Keep!","floor":3,"gold_loss":0,"cards_obtained":[]}],"is_beta":false,"boss_relics":[],"items_purged_floors":[],"is_endless":false,"potions_floor_spawned":[1,5,8],"killed_by":"3 Sentries","ascension_level":20}}