{"host":"r6wilvrr1tovskr2","time":1609553097,"event":{"mods":["2.2 Compatiblity","AchievementEnabler","Aspiration","BaseMod","Bestiary","Better Altar","Better Match","Better Note","Better Sensory Stone","Better Skull","Better Third Choice","Colored Powertips","Conspire","Curses Come First","Energized Spire","GifTheSpireLib","Halation","Highlight Path","Hubris","Infinite Spire","Marked Mod","Minty Spire (QoL Compilation)","Quick Restart","Replay The Spire","Shop Mod","Spicy Shops","Spikes Relics","StSLib","Stuff the Spire","The Blue Laboratory","vexMod"],"gold_per_floor":[364,380,380,73,85,85,101,129,181,181,181],"floor_reached":10,"playtime":533,"items_purged":["Defend_R"],"score":95,"play_id":"ab7fe4a2-1c08-41f8-94cf-8fe2576a5e91","local_time":"20210101200457","is_ascension_mode":true,"campfire_choices":[{"floor":6,"key":"RECALL"}],"circlet_count":0,"master_deck":["Strike_G","Strike_G","Strike_G","Strike_G","Strike_G","Defend_G","Defend_G","Defend_G","Defend_G","Defend_G","Survivor","Neutralize","Defend_B","Predator","Leg Sweep","Heel Hook","Riddle With Holes","Fluid Movement"],"relics":["Ring of the Snake","hubris:Icosahedron","ReplayTheSpireMod:Lightbulb"],"acts_visited":["Exordium"],"potions_floor_usage":[],"damage_taken":[{"damage":0,"enemies":"Cultist","floor":1,"turns":4},{"damage":7,"enemies":"Jaw Worm","floor":2,"turns":7},{"damage":0,"enemies":"2 Louse","floor":5,"turns":2},{"damage":0,"enemies":"Large Slime","floor":7,"turns":6},{"damage":49,"enemies":"Gremlin Nob","floor":8,"turns":7},{"damage":20,"enemies":"Lagavulin","floor":10,"turns":2}],"seed_played":"3069228241057148974","potions_obtained":[{"floor":5,"key":"Reflective Coating"},{"floor":7,"key":"blueLaboratory:PyrophylliteBrew"},{"floor":8,"key":"blueLaboratory:ArtistsPotion"}],"is_trial":false,"path_per_floor":["M","M","?","$","M","R","M","E","T","E"],"character_chosen":"THE_SILENT","items_purchased":["Heel Hook","Riddle With Holes","Fluid Movement"],"campfire_rested":0,"item_purchase_floors":[4,4,4],"current_hp_per_floor":[63,56,56,56,56,56,56,7,7,0,0],"gold":181,"neow_bonus":"TWO_FIFTY_GOLD","is_daily":false,"chose_seed":false,"campfire_upgraded":0,"win_rate":0.0,"timestamp":1609553097,"path_taken":["M","M","?","$","M","R","M","E","T","E"],"items_purchased_type":["Card","Card","Card"],"build_version":"2020-12-22","purchased_purges":1,"victory":false,"max_hp_per_floor":[70,70,70,70,70,70,70,70,70,70,70],"card_choices":[{"not_picked":["Skewer","PiercingWail"],"picked":"Predator","floor":1},{"not_picked":["Cloak And Dagger","Dagger Throw"],"picked":"Leg Sweep","floor":2},{"not_picked":["Toxin Wave","Hidden Blade","Quick Slash"],"picked":"SKIP","floor":5},{"not_picked":["Dash","Deadly Poison","Hidden Blade"],"picked":"SKIP","floor":7},{"not_picked":["Underhanded Strike","ReplayTheSpireMod:Shiv Toss","Blur"],"picked":"SKIP","floor":8}],"player_experience":1163526,"relics_obtained":[{"floor":8,"key":"ReplayTheSpireMod:Lightbulb"}],"event_choices":[],"is_beta":false,"boss_relics":[],"items_purged_floors":[4],"is_endless":false,"potions_floor_spawned":[5,7,8],"killed_by":"Lagavulin","ascension_level":8}}