{"host":"8qqctrke4fbvw8wu","time":1609620778,"event":{"mods":["BaseMod","Better Altar","Better Match","Better Note","Better Sensory Stone","Better Skull","Better Third Choice","Colored Map","Colored Powertips","GifTheSpireLib","Highlight Path","Minty Spire (QoL Compilation)","Permanent Neow","Quick Restart","Rare Cards Sparkle","StSLib","everything is the same but u backflip on backflip"],"gold_per_floor":[114,114,132,142,157,157,169,169,169,169,225,240,8,34,34,139,189,199,215,230,28,47,47,47,63,139,139,139,139,149,159,159,263,263,277,277,294,14,33,33,33,48,48,78,78,78,3,53,53,53],"floor_reached":51,"playtime":5183,"items_purged":[],"score":669,"play_id":"20598261-32a1-48fa-895c-a74189f37f11","local_time":"20210102155258","is_ascension_mode":false,"campfire_choices":[{"data":"Chill","floor":6,"key":"SMITH"},{"data":"Glacier","floor":8,"key":"SMITH"},{"floor":15,"key":"REST"},{"data":"Blizzard","floor":23,"key":"SMITH"},{"floor":27,"key":"REST"},{"floor":29,"key":"REST"},{"floor":32,"key":"REST"},{"data":"Defragment","floor":41,"key":"SMITH"},{"floor":45,"key":"REST"},{"floor":49,"key":"REST"}],"circlet_count":0,"master_deck":["Strike_B","Strike_B","Strike_B","Defend_B","Defend_B+1","Defend_B","Defend_B","Zap","Dualcast","Hologram","Gash","Machine Learning","Chill+1","Melter","Glacier+1","Coolheaded","Gash","Blizzard+1","Cold Snap+1","Redo","All For One","Cold Snap","Glacier","FTL","Gash","Glacier+1","Conserve Battery","Blizzard","Conserve Battery","Gash","Defragment+1","Creative AI","Coolheaded","Parasite","BootSequence+1","Conserve Battery+1","Gash+1","Blizzard+1"],"relics":["Cracked Core","Shuriken","Dream Catcher","Anchor","Odd Mushroom","Tiny House","MealTicket","Bottled Lightning","Vajra","Black Star","Membership Card","Gremlin Horn","Molten Egg 2","Thread and Needle","Oddly Smooth Stone","ClockworkSouvenir","Bag of Marbles"],"acts_visited":["Exordium","TheCity","TheBeyond"],"potions_floor_usage":[16,50,50],"damage_taken":[{"damage":0,"enemies":"Small Slimes","floor":1,"turns":3},{"damage":0,"enemies":"2 Louse","floor":3,"turns":2},{"damage":11,"enemies":"Jaw Worm","floor":4,"turns":2},{"damage":1,"enemies":"2 Fungi Beasts","floor":5,"turns":3},{"damage":0,"enemies":"Large Slime","floor":7,"turns":4},{"damage":13,"enemies":"3 Sentries","floor":11,"turns":11},{"damage":2,"enemies":"Looter","floor":12,"turns":3},{"damage":10,"enemies":"The Mushroom Lair","floor":14,"turns":4},{"damage":39,"enemies":"The Guardian","floor":16,"turns":13},{"damage":0,"enemies":"Spheric Guardian","floor":18,"turns":3},{"damage":3,"enemies":"Shell Parasite","floor":19,"turns":6},{"damage":27,"enemies":"Snake Plant","floor":20,"turns":7},{"damage":4,"enemies":"Centurion and Healer","floor":22,"turns":7},{"damage":10,"enemies":"Sentry and Sphere","floor":25,"turns":5},{"damage":0,"enemies":"Snecko","floor":30,"turns":6},{"damage":14,"enemies":"Snake Plant","floor":31,"turns":5},{"damage":50,"enemies":"Collector","floor":33,"turns":13},{"damage":23,"enemies":"3 Darklings","floor":35,"turns":6},{"damage":0,"enemies":"Orb Walker","floor":37,"turns":3},{"damage":15,"enemies":"Writhing Mass","floor":39,"turns":9},{"damage":21,"enemies":"Transient","floor":42,"turns":5},{"damage":41,"enemies":"Giant Head","floor":44,"turns":10},{"damage":68,"enemies":"Awakened One","floor":50,"turns":13}],"seed_played":"-7437433771387463070","potions_obtained":[{"floor":3,"key":"Regen Potion"},{"floor":12,"key":"EssenceOfDarkness"},{"floor":17,"key":"FearPotion"},{"floor":19,"key":"GamblersBrew"},{"floor":30,"key":"PowerPotion"},{"floor":31,"key":"LiquidMemories"}],"is_trial":false,"path_per_floor":["M","?","M","M","M","R","M","R","T","?","?","M","$","?","R","B",null,"M","M","M","$","M","R","?","M","T","R","?","R","M","M","R","B",null,"M","?","M","$","M","$","R","M","T","E","R","?","$","T","R","B",null],"character_chosen":"DEFECT","items_purchased":["Blizzard","Anchor","Gash","MealTicket","Membership Card","Gremlin Horn","ClockworkSouvenir"],"campfire_rested":6,"item_purchase_floors":[13,13,21,21,38,38,47],"current_hp_per_floor":[75,80,80,69,68,68,68,68,68,68,55,53,53,43,67,28,85,85,82,55,55,51,51,51,41,41,66,48,73,73,59,84,34,85,62,62,62,77,62,77,77,56,56,15,40,40,55,55,80,27],"gold":53,"neow_bonus":"THREE_CARDS","is_daily":false,"chose_seed":false,"campfire_upgraded":4,"win_rate":0.0,"timestamp":1609620778,"path_taken":["M","?","M","M","M","R","M","R","T","?","?","M","$","?","R","BOSS","M","M","M","$","M","R","?","M","T","R","?","R","?","M","R","BOSS","M","?","M","$","?","$","R","M","T","E","R","?","?","?","R","BOSS"],"items_purchased_type":["Card","Relic","Card","Relic","Relic","Relic","Relic"],"build_version":"2020-12-22","purchased_purges":0,"victory":true,"max_hp_per_floor":[75,80,80,80,80,80,80,80,80,80,80,80,80,80,80,80,85,85,85,85,85,85,85,85,85,85,85,85,85,85,85,85,85,85,85,85,85,85,85,85,85,85,85,85,85,85,85,85,85,85],"card_choices":[{"not_picked":["Streamline","Stack"],"picked":"Hologram","floor":0},{"not_picked":["Barrage","Compile Driver"],"picked":"Gash","floor":1},{"not_picked":["Conserve Battery","Streamline"],"picked":"Machine Learning","floor":3},{"not_picked":["Glacier","Barrage"],"picked":"Chill","floor":4},{"not_picked":["Compile Driver","Storm"],"picked":"Melter","floor":5},{"not_picked":["Redo","Stack"],"picked":"Glacier","floor":7},{"not_picked":["Steam","Double Energy"],"picked":"Coolheaded","floor":11},{"not_picked":["Compile Driver","Steam"],"picked":"Gash","floor":12},{"not_picked":["Capacitor","Gash"],"picked":"Cold Snap","floor":14},{"not_picked":["Multi-Cast","Ball Lightning"],"picked":"Redo","floor":15},{"not_picked":["Rainbow","Amplify"],"picked":"All For One","floor":16},{"not_picked":["Streamline","Stack"],"picked":"Cold Snap","floor":17},{"not_picked":["Stack","Go for the Eyes"],"picked":"Glacier","floor":18},{"not_picked":["Leap","Reprogram","Hologram"],"picked":"SKIP","floor":19},{"not_picked":["Beam Cell","Ball Lightning"],"picked":"FTL","floor":20},{"not_picked":["White Noise","Sweeping Beam"],"picked":"Glacier+1","floor":22},{"not_picked":["Doom and Gloom","Redo"],"picked":"Conserve Battery","floor":25},{"not_picked":["Streamline","Skim"],"picked":"Blizzard","floor":27},{"not_picked":["All For One","Beam Cell"],"picked":"Conserve Battery","floor":29},{"not_picked":["Conserve Battery","Static Discharge+1","Leap"],"picked":"SKIP","floor":30},{"not_picked":["Streamline","Stack"],"picked":"Gash","floor":31},{"not_picked":["Aggregate+1","Stack+1"],"picked":"Defragment","floor":32},{"not_picked":["Rainbow","Electrodynamics"],"picked":"Creative AI","floor":33},{"not_picked":["Ball Lightning+1","Streamline+1","Barrage"],"picked":"SKIP","floor":35},{"not_picked":["Redo","Darkness"],"picked":"Coolheaded","floor":37},{"not_picked":["Barrage+1","Genetic Algorithm"],"picked":"BootSequence+1","floor":39},{"not_picked":["Sweeping Beam+1","Hologram","Ball Lightning"],"picked":"SKIP","floor":42},{"not_picked":["Force Field+1","Genetic Algorithm"],"picked":"Conserve Battery+1","floor":44},{"not_picked":["Streamline+1","Rip and Tear+1"],"picked":"Gash+1","floor":45}],"player_experience":17550,"relics_obtained":[{"floor":9,"key":"Shuriken"},{"floor":14,"key":"Odd Mushroom"},{"floor":26,"key":"Bottled Lightning"},{"floor":43,"key":"Molten Egg 2"},{"floor":44,"key":"Thread and Needle"},{"floor":44,"key":"Oddly Smooth Stone"},{"floor":48,"key":"Bag of Marbles"}],"event_choices":[{"damage_healed":0,"gold_gain":0,"player_choice":"Donut","damage_taken":0,"max_hp_gain":5,"max_hp_loss":0,"event_name":"Big Fish","floor":2,"gold_loss":0},{"damage_healed":0,"gold_gain":0,"player_choice":"Ignored","damage_taken":169,"max_hp_gain":0,"max_hp_loss":0,"event_name":"betterThird:BetterSerpent","floor":10,"gold_loss":0},{"damage_healed":0,"gold_gain":0,"player_choice":"Searched \u00272\u0027 times","damage_taken":0,"relics_obtained":["Dream Catcher"],"max_hp_gain":0,"max_hp_loss":0,"event_name":"Dead Adventurer","floor":11,"gold_loss":0},{"damage_healed":0,"gold_gain":0,"player_choice":"Fought Mushrooms","damage_taken":0,"max_hp_gain":0,"max_hp_loss":0,"event_name":"Mushrooms","floor":14,"gold_loss":0},{"damage_healed":0,"gold_gain":0,"player_choice":"Forge","damage_taken":0,"max_hp_gain":0,"max_hp_loss":0,"event_name":"Accursed Blacksmith","floor":24,"gold_loss":0,"cards_upgraded":["Cold Snap"]},{"damage_healed":0,"gold_gain":0,"player_choice":"RE ","damage_taken":20,"relics_obtained":["Vajra"],"max_hp_gain":0,"max_hp_loss":0,"event_name":"betterSkull:BetterSkull","floor":28,"gold_loss":0,"cards_upgraded":[]},{"cards_removed":["Strike_B"],"damage_healed":0,"gold_gain":0,"player_choice":"Purged","damage_taken":0,"max_hp_gain":0,"max_hp_loss":0,"event_name":"Purifier","floor":36,"gold_loss":0},{"cards_removed":["Defragment"],"damage_healed":0,"gold_gain":0,"player_choice":"Take \u0026 Give","damage_taken":0,"max_hp_gain":0,"max_hp_loss":0,"event_name":"betterNote:BetterNote","floor":46,"gold_loss":0,"cards_obtained":["Blizzard"]}],"is_beta":false,"boss_relics":[{"not_picked":["Ectoplasm","Snecko Eye"],"picked":"Tiny House"},{"not_picked":["Nuclear Battery","SacredBark"],"picked":"Black Star"}],"items_purged_floors":[],"is_endless":false,"potions_floor_spawned":[3,5,12,19,20,30,31,35,42],"ascension_level":0}}