{"host":"phniwng9zo19jwdb","time":1609604756,"event":{"mods":["AchievementEnabler","BaseMod","Colored Powertips","Faster Ascension Climbing","GifTheSpireLib","Minty Spire (QoL Compilation)","Permanent Neow","Rare Cards Sparkle","StSLib"],"gold_per_floor":[113,38,56,56,71,99,99,126,126,155,172,183,201,37,37,37,37],"floor_reached":16,"playtime":749,"items_purged":[],"score":220,"play_id":"5ef3a3d9-f29c-4e1e-adab-71081d4cd9e1","local_time":"20210102172556","is_ascension_mode":true,"campfire_choices":[{"data":"1","floor":7,"key":"LIFT"},{"data":"Tools of the Trade","floor":15,"key":"SMITH"}],"circlet_count":0,"master_deck":["AscendersBane","Strike_G","Strike_G","Strike_G","Defend_G","Defend_G","Defend_G","Defend_G","Defend_G","Survivor","Neutralize","Deadly Poison","Deadly Poison","Eviscerate","Poisoned Stab","Calculated Gamble","Tools of the Trade+1","Poisoned Stab","Tactician","Blur","Backflip"],"relics":["Ring of the Snake","Thread and Needle","Girya","Incense Burner","Dream Catcher","ClockworkSouvenir"],"acts_visited":["Exordium"],"potions_floor_usage":[8,10,16],"damage_taken":[{"damage":0,"enemies":"Jaw Worm","floor":1,"turns":5},{"damage":0,"enemies":"2 Louse","floor":3,"turns":3},{"damage":1,"enemies":"Cultist","floor":5,"turns":4},{"damage":16,"enemies":"3 Sentries","floor":6,"turns":9},{"damage":8,"enemies":"Gremlin Nob","floor":8,"turns":4},{"damage":8,"enemies":"3 Sentries","floor":10,"turns":8},{"damage":0,"enemies":"Red Slaver","floor":11,"turns":3},{"damage":0,"enemies":"Exordium Wildlife","floor":12,"turns":2},{"damage":0,"enemies":"Exordium Thugs","floor":13,"turns":10},{"damage":26,"enemies":"Slime Boss","floor":16,"turns":10}],"seed_played":"-6555548599395877782","potions_obtained":[{"floor":3,"key":"GhostInAJar"},{"floor":8,"key":"AttackPotion"},{"floor":12,"key":"GhostInAJar"},{"floor":13,"key":"SpeedPotion"}],"is_trial":false,"path_per_floor":["M","?","M","?","M","E","R","E","T","E","M","M","M","$","R","B"],"character_chosen":"THE_SILENT","items_purchased":["ClockworkSouvenir"],"campfire_rested":0,"item_purchase_floors":[14],"current_hp_per_floor":[59,59,59,59,58,42,42,34,34,26,26,26,26,26,26,0,0],"gold":37,"neow_bonus":"ONE_RARE_RELIC","is_daily":false,"chose_seed":false,"campfire_upgraded":1,"win_rate":0.0,"timestamp":1609604756,"path_taken":["M","?","M","?","M","E","R","E","T","E","M","?","M","?","R","BOSS"],"items_purchased_type":["Relic"],"build_version":"2020-12-22","purchased_purges":0,"victory":false,"max_hp_per_floor":[60,60,60,60,60,60,60,60,60,60,60,60,60,60,60,60,60],"card_choices":[{"not_picked":["PiercingWail","Bane","Deadly Poison"],"picked":"SKIP","floor":1},{"not_picked":["PiercingWail","Bane"],"picked":"Deadly Poison","floor":1},{"not_picked":["Dagger Throw","PiercingWail"],"picked":"Deadly Poison","floor":3},{"not_picked":["Slice","Well Laid Plans"],"picked":"Poisoned Stab","floor":5},{"not_picked":["Expertise","PiercingWail"],"picked":"Calculated Gamble","floor":6},{"not_picked":["Acrobatics","PiercingWail"],"picked":"Tools of the Trade","floor":8},{"not_picked":["PiercingWail","Skewer"],"picked":"Poisoned Stab","floor":10},{"not_picked":["Flechettes","Caltrops"],"picked":"Tactician","floor":11},{"not_picked":["Prepared","Choke"],"picked":"Blur","floor":12},{"not_picked":["Eviscerate","Tactician"],"picked":"Backflip","floor":13}],"player_experience":39287,"relics_obtained":[{"floor":6,"key":"Girya"},{"floor":8,"key":"Incense Burner"},{"floor":10,"key":"Dream Catcher"}],"event_choices":[{"cards_removed":["Strike_G"],"damage_healed":0,"gold_gain":0,"player_choice":"Card Removal","damage_taken":0,"max_hp_gain":0,"max_hp_loss":0,"event_name":"The Cleric","floor":2,"gold_loss":75},{"damage_healed":0,"gold_gain":0,"cards_transformed":["Strike_G"],"player_choice":"Transformed","damage_taken":0,"max_hp_gain":0,"max_hp_loss":0,"event_name":"Transmorgrifier","floor":4,"gold_loss":0,"cards_obtained":["Eviscerate"]}],"is_beta":false,"boss_relics":[],"items_purged_floors":[],"is_endless":false,"potions_floor_spawned":[3,8,12,13],"killed_by":"Slime Boss","ascension_level":16}}