{"host":"jfjanrmpavyj4ikg","time":1609564941,"event":{"mods":["AchievementEnabler","BaseMod","BetterRewards","Colored Map","Colored Powertips","GifTheSpireLib","Hermit","Infinite Spire","Minty Spire (QoL Compilation)","Quick Restart","Rare Cards Sparkle","Replay The Spire","Shop Mod","StSLib","The Cursed","The Disciple","The Hierophant","The Necromancer"],"gold_per_floor":[118,68,143,143,68,68,68,68,68,94,94,94,94,128,128,241,253,283,925,925],"floor_reached":19,"playtime":1328,"items_purged":["hermit:Strike_Hermit"],"score":169,"play_id":"055ed353-441a-4363-a86c-13bfee99ba70","local_time":"20210101212221","is_ascension_mode":false,"campfire_choices":[{"data":"hermit:CalledShot","floor":6,"key":"SMITH"},{"data":"hermit:Snapshot","floor":11,"key":"SMITH"},{"data":"hermit:Covet","floor":13,"key":"SMITH"},{"floor":15,"key":"DIG"}],"circlet_count":0,"master_deck":["hermit:Strike_Hermit","hermit:Defend_Hermit","hermit:Defend_Hermit","hermit:Defend_Hermit","hermit:Defend_Hermit","hermit:Snapshot+1","hermit:Covet+1","hermit:CalledShot+1","hermit:ItchyTrigger","hermit:Headshot","hermit:Deadeye+1","Madness"],"relics":["hermit:Momento","Toy Ornithopter","Happy Flower","Garlic","Kunai","MawBank","Honey Jar"],"acts_visited":["Exordium","TheCity"],"potions_floor_usage":[14],"damage_taken":[{"damage":0,"enemies":"Cultist","floor":1,"turns":4},{"damage":14,"enemies":"Replay:BlueRogue","floor":10,"turns":7},{"damage":35,"enemies":"Lagavulin","floor":14,"turns":10},{"damage":16,"enemies":"Slime Boss","floor":16,"turns":7},{"damage":3,"enemies":"3 Byrds","floor":18,"turns":5}],"seed_played":"6872616983644540333","potions_obtained":[{"floor":1,"key":"Elixir"}],"is_trial":false,"path_per_floor":["M","?","?","?","$","R","$","?","T","E","R","?","R","E","R_BF","B",null,"M","?"],"character_chosen":"HERMIT","items_purchased":[],"campfire_rested":0,"item_purchase_floors":[],"current_hp_per_floor":[75,75,64,64,64,64,64,64,64,50,50,50,50,20,20,4,75,72,0,0],"gold":925,"neow_bonus":"RANDOM_COMMON_RELIC","is_daily":false,"chose_seed":false,"campfire_upgraded":3,"win_rate":0.0,"timestamp":1609564941,"path_taken":["M","?","?","?","$","R","$","?","T","E","R","?","R","E","R_BF","BOSS","M","?"],"items_purchased_type":[],"build_version":"2020-12-22","purchased_purges":1,"victory":false,"max_hp_per_floor":[75,75,75,75,75,75,75,75,75,75,75,75,75,75,75,75,75,75,75,75],"card_choices":[{"not_picked":["hermit:Cheat","hermit:Midnight"],"picked":"hermit:CalledShot","floor":1},{"not_picked":["hermit:TakeAim","hermit:RoundhouseKick"],"picked":"hermit:ItchyTrigger","floor":10},{"not_picked":["hermit:Showdown","hermit:Vantage"],"picked":"hermit:Headshot","floor":14},{"not_picked":["hermit:Coalescence","hermit:Shortfuse","hermit:Feint"],"picked":"hermit:Deadeye+1","floor":18}],"player_experience":45351,"relics_obtained":[{"floor":9,"key":"Happy Flower"},{"floor":10,"key":"Garlic"},{"floor":14,"key":"Kunai"},{"floor":15,"key":"MawBank"}],"event_choices":[{"cards_removed":["hermit:Strike_Hermit"],"damage_healed":0,"gold_gain":0,"player_choice":"Card Removal","damage_taken":0,"max_hp_gain":0,"max_hp_loss":0,"event_name":"The Cleric","floor":2,"gold_loss":50},{"damage_healed":0,"gold_gain":75,"player_choice":"Gather Gold","damage_taken":11,"max_hp_gain":0,"max_hp_loss":0,"event_name":"World of Goop","floor":3,"gold_loss":0},{"damage_healed":0,"gold_gain":0,"player_choice":"Searched \u00270\u0027 times","damage_taken":0,"max_hp_gain":0,"max_hp_loss":0,"event_name":"Dead Adventurer","floor":8,"gold_loss":0}],"is_beta":false,"boss_relics":[{"not_picked":["Replay:Drink Me","Coffee Dripper"],"picked":"Honey Jar"}],"items_purged_floors":[5],"is_endless":false,"potions_floor_spawned":[1],"ascension_level":0}}