{"host":"g7trc0x2teqyd8ye","time":1609588364,"event":{"mods":["BaseMod","Key Reminder","Minty Spire (QoL Compilation)","Relic Stats"],"gold_per_floor":[113,127,127,174,194,223,223,3,3,3,33,33,33,63,63,168,168,183,453,471,471,20,20,50,50,96,106,136,136,136,42,42,144,144,160,178,39,39,59,85,98,128,128,19,46,46,59,59,59,59],"floor_reached":51,"playtime":2293,"items_purged":["Strike_B"],"score":1146,"play_id":"f80176df-b9a0-410e-b97d-2cc6b1e56c2a","local_time":"20210102125244","is_ascension_mode":true,"campfire_choices":[{"data":"Redo","floor":7,"key":"SMITH"},{"floor":10,"key":"REST"},{"floor":15,"key":"REST"},{"floor":23,"key":"REST"},{"floor":25,"key":"REST"},{"floor":29,"key":"REST"},{"data":"Thunder Strike","floor":32,"key":"SMITH"},{"floor":49,"key":"RECALL"}],"circlet_count":0,"master_deck":["Strike_B+1","Strike_B","Defend_B","Defend_B","Defend_B+1","Defend_B","Zap","Dualcast","Impatience","Doom and Gloom","Ball Lightning","Redo+1","Chill+1","Loop+1","Electrodynamics+1","Turbo+1","Thunder Strike+1","Conserve Battery+1","Static Discharge+1","Defragment+1","Chrysalis+1","Hologram+1","Creative AI+1","Sunder+1","Self Repair+1","Conserve Battery+1","Seek+1","Stack+1","Self Repair+1","Amplify+1","Rebound+1","Seek+1","Static Discharge+1","Capacitor+1"],"relics":["Cracked Core","Bird Faced Urn","Akabeko","Frozen Egg 2","Bag of Preparation","Pen Nib","PreservedInsect","Shuriken","Toxic Egg 2","Snecko Eye","Nilry\u0027s Codex","MealTicket","Bag of Marbles","Potion Belt","Regal Pillow","Fusion Hammer","Happy Flower","keyreminder:keyreminder","Blood Vial","Mummified Hand","InkBottle"],"acts_visited":["Exordium","TheCity","TheBeyond"],"potions_floor_usage":[16,16,28,50,50,50,50,50,50,50,50],"damage_taken":[{"damage":1,"enemies":"Small Slimes","floor":1,"turns":4},{"damage":7,"enemies":"Jaw Worm","floor":2,"turns":3},{"damage":1,"enemies":"2 Louse","floor":5,"turns":2},{"damage":30,"enemies":"Lagavulin","floor":6,"turns":4},{"damage":4,"enemies":"3 Sentries","floor":11,"turns":4},{"damage":0,"enemies":"Lagavulin","floor":14,"turns":4},{"damage":18,"enemies":"The Guardian","floor":16,"turns":6},{"damage":1,"enemies":"Spheric Guardian","floor":18,"turns":3},{"damage":24,"enemies":"Chosen","floor":20,"turns":5},{"damage":25,"enemies":"Book of Stabbing","floor":24,"turns":4},{"damage":16,"enemies":"Snake Plant","floor":27,"turns":2},{"damage":14,"enemies":"Slavers","floor":28,"turns":3},{"damage":35,"enemies":"Automaton","floor":33,"turns":6},{"damage":3,"enemies":"3 Darklings","floor":35,"turns":2},{"damage":0,"enemies":"3 Shapes","floor":36,"turns":1},{"damage":0,"enemies":"Jaw Worm Horde","floor":39,"turns":1},{"damage":0,"enemies":"Reptomancer","floor":40,"turns":2},{"damage":0,"enemies":"3 Darklings","floor":41,"turns":3},{"damage":4,"enemies":"Giant Head","floor":42,"turns":5},{"damage":15,"enemies":"Reptomancer","floor":45,"turns":2},{"damage":0,"enemies":"Spire Growth","floor":47,"turns":1},{"damage":35,"enemies":"Awakened One","floor":50,"turns":7}],"seed_played":"-6846396618611201495","potions_obtained":[{"floor":1,"key":"SneckoOil"},{"floor":2,"key":"FocusPotion"},{"floor":6,"key":"Weak Potion"},{"floor":20,"key":"BlessingOfTheForge"},{"floor":24,"key":"BlessingOfTheForge"},{"floor":27,"key":"Fire Potion"},{"floor":35,"key":"ColorlessPotion"},{"floor":36,"key":"EntropicBrew"},{"floor":41,"key":"Explosive Potion"},{"floor":42,"key":"Regen Potion"}],"is_trial":false,"path_per_floor":["M","M","?","T","M","E","R","$","T","R","E","?","?","E","R","B",null,"M","?","M","?","$","R","E","R","T","M","E","R","?","$","R","B",null,"M","M","$","?","M","E","M","E","T","$","E","$","M","?","R","B",null],"character_chosen":"DEFECT","items_purchased":["Loop+1","Bag of Preparation","MealTicket","Defragment+1","Chrysalis+1","Hologram+1","Self Repair+1","Conserve Battery+1","Amplify+1","Static Discharge+1"],"campfire_rested":5,"item_purchase_floors":[8,8,22,22,22,22,31,31,37,44],"current_hp_per_floor":[67,60,57,57,56,26,26,26,26,48,44,29,29,33,55,41,67,68,41,21,5,5,27,8,30,30,24,22,59,59,74,74,58,71,75,75,75,75,75,75,75,75,75,75,75,75,75,71,71,71],"gold":59,"neow_bonus":"RANDOM_COLORLESS","is_daily":false,"chose_seed":false,"campfire_upgraded":2,"win_rate":0.0,"timestamp":1609588364,"path_taken":["M","M","?","?","M","E","R","$","T","R","E","?","?","E","R","BOSS","M","?","?","?","$","R","E","R","T","M","E","R","?","$","R","BOSS","M","M","$","?","M","E","?","E","T","?","E","$","M","?","R","BOSS"],"items_purchased_type":["Card","Relic","Relic","Card","Card","Card","Card","Card","Card","Card"],"build_version":"2020-12-22","purchased_purges":1,"victory":true,"max_hp_per_floor":[75,75,75,75,75,75,75,75,75,75,75,75,75,75,75,75,75,75,75,75,75,75,75,75,75,75,75,75,75,75,75,75,75,75,75,75,75,75,75,75,75,75,75,75,75,75,75,71,71,71],"relic_stats":{"Regal Pillow":15,"Happy Flower":[6],"counters":[22,74],"Pen Nib":[7],"PreservedInsect":353,"Bag of Preparation":[36],"Blood Vial":0,"Shuriken":[7],"Mummified Hand":[50],"Bird Faced Urn":[77],"Snecko Eye":[94,94,86,91],"MealTicket":15,"obtain_stats":[{"Potion Belt":26,"Regal Pillow":28,"Happy Flower":40,"Nilry\u0027s Codex":21,"Pen Nib":9,"PreservedInsect":11,"Bag of Preparation":8,"Frozen Egg 2":6,"Akabeko":4,"keyreminder:keyreminder":40,"Blood Vial":42,"Shuriken":13,"Mummified Hand":43,"Bird Faced Urn":3,"Snecko Eye":17,"MealTicket":22,"Fusion Hammer":34,"Bag of Marbles":24,"Toxic Egg 2":14,"Cracked Core":0,"InkBottle":45},{"Potion Belt":10,"Regal Pillow":12,"Happy Flower":17,"Nilry\u0027s Codex":9,"Pen Nib":4,"PreservedInsect":5,"Bag of Preparation":4,"Frozen Egg 2":4,"Akabeko":2,"keyreminder:keyreminder":17,"Blood Vial":19,"Shuriken":5,"Mummified Hand":19,"Bird Faced Urn":2,"Snecko Eye":7,"MealTicket":9,"Fusion Hammer":13,"Bag of Marbles":10,"Toxic Egg 2":6,"Cracked Core":0,"InkBottle":20},{"Potion Belt":39,"Regal Pillow":44,"Happy Flower":56,"Nilry\u0027s Codex":35,"Pen Nib":13,"PreservedInsect":17,"Bag of Preparation":13,"Frozen Egg 2":13,"Akabeko":7,"keyreminder:keyreminder":56,"Blood Vial":64,"Shuriken":17,"Mummified Hand":64,"Bird Faced Urn":7,"Snecko Eye":27,"MealTicket":35,"Fusion Hammer":50,"Bag of Marbles":39,"Toxic Egg 2":21,"Cracked Core":0,"InkBottle":66}],"InkBottle":[7]},"card_choices":[{"not_picked":["Finesse","Jack Of All Trades"],"picked":"Impatience","floor":0},{"not_picked":["Hologram","BootSequence"],"picked":"Doom and Gloom","floor":1},{"not_picked":["Steam","Self Repair"],"picked":"Ball Lightning","floor":2},{"not_picked":["Turbo","Hello World"],"picked":"Redo","floor":5},{"not_picked":["Beam Cell","Steam Power"],"picked":"Chill","floor":6},{"not_picked":["Turbo","Gash"],"picked":"Electrodynamics+1","floor":11},{"not_picked":["Fusion+1","Recycle+1"],"picked":"Turbo+1","floor":14},{"not_picked":["Multi-Cast+1","Machine Learning+1"],"picked":"Thunder Strike","floor":16},{"not_picked":["Fusion+1","Gash"],"picked":"Conserve Battery+1","floor":18},{"not_picked":["Streamline","Force Field+1"],"picked":"Static Discharge+1","floor":20},{"not_picked":["Gash+1","Leap+1"],"picked":"Creative AI+1","floor":24},{"not_picked":["Reinforced Body+1","Rebound+1"],"picked":"Sunder+1","floor":27},{"not_picked":["Rebound","Auto Shields+1","Barrage"],"picked":"SKIP","floor":28},{"not_picked":["All For One","Buffer+1"],"picked":"Seek+1","floor":33},{"not_picked":["Rebound","Sweeping Beam"],"picked":"Stack+1","floor":35},{"not_picked":["Consume+1","Cold Snap+1"],"picked":"Self Repair+1","floor":36},{"not_picked":["Leap+1","Gash+1"],"picked":"Rebound+1","floor":39},{"not_picked":["Leap+1","Conserve Battery+1","Redo+1"],"picked":"SKIP","floor":40},{"not_picked":["Melter","Ball Lightning"],"picked":"Seek+1","floor":41},{"not_picked":["Auto Shields+1","Force Field+1","Sweeping Beam"],"picked":"SKIP","floor":42},{"not_picked":["Leap+1","Static Discharge+1"],"picked":"Capacitor+1","floor":45},{"not_picked":["Sweeping Beam+1","Turbo+1","Cold Snap"],"picked":"SKIP","floor":47}],"player_experience":870026,"relics_obtained":[{"floor":4,"key":"Akabeko"},{"floor":6,"key":"Frozen Egg 2"},{"floor":9,"key":"Pen Nib"},{"floor":11,"key":"PreservedInsect"},{"floor":14,"key":"Toxic Egg 2"},{"floor":21,"key":"Nilry\u0027s Codex"},{"floor":24,"key":"Bag of Marbles"},{"floor":26,"key":"Potion Belt"},{"floor":28,"key":"Regal Pillow"},{"floor":40,"key":"Happy Flower"},{"floor":42,"key":"Blood Vial"},{"floor":43,"key":"Mummified Hand"},{"floor":45,"key":"InkBottle"}],"event_choices":[{"damage_healed":0,"gold_gain":0,"player_choice":"Success","damage_taken":3,"relics_obtained":["Bird Faced Urn"],"max_hp_gain":0,"max_hp_loss":0,"event_name":"Scrap Ooze","floor":3,"gold_loss":0},{"damage_healed":0,"gold_gain":0,"player_choice":"Entered Light","damage_taken":15,"max_hp_gain":0,"max_hp_loss":0,"event_name":"Shining Light","floor":12,"gold_loss":0,"cards_upgraded":["Defend_B","Strike_B"]},{"damage_healed":0,"gold_gain":0,"player_choice":"Gave Potion","damage_taken":0,"relics_obtained":["Shuriken"],"max_hp_gain":0,"max_hp_loss":0,"event_name":"WeMeetAgain","floor":13,"gold_loss":0},{"damage_healed":0,"gold_gain":270,"player_choice":"GOLD GOLD GOLD ","damage_taken":27,"max_hp_gain":0,"max_hp_loss":0,"event_name":"Knowing Skull","floor":19,"potions_obtained":[],"gold_loss":0,"cards_obtained":[]},{"damage_healed":0,"gold_gain":0,"player_choice":"Obtained Book","damage_taken":16,"max_hp_gain":0,"max_hp_loss":0,"event_name":"Cursed Tome","floor":21,"gold_loss":0},{"cards_removed":["Strike_B"],"damage_healed":0,"gold_gain":0,"player_choice":"Purged","damage_taken":0,"max_hp_gain":0,"max_hp_loss":0,"event_name":"Purifier","floor":30,"gold_loss":0},{"damage_healed":0,"gold_gain":0,"player_choice":"Upgraded","damage_taken":0,"max_hp_gain":0,"max_hp_loss":0,"event_name":"Upgrade Shrine","floor":38,"gold_loss":0,"cards_upgraded":["Chill"]},{"damage_healed":0,"gold_gain":0,"player_choice":"Max HP","damage_taken":0,"max_hp_gain":0,"max_hp_loss":4,"event_name":"Winding Halls","floor":48,"gold_loss":0}],"is_beta":false,"boss_relics":[{"not_picked":["Ectoplasm","Pandora\u0027s Box"],"picked":"Snecko Eye"},{"not_picked":["SlaversCollar","Velvet Choker"],"picked":"Fusion Hammer"}],"items_purged_floors":[44],"is_endless":false,"potions_floor_spawned":[1,2,6,20,24,27,35,36,41,42],"ascension_level":7}}