{"host":"j4g6ia6asvpyu2b0","time":1609629061,"event":{"mods":["BaseMod","Colored Map","Minty Spire (QoL Compilation)","Permanent Neow","Quick Restart","Relic Stats","StSLib","Unceasing Turn Reminder"],"gold_per_floor":[114,129,144,159,159,159,189,204,204,219,249,249,264,279,279,379,379,394,394,94,109,109,109,124,124,124,139,169,169,199,214,214,214,214],"floor_reached":33,"playtime":870,"items_purged":[],"score":451,"play_id":"c76742a6-3f1e-47e4-ad74-6fb7f12b3798","local_time":"20210102161101","daily_mods":["Insanity","Time Dilation","Binary"],"is_ascension_mode":false,"campfire_choices":[{"data":"Demon Form","floor":6,"key":"SMITH"},{"data":"Armaments","floor":15,"key":"SMITH"},{"floor":23,"key":"DIG"},{"floor":29,"key":"DIG"},{"floor":32,"key":"DIG"}],"circlet_count":0,"master_deck":["Uppercut","Shrug It Off","Anger","Perfected Strike","Headbutt","Flame Barrier","Armaments+1","Sentinel","Heavy Blade","Havoc","Rage","Dropkick","Cleave","Havoc","Dark Embrace","Twin Strike","Battle Trance","Bloodletting","Twin Strike","Cleave","Inflame","True Grit","Burning Pact","Searing Blow","Spot Weakness","Bloodletting","Twin Strike","Twin Strike","Heavy Blade","True Grit","Warcry","True Grit","Cleave","Searing Blow","Shrug It Off","Body Slam","Thunderclap","Wild Strike","Havoc","Flex","Dual Wield","Wild Strike+1","Sentinel+1","Clothesline","Perfected Strike","Anger","Flex","Rampage","Warcry","Clash","Perfected Strike","Twin Strike","Headbutt","Demon Form+1","Flame Barrier","Inflame","Armaments","Thunderclap","Clothesline","Limit Break","Pommel Strike","Inflame+1","Headbutt+1","Parasite","Spot Weakness","Exhume","Carnage+1","Headbutt+1"],"relics":["Burning Blood","Bag of Preparation","Kunai","Happy Flower","Cursed Key","Shovel","Smiling Mask","Pear","Strawberry","Turnip","Bronze Scales","Lantern"],"acts_visited":["Exordium","TheCity"],"potions_floor_usage":[18,27,30],"damage_taken":[{"damage":0,"enemies":"Cultist","floor":1,"turns":3},{"damage":0,"enemies":"Jaw Worm","floor":2,"turns":2},{"damage":0,"enemies":"2 Louse","floor":3,"turns":2},{"damage":7,"enemies":"Blue Slaver","floor":4,"turns":2},{"damage":13,"enemies":"Gremlin Nob","floor":7,"turns":3},{"damage":0,"enemies":"2 Fungi Beasts","floor":8,"turns":2},{"damage":0,"enemies":"Lots of Slimes","floor":10,"turns":1},{"damage":0,"enemies":"Lagavulin","floor":11,"turns":4},{"damage":0,"enemies":"Looter","floor":13,"turns":2},{"damage":0,"enemies":"Blue Slaver","floor":14,"turns":1},{"damage":49,"enemies":"Hexaghost","floor":16,"turns":8},{"damage":15,"enemies":"2 Thieves","floor":18,"turns":3},{"damage":3,"enemies":"Shell Parasite","floor":21,"turns":2},{"damage":8,"enemies":"Centurion and Healer","floor":24,"turns":4},{"damage":10,"enemies":"Sentry and Sphere","floor":27,"turns":3},{"damage":14,"enemies":"Slavers","floor":28,"turns":3},{"damage":16,"enemies":"Gremlin Leader","floor":30,"turns":4},{"damage":15,"enemies":"Snake Plant","floor":31,"turns":3},{"damage":66,"enemies":"Collector","floor":33,"turns":7}],"seed_played":"-4486375853315586652","potions_obtained":[{"floor":1,"key":"SmokeBomb"},{"floor":2,"key":"Weak Potion"},{"floor":4,"key":"Fire Potion"},{"floor":19,"key":"Energy Potion"},{"floor":19,"key":"DistilledChaos"},{"floor":19,"key":"PowerPotion"},{"floor":27,"key":"ElixirPotion"},{"floor":28,"key":"FearPotion"}],"is_trial":false,"path_per_floor":["M","M","M","M","?","R","E","M","T","M","E","$","M","M","R","B",null,"M","?","$","M","$","R","M","?","T","M","E","R","E","M","R","B"],"character_chosen":"IRONCLAD","items_purchased":["Shovel"],"campfire_rested":0,"item_purchase_floors":[20],"current_hp_per_floor":[80,80,80,79,63,63,56,62,62,68,74,74,80,80,80,37,80,71,71,71,74,74,74,72,72,82,78,77,77,67,58,58,0,0],"gold":214,"neow_bonus":"","is_daily":true,"chose_seed":false,"campfire_upgraded":2,"win_rate":0.0,"timestamp":1609629061,"path_taken":["M","M","?","M","?","R","E","M","T","M","E","$","M","M","R","BOSS","M","?","$","M","?","R","M","?","T","M","E","R","E","?","R","BOSS"],"items_purchased_type":["Relic"],"build_version":"2020-12-22","purchased_purges":0,"victory":false,"max_hp_per_floor":[80,80,80,80,80,80,80,80,80,80,80,80,80,80,80,80,80,80,80,80,80,80,80,80,80,90,90,97,97,97,97,97,97,97],"relic_stats":{"Shovel":3,"Happy Flower":[13],"counters":[19,59],"Bronze Scales":[21],"Turnip":[5],"Bag of Preparation":[28],"Kunai":[15],"Cursed Key":1,"Smiling Mask":0,"obtain_stats":[{"Lantern":32,"Shovel":20,"Pear":26,"Happy Flower":11,"Strawberry":28,"Bronze Scales":30,"Turnip":29,"Bag of Preparation":7,"Kunai":9,"Cursed Key":17,"Smiling Mask":23,"Burning Blood":0},{"Lantern":18,"Shovel":12,"Pear":14,"Happy Flower":8,"Strawberry":16,"Bronze Scales":17,"Turnip":16,"Bag of Preparation":5,"Kunai":6,"Cursed Key":11,"Smiling Mask":13,"Burning Blood":0},{"Lantern":52,"Shovel":33,"Pear":39,"Happy Flower":19,"Strawberry":45,"Bronze Scales":49,"Turnip":45,"Bag of Preparation":12,"Kunai":14,"Cursed Key":30,"Smiling Mask":35,"Burning Blood":0}],"Burning Blood":84},"card_choices":[{"not_picked":["Warcry"],"picked":"Perfected Strike","floor":1},{"not_picked":["Sentinel"],"picked":"Twin Strike","floor":2},{"not_picked":["Cleave"],"picked":"Headbutt","floor":3},{"not_picked":["Clothesline"],"picked":"Demon Form","floor":4},{"not_picked":["Heavy Blade"],"picked":"Flame Barrier","floor":7},{"not_picked":["Perfected Strike"],"picked":"Inflame","floor":8},{"not_picked":["Thunderclap"],"picked":"Armaments","floor":10},{"not_picked":["Clothesline"],"picked":"Thunderclap","floor":11},{"not_picked":["True Grit","Cleave"],"picked":"SKIP","floor":13},{"not_picked":["Cleave"],"picked":"Clothesline","floor":14},{"not_picked":["Reaper"],"picked":"Limit Break","floor":16},{"not_picked":["Warcry+1"],"picked":"Pommel Strike","floor":18},{"not_picked":["Armaments"],"picked":"Inflame+1","floor":21},{"not_picked":["Bloodletting"],"picked":"Headbutt+1","floor":24},{"not_picked":["Heavy Blade"],"picked":"Spot Weakness","floor":27},{"not_picked":["Havoc"],"picked":"Exhume","floor":28},{"not_picked":["Combust"],"picked":"Carnage+1","floor":30},{"not_picked":["Perfected Strike+1"],"picked":"Headbutt+1","floor":31}],"player_experience":676559,"relics_obtained":[{"floor":7,"key":"Bag of Preparation"},{"floor":9,"key":"Kunai"},{"floor":11,"key":"Happy Flower"},{"floor":23,"key":"Smiling Mask"},{"floor":26,"key":"Pear"},{"floor":28,"key":"Strawberry"},{"floor":29,"key":"Turnip"},{"floor":30,"key":"Bronze Scales"},{"floor":32,"key":"Lantern"}],"event_choices":[{"damage_healed":0,"gold_gain":0,"player_choice":"Entered Light","damage_taken":16,"max_hp_gain":0,"max_hp_loss":0,"event_name":"Shining Light","floor":5,"gold_loss":0,"cards_upgraded":["Sentinel","Wild Strike"]},{"damage_healed":0,"gold_gain":0,"player_choice":"Got Potions","damage_taken":0,"max_hp_gain":0,"max_hp_loss":0,"event_name":"Lab","floor":19,"gold_loss":0},{"damage_healed":0,"gold_gain":0,"player_choice":"Ignored","damage_taken":0,"max_hp_gain":0,"max_hp_loss":0,"event_name":"Beggar","floor":25,"gold_loss":0}],"is_beta":false,"boss_relics":[{"not_picked":["Sozu","Busted Crown"],"picked":"Cursed Key"}],"items_purged_floors":[],"is_endless":false,"potions_floor_spawned":[1,2,4,10,16,27,28],"killed_by":"Collector","ascension_level":0}}