{"host":"yer03dsd277nstsn","time":1609562128,"event":{"mods":["BaseMod","Colored Powertips","Minty Spire (QoL Compilation)"],"gold_per_floor":[113,38,38,12,12,51,51,72,72,21,21,21],"floor_reached":11,"playtime":287,"items_purged":[],"score":93,"play_id":"0e2b8dd7-2587-4df7-883d-587a253f856c","local_time":"20210101223528","is_ascension_mode":true,"campfire_choices":[{"floor":7,"key":"REST"}],"circlet_count":0,"master_deck":["Strike_B","Strike_B","Strike_B","Strike_B","Defend_B","Defend_B","Defend_B","Defend_B","Zap","Dualcast","Defragment","Ball Lightning","Rebound","Ball Lightning","Conserve Battery"],"relics":["Inserter","Golden Idol","Ice Cream","Cables"],"acts_visited":[],"potions_floor_usage":[],"damage_taken":[{"damage":12,"enemies":"Jaw Worm","floor":1,"turns":4},{"damage":40,"enemies":"Gremlin Nob","floor":6,"turns":4},{"damage":1,"enemies":"Cultist","floor":8,"turns":3},{"damage":28,"enemies":"3 Sentries","floor":11,"turns":4}],"seed_played":"-3885394663731788788","potions_obtained":[{"floor":8,"key":"SteroidPotion"}],"is_trial":false,"path_per_floor":["M","$","?","$","?","E","R","M","T","$","E"],"character_chosen":"DEFECT","items_purchased":["Hologram","Ball Lightning","Rebound","FearPotion"],"campfire_rested":1,"item_purchase_floors":[2,2,4,10],"current_hp_per_floor":[56,56,61,61,43,3,25,24,24,24,0,0],"gold":21,"neow_bonus":"BOSS_RELIC","is_daily":false,"chose_seed":false,"campfire_upgraded":0,"win_rate":0.0,"timestamp":1609562128,"path_taken":["M","$","?","?","?","E","R","M","T","$","E"],"items_purchased_type":["Card","Card","Card","Potion"],"build_version":"2020-12-22","purchased_purges":0,"victory":false,"max_hp_per_floor":[75,75,75,75,75,75,75,75,75,75,75,75],"card_choices":[{"not_picked":["Beam Cell","Go for the Eyes"],"picked":"Defragment","floor":1},{"not_picked":["Rip and Tear","FTL"],"picked":"Ball Lightning","floor":6},{"not_picked":["Scrape","Go for the Eyes"],"picked":"Conserve Battery","floor":8}],"player_experience":430078,"relics_obtained":[{"floor":6,"key":"Ice Cream"},{"floor":9,"key":"Cables"}],"event_choices":[{"cards_removed":["Hologram"],"damage_healed":5,"gold_gain":0,"player_choice":"Offered Common","damage_taken":0,"max_hp_gain":0,"max_hp_loss":0,"event_name":"Bonfire Elementals","floor":3,"gold_loss":0},{"cards_removed":["Hologram"],"damage_healed":5,"gold_gain":0,"player_choice":"Offered Special","damage_taken":0,"max_hp_gain":0,"max_hp_loss":0,"event_name":"Bonfire Elementals","floor":3,"gold_loss":0},{"damage_healed":0,"gold_gain":0,"player_choice":"Take Damage","damage_taken":18,"relics_obtained":["Golden Idol"],"max_hp_gain":0,"max_hp_loss":0,"event_name":"Golden Idol","floor":5,"gold_loss":0}],"is_beta":false,"boss_relics":[],"items_purged_floors":[],"is_endless":false,"potions_floor_spawned":[8],"killed_by":"3 Sentries","ascension_level":7}}