{"host":"2n2g1vowfllvjtvi","time":1609592950,"event":{"mods":["AchievementEnabler","BaseMod","Custom Start","GifTheSpireLib","Keyboard Shortcuts","Minty Spire (QoL Compilation)","Quick Restart","Rare Cards Sparkle","StSLib","SuperFastMode"],"gold_per_floor":[116,116,166,185,203,203,229,229,229,260,278,292,292,307,307,379,379,393,404,404,329,329,329,360,360,432,447,463,475,475,80,80,154,154,168,43,55,55,66,98,98,112,139,139,139],"floor_reached":44,"playtime":1216,"items_purged":["Strike_R","Strike_R","Uppercut+1"],"score":823,"play_id":"bc8d50c9-e4b0-44ae-b0ad-bbe3045ce993","local_time":"20210102220910","is_ascension_mode":true,"campfire_choices":[{"data":"Bash","floor":6.0,"key":"SMITH"},{"data":"Hemokinesis","floor":8.0,"key":"SMITH"},{"data":"Blood for Blood","floor":13.0,"key":"SMITH"},{"data":"Shockwave","floor":15.0,"key":"SMITH"},{"data":"Rage","floor":23.0,"key":"SMITH"},{"data":"Blood for Blood","floor":30.0,"key":"SMITH"},{"data":"Pommel Strike","floor":32.0,"key":"SMITH"}],"circlet_count":0,"master_deck":["AscendersBane","Defend_R","Bash+1","Shockwave+1","Pommel Strike+1","Hemokinesis+1","Blood for Blood+1","Dropkick","Anger","Rage+1","Blood for Blood+1","Reaper","Intimidate+1","Feel No Pain+1","Burning Pact","Fire Breathing+1"],"relics":["Burning Blood","NeowsBlessing","Meat on the Bone","Pantograph","Regal Pillow","Runic Cube","Blue Candle","Ornamental Fan","Unceasing Top","Astrolabe","Centennial Puzzle","PreservedInsect"],"acts_visited":["Exordium","TheCity","TheBeyond"],"potions_floor_usage":[],"damage_taken":[{"damage":0.0,"enemies":"2 Louse","floor":1.0,"turns":1.0},{"damage":0.0,"enemies":"Cultist","floor":4.0,"turns":1.0},{"damage":0.0,"enemies":"Jaw Worm","floor":5.0,"turns":1.0},{"damage":26.0,"enemies":"Gremlin Nob","floor":7.0,"turns":4.0},{"damage":34.0,"enemies":"3 Sentries","floor":10.0,"turns":7.0},{"damage":18.0,"enemies":"Exordium Thugs","floor":11.0,"turns":3.0},{"damage":19.0,"enemies":"3 Louse","floor":12.0,"turns":3.0},{"damage":6.0,"enemies":"Large Slime","floor":14.0,"turns":2.0},{"damage":22.0,"enemies":"The Guardian","floor":16.0,"turns":9.0},{"damage":21.0,"enemies":"2 Thieves","floor":18.0,"turns":3.0},{"damage":18.0,"enemies":"Chosen","floor":19.0,"turns":4.0},{"damage":12.0,"enemies":"Book of Stabbing","floor":24.0,"turns":4.0},{"damage":22.0,"enemies":"Snake Plant","floor":27.0,"turns":3.0},{"damage":11.0,"enemies":"Shelled Parasite and Fungi","floor":28.0,"turns":3.0},{"damage":20.0,"enemies":"Snecko","floor":29.0,"turns":4.0},{"damage":43.0,"enemies":"Champ","floor":33.0,"turns":7.0},{"damage":3.0,"enemies":"Orb Walker","floor":35.0,"turns":2.0},{"damage":22.0,"enemies":"3 Darklings","floor":37.0,"turns":5.0},{"damage":13.0,"enemies":"4 Shapes","floor":39.0,"turns":5.0},{"damage":21.0,"enemies":"Nemesis","floor":40.0,"turns":7.0},{"damage":7,"enemies":"Maw","floor":42,"turns":6},{"damage":0,"enemies":"3 Darklings","floor":44,"turns":1}],"seed_played":"-3893982664451903716","potions_obtained":[{"floor":5.0,"key":"Dexterity Potion"},{"floor":10.0,"key":"DuplicationPotion"},{"floor":16.0,"key":"PowerPotion"},{"floor":19.0,"key":"LiquidMemories"},{"floor":27.0,"key":"DistilledChaos"},{"floor":35.0,"key":"Weak Potion"},{"floor":42,"key":"Explosive Potion"}],"is_trial":false,"path_per_floor":["M","?","?","M","M","R","E","R","T","E","M","M","R","M","R","B",null,"M","M","?","$","?","R","E","?","T","M","M","M","R","$","R","B",null,"M","$","M","$","M","E","$","M","T","M"],"character_chosen":"IRONCLAD","items_purchased":["Unceasing Top"],"campfire_rested":0,"item_purchase_floors":[31],"current_hp_per_floor":[74,67,67,73,75,75,55,55,55,39,39,38,38,50,50,59,71,56,44,44,44,44,44,50,50,50,46,53,51,51,51,51,50,69,72,72,68,68,61,47,47,49,49,49,49],"gold":139,"neow_bonus":"THREE_ENEMY_KILL","is_daily":false,"chose_seed":false,"campfire_upgraded":7,"win_rate":0.0,"timestamp":1609592950,"path_taken":["M","?","?","M","?","R","E","R","T","E","M","?","R","M","R","BOSS","M","M","?","?","?","R","E","?","T","M","M","?","R","$","R","BOSS","M","$","M","$","?","E","?","M","T","M"],"items_purchased_type":["Relic"],"build_version":"2020-12-22","purchased_purges":3,"victory":false,"max_hp_per_floor":[75,75,75,75,75,75,75,75,75,75,75,75,75,75,75,75,75,75,75,75,75,75,75,75,75,75,75,75,75,75,75,75,75,75,75,75,75,75,75,75,75,75,75,75,75],"card_choices":[{"not_picked":["Pommel Strike","Cleave"],"picked":"Shockwave","floor":1.0},{"not_picked":["Perfected Strike","Sword Boomerang"],"picked":"Pommel Strike","floor":4.0},{"not_picked":["Warcry","Twin Strike"],"picked":"Wild Strike","floor":5.0},{"not_picked":["Flex","Wild Strike"],"picked":"Hemokinesis","floor":7.0},{"not_picked":["Spot Weakness","Anger","Flex"],"picked":"SKIP","floor":10.0},{"not_picked":["Corruption","Dual Wield","Flex"],"picked":"SKIP","floor":11.0},{"not_picked":["Headbutt","Bloodletting"],"picked":"Blood for Blood","floor":12.0},{"not_picked":["Cleave","Anger","Thunderclap"],"picked":"SKIP","floor":14.0},{"not_picked":["Body Slam","Infernal Blade"],"picked":"Dropkick","floor":18.0},{"not_picked":["Havoc","Iron Wave","Searing Blow"],"picked":"SKIP","floor":19.0},{"not_picked":["Feel No Pain","Battle Trance","Sword Boomerang+1"],"picked":"SKIP","floor":24.0},{"not_picked":["Cleave","Carnage","Clothesline+1"],"picked":"SKIP","floor":27.0},{"not_picked":["Whirlwind","Evolve"],"picked":"Blood for Blood","floor":28.0},{"not_picked":["Carnage","Clash","Rage"],"picked":"SKIP","floor":29.0},{"not_picked":["Immolate","Impervious"],"picked":"Reaper","floor":33.0},{"not_picked":["Warcry","Cleave"],"picked":"Burning Pact","floor":35.0},{"not_picked":["True Grit","Perfected Strike","Searing Blow"],"picked":"SKIP","floor":37.0},{"not_picked":["Searing Blow+1","Heavy Blade","Thunderclap"],"picked":"SKIP","floor":39.0},{"not_picked":["Armaments","Shrug It Off+1","Rupture"],"picked":"SKIP","floor":40.0},{"not_picked":["Reckless Charge","Rupture"],"picked":"Fire Breathing+1","floor":42}],"player_experience":414373,"relics_obtained":[{"floor":7.0,"key":"Meat on the Bone"},{"floor":9.0,"key":"Pantograph"},{"floor":10.0,"key":"Regal Pillow"},{"floor":24.0,"key":"Blue Candle"},{"floor":26.0,"key":"Ornamental Fan"},{"floor":40.0,"key":"Centennial Puzzle"},{"floor":43,"key":"PreservedInsect"}],"event_choices":[{"cards_removed":["Strike_R"],"damage_healed":0.0,"max_hp_gain":0.0,"max_hp_loss":0.0,"gold_gain":0.0,"event_name":"Golden Wing","player_choice":"Card Removal","floor":2.0,"gold_loss":0.0,"damage_taken":7.0},{"damage_healed":0.0,"max_hp_gain":0.0,"max_hp_loss":0.0,"gold_gain":50.0,"event_name":"Golden Shrine","player_choice":"Pray","floor":3.0,"gold_loss":0.0,"damage_taken":0.0},{"cards_removed":["Strike_R"],"damage_healed":0.0,"max_hp_gain":0.0,"max_hp_loss":0.0,"gold_gain":0.0,"event_name":"Purifier","player_choice":"Purged","floor":20.0,"gold_loss":0.0,"damage_taken":0.0},{"damage_healed":0.0,"max_hp_gain":0.0,"max_hp_loss":0.0,"gold_gain":0.0,"cards_transformed":["Strike_R","Wild Strike"],"event_name":"Drug Dealer","player_choice":"Became Test Subject","floor":22.0,"gold_loss":0.0,"damage_taken":0.0,"cards_obtained":["Anger","Rage"]},{"damage_healed":0.0,"max_hp_gain":0.0,"max_hp_loss":0.0,"gold_gain":0.0,"event_name":"Ghosts","player_choice":"Ignored","floor":25.0,"gold_loss":0.0,"damage_taken":0.0}],"is_beta":false,"boss_relics":[{"not_picked":["Mark of Pain","Fusion Hammer"],"picked":"Runic Cube"},{"not_picked":["Runic Dome","Empty Cage"],"picked":"Astrolabe"}],"items_purged_floors":[21,31,36],"is_endless":false,"potions_floor_spawned":[5,10,11,16,19,27,29,35,42],"killed_by":"3 Darklings","ascension_level":15}}