{"host":"gx04ak8ofzo346nl","time":1609571523,"event":{"mods":["Bard","BaseMod","Colored Map","Conspire","Googly Eyes","Highlight Path","Minty Spire (QoL Compilation)","Replay The Spire","StSLib","The Poker Player","The Servant 0.9.4"],"gold_per_floor":[118,137,157,174,126,154,169,187,210,226,256,256,56,117,117,264,264,337,380,121,152,77,86,86,15,39,64,147,147,47,78,78,220,220,243,343,114,438,483,552,552,625,625,625,625,350,398,398,398,485,485,485,90,130,160],"floor_reached":56,"playtime":4142,"items_purged":["conspire:SpireCoStock","conspire:SpireCoStock"],"score":1505,"play_id":"4bc3ce0d-eb16-40c1-971f-987e6ebf4da4","local_time":"20210101231203","is_ascension_mode":false,"metric_token":722,"campfire_choices":[{"data":"PokerPlayerMod:TrumpStrike","floor":15.0,"key":"SMITH"},{"data":"PokerPlayerMod:Mulligan","floor":23,"key":"SMITH"},{"floor":29,"key":"RECALL"},{"data":"PokerPlayerMod:Diamond1","floor":32,"key":"SMITH"},{"floor":41,"key":"REST"},{"floor":44,"key":"REST"},{"data":"PokerPlayerMod:JackOfSpades","floor":49,"key":"SMITH"},{"data":"PokerPlayerMod:Spade1","floor":52,"key":"SMITH"}],"circlet_count":0,"master_deck":["PokerPlayerMod:Diamond2","PokerPlayerMod:Diamond2","PokerPlayerMod:Diamond3","PokerPlayerMod:Diamond4","PokerPlayerMod:Spade3","PokerPlayerMod:Spade3","PokerPlayerMod:Spade3","PokerPlayerMod:Spade4","PokerPlayerMod:Club2","PokerPlayerMod:Heart2","PokerPlayerMod:TrumpStrike+1","PokerPlayerMod:Mulligan+1","PokerPlayerMod:Fold","PokerPlayerMod:Diamond3","PokerPlayerMod:CardPrinter","PokerPlayerMod:Trickery","PokerPlayerMod:MagicTrick","PokerPlayerMod:Spade3","PokerPlayerMod:Spade3","PokerPlayerMod:JackOfSpades+1","PokerPlayerMod:Diamond3","PokerPlayerMod:HeartStrike","PokerPlayerMod:Spade6","conspire:SpireCoStock","conspire:SpireCoStock","conspire:SpireCoStock","PokerPlayerMod:Club3","PokerPlayerMod:WasteCollection+1","CurseOfTheBell","PokerPlayerMod:Diamond3","PokerPlayerMod:Heart4","PokerPlayerMod:ItsShowtime+1","PokerPlayerMod:Club3","PokerPlayerMod:HeartStrike","PokerPlayerMod:Duplicate+1","PokerPlayerMod:Diamond2","PokerPlayerMod:Diamond2","PokerPlayerMod:Diamond3","PokerPlayerMod:Diamond4","PokerPlayerMod:Spade1","PokerPlayerMod:Spade3","PokerPlayerMod:Spade3","PokerPlayerMod:Spade4","PokerPlayerMod:Club2","PokerPlayerMod:Heart2","PokerPlayerMod:TrumpStrike+1","PokerPlayerMod:Mulligan+1","PokerPlayerMod:Fold","PokerPlayerMod:Diamond3","PokerPlayerMod:CardPrinter","PokerPlayerMod:Trickery","PokerPlayerMod:MagicTrick+1","PokerPlayerMod:Spade3","PokerPlayerMod:Spade3","PokerPlayerMod:JackOfSpades+1","PokerPlayerMod:Diamond3","PokerPlayerMod:HeartStrike","PokerPlayerMod:Spade6","conspire:SpireCoStock+1","conspire:SpireCoStock","conspire:SpireCoStock","PokerPlayerMod:Club3","PokerPlayerMod:WasteCollection+1","CurseOfTheBell","PokerPlayerMod:Diamond3","PokerPlayerMod:Heart4","PokerPlayerMod:ItsShowtime+1","PokerPlayerMod:Club3","PokerPlayerMod:HeartStrike","PokerPlayerMod:Duplicate+1","PokerPlayerMod:Heart3","PokerPlayerMod:GamblerForm+1","PokerPlayerMod:Spade4","PokerPlayerMod:Diamond3","PokerPlayerMod:GamblerForm+1","PokerPlayerMod:Raise+1"],"relics":["PokerPlayerMod:DeckCase","Golden Egg","Potion Belt","Orichalcum","Calling Bell","CeramicFish","Matryoshka","Replay:PocketPolymizer","Bottled Lightning","PokerPlayerMod:BrokenClock","Blood Vial","Replay:Wax Seal","Black Star","Membership Card","Juzu Bracelet","War Paint","Replay:Rubber Ducky","Replay:WaspNest","Bottled Flame","ReplayFunnel","Ancient Tea Set","BargainBundle","Replay:Baseball","ReplayTheSpireMod:Ninjato","Toy Ornithopter","Replay:Bottled Eggs","ReplayTheSpireMod:TigerMarble","PokerPlayerMod:Splitter"],"acts_visited":["Exordium","TheCity","TheBeyond","TheEnding"],"potions_floor_usage":[33,33,33,33,47,50,50,54,55,55,55],"damage_taken":[{"damage":0.0,"enemies":"2 Louse","floor":1.0,"turns":2.0},{"damage":5.0,"enemies":"conspire:RoseBush","floor":2.0,"turns":5.0},{"damage":0.0,"enemies":"Small Slimes","floor":3.0,"turns":3.0},{"damage":12.0,"enemies":"conspire:2 RoseBushes","floor":4.0,"turns":4.0},{"damage":24.0,"enemies":"Gremlin Nob","floor":6.0,"turns":4.0},{"damage":5.0,"enemies":"Exordium Thugs","floor":7.0,"turns":5.0},{"damage":0.0,"enemies":"3 Louse","floor":8.0,"turns":3.0},{"damage":3.0,"enemies":"Red Slaver","floor":10.0,"turns":3.0},{"damage":2.0,"enemies":"Replay:BlueRogue","floor":11.0,"turns":6.0},{"damage":14.0,"enemies":"Lots of Slimes","floor":14.0,"turns":4.0},{"damage":13.0,"enemies":"Slime Boss","floor":16.0,"turns":11.0},{"damage":0.0,"enemies":"Shell Parasite","floor":18.0,"turns":5.0},{"damage":0,"enemies":"Chosen","floor":19,"turns":4},{"damage":0,"enemies":"Snake Plant","floor":21,"turns":1},{"damage":0,"enemies":"Shelled Parasite and Fungi","floor":27,"turns":1},{"damage":22,"enemies":"Book of Stabbing","floor":28,"turns":6},{"damage":0,"enemies":"Replay:Snechameleon","floor":31,"turns":1},{"damage":27,"enemies":"Collector","floor":33,"turns":10},{"damage":0,"enemies":"Orb Walker","floor":35,"turns":2},{"damage":0,"enemies":"3 Darklings","floor":39,"turns":1},{"damage":56,"enemies":"Reptomancer","floor":40,"turns":5},{"damage":24,"enemies":"Nemesis","floor":42,"turns":5},{"damage":9,"enemies":"Writhing Mass","floor":47,"turns":5},{"damage":15,"enemies":"Time Eater","floor":50,"turns":10},{"damage":0,"enemies":"Shield and Spear","floor":54,"turns":3},{"damage":45,"enemies":"The Heart","floor":55,"turns":9}],"seed_played":"8390558222308548965","potions_obtained":[{"floor":3.0,"key":"Fire Potion"},{"floor":4.0,"key":"Dexterity Potion"},{"floor":6.0,"key":"SkillPotion"},{"floor":11.0,"key":"SkillPotion"},{"floor":18,"key":"Elixir"},{"floor":31,"key":"Flashbang"},{"floor":35,"key":"Doom Potion"},{"floor":42,"key":"BlessingOfTheForge"}],"is_trial":false,"path_per_floor":["M","M","M","M","$","E","M","M","T","M","E","?","?","M","R","B",null,"M","M","$","M","?","R","?","$","T","M","E","R","$","E","R","B",null,"M","?","$","?","M","E","R","E","T","R","?","$","M","?","R","B",null,"R","$","E","B",null],"character_chosen":"THE_POKER_PLAYER","items_purchased":["PokerPlayerMod:MagicTrick","Bottled Lightning","EssenceOfSteel","Fire Potion","Fire Potion","Membership Card","Juzu Bracelet","BargainBundle","PokerPlayerMod:GamblerForm","PokerPlayerMod:Spade3","Replay:Baseball","ReplayTheSpireMod:Ninjato","Energy Potion","SkillPotion","Toy Ornithopter","Replay:Bottled Eggs","PokerPlayerMod:GamblerForm","Explosive Potion","AttackPotion","EssenceOfSteel"],"campfire_rested":2,"item_purchase_floors":[5,20,25,30,30,37,37,46,46,46,46,46,46,46,53,53,53,53,53,53],"current_hp_per_floor":[57,52,57,47,47,27,28,30,30,32,33,33,33,46,46,43,57,57,57,57,57,57,57,57,57,57,57,52,52,52,54,54,32,57,57,57,57,57,57,16,33,25,25,42,57,57,48,48,48,57,57,57,57,57,50],"gold":160,"neow_bonus":"TEN_PERCENT_HP_BONUS","is_daily":false,"chose_seed":false,"campfire_upgraded":5,"win_rate":0.0,"timestamp":1609571523,"path_taken":["M","M","M","M","$","E","M","M","T","M","E","?","?","M","R","BOSS","M","M","$","M","?","R","?","?","T","M","E","R","$","E","R","BOSS","M","?","?","?","M","E","R","E","T","R","?","$","M","?","R","BOSS","R","$","E","BOSS"],"items_purchased_type":["Card","Relic","Potion","Potion","Potion","Relic","Relic","Relic","Card","Card","Relic","Relic","Potion","Potion","Relic","Relic","Card","Potion","Potion","Potion"],"build_version":"2020-12-22","purchased_purges":2,"victory":true,"max_hp_per_floor":[57,57,57,57,57,57,57,57,57,57,57,57,57,57,57,57,57,57,57,57,57,57,57,57,57,57,57,57,57,57,57,57,57,57,57,57,57,57,57,57,57,57,57,57,57,57,57,57,57,57,57,57,57,57,57],"card_choices":[{"not_picked":["PokerPlayerMod:Club3","PokerPlayerMod:Trickery"],"picked":"PokerPlayerMod:Fold","floor":1.0},{"not_picked":["PokerPlayerMod:ClubsClub","PokerPlayerMod:Diamond1"],"picked":"PokerPlayerMod:Diamond3","floor":2.0},{"not_picked":["PokerPlayerMod:Diamond5","PokerPlayerMod:DiamondStrike"],"picked":"PokerPlayerMod:CardPrinter","floor":3.0},{"not_picked":["PokerPlayerMod:ClubStrike","PokerPlayerMod:Spade8"],"picked":"PokerPlayerMod:Trickery","floor":4.0},{"not_picked":["PokerPlayerMod:Club1","PokerPlayerMod:Diamond4"],"picked":"PokerPlayerMod:Spade3","floor":6.0},{"not_picked":["PokerPlayerMod:HiddenCard","PokerPlayerMod:CloakAndDiamond"],"picked":"PokerPlayerMod:Spade3","floor":7.0},{"not_picked":["PokerPlayerMod:Trickery","PokerPlayerMod:Diamond1"],"picked":"PokerPlayerMod:JackOfSpades","floor":8.0},{"not_picked":["PokerPlayerMod:Trickery","PokerPlayerMod:Spade2"],"picked":"PokerPlayerMod:Diamond3","floor":10.0},{"not_picked":["PokerPlayerMod:ClubShade","PokerPlayerMod:Club2"],"picked":"PokerPlayerMod:HeartStrike","floor":11.0},{"not_picked":["PokerPlayerMod:Diamond2","PokerPlayerMod:Spade3"],"picked":"PokerPlayerMod:Club3","floor":14.0},{"not_picked":["PokerPlayerMod:Spade8","PokerPlayerMod:ItsShowtime"],"picked":"PokerPlayerMod:WasteCollection","floor":16.0},{"not_picked":["PokerPlayerMod:Trickery","PokerPlayerMod:PoorCopy+1"],"picked":"PokerPlayerMod:Diamond3","floor":18},{"not_picked":["PokerPlayerMod:MagicTrick","PokerPlayerMod:Diamond4"],"picked":"PokerPlayerMod:Heart4","floor":19},{"not_picked":["PokerPlayerMod:Trickery","PokerPlayerMod:PoorCopy","PokerPlayerMod:DartThrow"],"picked":"SKIP","floor":21},{"not_picked":["PokerPlayerMod:Diamond3","PokerPlayerMod:Diamond6"],"picked":"PokerPlayerMod:Club3","floor":27},{"not_picked":["PokerPlayerMod:Configure","PokerPlayerMod:Spade3"],"picked":"PokerPlayerMod:HeartStrike","floor":28},{"not_picked":["PokerPlayerMod:Diamond7","PokerPlayerMod:Spade2","PokerPlayerMod:Diamond5"],"picked":"SKIP","floor":31},{"not_picked":["PokerPlayerMod:FakeSymbols","PokerPlayerMod:Spade7"],"picked":"PokerPlayerMod:Duplicate","floor":33},{"not_picked":["PokerPlayerMod:SpadeStrike","PokerPlayerMod:Spade8","PokerPlayerMod:Fold"],"picked":"SKIP","floor":35},{"not_picked":["PokerPlayerMod:DiamondStrike","PokerPlayerMod:Trickery","PokerPlayerMod:DamnStraight"],"picked":"SKIP","floor":39},{"not_picked":["PokerPlayerMod:Club6","PokerPlayerMod:Diamond4","PokerPlayerMod:Heart5"],"picked":"SKIP","floor":40},{"not_picked":["PokerPlayerMod:Fold+1","PokerPlayerMod:Raise+1"],"picked":"PokerPlayerMod:Heart3","floor":42},{"not_picked":["PokerPlayerMod:CloakAndDiamond+1","PokerPlayerMod:Spade4"],"picked":"PokerPlayerMod:Diamond3","floor":47},{"not_picked":["PokerPlayerMod:Spade1","PokerPlayerMod:Club3"],"picked":"PokerPlayerMod:Raise+1","floor":54}],"player_experience":189871,"relics_obtained":[{"floor":6.0,"key":"Golden Egg"},{"floor":9.0,"key":"Potion Belt"},{"floor":11.0,"key":"Orichalcum"},{"floor":17.0,"key":"CeramicFish"},{"floor":17.0,"key":"Matryoshka"},{"floor":17.0,"key":"Replay:PocketPolymizer"},{"floor":26,"key":"PokerPlayerMod:BrokenClock"},{"floor":28,"key":"Blood Vial"},{"floor":31,"key":"Replay:Wax Seal"},{"floor":40,"key":"War Paint"},{"floor":40,"key":"Replay:Rubber Ducky"},{"floor":42,"key":"Replay:WaspNest"},{"floor":42,"key":"Bottled Flame"},{"floor":43,"key":"ReplayFunnel"},{"floor":43,"key":"Ancient Tea Set"},{"floor":54,"key":"ReplayTheSpireMod:TigerMarble"},{"floor":54,"key":"PokerPlayerMod:Splitter"}],"event_choices":[{"damage_healed":0.0,"max_hp_gain":0.0,"max_hp_loss":0.0,"gold_gain":0.0,"event_name":"conspire:Investor","player_choice":"Invest 4","floor":13.0,"gold_loss":0.0,"damage_taken":0.0},{"cards_removed":["PokerPlayerMod:Diamond5"],"damage_healed":0,"gold_gain":0,"player_choice":"Gave Gold","damage_taken":0,"max_hp_gain":0,"max_hp_loss":0,"event_name":"Beggar","floor":22,"gold_loss":75},{"damage_healed":0,"gold_gain":0,"player_choice":"Ignored","damage_taken":0,"max_hp_gain":0,"max_hp_loss":0,"event_name":"Ghosts","floor":24,"gold_loss":0},{"damage_healed":0,"gold_gain":100,"player_choice":"Pray","damage_taken":0,"max_hp_gain":0,"max_hp_loss":0,"event_name":"Golden Shrine","floor":36,"gold_loss":0},{"damage_healed":15,"gold_gain":0,"player_choice":"Full Heal","damage_taken":0,"max_hp_gain":0,"max_hp_loss":0,"event_name":"Wheel of Change","floor":45,"gold_loss":0},{"damage_healed":0,"gold_gain":0,"player_choice":"Forge","damage_taken":0,"max_hp_gain":0,"max_hp_loss":0,"event_name":"Accursed Blacksmith","floor":48,"gold_loss":0,"cards_upgraded":["PokerPlayerMod:JackOfSpades"]}],"is_beta":false,"boss_relics":[{"not_picked":["conspire:SlowCooker","Replay:Wanted Poster"],"picked":"Calling Bell"},{"not_picked":["Replay:Bronze Core","Philosopher\u0027s Stone"],"picked":"Black Star"}],"items_purged_floors":[46,53],"is_endless":false,"potions_floor_spawned":[3,4,6,7,11,18,31,35,42],"ascension_level":0}}