{"host":"q9718omregw4er46","time":1609576325,"event":{"mods":["BaseMod","Bestiary","Colored Powertips","Minty Spire (QoL Compilation)","Quick Restart","Relic Stats"],"gold_per_floor":[113,35,82,7,57,83,83,108,132,149,176,194,194,205,205,283,283,295,295,309,309,309,309,309,309],"floor_reached":24,"playtime":514,"items_purged":["Strike_B"],"score":549,"play_id":"081917e3-7f8c-4ac6-9f2a-7583caa9003e","local_time":"20210102133205","is_ascension_mode":true,"campfire_choices":[{"data":"Doom and Gloom","floor":7,"key":"SMITH"},{"data":"Capacitor","floor":13,"key":"SMITH"},{"data":"Zap","floor":15,"key":"SMITH"},{"floor":23,"key":"REST"}],"circlet_count":0,"master_deck":["AscendersBane","Defend_B","Defend_B","Defend_B","Defend_B","Zap+1","Dualcast","Doom and Gloom+1","Capacitor+1","Melter","Ball Lightning","Echo Form","Lockon","Bite","Bite","Bite","Bite","Bite"],"relics":["Cracked Core","NeowsBlessing","Strawberry","Omamori","PreservedInsect","Orichalcum","Art of War","Sozu","Enchiridion","Cables"],"acts_visited":["Exordium","TheCity"],"potions_floor_usage":[],"damage_taken":[{"damage":0,"enemies":"Cultist","floor":1,"turns":1},{"damage":0,"enemies":"3 Sentries","floor":6,"turns":1},{"damage":0,"enemies":"Gremlin Nob","floor":8,"turns":1},{"damage":1,"enemies":"2 Louse","floor":10,"turns":3},{"damage":25,"enemies":"Lagavulin","floor":11,"turns":7},{"damage":6,"enemies":"Jaw Worm","floor":12,"turns":3},{"damage":9,"enemies":"Blue Slaver","floor":14,"turns":3},{"damage":28,"enemies":"Hexaghost","floor":16,"turns":9},{"damage":21,"enemies":"2 Thieves","floor":18,"turns":3},{"damage":14,"enemies":"Shell Parasite","floor":20,"turns":3},{"damage":32,"enemies":"Book of Stabbing","floor":24,"turns":3}],"seed_played":"4062076935873293426","potions_obtained":[{"floor":1,"key":"PotionOfCapacity"},{"floor":6,"key":"ColorlessPotion"}],"is_trial":false,"path_per_floor":["M","$","T","$","?","E","R","E","T","M","E","M","R","M","R","B",null,"M","?","M","T","?","R","E"],"character_chosen":"DEFECT","items_purchased":["Capacitor"],"campfire_rested":1,"item_purchase_floors":[2],"current_hp_per_floor":[64,64,71,71,71,71,71,71,71,70,45,39,39,30,30,2,59,38,17,3,3,3,19,0,0],"gold":309,"neow_bonus":"THREE_ENEMY_KILL","is_daily":false,"chose_seed":false,"campfire_upgraded":3,"win_rate":0.0,"timestamp":1609576325,"path_taken":["M","$","?","?","?","E","R","E","T","M","E","M","R","M","R","BOSS","M","?","M","?","?","R","E"],"items_purchased_type":["Card"],"build_version":"2020-12-22","purchased_purges":1,"victory":false,"max_hp_per_floor":[71,71,78,78,78,78,78,78,78,78,78,78,78,78,78,78,78,78,78,78,78,54,54,54,54],"relic_stats":{"Sozu":1,"counters":[11,37],"PreservedInsect":72,"Art of War":[5],"Orichalcum":[126],"obtain_stats":[{"Sozu":17,"NeowsBlessing":0,"Strawberry":3,"Enchiridion":19,"PreservedInsect":8,"Omamori":6,"Art of War":11,"Orichalcum":9,"Cracked Core":0,"Cables":21},{"Sozu":8,"NeowsBlessing":0,"Strawberry":1,"Enchiridion":9,"PreservedInsect":3,"Omamori":2,"Art of War":5,"Orichalcum":3,"Cracked Core":0,"Cables":10},{"Sozu":28,"NeowsBlessing":0,"Strawberry":1,"Enchiridion":31,"PreservedInsect":3,"Omamori":2,"Art of War":13,"Orichalcum":3,"Cracked Core":0,"Cables":34}],"Cables":[3,3,0,0,0]},"card_choices":[{"not_picked":["Skim","Leap"],"picked":"Doom and Gloom","floor":1},{"not_picked":["Beam Cell","Reinforced Body","Steam"],"picked":"SKIP","floor":6},{"not_picked":["Streamline","Stack"],"picked":"Melter","floor":8},{"not_picked":["Aggregate","Heatsinks","Coolheaded"],"picked":"SKIP","floor":10},{"not_picked":["Turbo","Redo"],"picked":"Ball Lightning","floor":11},{"not_picked":["Cold Snap","Conserve Battery","Compile Driver"],"picked":"SKIP","floor":12},{"not_picked":["Leap","Compile Driver","Undo"],"picked":"SKIP","floor":14},{"not_picked":["Electrodynamics","Creative AI"],"picked":"Echo Form","floor":16},{"not_picked":["Streamline","Rebound"],"picked":"Lockon","floor":18},{"not_picked":["Skim","Streamline","Steam Power"],"picked":"SKIP","floor":20}],"player_experience":1151028,"relics_obtained":[{"floor":3,"key":"Strawberry"},{"floor":6,"key":"Omamori"},{"floor":8,"key":"PreservedInsect"},{"floor":9,"key":"Orichalcum"},{"floor":11,"key":"Art of War"},{"floor":19,"key":"Enchiridion"},{"floor":21,"key":"Cables"}],"event_choices":[{"damage_healed":0,"gold_gain":50,"player_choice":"Pray","damage_taken":0,"max_hp_gain":0,"max_hp_loss":0,"event_name":"Golden Shrine","floor":5,"gold_loss":0},{"damage_healed":0,"gold_gain":0,"player_choice":"Obtained Book","damage_taken":21,"max_hp_gain":0,"max_hp_loss":0,"event_name":"Cursed Tome","floor":19,"gold_loss":0},{"damage_healed":0,"gold_gain":0,"player_choice":"Became a vampire","damage_taken":0,"max_hp_gain":0,"max_hp_loss":24,"event_name":"Vampires","floor":22,"gold_loss":0,"cards_obtained":["Bite","Bite","Bite","Bite","Bite"]}],"is_beta":false,"boss_relics":[{"not_picked":["SacredBark","Busted Crown"],"picked":"Sozu"}],"items_purged_floors":[4],"is_endless":false,"potions_floor_spawned":[1,6,18],"killed_by":"Book of Stabbing","ascension_level":20}}