{"host":"rz01j32460kf2mtw","time":1609583262,"event":{"mods":["BaseMod","Koishi","Marisa????????","Minty Spire (QoL Compilation)","Prisma Mod","Quick Restart","StSLib","The Cursed","The Disciple","The Jungle","The Runesmith","The Servant 0.9.4"],"gold_per_floor":[114,125,141,141,154,154,182,182,182,216,49,106,125,125,125,229,229,241,2,12,12,26,59,70,70,96,127,127,139,238,266,266,367,367,378,378,378,390,390,425,443,469,469,479,3,21,32,44,44,44],"floor_reached":51,"playtime":3958,"items_purged":["Defend_S","Strike_S"],"score":803,"play_id":"7fca7b73-f655-40f9-bca5-eb731226d6e4","local_time":"20210102032742","is_ascension_mode":false,"campfire_choices":[{"data":"Defy","floor":6,"key":"SMITH"},{"data":"Deadline","floor":15,"key":"SMITH"},{"floor":25,"key":"REST"},{"data":"FlawlessForm","floor":28,"key":"SMITH"},{"data":"DoubleEdge","floor":32,"key":"SMITH"},{"floor":49,"key":"REST"}],"circlet_count":0,"master_deck":["Strike_S","Strike_S","Defend_S","Defend_S","Defend_S","KidneyShot","Exchange","Gouge","Snipe","BestPractice","Defy+1","Rearm","Potential","TimeWarp","Ricochet","Deadline+1","FlawlessForm+1","Spin","KillingDoll","MoonPhase","KillingDoll","DualDimension","Rearm","Spin","Alleviate+1","DoubleEdge+1","PendulumOfEternity","Replace","Comet+1","Decay","BottledTime+1","InstantArmor+1","DoubleEdge+1","Desolation","TheWorld","MoonPhase+1"],"relics":["SplendidAttire","NeowsBlessing","Meat on the Bone","Letter Opener","Bottled Flame","Lee\u0027s Waffle","Centennial Puzzle","Anchor","StrikeDummy","Boot","PreservedInsect","Frozen Egg 2","SlaversCollar","Spirit Poop","Matryoshka","Runesmith:Nanobots","Mummified Hand","Incense Burner","Pan","Bronze Scales"],"acts_visited":["Exordium","TheCity","TheBeyond"],"potions_floor_usage":[7,10,27,27,33,33,40,41,42,50],"damage_taken":[{"damage":0,"enemies":"Cultist","floor":1,"turns":1},{"damage":0,"enemies":"Jaw Worm","floor":2,"turns":1},{"damage":0,"enemies":"Small Slimes","floor":3,"turns":1},{"damage":9,"enemies":"Looter","floor":5,"turns":3},{"damage":38,"enemies":"3 Sentries","floor":7,"turns":8},{"damage":12,"enemies":"Lagavulin","floor":10,"turns":9},{"damage":50,"enemies":"Gremlin Nob","floor":12,"turns":5},{"damage":0,"enemies":"Red Slaver","floor":13,"turns":5},{"damage":22,"enemies":"Hexaghost","floor":16,"turns":10},{"damage":3,"enemies":"Shell Parasite","floor":18,"turns":6},{"damage":5,"enemies":"Spheric Guardian","floor":20,"turns":4},{"damage":15,"enemies":"Snecko","floor":22,"turns":3},{"damage":37,"enemies":"Book of Stabbing","floor":23,"turns":8},{"damage":8,"enemies":"Shelled Parasite and Fungi","floor":24,"turns":4},{"damage":18,"enemies":"Slavers","floor":27,"turns":2},{"damage":0,"enemies":"Cultist and Chosen","floor":29,"turns":4},{"damage":0,"enemies":"Book of Stabbing","floor":31,"turns":3},{"damage":44,"enemies":"Automaton","floor":33,"turns":10},{"damage":1,"enemies":"Orb Walker","floor":35,"turns":4},{"damage":28,"enemies":"3 Shapes","floor":38,"turns":6},{"damage":0,"enemies":"Nemesis","floor":40,"turns":3},{"damage":0,"enemies":"Jaw Worm Horde","floor":41,"turns":2},{"damage":2,"enemies":"Reptomancer","floor":42,"turns":5},{"damage":17,"enemies":"Writhing Mass","floor":44,"turns":5},{"damage":6,"enemies":"Sphere and 2 Shapes","floor":46,"turns":5},{"damage":0,"enemies":"Transient","floor":47,"turns":5},{"damage":1,"enemies":"Spire Growth","floor":48,"turns":3},{"damage":52,"enemies":"Time Eater","floor":50,"turns":9}],"seed_played":"43318348529681450","potions_obtained":[{"floor":1,"key":"BlessingOfTheForge"},{"floor":7,"key":"Dexterity Potion"},{"floor":22,"key":"SteroidPotion"},{"floor":24,"key":"Regen Potion"},{"floor":27,"key":"DistilledChaos"},{"floor":31,"key":"LiquidBronze"},{"floor":33,"key":"Explosive Potion"},{"floor":38,"key":"Energy Potion"},{"floor":40,"key":"ColorlessPotion"},{"floor":41,"key":"Ancient Potion"}],"is_trial":false,"path_per_floor":["M","M","M","?","M","R","E","?","T","E","$","?","M","T","R","B",null,"M","$","M","?","M","E","M","R","T","E","R","M","?","E","R","B",null,"M","?","?","M","?","E","M","E","T","M","$","M","M","M","R","B",null],"character_chosen":"THE_SERVANT","items_purchased":["Lee\u0027s Waffle","TimeWarp","KillingDoll","Pan","Desolation","Bronze Scales"],"campfire_rested":2,"item_purchase_floors":[11,11,19,45,45,45],"current_hp_per_floor":[65,65,65,58,49,49,11,27,27,27,72,34,46,46,46,36,72,69,69,64,64,49,24,28,49,49,48,48,48,48,48,48,16,72,71,71,69,41,41,41,41,39,39,34,34,40,40,39,59,19],"gold":44,"neow_bonus":"THREE_ENEMY_KILL","is_daily":false,"chose_seed":false,"campfire_upgraded":4,"win_rate":0.0,"timestamp":1609583262,"path_taken":["M","?","M","?","M","R","E","?","T","E","$","?","M","?","R","BOSS","M","$","M","?","M","E","?","R","T","E","R","M","?","E","R","BOSS","M","?","?","?","?","E","?","E","T","M","$","M","M","M","R","BOSS"],"items_purchased_type":["Relic","Card","Card","Relic","Card","Relic"],"build_version":"2020-12-22","purchased_purges":2,"victory":true,"max_hp_per_floor":[65,65,65,65,65,65,65,65,65,65,72,72,72,72,72,72,72,72,72,72,72,72,72,72,72,72,72,72,72,72,72,72,72,72,72,72,69,69,69,69,69,69,69,69,69,69,69,69,69,69],"card_choices":[{"not_picked":["Rearm","Spin"],"picked":"Gouge","floor":1},{"not_picked":["Ricochet","Sabotage"],"picked":"Snipe","floor":2},{"not_picked":["Manipulate","TimeWarp"],"picked":"BestPractice","floor":3},{"not_picked":["Rewind","Rearm"],"picked":"Defy","floor":5},{"not_picked":["Starlight","MoonPhase"],"picked":"Rearm","floor":7},{"not_picked":["ForgedInTime","FlawlessForm"],"picked":"Potential","floor":10},{"not_picked":["RealityMarble","Alleviate"],"picked":"Ricochet","floor":12},{"not_picked":["ShatteredReality","Spin"],"picked":"Deadline","floor":13},{"not_picked":["Solidify","Deny"],"picked":"FlawlessForm","floor":16},{"not_picked":["Rewind","Barrier"],"picked":"Spin","floor":18},{"not_picked":["Alleviate","Starlight"],"picked":"MoonPhase","floor":20},{"not_picked":["Revamp","TimeWarp"],"picked":"DualDimension","floor":22},{"not_picked":["Gouge","Misdirection"],"picked":"Rearm","floor":23},{"not_picked":["Ricochet","FastForward"],"picked":"Spin","floor":24},{"not_picked":["Ricochet","Defy"],"picked":"Alleviate+1","floor":27},{"not_picked":["ShatteredReality","Moondial"],"picked":"DoubleEdge","floor":29},{"not_picked":["Revamp","Manipulate","Snipe+1"],"picked":"SKIP","floor":31},{"not_picked":["FlawlessForm+1","Dilation"],"picked":"PendulumOfEternity","floor":33},{"not_picked":["Defy","Hightail"],"picked":"Replace","floor":35},{"not_picked":["ShatteredReality","SpecialFormula+1"],"picked":"Comet+1","floor":38},{"not_picked":["TimeWarp+1","Read","Revamp+1"],"picked":"SKIP","floor":40},{"not_picked":["Spin","Rearm"],"picked":"BottledTime+1","floor":41},{"not_picked":["Manipulate+1","Rewind+1"],"picked":"InstantArmor+1","floor":42},{"not_picked":["Starlight+1","Potential+1"],"picked":"DoubleEdge+1","floor":44},{"not_picked":["Advance","Replace"],"picked":"TheWorld","floor":46},{"not_picked":["Starlight","Revamp","Ricochet"],"picked":"SKIP","floor":47},{"not_picked":["ShatteredReality","Revamp+1"],"picked":"MoonPhase+1","floor":48}],"player_experience":920760,"relics_obtained":[{"floor":7,"key":"Meat on the Bone"},{"floor":9,"key":"Letter Opener"},{"floor":10,"key":"Bottled Flame"},{"floor":12,"key":"Centennial Puzzle"},{"floor":14,"key":"Anchor"},{"floor":23,"key":"StrikeDummy"},{"floor":26,"key":"Boot"},{"floor":27,"key":"PreservedInsect"},{"floor":31,"key":"Frozen Egg 2"},{"floor":40,"key":"Matryoshka"},{"floor":42,"key":"Runesmith:Nanobots"},{"floor":43,"key":"Mummified Hand"},{"floor":43,"key":"Incense Burner"}],"event_choices":[{"cards_removed":["Strike_S"],"damage_healed":0,"gold_gain":0,"player_choice":"Card Removal","damage_taken":7,"max_hp_gain":0,"max_hp_loss":0,"event_name":"Golden Wing","floor":4,"gold_loss":0},{"damage_healed":16,"gold_gain":0,"player_choice":"Healed and dodged fight","damage_taken":0,"max_hp_gain":0,"max_hp_loss":0,"event_name":"Mushrooms","floor":8,"gold_loss":0,"cards_obtained":["Parasite"]},{"damage_healed":0,"gold_gain":0,"player_choice":"Searched \u00272\u0027 times","damage_taken":0,"max_hp_gain":0,"max_hp_loss":0,"event_name":"Dead Adventurer","floor":12,"gold_loss":0},{"damage_healed":0,"gold_gain":0,"player_choice":"Copied","damage_taken":0,"max_hp_gain":0,"max_hp_loss":0,"event_name":"Duplicator","floor":21,"gold_loss":0,"cards_obtained":["KillingDoll"]},{"damage_healed":0,"gold_gain":99,"player_choice":"Stole From Cult","damage_taken":0,"max_hp_gain":0,"max_hp_loss":0,"event_name":"Nest","floor":30,"gold_loss":0},{"damage_healed":0,"gold_gain":0,"player_choice":"Ignored","damage_taken":0,"max_hp_gain":0,"max_hp_loss":0,"event_name":"Tomb of Lord Red Mask","floor":36,"gold_loss":0},{"cards_removed":["Parasite"],"damage_healed":0,"gold_gain":0,"player_choice":"Offered Curse","damage_taken":0,"relics_obtained":["Spirit Poop"],"max_hp_gain":0,"max_hp_loss":0,"event_name":"Bonfire Elementals","floor":37,"gold_loss":0},{"damage_healed":0,"gold_gain":0,"player_choice":"Cursed","damage_taken":0,"max_hp_gain":0,"max_hp_loss":0,"event_name":"Wheel of Change","floor":39,"gold_loss":0,"cards_obtained":["Decay"]}],"is_beta":false,"boss_relics":[{"not_picked":["Cursed Key","Black Star"],"picked":"SplendidAttire"},{"not_picked":["SacredBark","Astrolabe"],"picked":"SlaversCollar"}],"items_purged_floors":[19,45],"is_endless":false,"potions_floor_spawned":[1,7,22,24,27,31,33,38,40,41],"ascension_level":0}}