{"host":"l60rmjjsfi0fipmi","time":1609555390,"event":{"mods":["BaseMod","Colored Map","DeckTracker","Highlight Path","Minty Spire (QoL Compilation)"],"gold_per_floor":[113,125,125,135,150,150,225,225,271,271,297,317,329,37,37,140,140,152,166,166,166,91,91,104,121,121,140,1,1,36,46,46,146,146,161,176,226,53,0,0,14,14,14,14,46,46,66,77,77,77],"floor_reached":51,"playtime":6123,"items_purged":["Strike_P","Defend_P"],"score":724,"play_id":"4f9315a7-806d-4cbb-80f5-6f58581245f5","local_time":"20210101214310","is_ascension_mode":false,"campfire_choices":[{"floor":6,"key":"REST"},{"data":"Adaptation","floor":8,"key":"SMITH"},{"floor":15,"key":"REST"},{"data":"SpiritShield","floor":23,"key":"SMITH"},{"floor":29,"key":"REST"},{"data":"Vault","floor":32,"key":"SMITH"},{"floor":40,"key":"REST"},{"floor":44,"key":"REST"},{"floor":46,"key":"REST"},{"floor":49,"key":"REST"}],"circlet_count":0,"master_deck":["Defend_P","Defend_P","Defend_P","Eruption","Vigilance","FollowUp","EmptyFist","Adaptation+1","SashWhip","Prostrate","Pray","SpiritShield+1","Devotion","DeceiveReality+1","ConjureBlade+1","Prostrate+1","WaveOfTheHand+1","Consecrate+1","CutThroughFate+1","Crescendo+1","Vault+1","FlurryOfBlows+1","Halt","Brilliance+1","Evaluate","Study+1","Wireheading+1","Wish","Meditate+1"],"relics":["PureWater","Toy Ornithopter","Regal Pillow","Vajra","Damaru","Lizard Tail","Astrolabe","Frozen Egg 2","Anchor","VioletLotus","WingedGreaves","Red Mask","Lantern"],"acts_visited":["Exordium","TheCity","TheBeyond"],"potions_floor_usage":[25,30,30,33,33,36,45,45,50],"damage_taken":[{"damage":10,"enemies":"Jaw Worm","floor":1,"turns":8},{"damage":0,"enemies":"2 Louse","floor":2,"turns":3},{"damage":5,"enemies":"Small Slimes","floor":4,"turns":4},{"damage":5,"enemies":"Looter","floor":5,"turns":3},{"damage":21,"enemies":"3 Sentries","floor":11,"turns":5},{"damage":11,"enemies":"Lots of Slimes","floor":12,"turns":4},{"damage":1,"enemies":"Red Slaver","floor":13,"turns":2},{"damage":37,"enemies":"The Guardian","floor":16,"turns":16},{"damage":5,"enemies":"Spheric Guardian","floor":18,"turns":6},{"damage":15,"enemies":"3 Byrds","floor":19,"turns":6},{"damage":0,"enemies":"Snecko","floor":24,"turns":4},{"damage":11,"enemies":"Cultist and Chosen","floor":25,"turns":10},{"damage":13,"enemies":"Centurion and Healer","floor":27,"turns":7},{"damage":16,"enemies":"Slavers","floor":30,"turns":6},{"damage":0,"enemies":"3 Cultists","floor":31,"turns":5},{"damage":0,"enemies":"Collector","floor":33,"turns":8},{"damage":13,"enemies":"Orb Walker","floor":35,"turns":5},{"damage":14,"enemies":"3 Darklings","floor":36,"turns":5},{"damage":20,"enemies":"Mind Bloom Boss Battle","floor":37,"turns":6},{"damage":16,"enemies":"Transient","floor":41,"turns":5},{"damage":54,"enemies":"Reptomancer","floor":45,"turns":5},{"damage":16,"enemies":"4 Shapes","floor":47,"turns":6},{"damage":43,"enemies":"Spire Growth","floor":48,"turns":5},{"damage":13,"enemies":"Donu and Deca","floor":50,"turns":9}],"seed_played":"7028337753438657455","potions_obtained":[{"floor":5,"key":"DistilledChaos"},{"floor":13,"key":"LiquidBronze"},{"floor":18,"key":"Block Potion"},{"floor":27,"key":"LiquidBronze"},{"floor":30,"key":"Weak Potion"},{"floor":31,"key":"PowerPotion"},{"floor":35,"key":"LiquidMemories"},{"floor":36,"key":"Strength Potion"},{"floor":45,"key":"CultistPotion"}],"is_trial":false,"path_per_floor":["M","M","?","M","M","R","?","R","T","?","E","M","M","$","R","B",null,"M","M","?","?","$","R","M","M","T","M","$","R","E","M","R","B",null,"M","M","?","$","?","R","M","?","T","R","E","R","M","M","R","B",null],"character_chosen":"WATCHER","items_purchased":["Lizard Tail","Vault","Wireheading+1"],"campfire_rested":7,"item_purchase_floors":[14,28,38],"current_hp_per_floor":[62,62,55,50,45,72,61,61,61,72,51,40,39,39,72,35,72,67,52,52,52,52,52,52,46,46,33,33,69,63,63,63,72,72,59,50,30,30,30,66,50,50,50,72,28,64,48,5,41,33],"gold":77,"neow_bonus":"RANDOM_COMMON_RELIC","is_daily":false,"chose_seed":false,"campfire_upgraded":3,"win_rate":0.0,"timestamp":1609555390,"path_taken":["M","M","?","M","M","R","?","R","T","?","E","M","M","$","R","BOSS","M","M","?","?","$","R","M","M","T","?","?","R","E","M","R","BOSS","M","M","?","$","?","R","M","?","T","R","E","R","M","?","R","BOSS"],"items_purchased_type":["Relic","Card","Card"],"build_version":"2020-12-22","purchased_purges":2,"victory":true,"max_hp_per_floor":[72,72,72,72,72,72,72,72,72,72,72,72,72,72,72,72,72,72,72,72,72,72,72,72,72,72,72,72,72,72,72,72,72,72,72,72,72,72,72,72,72,72,72,72,72,72,72,72,72,72],"card_choices":[{"not_picked":["Evaluate","FlyingSleeves"],"picked":"FollowUp","floor":1},{"not_picked":["Halt","SashWhip"],"picked":"EmptyFist","floor":2},{"not_picked":["WheelKick","Consecrate"],"picked":"Adaptation","floor":4},{"not_picked":["FollowUp","Prostrate"],"picked":"SashWhip","floor":5},{"not_picked":["CutThroughFate","Pray"],"picked":"Prostrate","floor":11},{"not_picked":["WaveOfTheHand","FollowUp"],"picked":"Pray","floor":12},{"not_picked":["Nirvana","WindmillStrike"],"picked":"SpiritShield","floor":13},{"not_picked":["DevaForm","MasterReality"],"picked":"Devotion","floor":16},{"not_picked":["Protect","WindmillStrike"],"picked":"WaveOfTheHand+1","floor":18},{"not_picked":["Sanctity","ClearTheMind","Worship"],"picked":"SKIP","floor":19},{"not_picked":["PathToVictory","ForeignInfluence"],"picked":"CutThroughFate+1","floor":24},{"not_picked":["JustLucky","EmptyFist+1"],"picked":"Crescendo+1","floor":25},{"not_picked":["BowlingBash","SashWhip","WaveOfTheHand+1"],"picked":"SKIP","floor":27},{"not_picked":["ForeignInfluence","Establishment+1"],"picked":"FlurryOfBlows+1","floor":30},{"not_picked":["PathToVictory","CarveReality"],"picked":"Halt","floor":31},{"not_picked":["Alpha","Devotion+1"],"picked":"Brilliance","floor":33},{"not_picked":["Swivel","Protect"],"picked":"Evaluate","floor":35},{"not_picked":["Protect+1","LikeWater+1"],"picked":"Study+1","floor":36},{"not_picked":["EmptyFist+1","FearNoEvil+1","FlyingSleeves"],"picked":"SKIP","floor":41},{"not_picked":["Protect","SandsOfTime+1","Indignation"],"picked":"SKIP","floor":45},{"not_picked":["Consecrate+1","Prostrate"],"picked":"Wish","floor":47},{"not_picked":["JustLucky","Prostrate"],"picked":"Meditate+1","floor":48}],"player_experience":175993,"relics_obtained":[{"floor":9,"key":"Vajra"},{"floor":11,"key":"Damaru"},{"floor":26,"key":"Frozen Egg 2"},{"floor":30,"key":"Anchor"},{"floor":37,"key":"WingedGreaves"},{"floor":45,"key":"Lantern"}],"event_choices":[{"damage_healed":0,"gold_gain":0,"player_choice":"Success","damage_taken":7,"relics_obtained":["Regal Pillow"],"max_hp_gain":0,"max_hp_loss":0,"event_name":"Scrap Ooze","floor":3,"gold_loss":0},{"damage_healed":0,"gold_gain":75,"player_choice":"Gather Gold","damage_taken":11,"max_hp_gain":0,"max_hp_loss":0,"event_name":"World of Goop","floor":7,"gold_loss":0},{"damage_healed":24,"gold_gain":0,"player_choice":"Banana","damage_taken":0,"max_hp_gain":0,"max_hp_loss":0,"event_name":"Big Fish","floor":10,"gold_loss":0},{"damage_healed":0,"gold_gain":0,"player_choice":"Read","damage_taken":0,"max_hp_gain":0,"max_hp_loss":0,"event_name":"The Library","floor":20,"gold_loss":0,"cards_obtained":["Consecrate"]},{"damage_healed":0,"gold_gain":0,"player_choice":"Upgraded","damage_taken":0,"max_hp_gain":0,"max_hp_loss":0,"event_name":"Upgrade Shrine","floor":21,"gold_loss":0,"cards_upgraded":["Consecrate"]},{"damage_healed":0,"gold_gain":0,"player_choice":"Fight","damage_taken":0,"max_hp_gain":0,"max_hp_loss":0,"event_name":"MindBloom","floor":37,"gold_loss":0},{"damage_healed":0,"gold_gain":0,"player_choice":"Paid","damage_taken":0,"relics_obtained":["Red Mask"],"max_hp_gain":0,"max_hp_loss":0,"event_name":"Tomb of Lord Red Mask","floor":39,"gold_loss":53},{"damage_healed":0,"gold_gain":0,"player_choice":"Upgraded","damage_taken":0,"max_hp_gain":0,"max_hp_loss":0,"event_name":"Upgrade Shrine","floor":42,"gold_loss":0,"cards_upgraded":["Brilliance"]}],"is_beta":false,"boss_relics":[{"not_picked":["Tiny House","Sozu"],"picked":"Astrolabe"},{"not_picked":["SacredBark","Runic Dome"],"picked":"VioletLotus"}],"items_purged_floors":[22,38],"is_endless":false,"potions_floor_spawned":[5,13,18,27,30,31,35,36,45],"ascension_level":0}}