{"host":"kda2p2afd6bvz6qo","time":1609553602,"event":{"mods":["BaseMod","Colored Map","Minty Spire (QoL Compilation)","Relic Stats"],"gold_per_floor":[113,131,42,55,75,103,103,131,131,131,162,162,127,141,141,215,215,233,233,248,78,28,28,28],"floor_reached":23,"playtime":1947,"items_purged":["All Out Attack"],"score":492,"play_id":"35464f67-9fbe-4232-93a1-07e8db396e79","local_time":"20210102021322","is_ascension_mode":true,"campfire_choices":[{"floor":7,"key":"REST"},{"data":"Underhanded Strike","floor":10,"key":"SMITH"},{"floor":15,"key":"REST"}],"circlet_count":0,"master_deck":["AscendersBane","Survivor","Neutralize","Envenom","Tools of the Trade+1","Dagger Spray","Quick Slash","After Image","Deadly Poison+1","Burst+1","Noxious Fumes","Dodge and Roll","Flying Knee+1","A Thousand Cuts","Underhanded Strike+1","Footwork","Terror+1","Catalyst+1","Night Terror+1","Deflect+1","Blade Dance+1","Outmaneuver+1","Accuracy"],"relics":["Pandora\u0027s Box","Question Card","Gambling Chip","Paper Crane","Toxic Egg 2","Cursed Key"],"acts_visited":["Exordium","TheCity"],"potions_floor_usage":[6,6,8,23],"damage_taken":[{"damage":0,"enemies":"Cultist","floor":1,"turns":4},{"damage":12,"enemies":"Small Slimes","floor":2,"turns":3},{"damage":13,"enemies":"Jaw Worm","floor":4,"turns":4},{"damage":2,"enemies":"Blue Slaver","floor":5,"turns":4},{"damage":10,"enemies":"3 Sentries","floor":6,"turns":7},{"damage":8,"enemies":"Gremlin Nob","floor":8,"turns":3},{"damage":0,"enemies":"Lagavulin","floor":11,"turns":6},{"damage":1,"enemies":"2 Fungi Beasts","floor":14,"turns":3},{"damage":21,"enemies":"Hexaghost","floor":16,"turns":5},{"damage":18,"enemies":"3 Byrds","floor":18,"turns":5},{"damage":7,"enemies":"Chosen","floor":20,"turns":4},{"damage":47,"enemies":"Book of Stabbing","floor":23,"turns":5}],"seed_played":"-1774672612474600794","potions_obtained":[{"floor":4,"key":"EssenceOfSteel"},{"floor":5,"key":"SkillPotion"},{"floor":6,"key":"Fire Potion"},{"floor":18,"key":"Energy Potion"}],"is_trial":false,"path_per_floor":["M","M","$","M","M","E","R","E","T","R","E","?","?","M","R","B",null,"M","?","M","$","?","E"],"character_chosen":"THE_SILENT","items_purchased":["A Thousand Cuts","Outmaneuver+1","Accuracy"],"campfire_rested":2,"item_purchase_floors":[3,21,21],"current_hp_per_floor":[59,47,47,34,32,22,41,33,33,33,33,13,29,28,47,26,56,38,51,44,44,44,0,0],"gold":28,"neow_bonus":"BOSS_RELIC","is_daily":false,"chose_seed":false,"campfire_upgraded":1,"win_rate":0.0,"timestamp":1609553602,"path_taken":["M","M","$","M","?","E","R","E","T","R","E","?","?","M","R","BOSS","M","?","M","$","?","E"],"items_purchased_type":["Card","Card","Card"],"build_version":"2020-12-22","purchased_purges":1,"victory":false,"max_hp_per_floor":[66,66,66,66,66,66,66,66,66,66,66,66,66,66,66,66,66,66,66,66,66,66,66,66],"relic_stats":{"counters":[12,53],"Gambling Chip":[12],"Pandora\u0027s Box":["Envenom","Tools of the Trade","Dagger Spray","Quick Slash","After Image","Deadly Poison","Burst","Noxious Fumes","Dodge and Roll","All Out Attack"],"Question Card":6,"Cursed Key":0,"obtain_stats":[{"Gambling Chip":8,"Pandora\u0027s Box":0,"Paper Crane":9,"Toxic Egg 2":11,"Question Card":6,"Cursed Key":17,"Ring of the Snake":0},{"Gambling Chip":6,"Pandora\u0027s Box":0,"Paper Crane":6,"Toxic Egg 2":7,"Question Card":5,"Cursed Key":9,"Ring of the Snake":0},{"Gambling Chip":25,"Pandora\u0027s Box":0,"Paper Crane":25,"Toxic Egg 2":31,"Question Card":22,"Cursed Key":39,"Ring of the Snake":0}]},"card_choices":[{"not_picked":["Backflip","Prepared"],"picked":"Flying Knee","floor":1},{"not_picked":["Setup","Quick Slash","Distraction"],"picked":"SKIP","floor":2},{"not_picked":["Deadly Poison","Endless Agony","Prepared"],"picked":"SKIP","floor":4},{"not_picked":["Heel Hook","Dodge and Roll"],"picked":"Underhanded Strike","floor":5},{"not_picked":["Dagger Throw","Skewer","Predator"],"picked":"SKIP","floor":6},{"not_picked":["Choke","Finisher","Envenom"],"picked":"Footwork","floor":8},{"not_picked":["Backflip+1","Well Laid Plans","Setup+1"],"picked":"Terror+1","floor":11},{"not_picked":["Backflip+1","Cloak And Dagger+1","Bane"],"picked":"Catalyst+1","floor":14},{"not_picked":["Adrenaline+1","Envenom","Doppelganger+1"],"picked":"Night Terror+1","floor":16},{"not_picked":["Infinite Blades","Acrobatics+1","Deadly Poison+1"],"picked":"Deflect+1","floor":18},{"not_picked":["Dodge and Roll+1","Quick Slash","Setup+1"],"picked":"Blade Dance+1","floor":20}],"player_experience":112564,"relics_obtained":[{"floor":6,"key":"Question Card"},{"floor":8,"key":"Gambling Chip"},{"floor":9,"key":"Paper Crane"},{"floor":11,"key":"Toxic Egg 2"}],"event_choices":[{"damage_healed":0,"gold_gain":0,"player_choice":"Entered Light","damage_taken":20,"max_hp_gain":0,"max_hp_loss":0,"event_name":"Shining Light","floor":12,"gold_loss":0,"cards_upgraded":["Deadly Poison","Burst"]},{"damage_healed":16,"gold_gain":0,"player_choice":"Healed","damage_taken":0,"max_hp_gain":0,"max_hp_loss":0,"event_name":"The Cleric","floor":13,"gold_loss":35},{"damage_healed":13,"gold_gain":0,"player_choice":"Heal","damage_taken":0,"max_hp_gain":0,"max_hp_loss":0,"event_name":"The Library","floor":19,"gold_loss":0},{"damage_healed":0,"gold_gain":0,"player_choice":"Upgraded Two","damage_taken":0,"max_hp_gain":0,"max_hp_loss":0,"event_name":"Designer","floor":22,"gold_loss":50,"cards_upgraded":["Tools of the Trade","Flying Knee"]}],"is_beta":false,"boss_relics":[{"not_picked":["WristBlade","Snecko Eye"],"picked":"Cursed Key"}],"items_purged_floors":[21],"is_endless":false,"potions_floor_spawned":[4,5,6,18],"killed_by":"Book of Stabbing","ascension_level":18}}