{"host":"l60rmjjsfi0fipmi","time":1609559793,"event":{"mods":["BaseMod","Colored Map","DeckTracker","Highlight Path","Minty Spire (QoL Compilation)"],"gold_per_floor":[116,116,135,148,161,161,11,39,51,129,19,19,69,92,92,216,216,240,49,50,64,114,114,130,130,180,230,52,71,90,27,27,153,153,167,217,217],"floor_reached":36,"playtime":3878,"items_purged":["Strike_B","Strike_B","Strike_B"],"score":366,"play_id":"a88148b9-8e04-41b7-ab5c-a20d171c62f9","local_time":"20210101225633","is_ascension_mode":false,"campfire_choices":[{"data":"Zap","floor":6,"key":"SMITH"},{"floor":12,"key":"REST"},{"data":"Hologram","floor":15,"key":"SMITH"},{"floor":23,"key":"REST"},{"data":"Echo Form","floor":25,"key":"SMITH"},{"floor":32,"key":"REST"}],"circlet_count":0,"master_deck":["Zap+1","Dualcast","Rainbow","Streamline","Ball Lightning","Hyperbeam","Gash","Rebound","Buffer","Hologram+1","Echo Form+1","Leap","Heatsinks+1","Defragment","Beam Cell","Reinforced Body","BootSequence","Core Surge","Compile Driver","Storm","Coolheaded"],"relics":["Cracked Core","SsserpentHead","Membership Card","MawBank","Potion Belt","HornCleat","Golden Idol","SacredBark","Bird Faced Urn","The Courier","Omamori","Nilry\u0027s Codex","Meat on the Bone","Pandora\u0027s Box"],"acts_visited":["Exordium","TheCity","TheBeyond"],"potions_floor_usage":[24,33,33,36],"damage_taken":[{"damage":5,"enemies":"2 Louse","floor":1,"turns":3},{"damage":0,"enemies":"Cultist","floor":3,"turns":3},{"damage":6,"enemies":"Jaw Worm","floor":4,"turns":2},{"damage":0,"enemies":"2 Fungi Beasts","floor":5,"turns":2},{"damage":18,"enemies":"Gremlin Nob","floor":8,"turns":4},{"damage":7,"enemies":"Blue Slaver","floor":10,"turns":3},{"damage":3,"enemies":"3 Louse","floor":14,"turns":3},{"damage":14,"enemies":"Hexaghost","floor":16,"turns":9},{"damage":18,"enemies":"Spheric Guardian","floor":18,"turns":4},{"damage":6,"enemies":"2 Thieves","floor":20,"turns":4},{"damage":14,"enemies":"Cultist and Chosen","floor":21,"turns":6},{"damage":4,"enemies":"Snecko","floor":24,"turns":4},{"damage":23,"enemies":"Snake Plant","floor":29,"turns":6},{"damage":28,"enemies":"Centurion and Healer","floor":30,"turns":8},{"damage":38,"enemies":"Collector","floor":33,"turns":14},{"damage":6,"enemies":"3 Shapes","floor":35,"turns":4},{"damage":86,"enemies":"2 Orb Walkers","floor":36,"turns":5}],"seed_played":"298214565768452164","potions_obtained":[{"floor":5,"key":"Fire Potion"},{"floor":10,"key":"Strength Potion"},{"floor":30,"key":"PowerPotion"},{"floor":33,"key":"Block Potion"}],"is_trial":false,"path_per_floor":["M","?","M","M","M","R","$","E","T","M","$","R","?","M","R","B",null,"M","$","M","M","?","R","M","R","T","?","$","M","M","$","R","B",null,"M","?"],"character_chosen":"DEFECT","items_purchased":["Membership Card","HornCleat","Bird Faced Urn","Meat on the Bone","Defragment"],"campfire_rested":3,"item_purchase_floors":[7,11,19,28,28],"current_hp_per_floor":[70,70,70,64,64,64,64,46,46,39,39,61,61,58,58,44,69,51,51,47,33,33,53,53,53,53,37,37,28,20,20,40,36,69,69,0,0],"gold":217,"neow_bonus":"ONE_RANDOM_RARE_CARD","is_daily":false,"chose_seed":false,"campfire_upgraded":3,"win_rate":0.0,"timestamp":1609559793,"path_taken":["M","?","M","M","M","R","$","E","T","?","$","R","?","M","R","BOSS","M","$","M","M","?","R","M","R","T","?","$","M","M","$","R","BOSS","M","?"],"items_purchased_type":["Relic","Relic","Relic","Relic","Card"],"build_version":"2020-12-22","purchased_purges":3,"victory":false,"max_hp_per_floor":[75,75,75,75,75,75,75,75,75,75,75,75,69,69,69,69,69,69,69,69,69,69,69,69,69,69,69,69,69,69,69,69,69,69,69,69,69],"card_choices":[{"not_picked":["Redo","Cold Snap"],"picked":"Streamline","floor":1},{"not_picked":["Rip and Tear","Coolheaded"],"picked":"Ball Lightning","floor":3},{"not_picked":["Rebound","Go for the Eyes"],"picked":"Hyperbeam","floor":4},{"not_picked":["Beam Cell","Sweeping Beam"],"picked":"Gash","floor":5},{"not_picked":["Leap","Ball Lightning"],"picked":"Rebound","floor":8},{"not_picked":["Hello World","Leap"],"picked":"Buffer","floor":10},{"not_picked":["Stack","Steam Power"],"picked":"Hologram","floor":14},{"not_picked":["Thunder Strike","Biased Cognition"],"picked":"Echo Form","floor":16},{"not_picked":["Doom and Gloom","Hologram"],"picked":"Leap","floor":18},{"not_picked":["Doom and Gloom","Turbo","Chaos"],"picked":"SKIP","floor":20},{"not_picked":["Loop","Go for the Eyes"],"picked":"Heatsinks+1","floor":21},{"not_picked":["Stack","Cold Snap","Redo"],"picked":"SKIP","floor":24},{"not_picked":["Conserve Battery","Steam Power"],"picked":"Beam Cell","floor":29},{"not_picked":["Sweeping Beam+1","Compile Driver"],"picked":"Reinforced Body","floor":30},{"not_picked":["Undo+1","Chaos+1","Scrape+1"],"picked":"SKIP","floor":35}],"player_experience":182116,"relics_obtained":[{"floor":8,"key":"MawBank"},{"floor":9,"key":"Potion Belt"},{"floor":26,"key":"Omamori"},{"floor":27,"key":"Nilry\u0027s Codex"}],"event_choices":[{"damage_healed":0,"gold_gain":0,"player_choice":"Trade","damage_taken":0,"relics_obtained":["SsserpentHead"],"max_hp_gain":0,"max_hp_loss":0,"event_name":"FaceTrader","floor":2,"gold_loss":0},{"damage_healed":0,"gold_gain":0,"player_choice":"Lose Max HP","damage_taken":0,"relics_obtained":["Golden Idol"],"max_hp_gain":0,"max_hp_loss":6,"event_name":"Golden Idol","floor":13,"gold_loss":0},{"damage_healed":0,"gold_gain":0,"player_choice":"Opened","damage_taken":0,"relics_obtained":["The Courier"],"max_hp_gain":0,"max_hp_loss":0,"event_name":"The Mausoleum","floor":22,"gold_loss":0},{"damage_healed":0,"gold_gain":0,"player_choice":"Obtained Book","damage_taken":16,"max_hp_gain":0,"max_hp_loss":0,"event_name":"Cursed Tome","floor":27,"gold_loss":0},{"damage_healed":0,"gold_gain":0,"player_choice":"Fight","damage_taken":0,"max_hp_gain":0,"max_hp_loss":0,"event_name":"Mysterious Sphere","floor":36,"gold_loss":0}],"is_beta":false,"boss_relics":[{"not_picked":["Snecko Eye","Runic Dome"],"picked":"SacredBark"},{"not_picked":["Tiny House","Calling Bell"],"picked":"Pandora\u0027s Box"}],"items_purged_floors":[19,28,31],"is_endless":false,"potions_floor_spawned":[5,10,30,33],"killed_by":"2 Orb Walkers","ascension_level":0}}