{"host":"tw7a6rmo9h75ssrt","time":1609561502,"event":{"mods":["Act Like it!","BaseMod","Colored Map","Highlight Path","Minty Spire (QoL Compilation)","Permanent Neow","Quick Restart","Relic Stats","SuperFastMode"],"gold_per_floor":[118,135,135,135,60,60,75,92,92,104,104,104,122,139,139,236,236,252,270,270,270],"floor_reached":20,"playtime":969,"items_purged":["Strike_R"],"score":269,"play_id":"1c88ebbe-1e6d-4c47-9ac1-ea92f515bca8","local_time":"20210102122502","is_ascension_mode":true,"campfire_choices":[{"data":"Pommel Strike","floor":6.0,"key":"SMITH"},{"data":"Cleave","floor":12.0,"key":"SMITH"},{"floor":15.0,"key":"REST"}],"circlet_count":0,"master_deck":["AscendersBane","Strike_R","Strike_R","Defend_R","Defend_R","Defend_R","Defend_R","Bash","Pommel Strike+1","Bloodletting","Cleave+1","Battle Trance","Shrug It Off","Inflame","Limit Break","Dual Wield"],"relics":["Mark of Pain","Darkstone Periapt","Black Star"],"acts_visited":["Exordium","TheCity"],"potions_floor_usage":[20],"damage_taken":[{"damage":7.0,"enemies":"Jaw Worm","floor":1.0,"turns":3.0},{"damage":0.0,"enemies":"Small Slimes","floor":2.0,"turns":3.0},{"damage":0.0,"enemies":"Cultist","floor":7.0,"turns":3.0},{"damage":5.0,"enemies":"Exordium Wildlife","floor":8.0,"turns":4.0},{"damage":10.0,"enemies":"Red Slaver","floor":10.0,"turns":5.0},{"damage":0.0,"enemies":"Lots of Slimes","floor":13.0,"turns":2.0},{"damage":1.0,"enemies":"Looter","floor":14.0,"turns":4.0},{"damage":27.0,"enemies":"Slime Boss","floor":16.0,"turns":9.0},{"damage":44.0,"enemies":"2 Thieves","floor":18.0,"turns":4.0},{"damage":6.0,"enemies":"3 Byrds","floor":19.0,"turns":4.0},{"damage":20,"enemies":"Cultist and Chosen","floor":20,"turns":4}],"seed_played":"-4639492575837236327","potions_obtained":[{"floor":7.0,"key":"Strength Potion"},{"floor":13.0,"key":"SpeedPotion"},{"floor":16.0,"key":"CultistPotion"},{"floor":18.0,"key":"SkillPotion"},{"floor":19.0,"key":"ColorlessPotion"}],"is_trial":false,"path_per_floor":["M","M","?","?","$","R","M","M","T","M","?","R","M","M","R","B",null,"M","M","M"],"character_chosen":"IRONCLAD","items_purchased":[],"campfire_rested":1,"item_purchase_floors":[],"current_hp_per_floor":[65,65,58,58,58,58,58,53,53,43,43,43,43,42,66,39,70,26,20,0,0],"gold":270,"neow_bonus":"BOSS_RELIC","is_daily":false,"chose_seed":false,"campfire_upgraded":2,"win_rate":0.0,"timestamp":1609561502,"path_taken":["M","M","?","?","$","R","?","M","T","M","?","R","?","M","R","BOSS","M","?","M"],"items_purchased_type":[],"build_version":"2020-12-22","purchased_purges":1,"victory":false,"max_hp_per_floor":[80,80,80,80,80,80,80,80,80,80,80,80,80,80,80,80,80,80,80,80,80],"relic_stats":{"Darkstone Periapt":0,"counters":[11,45],"Black Star":0,"obtain_stats":[{"Darkstone Periapt":9,"Mark of Pain":0,"Black Star":17,"Burning Blood":0},{"Darkstone Periapt":4,"Mark of Pain":0,"Black Star":8,"Burning Blood":0},{"Darkstone Periapt":13,"Mark of Pain":0,"Black Star":33,"Burning Blood":0}]},"card_choices":[{"not_picked":["Headbutt","Havoc"],"picked":"Pommel Strike","floor":1.0},{"not_picked":["Fire Breathing","Clash"],"picked":"Bloodletting","floor":2.0},{"not_picked":["Wild Strike","Fire Breathing"],"picked":"Cleave","floor":7.0},{"not_picked":["Heavy Blade","Clash"],"picked":"Battle Trance","floor":8.0},{"not_picked":["Warcry","Wild Strike","Twin Strike"],"picked":"SKIP","floor":10.0},{"not_picked":["Perfected Strike","Wild Strike"],"picked":"Shrug It Off","floor":13.0},{"not_picked":["Rampage","Pommel Strike"],"picked":"Inflame","floor":14.0},{"not_picked":["Corruption","Feed"],"picked":"Limit Break","floor":16.0},{"not_picked":["Cleave+1","Sword Boomerang","Whirlwind+1"],"picked":"SKIP","floor":18.0},{"not_picked":["Thunderclap+1","Twin Strike"],"picked":"Dual Wield","floor":19.0}],"player_experience":85853,"relics_obtained":[{"floor":9.0,"key":"Darkstone Periapt"}],"event_choices":[{"cards_removed":["Strike_R"],"damage_healed":0.0,"max_hp_gain":0.0,"max_hp_loss":0.0,"gold_gain":0.0,"event_name":"Golden Wing","player_choice":"Card Removal","floor":3.0,"gold_loss":0.0,"damage_taken":7.0},{"cards_removed":["Strike_R"],"damage_healed":0.0,"max_hp_gain":0.0,"max_hp_loss":0.0,"gold_gain":0.0,"event_name":"Bonfire Elementals","player_choice":"Offered Basic","floor":4.0,"gold_loss":0.0,"damage_taken":0.0},{"damage_healed":0.0,"max_hp_gain":0.0,"max_hp_loss":0.0,"gold_gain":0.0,"event_name":"The Woman in Blue","player_choice":"Bought 0 Potions","floor":11.0,"gold_loss":0.0,"damage_taken":0.0}],"is_beta":false,"boss_relics":[{"not_picked":["Coffee Dripper","Runic Pyramid"],"picked":"Black Star"}],"items_purged_floors":[5],"is_endless":false,"potions_floor_spawned":[7,13,16,18,19],"killed_by":"Cultist and Chosen","ascension_level":12}}