{"host":"k6u7q08ihsmpx7o5","time":1609624366,"event":{"mods":["BaseMod","Bestiary","Minty Spire (QoL Compilation)","StSLib"],"gold_per_floor":[110,128,139,414,431,431,431,448,471,68,93,93,124,134,134,134,134],"floor_reached":16,"playtime":799,"items_purged":["Strike_G"],"score":224,"play_id":"93a95527-52c0-4c43-8ed9-5b24f6c39ee3","local_time":"20210102225246","is_ascension_mode":true,"campfire_choices":[{"data":"Neutralize","floor":6,"key":"SMITH"},{"data":"Tactician","floor":12,"key":"SMITH"},{"data":"Backstab","floor":15,"key":"SMITH"}],"circlet_count":0,"master_deck":["AscendersBane","Strike_G+1","Strike_G","Strike_G","Strike_G+1","Defend_G","Defend_G","Defend_G","Defend_G","Defend_G","Survivor","Neutralize+1","Tactician+1","Dagger Throw","Acrobatics","Dagger Spray","Dagger Throw","Acrobatics","Backstab+1"],"relics":["Ring of the Snake","Whetstone","Oddly Smooth Stone","Lee\u0027s Waffle","Potion Belt","Lantern","Smiling Mask"],"acts_visited":["Exordium"],"potions_floor_usage":[8,11,16],"damage_taken":[{"damage":4,"enemies":"Small Slimes","floor":1,"turns":3},{"damage":0,"enemies":"Cultist","floor":2,"turns":4},{"damage":0,"enemies":"2 Louse","floor":3,"turns":3},{"damage":22,"enemies":"Exordium Wildlife","floor":5,"turns":8},{"damage":32,"enemies":"Exordium Thugs","floor":8,"turns":5},{"damage":28,"enemies":"Gremlin Nob","floor":11,"turns":4},{"damage":13,"enemies":"Lagavulin","floor":13,"turns":6},{"damage":1,"enemies":"Blue Slaver","floor":14,"turns":3},{"damage":34,"enemies":"Hexaghost","floor":16,"turns":9}],"seed_played":"-6820946668661830723","potions_obtained":[{"floor":5,"key":"EssenceOfSteel"},{"floor":8,"key":"Poison Potion"},{"floor":14,"key":"Poison Potion"}],"is_trial":false,"path_per_floor":["M","M","M","?","M","R","?","M","T","$","E","R","E","M","R","B"],"character_chosen":"THE_SILENT","items_purchased":["Lee\u0027s Waffle","Potion Belt"],"campfire_rested":0,"item_purchase_floors":[10,10],"current_hp_per_floor":[55,55,55,55,33,33,33,1,1,73,45,45,32,31,31,0,0],"gold":134,"neow_bonus":"RANDOM_COMMON_RELIC","is_daily":false,"chose_seed":false,"campfire_upgraded":3,"win_rate":0.0,"timestamp":1609624366,"path_taken":["M","M","M","?","?","R","?","M","T","$","E","R","E","M","R","BOSS"],"items_purchased_type":["Relic","Relic"],"build_version":"2020-12-22","purchased_purges":1,"victory":false,"max_hp_per_floor":[66,66,66,66,66,66,66,66,66,73,73,73,73,73,73,73,73],"card_choices":[{"not_picked":["Bane","Prepared","Slice"],"picked":"SKIP","floor":1},{"not_picked":["PiercingWail","Reflex"],"picked":"Tactician","floor":2},{"not_picked":["Heel Hook","Acrobatics"],"picked":"Dagger Throw","floor":3},{"not_picked":["Poisoned Stab","Sucker Punch"],"picked":"Acrobatics","floor":5},{"not_picked":["Distraction","A Thousand Cuts"],"picked":"Dagger Spray","floor":8},{"not_picked":["All Out Attack","Bane"],"picked":"Dagger Throw","floor":11},{"not_picked":["Tactician","Crippling Poison"],"picked":"Acrobatics","floor":13},{"not_picked":["Crippling Poison","Blade Dance"],"picked":"Backstab","floor":14}],"player_experience":1937929,"relics_obtained":[{"floor":9,"key":"Oddly Smooth Stone"},{"floor":11,"key":"Lantern"},{"floor":13,"key":"Smiling Mask"}],"event_choices":[{"damage_healed":0,"gold_gain":275,"player_choice":"Desecrate","damage_taken":0,"max_hp_gain":0,"max_hp_loss":0,"event_name":"Golden Shrine","floor":4,"gold_loss":0,"cards_obtained":["Regret"]},{"cards_removed":["Regret"],"damage_healed":0,"gold_gain":0,"player_choice":"Forget","damage_taken":0,"max_hp_gain":0,"max_hp_loss":0,"event_name":"Living Wall","floor":7,"gold_loss":0}],"is_beta":false,"boss_relics":[],"items_purged_floors":[10],"is_endless":false,"potions_floor_spawned":[5,8,14],"killed_by":"Hexaghost","ascension_level":20}}