{"host":"pfy6u49v5s5r680p","time":1609564583,"event":{"mods":["BaseMod","Colored Map","DeckTracker","Highlight Path","Keyboard Shortcuts","Minty Spire (QoL Compilation)","Permanent Neow","Quick Restart","StSLib","SuperFastMode","everything is the same but u backflip on backflip"],"gold_per_floor":[112,129,54,129,129,160,160,160,160,213,225,137,158,197,197,326,326,342,363,144,164,164,194,209,209,232,246,246,246,279,296,395,395,499,499,512,530,547,598,196,227,227,259,282,282,282,282,31,56,56,56],"floor_reached":52,"playtime":3667,"items_purged":["Strike_P","Defend_P","Defend_P","Defend_P"],"score":926,"play_id":"da0e435d-cf62-4db8-8f0a-ade694538ef0","local_time":"20210102141623","is_ascension_mode":true,"campfire_choices":[{"data":"JustLucky","floor":7,"key":"SMITH"},{"data":"Vigilance","floor":15,"key":"SMITH"},{"floor":25,"key":"REST"},{"data":"EmptyBody","floor":28,"key":"SMITH"},{"data":"Nirvana","floor":29,"key":"SMITH"},{"floor":33,"key":"REST"},{"data":"Omniscience","floor":42,"key":"SMITH"},{"data":"Omniscience","floor":45,"key":"SMITH"},{"data":"Madness","floor":47,"key":"SMITH"},{"data":"Madness","floor":50,"key":"SMITH"}],"circlet_count":0,"master_deck":["Defend_P","Eruption","Vigilance+1","Alpha+1","MasterReality+1","JustLucky+1","DeceiveReality+1","Nirvana+1","EmptyBody+1","Evaluate+1","JustLucky+1","Omniscience+1","ClearTheMind+1","Wireheading+1","TalkToTheHand","Omniscience+1","Madness+1","Madness+1"],"relics":["Astrolabe","Dead Branch","PreservedInsect","Bloody Idol","MawBank","Ornamental Fan","Potion Belt","Runic Pyramid","White Beast Statue","Toy Ornithopter","Centennial Puzzle","Philosopher\u0027s Stone","Gambling Chip","Gremlin Horn","Ancient Tea Set","Incense Burner","Bag of Marbles","Lantern","Bronze Scales"],"acts_visited":["Exordium","TheCity","TheBeyond"],"potions_floor_usage":[16,24,27,27,27,30,31,39,39,39,39,39,39,39,39,41,49,49,49,49],"damage_taken":[{"damage":1.0,"enemies":"2 Louse","floor":1.0,"turns":3.0},{"damage":4.0,"enemies":"Jaw Worm","floor":2.0,"turns":3.0},{"damage":9,"enemies":"3 Sentries","floor":6,"turns":3},{"damage":0,"enemies":"Lagavulin","floor":10,"turns":4},{"damage":1,"enemies":"Small Slimes","floor":13,"turns":3},{"damage":15,"enemies":"Gremlin Nob","floor":14,"turns":3},{"damage":12,"enemies":"The Guardian","floor":16,"turns":5},{"damage":0,"enemies":"Chosen","floor":18,"turns":4},{"damage":20,"enemies":"Spheric Guardian","floor":19,"turns":4},{"damage":11,"enemies":"3 Cultists","floor":21,"turns":3},{"damage":24,"enemies":"Slavers","floor":23,"turns":3},{"damage":0,"enemies":"Sentry and Sphere","floor":24,"turns":2},{"damage":12,"enemies":"Snecko","floor":27,"turns":4},{"damage":26,"enemies":"Gremlin Leader","floor":30,"turns":4},{"damage":15,"enemies":"Snake Plant","floor":31,"turns":5},{"damage":11,"enemies":"Collector","floor":34,"turns":6},{"damage":2,"enemies":"3 Darklings","floor":36,"turns":3},{"damage":17,"enemies":"Orb Walker","floor":37,"turns":4},{"damage":3,"enemies":"3 Darklings","floor":38,"turns":3},{"damage":9,"enemies":"2 Orb Walkers","floor":39,"turns":3},{"damage":7,"enemies":"Reptomancer","floor":41,"turns":3},{"damage":17,"enemies":"Nemesis","floor":43,"turns":3},{"damage":0,"enemies":"Reptomancer","floor":49,"turns":4},{"damage":12,"enemies":"Donu and Deca","floor":51,"turns":4}],"seed_played":"5830556036117598976","potions_obtained":[{"floor":6,"key":"DuplicationPotion"},{"floor":10,"key":"BottledMiracle"},{"floor":13,"key":"BlessingOfTheForge"},{"floor":19,"key":"SkillPotion"},{"floor":23,"key":"Explosive Potion"},{"floor":24,"key":"BlessingOfTheForge"},{"floor":27,"key":"Block Potion"},{"floor":30,"key":"LiquidBronze"},{"floor":31,"key":"SpeedPotion"},{"floor":34,"key":"Strength Potion"},{"floor":36,"key":"BottledMiracle"},{"floor":37,"key":"EntropicBrew"},{"floor":39,"key":"PowerPotion"},{"floor":41,"key":"Dexterity Potion"},{"floor":43,"key":"LiquidBronze"},{"floor":49,"key":"Ancient Potion"}],"is_trial":false,"path_per_floor":["M","M","$","?","T","E","R","?","T","E","?","$","M","E","R","B",null,"M","M","$","M","?","E","M","R","T","M","R","R","E","M","?","R","B",null,"M","M","M","?","$","E","R","E","T","R","?","R","$","E","R","B",null],"character_chosen":"WATCHER","items_purchased":["Nirvana","EmptyBody","Gremlin Horn","Lantern","SkillPotion","BlessingOfTheForge"],"campfire_rested":2,"item_purchase_floors":[20,20,40,48,48,48],"current_hp_per_floor":[71,67,67,56,56,47,47,47,47,47,47,47,46,31,31,19,67,67,47,47,36,36,17,22,42,47,55,55,55,39,34,39,59,53,67,67,55,57,63,63,65,65,53,58,58,50,50,50,67,67,55],"gold":56,"neow_bonus":"BOSS_RELIC","is_daily":false,"chose_seed":false,"campfire_upgraded":8,"win_rate":0.0,"timestamp":1609564583,"path_taken":["M","M","$","?","?","E","R","?","T","E","?","$","M","E","R","BOSS","M","?","$","M","?","E","M","R","T","M","R","R","E","M","?","R","BOSS","M","M","M","?","$","E","R","E","T","R","?","R","$","E","R","BOSS"],"items_purchased_type":["Card","Card","Relic","Relic","Potion","Potion"],"build_version":"2020-12-22","purchased_purges":4,"victory":true,"max_hp_per_floor":[72,72,72,72,72,72,72,67,67,67,67,67,67,67,67,67,67,67,67,67,67,67,67,67,67,67,67,67,67,67,67,67,67,67,67,67,67,67,67,67,67,67,67,67,67,67,67,67,67,67,67],"card_choices":[{"not_picked":["SashWhip","EmptyFist","SandsOfTime"],"picked":"SKIP","floor":1.0},{"not_picked":["LikeWater","SashWhip","FollowUp"],"picked":"SKIP","floor":2.0},{"not_picked":["PathToVictory","Crescendo"],"picked":"JustLucky","floor":6},{"not_picked":["Meditate","EmptyFist","CarveReality"],"picked":"SKIP","floor":10},{"not_picked":["BattleHymn","DeceiveReality","FlyingSleeves"],"picked":"SKIP","floor":13},{"not_picked":["FlurryOfBlows","SashWhip","EmptyFist"],"picked":"SKIP","floor":14},{"not_picked":["PathToVictory","Crescendo"],"picked":"DeceiveReality+1","floor":18},{"not_picked":["BowlingBash+1","BattleHymn","SashWhip"],"picked":"SKIP","floor":19},{"not_picked":["FollowUp","BowlingBash","SpiritShield"],"picked":"SKIP","floor":21},{"not_picked":["Consecrate+1","Swivel"],"picked":"Evaluate+1","floor":23},{"not_picked":["InnerPeace","CarveReality","SignatureMove"],"picked":"SKIP","floor":24},{"not_picked":["Swivel+1","WaveOfTheHand","Prostrate"],"picked":"SKIP","floor":27},{"not_picked":["FlyingSleeves","FearNoEvil+1"],"picked":"JustLucky+1","floor":30},{"not_picked":["SashWhip+1","Prostrate","Halt"],"picked":"SKIP","floor":31},{"not_picked":["Brilliance","MasterReality"],"picked":"Omniscience","floor":34},{"not_picked":["Wallop+1","CrushJoints"],"picked":"ClearTheMind+1","floor":36},{"not_picked":["FlurryOfBlows+1","Perseverance+1"],"picked":"Wireheading+1","floor":37},{"not_picked":["EmptyFist+1","ClearTheMind","CrushJoints+1"],"picked":"SKIP","floor":38},{"not_picked":["ReachHeaven","SandsOfTime+1"],"picked":"TalkToTheHand","floor":41},{"not_picked":["Consecrate","LikeWater+1"],"picked":"Omniscience","floor":43},{"not_picked":["Vengeance+1","Conclude","Worship"],"picked":"SKIP","floor":49}],"player_experience":106438,"relics_obtained":[{"floor":5,"key":"Dead Branch"},{"floor":6,"key":"PreservedInsect"},{"floor":9,"key":"MawBank"},{"floor":10,"key":"Ornamental Fan"},{"floor":14,"key":"Potion Belt"},{"floor":23,"key":"White Beast Statue"},{"floor":26,"key":"Toy Ornithopter"},{"floor":30,"key":"Centennial Puzzle"},{"floor":39,"key":"Gambling Chip"},{"floor":41,"key":"Ancient Tea Set"},{"floor":43,"key":"Incense Burner"},{"floor":44,"key":"Bag of Marbles"},{"floor":49,"key":"Bronze Scales"}],"event_choices":[{"damage_healed":0,"gold_gain":75,"player_choice":"Gather Gold","damage_taken":11,"max_hp_gain":0,"max_hp_loss":0,"event_name":"World of Goop","floor":4,"gold_loss":0},{"damage_healed":0,"gold_gain":0,"player_choice":"Lose Max HP","damage_taken":0,"relics_obtained":["Golden Idol"],"max_hp_gain":0,"max_hp_loss":5,"event_name":"Golden Idol","floor":8,"gold_loss":0},{"cards_removed":["WindmillStrike"],"damage_healed":0,"gold_gain":0,"player_choice":"Card Removal","damage_taken":0,"max_hp_gain":0,"max_hp_loss":0,"event_name":"Wheel of Change","floor":11,"gold_loss":0},{"damage_healed":0,"gold_gain":0,"player_choice":"Gave Idol","damage_taken":0,"relics_obtained":["Bloody Idol"],"max_hp_gain":0,"max_hp_loss":0,"event_name":"Forgotten Altar","floor":22,"relics_lost":["Golden Idol"],"gold_loss":0},{"damage_healed":0,"gold_gain":99,"player_choice":"Stole From Cult","damage_taken":0,"max_hp_gain":0,"max_hp_loss":0,"event_name":"Nest","floor":32,"gold_loss":0},{"damage_healed":0,"gold_gain":0,"player_choice":"Fight","damage_taken":0,"max_hp_gain":0,"max_hp_loss":0,"event_name":"Mysterious Sphere","floor":39,"gold_loss":0},{"damage_healed":0,"gold_gain":0,"player_choice":"Embrace Madness","damage_taken":8,"max_hp_gain":0,"max_hp_loss":0,"event_name":"Winding Halls","floor":46,"gold_loss":0,"cards_obtained":["Madness","Madness"]}],"is_beta":false,"boss_relics":[{"not_picked":["Ectoplasm","Calling Bell"],"picked":"Runic Pyramid"},{"not_picked":["Fusion Hammer","Cursed Key"],"picked":"Philosopher\u0027s Stone"}],"items_purged_floors":[3,12,20,40],"is_endless":false,"potions_floor_spawned":[6,10,13,19,23,24,27,30,31,34,36,37,38,39,41,43,49],"ascension_level":2}}