{"host":"7sni158j623xchr2","time":1609611021,"event":{"mods":["BaseMod","Colored Map","Highlight Path","Minty Spire (QoL Compilation)","Permanent Neow","Potion Indicator Mod","Rare Cards Sparkle","Relic Sorter","Relic Stats","StSLib","everything is the same but u backflip on backflip"],"gold_per_floor":[116,216,229,239,254,254,280,295,295,311,325,325,73,5,5,101,101,116,134,160,170,88,116,116,148,148,165,165,182,34,50,50,153,153,173,184,184,201,211,230,260,260,260],"floor_reached":42,"playtime":1900,"items_purged":["Strike_P"],"score":576,"play_id":"9117d9f0-dd80-4ee9-aae6-3a009d2c2f9d","local_time":"20210102121021","is_ascension_mode":true,"campfire_choices":[{"floor":6.0,"key":"REST"},{"floor":12.0,"key":"REST"},{"floor":15.0,"key":"REST"},{"floor":28.0,"key":"REST"},{"floor":32.0,"key":"REST"}],"circlet_count":0,"master_deck":["Strike_P+1","Strike_P+1","Strike_P+1","Defend_P+1","Defend_P+1","Defend_P+1","Defend_P+1","Eruption+1","Vigilance+1","LessonLearned+1","EmptyFist+1","ClearTheMind+1","BowlingBash+1","FlurryOfBlows+1","EmptyMind","ThirdEye+1","Halt+1","Consecrate+1","Dark Shackles+1","TalkToTheHand","SpiritShield+1","Wallop+1","Adaptation+1","Meditate+1","Crescendo+1","FollowUp+1","SpiritShield+1","CurseOfTheBell","Tantrum+1","WaveOfTheHand+1","Parasite"],"relics":["PureWater","StrikeDummy","Art of War","Fusion Hammer","Red Mask","Potion Belt","The Courier","Membership Card","Calling Bell","Vajra","Eternal Feather","Peace Pipe","Lantern"],"acts_visited":["Exordium","TheCity","TheBeyond"],"potions_floor_usage":[41,41,41,41],"damage_taken":[{"damage":2.0,"enemies":"Cultist","floor":1.0,"turns":3.0},{"damage":5.0,"enemies":"Jaw Worm","floor":3.0,"turns":4.0},{"damage":0.0,"enemies":"2 Louse","floor":4.0,"turns":2.0},{"damage":32.0,"enemies":"Gremlin Gang","floor":5.0,"turns":6.0},{"damage":50.0,"enemies":"Gremlin Nob","floor":7.0,"turns":4.0},{"damage":6.0,"enemies":"Red Slaver","floor":8.0,"turns":3.0},{"damage":0.0,"enemies":"Large Slime","floor":10.0,"turns":2.0},{"damage":0.0,"enemies":"Blue Slaver","floor":11.0,"turns":1.0},{"damage":19.0,"enemies":"The Guardian","floor":16.0,"turns":12.0},{"damage":4.0,"enemies":"2 Thieves","floor":18.0,"turns":4.0},{"damage":2.0,"enemies":"Shell Parasite","floor":19.0,"turns":5.0},{"damage":0.0,"enemies":"Masked Bandits","floor":20.0,"turns":5.0},{"damage":0.0,"enemies":"Centurion and Healer","floor":21.0,"turns":9.0},{"damage":15.0,"enemies":"Slavers","floor":23.0,"turns":6.0},{"damage":0.0,"enemies":"Gremlin Leader","floor":25.0,"turns":7.0},{"damage":3.0,"enemies":"Snake Plant","floor":27.0,"turns":2.0},{"damage":3.0,"enemies":"Snecko","floor":29.0,"turns":5.0},{"damage":1.0,"enemies":"Cultist and Chosen","floor":31.0,"turns":5.0},{"damage":42.0,"enemies":"Collector","floor":33.0,"turns":9.0},{"damage":9.0,"enemies":"3 Shapes","floor":35.0,"turns":6.0},{"damage":32.0,"enemies":"3 Darklings","floor":36.0,"turns":6.0},{"damage":10.0,"enemies":"Sphere and 2 Shapes","floor":38.0,"turns":4.0},{"damage":5.0,"enemies":"Maw","floor":39.0,"turns":6.0},{"damage":0.0,"enemies":"4 Shapes","floor":40.0,"turns":6.0},{"damage":18,"enemies":"Nemesis","floor":41,"turns":5},{"damage":26,"enemies":"Writhing Mass","floor":42,"turns":3}],"seed_played":"-3811291788077396887","potions_obtained":[{"floor":1.0,"key":"BottledMiracle"},{"floor":4.0,"key":"Regen Potion"},{"floor":8.0,"key":"BottledMiracle"},{"floor":11.0,"key":"Fruit Juice"},{"floor":19.0,"key":"Strength Potion"},{"floor":20.0,"key":"Swift Potion"},{"floor":23.0,"key":"Strength Potion"},{"floor":33.0,"key":"Dexterity Potion"},{"floor":35.0,"key":"Block Potion"},{"floor":38.0,"key":"Swift Potion"},{"floor":40.0,"key":"Explosive Potion"}],"is_trial":false,"path_per_floor":["M","?","M","M","M","R","E","M","T","M","M","R","$","$","R","B",null,"M","M","?","M","$","E","?","E","T","M","R","M","$","M","R","B",null,"M","M","?","M","M","M","E","M"],"character_chosen":"WATCHER","items_purchased":["Consecrate","Dark Shackles","BottledMiracle","TalkToTheHand","Adaptation","Membership Card","LiquidMemories"],"campfire_rested":5,"item_purchase_floors":[13,13,13,14,22,30,30],"current_hp_per_floor":[63,63,58,58,38,57,7,1,1,1,1,27,27,27,48,29,70,66,64,64,64,64,49,36,36,36,33,55,52,52,51,73,31,75,66,34,34,24,19,19,1,0,0],"gold":260,"neow_bonus":"THREE_RARE_CARDS","is_daily":false,"chose_seed":false,"campfire_upgraded":0,"win_rate":0.0,"timestamp":1609611021,"path_taken":["M","?","M","M","M","R","E","M","T","M","M","R","?","$","R","BOSS","M","M","?","M","$","E","?","E","T","M","R","M","$","M","R","BOSS","M","M","?","M","M","M","E","M"],"items_purchased_type":["Card","Card","Potion","Card","Card","Relic","Potion"],"build_version":"2020-12-22","purchased_purges":1,"victory":false,"max_hp_per_floor":[65,65,65,65,65,65,65,65,65,65,65,70,70,70,70,70,70,70,70,70,70,70,70,75,75,75,75,75,75,75,75,75,75,75,75,75,75,75,75,75,75,75,75],"relic_stats":{"Peace Pipe":0,"counters":[26,130],"Eternal Feather":0,"Art of War":[6],"obtain_stats":[{"Potion Belt":23,"Lantern":41,"Vajra":34,"Eternal Feather":34,"The Courier":25,"Calling Bell":34,"Peace Pipe":34,"Fusion Hammer":17,"Art of War":9,"Red Mask":20,"Membership Card":30,"PureWater":0,"StrikeDummy":7},{"Potion Belt":14,"Lantern":25,"Vajra":19,"Eternal Feather":19,"The Courier":15,"Calling Bell":19,"Peace Pipe":19,"Fusion Hammer":9,"Art of War":6,"Red Mask":12,"Membership Card":17,"PureWater":0,"StrikeDummy":5},{"Potion Belt":66,"Lantern":127,"Vajra":94,"Eternal Feather":94,"The Courier":73,"Calling Bell":94,"Peace Pipe":94,"Fusion Hammer":37,"Art of War":22,"Red Mask":51,"Membership Card":80,"PureWater":0,"StrikeDummy":19}]},"card_choices":[{"not_picked":["Judgement","Alpha"],"picked":"LessonLearned","floor":0.0},{"not_picked":["Vengeance","Protect","InnerPeace"],"picked":"SKIP","floor":1.0},{"not_picked":["ThirdEye","SashWhip"],"picked":"EmptyFist","floor":3.0},{"not_picked":["SandsOfTime","PathToVictory"],"picked":"ClearTheMind","floor":4.0},{"not_picked":["CarveReality","SashWhip"],"picked":"BowlingBash","floor":5.0},{"not_picked":["Protect","Prostrate"],"picked":"FlurryOfBlows","floor":7.0},{"not_picked":["CrushJoints","MasterReality"],"picked":"EmptyMind","floor":8.0},{"not_picked":["CrushJoints","BowlingBash"],"picked":"ThirdEye","floor":10.0},{"not_picked":["PathToVictory","CutThroughFate"],"picked":"Halt","floor":11.0},{"not_picked":["DeusExMachina","LessonLearned"],"picked":"SpiritShield","floor":16.0},{"not_picked":["EmptyFist+1","Worship+1","PathToVictory"],"picked":"SKIP","floor":18.0},{"not_picked":["Protect","PathToVictory"],"picked":"Wallop+1","floor":19.0},{"not_picked":["EmptyFist","Halt+1","EmptyBody+1"],"picked":"SKIP","floor":21.0},{"not_picked":["DeceiveReality","Wireheading"],"picked":"Meditate+1","floor":23.0},{"not_picked":["WindmillStrike","ThirdEye","Indignation"],"picked":"SKIP","floor":25.0},{"not_picked":["InnerPeace","Pray","Meditate"],"picked":"SKIP","floor":27.0},{"not_picked":["Evaluate","WindmillStrike"],"picked":"Crescendo+1","floor":29.0},{"not_picked":["Evaluate+1","PathToVictory"],"picked":"FollowUp+1","floor":31.0},{"not_picked":["Brilliance","LessonLearned"],"picked":"SpiritShield","floor":33.0},{"not_picked":["Swivel","FearNoEvil+1","Consecrate+1"],"picked":"SKIP","floor":35.0},{"not_picked":["CrushJoints","SignatureMove+1","JustLucky"],"picked":"SKIP","floor":36.0},{"not_picked":["Pray+1","CutThroughFate+1"],"picked":"Tantrum+1","floor":38.0},{"not_picked":["Wish","Halt+1"],"picked":"WaveOfTheHand+1","floor":39.0},{"not_picked":["EmptyBody","CutThroughFate+1","Protect"],"picked":"SKIP","floor":40.0},{"not_picked":["PathToVictory+1","EmptyFist+1","Swivel+1"],"picked":"SKIP","floor":41}],"player_experience":1582069,"relics_obtained":[{"floor":7.0,"key":"StrikeDummy"},{"floor":9.0,"key":"Art of War"},{"floor":20.0,"key":"Red Mask"},{"floor":23.0,"key":"Potion Belt"},{"floor":25.0,"key":"The Courier"},{"floor":34.0,"key":"Vajra"},{"floor":34.0,"key":"Eternal Feather"},{"floor":34.0,"key":"Peace Pipe"},{"floor":41,"key":"Lantern"}],"event_choices":[{"damage_healed":0.0,"max_hp_gain":0.0,"max_hp_loss":0.0,"gold_gain":100.0,"event_name":"Golden Shrine","player_choice":"Pray","floor":2.0,"gold_loss":0.0,"damage_taken":0.0},{"damage_healed":0.0,"max_hp_gain":0.0,"max_hp_loss":0.0,"gold_gain":0.0,"event_name":"Masked Bandits","player_choice":"Fought Bandits","floor":20.0,"gold_loss":0.0,"damage_taken":0.0},{"damage_healed":0.0,"max_hp_gain":5.0,"max_hp_loss":0.0,"gold_gain":0.0,"event_name":"Forgotten Altar","player_choice":"Shed Blood","floor":24.0,"gold_loss":0.0,"damage_taken":18.0},{"damage_healed":0.0,"max_hp_gain":0.0,"max_hp_loss":0.0,"gold_gain":0.0,"event_name":"SecretPortal","player_choice":"Ignored","floor":37.0,"gold_loss":0.0,"damage_taken":0.0}],"is_beta":false,"boss_relics":[{"not_picked":["HolyWater","Ectoplasm"],"picked":"Fusion Hammer"},{"not_picked":["Runic Dome","Velvet Choker"],"picked":"Calling Bell"}],"items_purged_floors":[13],"is_endless":false,"potions_floor_spawned":[1,4,8,11,19,20,23,33,35,38,40],"killed_by":"Writhing Mass","ascension_level":3}}