{"host":"i0avyit1s6jb1siw","time":1609596706,"event":{"mods":["BaseMod","DeckTracker","Dota2Spire","Highlight Path","Minty Spire (QoL Compilation)","Quick Restart","Replay The Spire","StSLib","SuperFastMode"],"gold_per_floor":[118,43,43,58,70,95,34,34,59,59,59,87,106,124,124,196,196,210,223,223,223],"floor_reached":20,"playtime":292,"items_purged":[],"score":468,"play_id":"44cfdc93-bff8-427e-b7bc-07f8e1879089","local_time":"20210102151146","is_ascension_mode":true,"campfire_choices":[{"data":"Neutralize","floor":8,"key":"SMITH"},{"data":"Tactician","floor":11,"key":"SMITH"},{"floor":15,"key":"REST"}],"circlet_count":0,"master_deck":["AscendersBane","Strike_G","Strike_G","Strike_G","Strike_G","Defend_G","Defend_G","Defend_G","Defend_G","Defend_G","Survivor","Neutralize+1","Dagger Spray","Poison Darts","Cloak And Dagger","Blade Dance","Tactician+1","Flechettes+1","Noxious Fumes","Prepared","Noxious Fumes","Acrobatics","Adrenaline"],"relics":["Ring of the Snake","NeowsBlessing","Centennial Puzzle","Dream Catcher","Lantern","SacredBark"],"acts_visited":["Exordium","TheCity"],"potions_floor_usage":[6,16,16],"damage_taken":[{"damage":0.0,"enemies":"Jaw Worm","floor":1.0,"turns":1.0},{"damage":0,"enemies":"Small Slimes","floor":4,"turns":1},{"damage":0,"enemies":"Cultist","floor":5,"turns":1},{"damage":8,"enemies":"Gremlin Nob","floor":6,"turns":3},{"damage":12,"enemies":"Lagavulin","floor":12,"turns":5},{"damage":6,"enemies":"2 Fungi Beasts","floor":13,"turns":3},{"damage":14,"enemies":"Exordium Thugs","floor":14,"turns":5},{"damage":0,"enemies":"Slime Boss","floor":16,"turns":4},{"damage":32,"enemies":"Shell Parasite","floor":18,"turns":6},{"damage":23,"enemies":"Chosen","floor":19,"turns":4},{"damage":8,"enemies":"Snake Plant","floor":20,"turns":1}],"seed_played":"-2644555362781874439","potions_obtained":[{"floor":1.0,"key":"Weak Potion"},{"floor":4,"key":"BlessingOfTheForge"},{"floor":5,"key":"Energy Potion"},{"floor":6,"key":"PowerPotion"},{"floor":10,"key":"Fire Potion"},{"floor":10,"key":"SteroidPotion"},{"floor":16,"key":"Energy Potion"}],"is_trial":false,"path_per_floor":["M","?","?","M","M","E","$","R","T","?","R","E","M","M","R","B",null,"M","M","M"],"character_chosen":"THE_SILENT","items_purchased":["Flechettes+1"],"campfire_rested":1,"item_purchase_floors":[7],"current_hp_per_floor":[59,59,59,59,59,51,51,51,51,51,51,39,33,19,38,38,59,27,4,0,0],"gold":223,"neow_bonus":"THREE_ENEMY_KILL","is_daily":false,"chose_seed":false,"campfire_upgraded":2,"win_rate":0.0,"timestamp":1609596706,"path_taken":["M","?","?","?","M","E","$","R","T","?","R","E","M","M","R","BOSS","M","M","M"],"items_purchased_type":["Card"],"build_version":"2020-12-22","purchased_purges":0,"victory":false,"max_hp_per_floor":[66,66,66,66,66,66,66,66,66,66,66,66,66,66,66,66,66,66,66,66,66],"card_choices":[{"not_picked":["Outmaneuver","Prepared"],"picked":"Dagger Spray","floor":1.0},{"not_picked":["Quick Slash","Dagger Spray"],"picked":"Blade Dance","floor":4},{"not_picked":["Blur","ReplayTheSpireMod:Tripwire","Prepared"],"picked":"SKIP","floor":5},{"not_picked":["Dagger Spray","Replay:Poison Smokescreen"],"picked":"Tactician","floor":6},{"not_picked":["Grand Finale","Sucker Punch"],"picked":"Noxious Fumes","floor":12},{"not_picked":["Bane","Backflip"],"picked":"Prepared","floor":13},{"not_picked":["Dagger Throw","Flying Knee"],"picked":"Noxious Fumes","floor":14},{"not_picked":["Quick Slash","Flying Knee"],"picked":"Acrobatics","floor":15},{"not_picked":["Die Die Die","Doppelganger"],"picked":"Adrenaline","floor":16},{"not_picked":["ReplayTheSpireMod:The Works","Riddle With Holes","Acrobatics"],"picked":"SKIP","floor":18},{"not_picked":["Flying Knee","Sucker Punch","ReplayTheSpireMod:Exploit Weakness"],"picked":"SKIP","floor":19}],"player_experience":2162560,"relics_obtained":[{"floor":6,"key":"Centennial Puzzle"},{"floor":9,"key":"Dream Catcher"},{"floor":12,"key":"Lantern"}],"event_choices":[{"cards_removed":["Strike_G"],"damage_healed":0.0,"max_hp_gain":0.0,"max_hp_loss":0.0,"gold_gain":0.0,"event_name":"The Cleric","player_choice":"Card Removal","floor":2.0,"gold_loss":75.0,"damage_taken":0.0},{"damage_healed":0,"gold_gain":0,"player_choice":"2 cards matched","damage_taken":0,"max_hp_gain":0,"max_hp_loss":0,"event_name":"Match and Keep!","floor":3,"gold_loss":0,"cards_obtained":["Poison Darts","Cloak And Dagger"]},{"damage_healed":0,"gold_gain":0,"player_choice":"Got Potions","damage_taken":0,"max_hp_gain":0,"max_hp_loss":0,"event_name":"Lab","floor":10,"gold_loss":0}],"is_beta":false,"boss_relics":[{"not_picked":["Black Star","Replay:Ancient Bell"],"picked":"SacredBark"}],"items_purged_floors":[],"is_endless":false,"potions_floor_spawned":[1,4,5,6,16],"killed_by":"Snake Plant","ascension_level":20}}