{"host":"q4b0c643vtafhvqv","time":1609577490,"event":{"mods":["BaseMod","Colored Map","Colored Powertips","Minty Spire (QoL Compilation)","Quick Restart","StSLib","The Blue Laboratory","The Cursed","The Forsaken","The Marked"],"gold_per_floor":[111,111,111,186,203,230,260,287,299,311,323,353,393,580,592,703,715,738,784,810,840,777,789,829,841,853,885,926,957,988,1031,1043,1153,1165,1196,972,1022,982,997,1026,1026,1039,1039,1039,1066,1076,1088,1108,1108,1108],"floor_reached":51,"playtime":2409,"items_purged":[],"score":1004,"play_id":"5dfd734f-3649-4f7f-ac89-fedade116f7e","local_time":"20210102165130","is_ascension_mode":false,"campfire_choices":[{"data":"Shockwave","floor":10.0,"key":"SMITH"},{"floor":15.0,"key":"REST"},{"data":"Juggernaut","floor":23.0,"key":"SMITH"},{"data":"Double Tap","floor":32.0,"key":"SMITH"},{"data":"Entrench","floor":41.0,"key":"SMITH"},{"data":"Demon Form","floor":44.0,"key":"SMITH"},{"data":"Rage","floor":49,"key":"SMITH"}],"circlet_count":0,"master_deck":["Strike_R+1","Strike_R+1","Strike_R+1","Defend_R+1","Defend_R+1","Defend_R+1","Bash+1","Shockwave+1","Juggernaut+1","Double Tap+1","Rage+1","Searing Blow","Demon Form+1","Dropkick+1","Entrench+1","Cleave+1","Body Slam+1","Dual Wield+1"],"relics":["Black Blood","NeowsBlessing","White Beast Statue","MawBank","Pen Nib","Ornamental Fan","Coffee Dripper","Red Mask","Meat on the Bone","Centennial Puzzle","Red Skull","Molten Egg 2","Busted Crown","Orrery","Calipers","Pear","Mummified Hand","Sundial"],"acts_visited":["Exordium","TheCity","TheBeyond"],"potions_floor_usage":[46,46,48,50,50],"damage_taken":[{"damage":0.0,"enemies":"Jaw Worm","floor":1.0,"turns":1.0},{"damage":0.0,"enemies":"Small Slimes","floor":5.0,"turns":1.0},{"damage":0.0,"enemies":"3 Sentries","floor":6.0,"turns":2.0},{"damage":0.0,"enemies":"2 Louse","floor":7.0,"turns":2.0},{"damage":4.0,"enemies":"Large Slime","floor":8.0,"turns":5.0},{"damage":5.0,"enemies":"Blue Slaver","floor":12.0,"turns":3.0},{"damage":13.0,"enemies":"Lagavulin","floor":13.0,"turns":5.0},{"damage":5.0,"enemies":"The Guardian","floor":16.0,"turns":10.0},{"damage":0.0,"enemies":"Chosen","floor":18.0,"turns":3.0},{"damage":14.0,"enemies":"Masked Bandits","floor":19.0,"turns":4.0},{"damage":2.0,"enemies":"3 Byrds","floor":20.0,"turns":5.0},{"damage":9.0,"enemies":"Snake Plant","floor":21.0,"turns":4.0},{"damage":0.0,"enemies":"Book of Stabbing","floor":24.0,"turns":3.0},{"damage":0.0,"enemies":"Chosen and Byrds","floor":27.0,"turns":3.0},{"damage":2.0,"enemies":"Gremlin Leader","floor":28.0,"turns":5.0},{"damage":0.0,"enemies":"Snecko","floor":29.0,"turns":4.0},{"damage":12.0,"enemies":"Snake Plant","floor":30.0,"turns":3.0},{"damage":16.0,"enemies":"Slavers","floor":31.0,"turns":4.0},{"damage":32.0,"enemies":"Champ","floor":33.0,"turns":7.0},{"damage":11.0,"enemies":"Orb Walker","floor":35.0,"turns":3.0},{"damage":0.0,"enemies":"Mind Bloom Boss Battle","floor":37.0,"turns":3.0},{"damage":9.0,"enemies":"3 Shapes","floor":39.0,"turns":6.0},{"damage":16.0,"enemies":"Giant Head","floor":40.0,"turns":7.0},{"damage":7.0,"enemies":"Writhing Mass","floor":42.0,"turns":3.0},{"damage":31.0,"enemies":"Reptomancer","floor":45.0,"turns":5.0},{"damage":0,"enemies":"Spire Growth","floor":46,"turns":4},{"damage":5,"enemies":"4 Shapes","floor":47,"turns":5},{"damage":0,"enemies":"Transient","floor":48,"turns":5},{"damage":18,"enemies":"Awakened One","floor":50,"turns":7}],"seed_played":"-1924874076369666048","potions_obtained":[{"floor":1.0,"key":"blueLaboratory:ArtificerPotion"},{"floor":5.0,"key":"Regen Potion"},{"floor":6.0,"key":"blueLaboratory:BottleOfVodka"},{"floor":7.0,"key":"PowerPotion"},{"floor":12.0,"key":"DuplicationPotion"},{"floor":13.0,"key":"blueLaboratory:ConflagurationPotion"},{"floor":16.0,"key":"blueLaboratory:HorrorPotion"},{"floor":19.0,"key":"EssenceOfSteel"},{"floor":21.0,"key":"blueLaboratory:HorrorPotion"},{"floor":24.0,"key":"Energy Potion"},{"floor":27.0,"key":"blueLaboratory:CorrosionFlask"},{"floor":28.0,"key":"PowerPotion"},{"floor":29.0,"key":"blueLaboratory:FruitPreserves"},{"floor":30.0,"key":"blueLaboratory:FruitPunch"},{"floor":31.0,"key":"BlessingOfTheForge"},{"floor":33.0,"key":"blueLaboratory:SavagePotion"},{"floor":35.0,"key":"blueLaboratory:RecallPotion"},{"floor":37.0,"key":"blueLaboratory:HorrorPotion"},{"floor":38.0,"key":"blueLaboratory:EntrenchedPotion"},{"floor":39.0,"key":"blueLaboratory:PolymorphPotion"},{"floor":40.0,"key":"blueLaboratory:EnragingPotion"},{"floor":42.0,"key":"PowerPotion"},{"floor":45.0,"key":"blueLaboratory:SmithPotion"},{"floor":46,"key":"SkillPotion"},{"floor":47,"key":"blueLaboratory:PhilterOfMotion"},{"floor":48,"key":"blueLaboratory:NullPotion"}],"is_trial":false,"path_per_floor":["M","$","?","?","M","E","M","M","T","R","?","M","E","?","R","B",null,"M","?","M","M","?","R","E","?","T","M","E","M","M","E","R","B",null,"M","$","?","?","M","E","R","M","T","R","E","M","M","M","R","B",null],"character_chosen":"IRONCLAD","items_purchased":["Dropkick+1","Orrery"],"campfire_rested":1,"item_purchase_floors":[36,36],"current_hp_per_floor":[80,80,85,74,85,85,85,85,85,85,78,85,84,84,85,85,85,85,83,85,85,85,85,85,85,85,85,85,85,85,83,83,63,87,87,87,87,87,87,93,93,97,97,97,78,90,97,97,97,91],"gold":1108,"neow_bonus":"THREE_ENEMY_KILL","is_daily":false,"chose_seed":false,"campfire_upgraded":6,"win_rate":0.0,"timestamp":1609577490,"path_taken":["M","$","?","?","M","E","M","M","T","R","?","M","E","?","R","BOSS","M","?","M","M","?","R","E","?","T","M","E","M","M","E","R","BOSS","M","$","?","?","?","E","R","M","T","R","E","M","M","M","R","BOSS"],"items_purchased_type":["Card","Relic"],"build_version":"2020-12-22","purchased_purges":0,"victory":true,"max_hp_per_floor":[80,80,85,85,85,85,85,85,85,85,85,85,85,85,85,85,85,85,85,85,85,85,85,85,85,85,85,85,85,85,87,87,87,87,87,87,87,87,87,97,97,97,97,97,97,97,97,97,97,97],"card_choices":[{"not_picked":["Twin Strike","Dropkick","Flame Barrier"],"picked":"SKIP","floor":1.0},{"not_picked":["Sword Boomerang","Rage","Armaments"],"picked":"SKIP","floor":5.0},{"not_picked":["Sever Soul","Shrug It Off"],"picked":"Shockwave","floor":6.0},{"not_picked":["Pummel","Rage","Thunderclap"],"picked":"SKIP","floor":7.0},{"not_picked":["Searing Blow","Clothesline","Fire Breathing"],"picked":"SKIP","floor":8.0},{"not_picked":["Body Slam","Carnage","Anger"],"picked":"SKIP","floor":12.0},{"not_picked":["Clash","Twin Strike","Armaments"],"picked":"SKIP","floor":13.0},{"not_picked":["Corruption","Berserk"],"picked":"Juggernaut","floor":16.0},{"not_picked":["Clothesline","Pommel Strike","Flex"],"picked":"SKIP","floor":18.0},{"not_picked":["True Grit","Bloodletting","Shrug It Off"],"picked":"SKIP","floor":20.0},{"not_picked":["True Grit+1","Clothesline","Pommel Strike"],"picked":"SKIP","floor":21.0},{"not_picked":["Sword Boomerang+1","Metallicize+1"],"picked":"Double Tap","floor":24.0},{"not_picked":["Blood for Blood","Dark Embrace","Thunderclap"],"picked":"SKIP","floor":27.0},{"not_picked":["Battle Trance+1","Perfected Strike","Corruption"],"picked":"SKIP","floor":28.0},{"not_picked":["Anger+1","Body Slam","Flex+1"],"picked":"SKIP","floor":29.0},{"not_picked":["Dual Wield","Headbutt","Hemokinesis"],"picked":"SKIP","floor":30.0},{"not_picked":["Cleave+1","Entrench","Perfected Strike+1"],"picked":"SKIP","floor":31.0},{"not_picked":["Offering","Impervious"],"picked":"Demon Form","floor":33.0},{"not_picked":["Iron Wave+1"],"picked":"SKIP","floor":35.0},{"not_picked":[],"picked":"Entrench","floor":36.0},{"not_picked":[],"picked":"Cleave+1","floor":37.0},{"not_picked":["Anger+1"],"picked":"SKIP","floor":39.0},{"not_picked":[],"picked":"Body Slam+1","floor":40.0},{"not_picked":["Thunderclap+1"],"picked":"SKIP","floor":42.0},{"not_picked":["Ghostly Armor"],"picked":"SKIP","floor":45.0},{"not_picked":["Sword Boomerang+1"],"picked":"SKIP","floor":46},{"not_picked":["Sword Boomerang+1"],"picked":"SKIP","floor":47},{"not_picked":[],"picked":"Dual Wield+1","floor":48}],"player_experience":0,"relics_obtained":[{"floor":6.0,"key":"MawBank"},{"floor":9.0,"key":"Pen Nib"},{"floor":13.0,"key":"Ornamental Fan"},{"floor":19.0,"key":"Red Mask"},{"floor":24.0,"key":"Meat on the Bone"},{"floor":26.0,"key":"Centennial Puzzle"},{"floor":28.0,"key":"Red Skull"},{"floor":31.0,"key":"Molten Egg 2"},{"floor":37.0,"key":"Calipers"},{"floor":40.0,"key":"Pear"},{"floor":43.0,"key":"Mummified Hand"},{"floor":45.0,"key":"Sundial"}],"event_choices":[{"damage_healed":0.0,"max_hp_gain":5.0,"max_hp_loss":0.0,"gold_gain":0.0,"event_name":"Big Fish","player_choice":"Donut","floor":3.0,"gold_loss":0.0,"damage_taken":0.0},{"damage_healed":0.0,"max_hp_gain":0.0,"max_hp_loss":0.0,"gold_gain":75.0,"event_name":"World of Goop","player_choice":"Gather Gold","floor":4.0,"gold_loss":0.0,"damage_taken":11.0},{"cards_removed":["Defend_R"],"damage_healed":0.0,"max_hp_gain":0.0,"max_hp_loss":0.0,"gold_gain":0.0,"event_name":"Golden Wing","player_choice":"Card Removal","floor":11.0,"gold_loss":0.0,"damage_taken":7.0},{"damage_healed":0.0,"max_hp_gain":0.0,"max_hp_loss":0.0,"gold_gain":175.0,"event_name":"Liars Game","player_choice":"AGREE","floor":14.0,"gold_loss":0.0,"damage_taken":0.0,"cards_obtained":["Doubt"]},{"damage_healed":0.0,"max_hp_gain":0.0,"max_hp_loss":0.0,"gold_gain":0.0,"event_name":"Masked Bandits","player_choice":"Fought Bandits","floor":19.0,"gold_loss":0.0,"damage_taken":0.0},{"cards_removed":["Doubt"],"damage_healed":0.0,"max_hp_gain":0.0,"max_hp_loss":0.0,"gold_gain":0.0,"event_name":"Beggar","player_choice":"Gave Gold","floor":22.0,"gold_loss":75.0,"damage_taken":0.0},{"damage_healed":0.0,"max_hp_gain":0.0,"max_hp_loss":0.0,"gold_gain":0.0,"cards_transformed":["Strike_R","Strike_R"],"event_name":"Drug Dealer","player_choice":"Became Test Subject","floor":25.0,"gold_loss":0.0,"damage_taken":0.0,"cards_obtained":["Rage","Searing Blow"]},{"damage_healed":0.0,"max_hp_gain":0.0,"max_hp_loss":0.0,"gold_gain":0.0,"event_name":"MindBloom","player_choice":"Fight","floor":37.0,"gold_loss":0.0,"damage_taken":0.0},{"damage_healed":0.0,"max_hp_gain":0.0,"max_hp_loss":0.0,"gold_gain":0.0,"event_name":"The Woman in Blue","player_choice":"Bought 3 Potions","floor":38.0,"gold_loss":0.0,"damage_taken":0.0}],"is_beta":false,"boss_relics":[{"not_picked":["Velvet Choker","Ectoplasm"],"picked":"Coffee Dripper"},{"not_picked":["theForsaken:PaleLantern","Calling Bell"],"picked":"Busted Crown"}],"items_purged_floors":[],"is_endless":false,"potions_floor_spawned":[1,5,6,7,8,12,13,16,18,19,20,21,24,27,28,29,30,31,33,35,37,39,40,42,45,46,47,48],"ascension_level":0}}