{"host":"uikxj58mzlixykyi","time":1609546790,"event":{"mods":["AchievementEnabler","BaseMod","BetterRewards","Colored Map","Colored Powertips","Downfall","Highlight Path","Minty Spire (QoL Compilation)","Rare Cards Sparkle","Replay The Spire","Shop Mod","StSLib"],"gold_per_floor":[99,111,307,307,307,324,405,405,11,29,29,54,74,96,114,228,228,178,200,224,224,224,250,273,223,223,251,271,221,241,392,418,530,530,480,511,538,538,567,624,624,291,241,264,302,3,78,116,224,256],"floor_reached":51,"playtime":2480,"items_purged":["Amnesia","Slimebound:Defend_Slimebound","Doubt"],"score":1030,"play_id":"f0c1e0a9-14de-4190-8e17-6c5b502afd48","local_time":"20210102021950","is_ascension_mode":true,"campfire_choices":[{"data":"Slimebound:CorrosiveSpit","floor":1.0,"key":"SMITH"},{"data":"Slimebound:Darklings","floor":11.0,"key":"SMITH"},{"floor":18.0,"key":"DIG"},{"floor":25.0,"key":"REST"},{"data":"Slimebound:LeadByExample","floor":29.0,"key":"SMITH"},{"floor":35.0,"key":"DIG"},{"data":"Slimebound:TagTeam","floor":43.0,"key":"SMITH"}],"circlet_count":0,"master_deck":["Slimebound:Strike_Slimebound","Slimebound:Strike_Slimebound","Slimebound:Tackle","Slimebound:Defend_Slimebound+1","Slimebound:Defend_Slimebound+1","Slimebound:Split","Slimebound:CorrosiveSpit+1","Slimebound:Repurpose","Slimebound:SplitMire","Slimebound:LeadByExample+1","Slimebound:RejuvenatingLick","Slimebound:Darklings+1","Slimebound:OneTwoCombo","Slimebound:SplitAcid","Slimebound:SplitMire","Slimebound:SplitAcid","Slimebound:SplitBruiser","Slimebound:Replication+1","Slimebound:SelfFormingGoo","Slimebound:LevelUp","Slimebound:SplitBruiser","Slimebound:TagTeam+1","Slimebound:RejuvenatingLick","Slimebound:SplitLeeching+1","Slimebound:OneTwoCombo","Spreading Infection","Slimebound:Icky","Slimebound:SlimeTap","Slimebound:SplitLeeching","Slimebound:Replication+1","Slimebound:HauntingLick+1","Slimebound:OneTwoCombo","Slimebound:Repurpose","Slimebound:SplitBruiser+1","Slimebound:DivideAndConquer+1"],"relics":["Slimebound:AbsorbEndCombat","Ring of Fury","Ring of Hypnosis","Replay:Bandana","Bottled Lightning","Slimebound:GreedOozeRelic","expansioncontent:StudyCardRelic","Pen Nib","Nilry\u0027s Codex","MerchantsRug","Replay:Ancient Bell","Slimebound:AggressiveSlimeRelic","Replay:Ringing Soul","Lizard Tail","Happy Flower","Potion Belt","Pet Ghost"],"acts_visited":["Exordium","TheCity","TheBeyond"],"potions_floor_usage":[50,50],"damage_taken":[{"damage":4.0,"enemies":"Small Slimes","floor":2.0,"turns":3.0},{"damage":2.0,"enemies":"2 Louse","floor":6.0,"turns":1.0},{"damage":15.0,"enemies":"downfall:FleeingMerchant","floor":9.0,"turns":4.0},{"damage":12.0,"enemies":"Jaw Worm","floor":10.0,"turns":1.0},{"damage":29.0,"enemies":"3 Louse","floor":12.0,"turns":2.0},{"damage":8.0,"enemies":"2 Fungi Beasts","floor":13.0,"turns":1.0},{"damage":18.0,"enemies":"Exordium Wildlife","floor":14.0,"turns":2.0},{"damage":16.0,"enemies":"Gremlin Gang","floor":15.0,"turns":1.0},{"damage":46.0,"enemies":"downfall:Ironclad","floor":16.0,"turns":3.0},{"damage":37.0,"enemies":"Shell Parasite","floor":19.0,"turns":3.0},{"damage":8.0,"enemies":"3 Byrds","floor":20.0,"turns":2.0},{"damage":36.0,"enemies":"Shelled Parasite and Fungi","floor":23.0,"turns":2.0},{"damage":44.0,"enemies":"Cultist and Chosen","floor":27.0,"turns":3.0},{"damage":33.0,"enemies":"Snake Plant","floor":28.0,"turns":2.0},{"damage":35.0,"enemies":"Snecko","floor":30.0,"turns":3.0},{"damage":54.0,"enemies":"downfall:FleeingMerchant","floor":31.0,"turns":4.0},{"damage":13.0,"enemies":"Shelled Parasite and Fungi","floor":32.0,"turns":2.0},{"damage":56.0,"enemies":"downfall:Defect","floor":33.0,"turns":4.0},{"damage":20.0,"enemies":"Orb Walker","floor":36.0,"turns":1.0},{"damage":16.0,"enemies":"3 Shapes","floor":37.0,"turns":2.0},{"damage":18.0,"enemies":"3 Darklings","floor":39.0,"turns":2.0},{"damage":45.0,"enemies":"Transient","floor":40.0,"turns":5.0},{"damage":25.0,"enemies":"Maw","floor":45.0,"turns":3.0},{"damage":20,"enemies":"Giant Head","floor":47,"turns":3},{"damage":32,"enemies":"4 Shapes","floor":48,"turns":2},{"damage":36,"enemies":"Transient","floor":49,"turns":3},{"damage":27,"enemies":"downfall:Silent","floor":50,"turns":2}],"seed_played":"3426962906232601984","potions_obtained":[{"floor":2.0,"key":"sneckomod:MuddlingPotion"},{"floor":6.0,"key":"Elixir"},{"floor":27.0,"key":"FearPotion"},{"floor":32.0,"key":"DuplicationPotion"},{"floor":40.0,"key":"Slimebound:ThreeZeroPotion"},{"floor":45.0,"key":"Regen Potion"}],"is_trial":false,"path_per_floor":["R","M","?","?","T","M","T","?","$","M","R","M","M","M","M","B",null,"R_BF","M","M","?","?","M","T","R","?","M","M","R","M","$","M","B",null,"R_BF","M","M","?","M","M","T","?","R","?","M","$","E","M","M","B",null],"character_chosen":"SLIMEBOUND","items_purchased":["Slimebound:Darklings","Slimebound:OneTwoCombo","FairyPotion","MerchantsRug","SteroidPotion","Slimebound:OneTwoCombo"],"campfire_rested":1,"item_purchase_floors":[9,9,9,31,46,46],"current_hp_per_floor":[39,55,55,55,55,57,57,57,60,60,60,51,59,54,60,54,59,59,47,60,44,44,30,30,48,48,56,43,43,34,60,55,56,62,62,66,66,66,67,72,72,81,81,81,80,83,86,69,96,85],"gold":256,"neow_bonus":"REMOVE_TWO","is_daily":false,"chose_seed":false,"campfire_upgraded":4,"win_rate":0.0,"timestamp":1609546790,"path_taken":["R","M","?","?","?","M","T","?","$","M","R","M","M","M","M","BOSS","R_BF","M","M","?","?","M","T","R","?","M","M","R","M","$","M","BOSS","R_BF","M","M","?","?","M","T","?","R","?","M","$","E","M","M","BOSS"],"items_purchased_type":["Card","Card","Potion","Relic","Potion","Card"],"build_version":"2020-12-22","purchased_purges":3,"victory":true,"max_hp_per_floor":[60,60,60,60,60,60,60,60,60,60,60,60,60,60,60,60,60,60,60,60,60,60,60,60,60,60,60,60,60,60,60,60,60,63,63,66,66,66,69,72,72,81,81,81,84,87,90,93,96,96],"card_choices":[{"not_picked":["Slimebound:FinishingTackle","Slimebound:PressTheAttack"],"picked":"Slimebound:Repurpose","floor":2.0},{"not_picked":["Slimebound:SlimeBrawl","Slimebound:FinishingTackle"],"picked":"Slimebound:SplitMire","floor":3.0},{"not_picked":["Slimebound:GrowthPunch","Slimebound:ServeAndProtect"],"picked":"Slimebound:LeadByExample","floor":6.0},{"not_picked":["Slimebound:Gluttony","Slimebound:LeechingTouch"],"picked":"Slimebound:RejuvenatingLick","floor":9.0},{"not_picked":["Slimebound:LeechEnergy","Slimebound:SplitMire"],"picked":"Slimebound:SplitAcid","floor":10.0},{"not_picked":["Slimebound:FinishingTackle","Slimebound:Chomp"],"picked":"Slimebound:SplitMire","floor":12.0},{"not_picked":["Slimebound:LeadByExample","Slimebound:ViciousTackle"],"picked":"Slimebound:SplitAcid","floor":13.0},{"not_picked":["Slimebound:SlimeSpikes","Slimebound:FinishingTackle"],"picked":"Slimebound:SplitBruiser","floor":14.0},{"not_picked":["Slimebound:Schlurp","Slimebound:SplitMire"],"picked":"Slimebound:Replication","floor":15.0},{"not_picked":["Slimebound:WasteNot","Slimebound:OozeBath"],"picked":"Slimebound:SelfFormingGoo","floor":16.0},{"not_picked":["Slimebound:GrowthPunch","Slimebound:Grow","Slimebound:GoopTackle+1"],"picked":"SKIP","floor":19.0},{"not_picked":["Slimebound:RollThrough","Slimebound:DivideAndConquer"],"picked":"Slimebound:LevelUp","floor":20.0},{"not_picked":["Slimebound:Grow+1","Slimebound:LeechingTouch","Slimebound:GoopTackle+1"],"picked":"SKIP","floor":23.0},{"not_picked":["Slimebound:SlimeSpikes","Slimebound:AcidTongue"],"picked":"Slimebound:SplitBruiser","floor":27.0},{"not_picked":["Slimebound:GoopTackle","Slimebound:Equalize+1","Slimebound:SpikyOuterGoop"],"picked":"SKIP","floor":28.0},{"not_picked":["Slimebound:DivideAndConquer","Slimebound:GrowthPunch"],"picked":"Slimebound:TagTeam","floor":30.0},{"not_picked":["Slimebound:ProtectTheBoss","Slimebound:SplitSpecialist"],"picked":"Slimebound:RejuvenatingLick","floor":31.0},{"not_picked":["Slimebound:SamplingLick+1","Slimebound:LeechingTouch"],"picked":"Slimebound:SplitLeeching+1","floor":32.0},{"not_picked":["Slimebound:LeechLife","Slimebound:PrepareCrush"],"picked":"Slimebound:OneTwoCombo","floor":33.0},{"not_picked":["hexamod:Haunted","Looming Evil"],"picked":"Doubt","floor":34.0},{"not_picked":["sneckomod:Bewildered","Replay:Hysterical Blindness"],"picked":"Spreading Infection","floor":34.0},{"not_picked":["Looming Evil","Amnesia"],"picked":"Slimebound:Icky","floor":34.0},{"not_picked":["Slimebound:TongueLash","Slimebound:DivideAndConquer"],"picked":"Slimebound:SlimeTap","floor":36.0},{"not_picked":["Slimebound:DivideAndConquer","Slimebound:FinishingTackle+1","Slimebound:LeadByExample"],"picked":"SKIP","floor":37.0},{"not_picked":["Slimebound:ViciousTackle+1","Slimebound:SlimeSpikes"],"picked":"Slimebound:SplitLeeching","floor":39.0},{"not_picked":["Slimebound:SlimeTap","Slimebound:PressTheAttack"],"picked":"Slimebound:Replication+1","floor":40.0},{"not_picked":["Slimebound:GoopSpray","Slimebound:FinishingTackle"],"picked":"Slimebound:HauntingLick+1","floor":45.0},{"not_picked":["Slimebound:Teamwork","Slimebound:MassFeed"],"picked":"Slimebound:Repurpose","floor":47},{"not_picked":["Slimebound:GoopSpray+1","Slimebound:ComboTackle+1"],"picked":"Slimebound:SplitBruiser+1","floor":48},{"not_picked":["Slimebound:Grow","Slimebound:LeechEnergy"],"picked":"Slimebound:DivideAndConquer+1","floor":49}],"player_experience":87982,"relics_obtained":[{"floor":4.0,"key":"Ring of Fury"},{"floor":4.0,"key":"Ring of Hypnosis"},{"floor":5.0,"key":"Replay:Bandana"},{"floor":7.0,"key":"Bottled Lightning"},{"floor":18.0,"key":"Pen Nib"},{"floor":21.0,"key":"Nilry\u0027s Codex"},{"floor":24.0,"key":"Simple Rune"},{"floor":35.0,"key":"Happy Flower"},{"floor":41.0,"key":"Boot"},{"floor":44.0,"key":"Potion Belt"},{"floor":47,"key":"Pet Ghost"}],"event_choices":[{"cards_removed":["ReplayTheSpireMod:Splinters"],"damage_healed":0.0,"max_hp_gain":0.0,"max_hp_loss":0.0,"gold_gain":0.0,"event_name":"Back to Basics","player_choice":"Elegance","floor":26.0,"gold_loss":0.0,"damage_taken":0.0},{"damage_healed":0.0,"max_hp_gain":0.0,"max_hp_loss":0.0,"gold_gain":0.0,"event_name":"Upgrade Shrine","player_choice":"Upgraded","floor":38.0,"gold_loss":0.0,"damage_taken":0.0,"cards_upgraded":["Slimebound:Replication"]}],"is_beta":false,"boss_relics":[{"not_picked":["Velvet Choker","Painkiller Herb"],"picked":"expansioncontent:StudyCardRelic"},{"not_picked":["Ring of Chaos","Replay:Grab Bag"],"picked":"Replay:Ancient Bell"},{"not_picked":["Strawberry","Blood Vial"],"picked":"Slimebound:AggressiveSlimeRelic"},{"not_picked":["Pantograph","Sundial"],"picked":"Replay:Ringing Soul"},{"not_picked":["Girya","Slimebound:PotencyRelic"],"picked":"Lizard Tail"}],"items_purged_floors":[9,31,46],"is_endless":false,"potions_floor_spawned":[2,6,13,15,27,28,30,32,40,45,48,49],"ascension_level":6}}