{"host":"sav7uxregyirlf69","time":1609556523,"event":{"mods":["AchievementEnabler","BaseMod","Colored Map","DeckTracker","Keyboard Shortcuts","Minty Spire (QoL Compilation)","READ ME - Guardian Mod","StSLib","SuperFastMode"],"gold_per_floor":[114,114,129,54,54,54,81,113,178,204,176,188,216,253,265,382,394,418,430,109,124,144,144,171,190,190,216,216,228,228,248,248,343,393,408,755,755,755,768,798,798,815,815,815,842,842,752,765,765,765,765],"floor_reached":50,"playtime":1464,"items_purged":["Defend_B","Defend_B"],"score":781,"play_id":"3fa18360-0b2b-489f-b8b3-268b211f986c","local_time":"20210102120203","is_ascension_mode":true,"campfire_choices":[{"data":"Zap","floor":6.0,"key":"SMITH"},{"data":"Dualcast","floor":12.0,"key":"SMITH"},{"data":"Capacitor","floor":15.0,"key":"SMITH"},{"data":"Defragment","floor":23.0,"key":"SMITH"},{"data":"Seek","floor":28.0,"key":"SMITH"},{"data":"Coolheaded","floor":30.0,"key":"SMITH"},{"data":"Turbo","floor":32.0,"key":"SMITH"},{"data":"Apotheosis","floor":41.0,"key":"SMITH"},{"data":"Creative AI","floor":44.0,"key":"SMITH"},{"floor":49.0,"key":"RECALL"}],"circlet_count":0,"master_deck":["Strike_B","Defend_B","Defend_B","Dualcast+1","Auto Shields","Echo Form","Sweeping Beam+1","Multi-Cast","Undo+1","Chill+1","Cold Snap","Seek+1","Capacitor+1","Go for the Eyes+1","Defragment+1","Turbo+1","Ball Lightning","Coolheaded+1","Hologram","Creative AI+1","Fusion+1","Apotheosis+1","Flash of Steel","Blizzard+1","Glacier"],"relics":["Cracked Core","MawBank","Lantern","Art of War","Coffee Dripper","Letter Opener","Medical Kit","Ornamental Fan","War Paint","Red Mask","Tiny House","Old Coin","Girya","Bag of Marbles"],"acts_visited":["Exordium","TheCity","TheBeyond"],"potions_floor_usage":[50,50],"damage_taken":[{"damage":0.0,"enemies":"Small Slimes","floor":1.0,"turns":3.0},{"damage":2.0,"enemies":"Jaw Worm","floor":3.0,"turns":4.0},{"damage":35.0,"enemies":"3 Sentries","floor":7.0,"turns":8.0},{"damage":0.0,"enemies":"Cultist","floor":8.0,"turns":4.0},{"damage":0.0,"enemies":"Blue Slaver","floor":10.0,"turns":3.0},{"damage":7.0,"enemies":"Exordium Thugs","floor":13.0,"turns":4.0},{"damage":1.0,"enemies":"Lagavulin","floor":14.0,"turns":8.0},{"damage":0.0,"enemies":"The Guardian","floor":16.0,"turns":4.0},{"damage":0.0,"enemies":"Shell Parasite","floor":18.0,"turns":7.0},{"damage":5.0,"enemies":"Spheric Guardian","floor":21.0,"turns":4.0},{"damage":2.0,"enemies":"Chosen and Byrds","floor":22.0,"turns":8.0},{"damage":18.0,"enemies":"Book of Stabbing","floor":24.0,"turns":5.0},{"damage":18.0,"enemies":"Snake Plant","floor":25.0,"turns":5.0},{"damage":1.0,"enemies":"Masked Bandits","floor":27.0,"turns":5.0},{"damage":0.0,"enemies":"3 Cultists","floor":29.0,"turns":5.0},{"damage":0.0,"enemies":"Cultist and Chosen","floor":31.0,"turns":5.0},{"damage":1.0,"enemies":"Champ","floor":33.0,"turns":9.0},{"damage":0.0,"enemies":"3 Shapes","floor":35.0,"turns":4.0},{"damage":26.0,"enemies":"2 Orb Walkers","floor":36.0,"turns":4.0},{"damage":13.0,"enemies":"Orb Walker","floor":39.0,"turns":4.0},{"damage":0.0,"enemies":"Giant Head","floor":40.0,"turns":6.0},{"damage":0.0,"enemies":"Jaw Worm Horde","floor":42.0,"turns":4.0},{"damage":12.0,"enemies":"Nemesis","floor":45.0,"turns":10.0},{"damage":20.0,"enemies":"Spire Growth","floor":48.0,"turns":6.0},{"damage":36,"enemies":"Donu and Deca","floor":50,"turns":11}],"seed_played":"-8404947717001442793","potions_obtained":[{"floor":8.0,"key":"BlessingOfTheForge"},{"floor":11.0,"key":"EntropicBrew"},{"floor":11.0,"key":"Energy Potion"},{"floor":13.0,"key":"Regen Potion"},{"floor":16.0,"key":"Strength Potion"},{"floor":22.0,"key":"Swift Potion"},{"floor":24.0,"key":"Strength Potion"},{"floor":25.0,"key":"BlessingOfTheForge"},{"floor":31.0,"key":"FocusPotion"},{"floor":33.0,"key":"Block Potion"},{"floor":34.0,"key":"EssenceOfSteel"},{"floor":40.0,"key":"Energy Potion"},{"floor":45.0,"key":"Dexterity Potion"},{"floor":48.0,"key":"Strength Potion"}],"is_trial":false,"path_per_floor":["M","?","M","$","?","R","E","M","T","M","?","R","M","E","R","B",null,"M","T","$","M","M","R","E","M","T","?","R","M","R","M","R","B",null,"M","?","?","?","M","E","R","M","T","R","E","?","?","M","R","B"],"character_chosen":"DEFECT","items_purchased":["Defragment","Medical Kit"],"campfire_rested":0,"item_purchase_floors":[20,20],"current_hp_per_floor":[68,73,71,71,71,71,36,36,36,36,36,36,29,43,43,43,66,66,66,66,61,59,59,41,23,23,22,22,22,22,22,22,21,65,65,39,68,58,45,45,45,45,45,45,33,33,33,13,13,0,0],"gold":765,"neow_bonus":"TRANSFORM_TWO_CARDS","is_daily":false,"chose_seed":false,"campfire_upgraded":9,"win_rate":0.0,"timestamp":1609556523,"path_taken":["M","?","M","$","?","R","E","?","T","M","?","R","?","E","R","BOSS","M","?","$","M","M","R","E","M","T","?","R","M","R","M","R","BOSS","M","?","?","?","M","E","R","M","T","R","E","?","?","M","R","BOSS"],"items_purchased_type":["Card","Relic"],"build_version":"2020-12-22","purchased_purges":2,"victory":false,"max_hp_per_floor":[68,73,73,73,73,73,73,73,73,73,73,73,73,73,73,73,73,73,73,73,73,73,73,73,73,73,73,73,73,73,73,73,73,78,78,78,68,68,68,68,68,68,68,68,68,68,68,68,68,68,68],"card_choices":[{"not_picked":["Beam Cell","Steam"],"picked":"Sweeping Beam","floor":1.0},{"not_picked":["Hello World","Conserve Battery","Double Energy"],"picked":"SKIP","floor":3.0},{"not_picked":["Heatsinks","Storm"],"picked":"Chill","floor":7.0},{"not_picked":["Barrage","Hologram"],"picked":"Cold Snap","floor":8.0},{"not_picked":["Barrage","Undo","Melter"],"picked":"SKIP","floor":10.0},{"not_picked":["Melter","Storm"],"picked":"Seek","floor":13.0},{"not_picked":["Rip and Tear","Chill"],"picked":"Capacitor","floor":14.0},{"not_picked":["Barrage","BootSequence+1"],"picked":"Go for the Eyes+1","floor":18.0},{"not_picked":["Blizzard","Doom and Gloom+1"],"picked":"Turbo","floor":21.0},{"not_picked":["Conserve Battery","Sweeping Beam+1"],"picked":"Ball Lightning","floor":22.0},{"not_picked":["Beam Cell","Rebound"],"picked":"Coolheaded","floor":24.0},{"not_picked":["Stack","Sweeping Beam"],"picked":"Hologram","floor":25.0},{"not_picked":["Beam Cell","Sweeping Beam","Fusion"],"picked":"SKIP","floor":29.0},{"not_picked":["Hologram","Static Discharge","Echo Form"],"picked":"SKIP","floor":31.0},{"not_picked":["Fission","Rainbow"],"picked":"Creative AI","floor":33.0},{"not_picked":["BootSequence+1","Turbo"],"picked":"Fusion+1","floor":34.0},{"not_picked":["Hologram","Conserve Battery","Beam Cell"],"picked":"SKIP","floor":35.0},{"not_picked":["Sadistic Nature","Chrysalis"],"picked":"Apotheosis","floor":38.0},{"not_picked":["Dramatic Entrance","PanicButton"],"picked":"Flash of Steel","floor":38.0},{"not_picked":["Ball Lightning+1","Conserve Battery","Hologram+1"],"picked":"SKIP","floor":39.0},{"not_picked":["Rebound","Hologram+1"],"picked":"Blizzard","floor":40.0},{"not_picked":["Turbo","Gash","BootSequence+1"],"picked":"SKIP","floor":42.0},{"not_picked":["Streamline+1","Beam Cell+1","Gash+1"],"picked":"SKIP","floor":45.0},{"not_picked":["Hologram+1","Scrape+1"],"picked":"Glacier","floor":48.0}],"player_experience":1106197,"relics_obtained":[{"floor":7.0,"key":"MawBank"},{"floor":9.0,"key":"Lantern"},{"floor":14.0,"key":"Art of War"},{"floor":19.0,"key":"Letter Opener"},{"floor":24.0,"key":"Ornamental Fan"},{"floor":26.0,"key":"War Paint"},{"floor":27.0,"key":"Red Mask"},{"floor":36.0,"key":"Old Coin"},{"floor":40.0,"key":"Girya"},{"floor":45.0,"key":"Bag of Marbles"}],"event_choices":[{"damage_healed":0.0,"max_hp_gain":5.0,"max_hp_loss":0.0,"gold_gain":0.0,"event_name":"Big Fish","player_choice":"Donut","floor":2.0,"gold_loss":0.0,"damage_taken":0.0},{"damage_healed":0.0,"max_hp_gain":0.0,"max_hp_loss":0.0,"gold_gain":0.0,"event_name":"Match and Keep!","player_choice":"2 cards matched","floor":5.0,"gold_loss":0.0,"damage_taken":0.0,"cards_obtained":["Multi-Cast","Undo"]},{"damage_healed":0.0,"max_hp_gain":0.0,"max_hp_loss":0.0,"gold_gain":0.0,"event_name":"The Woman in Blue","player_choice":"Bought 3 Potions","floor":11.0,"gold_loss":0.0,"damage_taken":0.0},{"damage_healed":0.0,"max_hp_gain":0.0,"max_hp_loss":0.0,"gold_gain":0.0,"event_name":"Masked Bandits","player_choice":"Fought Bandits","floor":27.0,"gold_loss":0.0,"damage_taken":0.0},{"damage_healed":0.0,"max_hp_gain":0.0,"max_hp_loss":0.0,"gold_gain":0.0,"event_name":"Mysterious Sphere","player_choice":"Fight","floor":36.0,"gold_loss":0.0,"damage_taken":0.0},{"damage_healed":68.0,"max_hp_gain":0.0,"max_hp_loss":10.0,"gold_gain":0.0,"event_name":"The Moai Head","player_choice":"Heal","floor":37.0,"gold_loss":0.0,"damage_taken":0.0},{"damage_healed":0.0,"max_hp_gain":0.0,"max_hp_loss":0.0,"gold_gain":0.0,"event_name":"SensoryStone","player_choice":"Memory 3","floor":38.0,"gold_loss":0.0,"damage_taken":10.0},{"cards_removed":["Zap"],"damage_healed":0.0,"max_hp_gain":0.0,"max_hp_loss":0.0,"gold_gain":0.0,"event_name":"Falling","player_choice":"Removed Skill","floor":46.0,"gold_loss":0.0,"damage_taken":0.0},{"cards_removed":["Strike_B"],"damage_healed":0.0,"max_hp_gain":0.0,"max_hp_loss":0.0,"gold_gain":0.0,"event_name":"Designer","player_choice":"Upgrade and Remove","floor":47.0,"gold_loss":90.0,"damage_taken":0.0,"cards_upgraded":["Blizzard"]}],"is_beta":false,"boss_relics":[{"not_picked":["Philosopher\u0027s Stone","Runic Dome"],"picked":"Coffee Dripper"},{"not_picked":["SacredBark","Velvet Choker"],"picked":"Tiny House"}],"items_purged_floors":[4,20],"is_endless":false,"potions_floor_spawned":[8,13,16,22,24,25,31,33,35,40,45,48],"killed_by":"Donu and Deca","ascension_level":5}}