{"host":"p7j7o00jacnw7qzt","time":1609628603,"event":{"mods":["BaseMod","Colored Map","Colored Powertips","DeckTracker","Highlight Path","Minty Spire (QoL Compilation)","Relic Stats"],"gold_per_floor":[115,132,146,166,178,205,205,235,259,184,184,216,230,86,86,158,158,173,173,193,28,43,71,71,103,103,103,103,153,187,204,204,277,277,290,290,307,321,136,136,164,164,242,242,294,294,309,344,344,344,344,344,344,6,35,35],"floor_reached":57,"playtime":2957,"items_purged":["Strike_R","Strike_R","Strike_R","Normality"],"score":2801,"play_id":"0774e529-8b84-497f-9d19-447cd9991bd6","local_time":"20210102180323","is_ascension_mode":true,"campfire_choices":[{"data":"Apotheosis","floor":7.0,"key":"SMITH"},{"data":"Inflame","floor":15.0,"key":"SMITH"},{"data":"Berserk","floor":27.0,"key":"SMITH"},{"data":"Feel No Pain","floor":32.0,"key":"SMITH"},{"data":"Evolve","floor":40.0,"key":"SMITH"},{"data":"True Grit","floor":42.0,"key":"SMITH"},{"data":"Barricade","floor":44.0,"key":"SMITH"},{"floor":49,"key":"RECALL"},{"data":"Impervious","floor":53,"key":"SMITH"}],"circlet_count":0,"master_deck":["AscendersBane","Strike_R","Defend_R","Defend_R","Defend_R","Defend_R","Bash","Apotheosis+1","Feel No Pain+1","Sword Boomerang","Power Through","Immolate","Spot Weakness","Inflame+1","Burning Pact+1","Berserk+1","Shrug It Off","Impervious+1","Pommel Strike+1","Shockwave+1","Evolve+1","Disarm+1","Barricade+1","True Grit+1","Shrug It Off+1","True Grit","Feel No Pain"],"relics":["Burning Blood","Bag of Marbles","Darkstone Periapt","Vajra","Coffee Dripper","Membership Card","Anchor","MutagenicStrength","White Beast Statue","Meat on the Bone","Bottled Tornado","Paper Frog","Cursed Key","TheAbacus","Bird Faced Urn","Mummified Hand","Lizard Tail","Torii","Thread and Needle","HornCleat"],"acts_visited":["Exordium","TheCity","TheBeyond","TheEnding"],"potions_floor_usage":[47,48,50,55,56],"damage_taken":[{"damage":8.0,"enemies":"2 Louse","floor":1.0,"turns":3.0},{"damage":0.0,"enemies":"Jaw Worm","floor":2.0,"turns":6.0},{"damage":6.0,"enemies":"Small Slimes","floor":3.0,"turns":4.0},{"damage":38.0,"enemies":"Gremlin Gang","floor":4.0,"turns":5.0},{"damage":16.0,"enemies":"Blue Slaver","floor":5.0,"turns":7.0},{"damage":2.0,"enemies":"3 Sentries","floor":6.0,"turns":4.0},{"damage":12.0,"enemies":"Lagavulin","floor":8.0,"turns":7.0},{"damage":14.0,"enemies":"3 Sentries","floor":12.0,"turns":4.0},{"damage":4.0,"enemies":"2 Fungi Beasts","floor":13.0,"turns":3.0},{"damage":2.0,"enemies":"The Guardian","floor":16.0,"turns":12.0},{"damage":0.0,"enemies":"Spheric Guardian","floor":18.0,"turns":5.0},{"damage":0.0,"enemies":"3 Byrds","floor":20.0,"turns":1.0},{"damage":23.0,"enemies":"Snecko","floor":22.0,"turns":4.0},{"damage":16.0,"enemies":"Slavers","floor":23.0,"turns":4.0},{"damage":12.0,"enemies":"Gremlin Leader","floor":25.0,"turns":4.0},{"damage":0.0,"enemies":"Book of Stabbing","floor":30.0,"turns":3.0},{"damage":5.0,"enemies":"Sentry and Sphere","floor":31.0,"turns":4.0},{"damage":16.0,"enemies":"Automaton","floor":33.0,"turns":7.0},{"damage":10.0,"enemies":"3 Darklings","floor":35.0,"turns":3.0},{"damage":0.0,"enemies":"3 Shapes","floor":37.0,"turns":4.0},{"damage":18.0,"enemies":"Spire Growth","floor":38.0,"turns":3.0},{"damage":0.0,"enemies":"Giant Head","floor":41.0,"turns":7.0},{"damage":14.0,"enemies":"2 Orb Walkers","floor":45.0,"turns":5.0},{"damage":0,"enemies":"Writhing Mass","floor":47,"turns":5},{"damage":49,"enemies":"Reptomancer","floor":48,"turns":6},{"damage":14,"enemies":"Donu and Deca","floor":50,"turns":9},{"damage":16,"enemies":"Time Eater","floor":51,"turns":9},{"damage":50,"enemies":"Shield and Spear","floor":55,"turns":6},{"damage":31,"enemies":"The Heart","floor":56,"turns":10}],"seed_played":"-8307298098158446747","potions_obtained":[{"floor":1.0,"key":"ColorlessPotion"},{"floor":4.0,"key":"Explosive Potion"},{"floor":12.0,"key":"LiquidMemories"},{"floor":23.0,"key":"EntropicBrew"},{"floor":25.0,"key":"LiquidMemories"},{"floor":30.0,"key":"Explosive Potion"},{"floor":31.0,"key":"Strength Potion"},{"floor":33.0,"key":"Fire Potion"},{"floor":35.0,"key":"BlessingOfTheForge"},{"floor":37.0,"key":"FearPotion"},{"floor":41.0,"key":"SteroidPotion"},{"floor":47,"key":"Fruit Juice"},{"floor":48,"key":"Regen Potion"},{"floor":55,"key":"Swift Potion"}],"is_trial":false,"path_per_floor":["M","M","M","M","M","E","R","E","T","$","?","E","M","$","R","B",null,"M","?","M","$","M","E","?","E","T","R","T","?","E","M","R","B",null,"M","?","M","M","$","R","E","R","T","R","?","T","M","E","R","B","B",null,"R","$","E","B",null],"character_chosen":"IRONCLAD","items_purchased":["Burning Pact","Membership Card","TheAbacus","Barricade","Thread and Needle","True Grit","Weak Potion","Feel No Pain"],"campfire_rested":0,"item_purchase_floors":[14,21,39,39,54,54,54,54],"current_hp_per_floor":[66,68,68,36,26,30,30,24,24,24,17,9,11,11,11,15,55,61,61,67,67,50,40,40,34,34,34,34,28,46,47,47,49,63,59,59,65,53,53,53,59,59,65,65,67,67,74,56,56,73,71,77,77,77,55,54],"gold":35,"neow_bonus":"RANDOM_COLORLESS_2","is_daily":false,"chose_seed":false,"campfire_upgraded":8,"win_rate":0.0,"timestamp":1609628603,"path_taken":["M","M","M","M","M","E","R","E","T","$","?","E","M","$","R","BOSS","M","?","M","$","M","E","?","E","T","R","?","?","E","?","R","BOSS","M","?","?","M","$","R","E","R","T","R","?","?","M","E","R","BOSS","BOSS","R","$","E","BOSS"],"items_purchased_type":["Card","Relic","Relic","Card","Relic","Card","Potion","Card"],"build_version":"2020-12-22","purchased_purges":4,"victory":true,"max_hp_per_floor":[68,68,68,68,68,68,68,68,68,68,68,68,68,68,68,68,68,68,68,68,68,68,68,68,68,68,68,68,68,68,68,68,68,68,68,68,68,68,68,68,68,68,74,74,74,74,74,79,79,79,79,79,79,79,79,79],"relic_stats":{"Darkstone Periapt":6,"Lizard Tail":0,"TheAbacus":[198],"Torii":1,"counters":[29,154],"Mummified Hand":[39],"Bird Faced Urn":[65],"Cursed Key":1,"obtain_stats":[{"Darkstone Periapt":8,"Torii":48,"Vajra":12,"Thread and Needle":54,"Bottled Tornado":28,"Cursed Key":34,"Burning Blood":0,"White Beast Statue":25,"Anchor":23,"Lizard Tail":45,"TheAbacus":39,"HornCleat":55,"Mummified Hand":43,"MutagenicStrength":24,"Bird Faced Urn":41,"Bag of Marbles":6,"Coffee Dripper":17,"Membership Card":21,"Meat on the Bone":26,"Paper Frog":30},{"Darkstone Periapt":7,"Torii":25,"Vajra":8,"Thread and Needle":27,"Bottled Tornado":15,"Cursed Key":18,"Burning Blood":0,"White Beast Statue":15,"Anchor":14,"Lizard Tail":23,"TheAbacus":21,"HornCleat":28,"Mummified Hand":22,"MutagenicStrength":14,"Bird Faced Urn":22,"Bag of Marbles":6,"Coffee Dripper":10,"Membership Card":12,"Meat on the Bone":15,"Paper Frog":16},{"Darkstone Periapt":36,"Torii":120,"Vajra":40,"Thread and Needle":138,"Bottled Tornado":73,"Cursed Key":87,"Burning Blood":0,"White Beast Statue":73,"Anchor":69,"Lizard Tail":109,"TheAbacus":97,"HornCleat":144,"Mummified Hand":104,"MutagenicStrength":69,"Bird Faced Urn":104,"Bag of Marbles":29,"Coffee Dripper":55,"Membership Card":61,"Meat on the Bone":73,"Paper Frog":76}],"Burning Blood":164,"Meat on the Bone":60},"card_choices":[{"not_picked":["The Bomb","HandOfGreed"],"picked":"Apotheosis","floor":0.0},{"not_picked":["Flex","Twin Strike"],"picked":"Feel No Pain","floor":1.0},{"not_picked":["Twin Strike","Dropkick"],"picked":"Sword Boomerang","floor":2.0},{"not_picked":["Dropkick","Headbutt"],"picked":"Power Through","floor":3.0},{"not_picked":["Sword Boomerang","Thunderclap","Heavy Blade"],"picked":"SKIP","floor":4.0},{"not_picked":["Shockwave","Dark Embrace"],"picked":"Immolate","floor":5.0},{"not_picked":["Headbutt","Seeing Red","Warcry"],"picked":"SKIP","floor":6.0},{"not_picked":["Rupture","Burning Pact"],"picked":"Spot Weakness","floor":8.0},{"not_picked":["Flex","Rage"],"picked":"Inflame","floor":12.0},{"not_picked":["Anger","Cleave","Armaments"],"picked":"SKIP","floor":13.0},{"not_picked":["Bludgeon","Fiend Fire"],"picked":"Berserk","floor":16.0},{"not_picked":["Reckless Charge","Twin Strike","Entrench"],"picked":"SKIP","floor":18.0},{"not_picked":["Dual Wield","True Grit"],"picked":"Shrug It Off","floor":20.0},{"not_picked":["Flex","Armaments","Infernal Blade+1"],"picked":"SKIP","floor":22.0},{"not_picked":["Pommel Strike","Hemokinesis+1"],"picked":"Impervious","floor":23.0},{"not_picked":["Sword Boomerang","Sever Soul","Armaments+1"],"picked":"SKIP","floor":25.0},{"not_picked":["Perfected Strike","Uppercut"],"picked":"Pommel Strike+1","floor":30.0},{"not_picked":["Pommel Strike","Armaments","Dropkick"],"picked":"SKIP","floor":31.0},{"not_picked":["Havoc+1","Perfected Strike"],"picked":"Shockwave+1","floor":35.0},{"not_picked":["Blood for Blood","Iron Wave+1"],"picked":"Evolve","floor":37.0},{"not_picked":["Havoc","Flex"],"picked":"Disarm+1","floor":38.0},{"not_picked":["Warcry","Shrug It Off"],"picked":"True Grit","floor":41.0},{"not_picked":["Berserk","Searing Blow","Rage"],"picked":"SKIP","floor":47},{"not_picked":["Anger","Feel No Pain"],"picked":"Shrug It Off+1","floor":48},{"not_picked":["Heavy Blade","Iron Wave+1","Sword Boomerang"],"picked":"SKIP","floor":55}],"player_experience":931906,"relics_obtained":[{"floor":6.0,"key":"Bag of Marbles"},{"floor":8.0,"key":"Darkstone Periapt"},{"floor":12.0,"key":"Vajra"},{"floor":23.0,"key":"Anchor"},{"floor":25.0,"key":"White Beast Statue"},{"floor":26.0,"key":"Meat on the Bone"},{"floor":28.0,"key":"Bottled Tornado"},{"floor":30.0,"key":"Paper Frog"},{"floor":41.0,"key":"Bird Faced Urn"},{"floor":43.0,"key":"Mummified Hand"},{"floor":45.0,"key":"Lizard Tail"},{"floor":48,"key":"Torii"},{"floor":55,"key":"HornCleat"}],"event_choices":[{"cards_removed":["Strike_R"],"damage_healed":0.0,"max_hp_gain":0.0,"max_hp_loss":0.0,"gold_gain":0.0,"event_name":"Golden Wing","player_choice":"Card Removal","floor":11.0,"gold_loss":0.0,"damage_taken":7.0},{"damage_healed":0.0,"max_hp_gain":0.0,"max_hp_loss":0.0,"gold_gain":0.0,"event_name":"Ghosts","player_choice":"Ignored","floor":19.0,"gold_loss":0.0,"damage_taken":0.0},{"damage_healed":0.0,"max_hp_gain":0.0,"max_hp_loss":0.0,"gold_gain":0.0,"event_name":"Drug Dealer","player_choice":"Inject Mutagens","floor":24.0,"gold_loss":0.0,"damage_taken":0.0,"relics_obtained":["MutagenicStrength"]},{"damage_healed":0.0,"max_hp_gain":0.0,"max_hp_loss":0.0,"gold_gain":50.0,"event_name":"FaceTrader","player_choice":"Touch","floor":29.0,"gold_loss":0.0,"damage_taken":6.0},{"damage_healed":0.0,"max_hp_gain":0.0,"max_hp_loss":0.0,"gold_gain":0.0,"event_name":"Upgrade Shrine","player_choice":"Upgraded","floor":36.0,"gold_loss":0.0,"damage_taken":0.0,"cards_upgraded":["Burning Pact"]},{"damage_healed":0.0,"max_hp_gain":0.0,"max_hp_loss":0.0,"gold_gain":0.0,"event_name":"Mysterious Sphere","player_choice":"Fight","floor":45.0,"gold_loss":0.0,"damage_taken":0.0}],"is_beta":false,"boss_relics":[{"not_picked":["Astrolabe","Tiny House"],"picked":"Coffee Dripper"},{"not_picked":["Black Blood","Empty Cage"],"picked":"Cursed Key"}],"items_purged_floors":[10,14,39,54],"is_endless":false,"potions_floor_spawned":[1,4,5,12,16,18,23,25,30,31,33,35,37,38,41,45,47,48,55],"ascension_level":20}}