{"host":"2820e8i2y38gm4bp","time":1609621708,"event":{"mods":["2.2 Compatiblity","Act Like it!","BaseMod","Better Note","BetterRewards","Downfall","Elementarium","GungeonMod","Hubris","Marisa????????","Minty Spire (QoL Compilation)","Rare Cards Sparkle","Replay The Spire","Shop Mod","StSLib","The Cursed","The Jungle"],"gold_per_floor":[109,127,147,147,159,189,139,150,176,47,59,59,92,92,92,193,193,204,230,82,82,100,100,127,138,138,138,170,320,320,339,339,441,441,456,456,456,473,487,487,518,518,568,603,603,621,621,641,641,641],"floor_reached":51,"playtime":3488,"items_purged":["Strike_MRS"],"score":968,"play_id":"d7eb5c96-ce6c-4d7b-91a0-88cd2b89729d","local_time":"20210102160828","is_ascension_mode":true,"campfire_choices":[{"data":"EarthLightRay","floor":12.0,"key":"SMITH"},{"data":"CasketOfStar","floor":15.0,"key":"SMITH"},{"data":"FinalSpark","floor":23,"key":"SMITH"},{"floor":32,"key":"REST"},{"data":"CollectingQuirk","floor":40,"key":"SMITH"},{"data":"MilkyWay","floor":45,"key":"SMITH"},{"data":"UpSweep","floor":47,"key":"SMITH"}],"circlet_count":0,"master_deck":["Strike_MRS","Strike_MRS","Defend_MRS","Defend_MRS","Defend_MRS","Defend_MRS","MasterSpark","UpSweep+1","MilkyWay+1","PowerUp","EarthLightRay+1","DoubleSpark","6A","DC","MachineGunSpark","CasketOfStar+1","FinalSpark+1","OrrerysSun+1","Doubt","SprinkleStarSeal","AsteroidBelt","Panache+1","Flash of Steel","CollectingQuirk+1","BlazeAway+1","Wraith","NonDirectionalLaser"],"relics":["BewitchedHakkero","Mirror","Smiling Mask","Replay:Baseball","Akabeko","Replay:Bronze Core","Red Mask","Pet Ghost","Ring of Hypnosis","Matryoshka","DemoMod:LamentConfigurum","ReplayTheSpireMod:Lightbulb","Replay:Mystery Machine","Ginger","Nunchaku","Happy Flower","hubris:NiceRug","MealTicket","ClockworkSouvenir","Simple Rune","hubris:Towel","Vajra","Golden Egg"],"acts_visited":["Exordium","TheCity","TheBeyond"],"potions_floor_usage":[29,29,33,41,50],"damage_taken":[{"damage":2.0,"enemies":"2 Louse","floor":1.0,"turns":2.0},{"damage":5.0,"enemies":"Small Slimes","floor":2.0,"turns":3.0},{"damage":1.0,"enemies":"Jaw Worm","floor":3.0,"turns":3.0},{"damage":1.0,"enemies":"2 Fungi Beasts","floor":5.0,"turns":3.0},{"damage":16.0,"enemies":"Lagavulin","floor":6.0,"turns":5.0},{"damage":4.0,"enemies":"Red Slaver","floor":8.0,"turns":3.0},{"damage":20.0,"enemies":"Exordium Wildlife","floor":11.0,"turns":2.0},{"damage":26.0,"enemies":"3 Sentries","floor":13.0,"turns":6.0},{"damage":36.0,"enemies":"The Guardian","floor":16.0,"turns":9.0},{"damage":10.0,"enemies":"2 Thieves","floor":18.0,"turns":4.0},{"damage":25.0,"enemies":"Masked Bandits","floor":19.0,"turns":4.0},{"damage":0,"enemies":"3 Byrds","floor":22,"turns":5},{"damage":23,"enemies":"Slavers","floor":24,"turns":5},{"damage":4,"enemies":"Snake Plant","floor":25,"turns":3},{"damage":5,"enemies":"Book of Stabbing","floor":28,"turns":5},{"damage":23,"enemies":"hubris:Merchant","floor":29,"turns":6},{"damage":0,"enemies":"Cultist and Chosen","floor":31,"turns":3},{"damage":15,"enemies":"hubris:MusketHawk","floor":33,"turns":6},{"damage":0,"enemies":"3 Shapes","floor":35,"turns":3},{"damage":0,"enemies":"Orb Walker","floor":38,"turns":3},{"damage":0,"enemies":"Maw","floor":39,"turns":6},{"damage":29,"enemies":"Giant Head","floor":41,"turns":9},{"damage":4,"enemies":"Reptomancer","floor":44,"turns":4},{"damage":0,"enemies":"Transient","floor":46,"turns":5},{"damage":5,"enemies":"Writhing Mass","floor":48,"turns":3},{"damage":85,"enemies":"Awakened One","floor":50,"turns":8}],"seed_played":"3597014684946862458","potions_obtained":[{"floor":3.0,"key":"FearPotion"},{"floor":5.0,"key":"champ:CounterPotion"},{"floor":8.0,"key":"ShroomBrew"},{"floor":11.0,"key":"Explosive Potion"},{"floor":16.0,"key":"FairyPotion"},{"floor":22,"key":"Strength Potion"},{"floor":25,"key":"Block Potion"},{"floor":29,"key":"PowerPotion"},{"floor":29,"key":"Guardian:BlockOnCardUsePotion"},{"floor":38,"key":"sneckomod:MuddlingPotion"},{"floor":41,"key":"SteroidPotion"},{"floor":48,"key":"hexamod:EctoCoolerPotion"}],"is_trial":false,"path_per_floor":["M","M","M","?","M","E","?","M","T","$","M","R","E","?","R","B",null,"M","?","$","?","M","R","E","M","T","T","E","$","?","M","R","B",null,"M","$","?","M","M","R","E","?","T","E","R","M","R","M","R","B",null],"character_chosen":"MARISA","items_purchased":["MachineGunSpark","Pet Ghost","Happy Flower"],"campfire_rested":1,"item_purchase_floors":[10,20,29],"current_hp_per_floor":[80,75,74,79,82,70,70,70,70,70,54,54,34,31,31,1,87,77,58,58,58,64,64,47,43,43,43,44,27,10,10,37,28,92,92,92,92,92,92,92,69,69,69,71,71,77,77,78,92,13],"gold":641,"neow_bonus":"TEN_PERCENT_HP_BONUS","is_daily":false,"chose_seed":false,"campfire_upgraded":6,"win_rate":0.0,"timestamp":1609621708,"path_taken":["M","M","M","?","M","E","?","M","T","?","?","R","E","?","R","BOSS","M","?","$","?","M","R","E","M","T","?","E","?","?","?","R","BOSS","M","$","?","M","M","R","E","?","T","E","R","M","R","M","R","BOSS"],"items_purchased_type":["Card","Relic","Relic"],"build_version":"2020-12-22","purchased_purges":1,"victory":true,"max_hp_per_floor":[82,82,82,87,87,87,87,87,87,87,87,87,87,87,87,87,87,87,87,87,87,87,87,87,87,87,87,87,87,92,92,92,92,92,92,92,92,92,92,92,92,92,92,92,92,92,92,92,92,92],"card_choices":[{"not_picked":["DoubleSpark","AlicesGift"],"picked":"MilkyWay","floor":1.0},{"not_picked":["MeteoricShower","LuminesStrike"],"picked":"PowerUp","floor":2.0},{"not_picked":["Orbital","MysteriousBeam"],"picked":"EarthLightRay","floor":3.0},{"not_picked":["PulseMagic","DarkSpark"],"picked":"DoubleSpark","floor":5.0},{"not_picked":["MagicChant","MaximisePower"],"picked":"6A","floor":6.0},{"not_picked":["MysteriousBeam","MilkyWay"],"picked":"DC","floor":8.0},{"not_picked":["PropBag","DragonMeteor"],"picked":"CasketOfStar","floor":11.0},{"not_picked":["DC","Acceleration","WitchOfGreed"],"picked":"SKIP","floor":13.0},{"not_picked":["BigCrunch","SuperNova"],"picked":"FinalSpark","floor":16.0},{"not_picked":["OrrerysSun+1","IllusionStar","DragonMeteor"],"picked":"SKIP","floor":18.0},{"not_picked":["IllusionStar","DragonMeteor"],"picked":"OrrerysSun+1","floor":18.0},{"not_picked":["ManaConvection","PulseMagic","UnstableBomb"],"picked":"SKIP","floor":22},{"not_picked":["MeteoricShower","ShootTheMoon"],"picked":"SprinkleStarSeal","floor":24},{"not_picked":["SporeBomb","DC+1","OpenUniverse"],"picked":"SKIP","floor":25},{"not_picked":["IllusionStar","WitchLeyline"],"picked":"AsteroidBelt","floor":28},{"not_picked":[],"picked":"Panache","floor":29},{"not_picked":[],"picked":"Flash of Steel","floor":29},{"not_picked":["JA"],"picked":"SKIP","floor":29},{"not_picked":["LuminesStrike"],"picked":"SKIP","floor":29},{"not_picked":["Orbital"],"picked":"SKIP","floor":29},{"not_picked":["BigCrunch"],"picked":"SKIP","floor":29},{"not_picked":["WitchOfGreed"],"picked":"SKIP","floor":29},{"not_picked":["DoubleSpark","OrrerysSun+1","ShootTheMoon"],"picked":"SKIP","floor":31},{"not_picked":["SatelliteIllusion","BigCrunch"],"picked":"CollectingQuirk","floor":33},{"not_picked":["EarthLightRay+1","ChargingUp"],"picked":"BlazeAway+1","floor":35},{"not_picked":["DarkMatter","DragonMeteor+1"],"picked":"NonDirectionalLaser","floor":38},{"not_picked":["DarkSpark","DC","WitchOfGreed"],"picked":"SKIP","floor":39},{"not_picked":["Orbital+1","DarkSpark","PulseMagic+1"],"picked":"SKIP","floor":41},{"not_picked":["SuperNova","GrandCross+1","MilkyWay"],"picked":"SKIP","floor":44},{"not_picked":["SprinkleStarSeal+1","Occultation","MysteriousBeam+1"],"picked":"SKIP","floor":46},{"not_picked":["WitchOfGreed","MysteriousBeam+1","UnstableBomb"],"picked":"SKIP","floor":48}],"player_experience":513561,"relics_obtained":[{"floor":6.0,"key":"Mirror"},{"floor":9.0,"key":"Smiling Mask"},{"floor":13.0,"key":"Replay:Baseball"},{"floor":19.0,"key":"Red Mask"},{"floor":21,"key":"Ring of Hypnosis"},{"floor":24,"key":"Matryoshka"},{"floor":26,"key":"DemoMod:LamentConfigurum"},{"floor":26,"key":"ReplayTheSpireMod:Lightbulb"},{"floor":27,"key":"Replay:Mystery Machine"},{"floor":27,"key":"Ginger"},{"floor":28,"key":"Nunchaku"},{"floor":29,"key":"MealTicket"},{"floor":29,"key":"ClockworkSouvenir"},{"floor":41,"key":"Simple Rune"},{"floor":43,"key":"Vajra"},{"floor":44,"key":"Golden Egg"}],"event_choices":[{"damage_healed":0.0,"max_hp_gain":5.0,"max_hp_loss":0.0,"gold_gain":0.0,"event_name":"Big Fish","player_choice":"Donut","floor":4.0,"gold_loss":0.0,"damage_taken":0.0},{"cards_removed":["Strike_MRS"],"damage_healed":0.0,"max_hp_gain":0.0,"max_hp_loss":0.0,"gold_gain":0.0,"event_name":"The Cleric","player_choice":"Card Removal","floor":7.0,"gold_loss":50.0,"damage_taken":0.0},{"damage_healed":0.0,"max_hp_gain":0.0,"max_hp_loss":0.0,"gold_gain":0.0,"event_name":"Scrap Ooze","player_choice":"Success","floor":14.0,"gold_loss":0.0,"damage_taken":3.0,"relics_obtained":["Akabeko"]},{"damage_healed":0.0,"max_hp_gain":0.0,"max_hp_loss":0.0,"gold_gain":0.0,"event_name":"Masked Bandits","player_choice":"Fought Bandits","floor":19.0,"gold_loss":0.0,"damage_taken":0.0},{"damage_healed":0,"gold_gain":0,"player_choice":"Shed Blood","damage_taken":22,"max_hp_gain":5,"max_hp_loss":0,"event_name":"Forgotten Altar","floor":30,"gold_loss":0},{"damage_healed":0,"gold_gain":0,"player_choice":"Ignored","damage_taken":0,"max_hp_gain":0,"max_hp_loss":0,"event_name":"OrinTheCat","floor":37,"gold_loss":0}],"is_beta":false,"boss_relics":[{"not_picked":["Replay:Fungal Core","Pandora\u0027s Box"],"picked":"Replay:Bronze Core"},{"not_picked":["Replay:Ancient Bell","Kintsugi"],"picked":"BewitchedHakkero"}],"items_purged_floors":[10],"is_endless":false,"potions_floor_spawned":[3,5,8,11,16,22,25,28,38,41,48],"ascension_level":1}}