{"host":"3jjxuhjpio8e4zkv","time":1609612938,"event":{"mods":["BaseMod","Colored Map","Highlight Path","Minty Spire (QoL Compilation)","Permanent Neow","Relic Stats","StSLib"],"gold_per_floor":[111,36,46,61,72,72,107,107,107,117,144,194,194,16,16,94,94,107,122,134,134,134],"floor_reached":21,"playtime":814,"items_purged":["Strike_G","Strike_G"],"score":482,"play_id":"3b82bcad-2afb-4434-b2cd-1f384dd22415","local_time":"20210102134218","is_ascension_mode":true,"campfire_choices":[{"data":"Skewer","floor":6,"key":"SMITH"},{"data":"Dagger Spray","floor":8,"key":"SMITH"},{"data":"Predator","floor":13,"key":"SMITH"},{"data":"Well Laid Plans","floor":15,"key":"SMITH"}],"circlet_count":0,"master_deck":["AscendersBane","Strike_G","Strike_G","Strike_G+1","Defend_G","Defend_G","Defend_G","Defend_G","Defend_G","Survivor","Neutralize+1","Skewer+1","Well Laid Plans+1","Dagger Spray+1","Predator+1","Grand Finale","Dagger Throw+1","Deflect+1","Dodge and Roll+1"],"relics":["Ring of the Snake","Whetstone","Blood Vial","Bronze Scales","Sundial","Coffee Dripper"],"acts_visited":["Exordium","TheCity"],"potions_floor_usage":[7,11,11,16,16,21,21],"damage_taken":[{"damage":0,"enemies":"Cultist","floor":1,"turns":3},{"damage":0,"enemies":"2 Louse","floor":3,"turns":3},{"damage":3,"enemies":"Jaw Worm","floor":4,"turns":5},{"damage":4,"enemies":"Gremlin Gang","floor":5,"turns":6},{"damage":17,"enemies":"Lagavulin","floor":7,"turns":6},{"damage":4,"enemies":"Blue Slaver","floor":10,"turns":4},{"damage":15,"enemies":"3 Sentries","floor":11,"turns":4},{"damage":0,"enemies":"Slime Boss","floor":16,"turns":5},{"damage":10,"enemies":"Spheric Guardian","floor":18,"turns":4},{"damage":21,"enemies":"2 Thieves","floor":19,"turns":3},{"damage":18,"enemies":"Snake Plant","floor":20,"turns":3},{"damage":15,"enemies":"Cultist and Chosen","floor":21,"turns":3}],"seed_played":"3779242236889193217","potions_obtained":[{"floor":1,"key":"Energy Potion"},{"floor":7,"key":"Energy Potion"},{"floor":10,"key":"EntropicBrew"},{"floor":18,"key":"LiquidMemories"},{"floor":20,"key":"Fire Potion"}],"is_trial":false,"path_per_floor":["M","$","M","M","M","R","E","R","T","M","E","?","R","$","R","B",null,"M","M","M","M"],"character_chosen":"THE_SILENT","items_purchased":["DuplicationPotion"],"campfire_rested":0,"item_purchase_floors":[14],"current_hp_per_floor":[59,59,59,56,52,52,35,35,35,33,20,14,14,14,14,16,54,46,27,11,0,0],"gold":134,"neow_bonus":"RANDOM_COMMON_RELIC","is_daily":false,"chose_seed":false,"campfire_upgraded":4,"win_rate":0.0,"timestamp":1609612938,"path_taken":["M","?","M","M","M","R","E","R","T","?","E","?","R","?","R","BOSS","M","M","M","M"],"items_purchased_type":["Potion"],"build_version":"2020-12-22","purchased_purges":2,"victory":false,"max_hp_per_floor":[66,66,66,66,66,66,66,66,66,66,66,66,66,66,66,66,66,66,66,66,66,66],"relic_stats":{"Blood Vial":14,"counters":[12,49],"Sundial":[2],"Bronze Scales":[42],"Whetstone":["Strike_G","Neutralize"],"obtain_stats":[{"Blood Vial":7,"Sundial":11,"Bronze Scales":9,"Coffee Dripper":17,"Whetstone":0,"Ring of the Snake":0},{"Blood Vial":5,"Sundial":7,"Bronze Scales":5,"Coffee Dripper":8,"Whetstone":0,"Ring of the Snake":0},{"Blood Vial":23,"Sundial":31,"Bronze Scales":23,"Coffee Dripper":36,"Whetstone":0,"Ring of the Snake":0}],"Ring of the Snake":[24]},"card_choices":[{"not_picked":["Slice","Finisher"],"picked":"Skewer","floor":1},{"not_picked":["Flechettes","Dagger Throw"],"picked":"Well Laid Plans","floor":3},{"not_picked":["Skewer","Infinite Blades","Bouncing Flask"],"picked":"SKIP","floor":4},{"not_picked":["Outmaneuver","Poisoned Stab"],"picked":"Dagger Spray","floor":5},{"not_picked":["Poisoned Stab","Cloak And Dagger","Tactician"],"picked":"SKIP","floor":7},{"not_picked":["Backflip","Deadly Poison"],"picked":"Predator","floor":10},{"not_picked":["Distraction","Well Laid Plans","Dagger Throw"],"picked":"SKIP","floor":11},{"not_picked":["Unload","A Thousand Cuts"],"picked":"Grand Finale","floor":16},{"not_picked":["Quick Slash","Catalyst"],"picked":"Dagger Throw+1","floor":18},{"not_picked":["Poisoned Stab","PiercingWail"],"picked":"Deflect+1","floor":19},{"not_picked":["Terror","Masterful Stab"],"picked":"Dodge and Roll+1","floor":20}],"player_experience":1175556,"relics_obtained":[{"floor":7,"key":"Blood Vial"},{"floor":9,"key":"Bronze Scales"},{"floor":11,"key":"Sundial"}],"event_choices":[{"damage_healed":0,"gold_gain":50,"player_choice":"Touch","damage_taken":6,"max_hp_gain":0,"max_hp_loss":0,"event_name":"FaceTrader","floor":12,"gold_loss":0}],"is_beta":false,"boss_relics":[{"not_picked":["Philosopher\u0027s Stone","SlaversCollar"],"picked":"Coffee Dripper"}],"items_purged_floors":[2,14],"is_endless":false,"potions_floor_spawned":[1,7,10,18,20],"killed_by":"Cultist and Chosen","ascension_level":20}}