{"host":"u85py5faooku4mut","time":1609582178,"event":{"mods":["2.2 Compatiblity","AchievementEnabler","BaseMod","Better Skull","Better Third Choice","BetterRewards","Challenge The Spire","Colored Powertips","Halation","Hermit","Hubris","Marisa????????","Minty Spire (QoL Compilation)","Replay The Spire","Shade Mod","Spicy Shops","StSLib","The Bug Knight","The Cursed","The Disciple","The Jungle","The Servant 0.9.4"],"gold_per_floor":[114,114,114,127,127,127,127,159,159,192,192,227,227,254,254,254,254],"floor_reached":16,"playtime":326,"items_purged":[],"score":179,"play_id":"a283015d-f7a2-4618-a715-c1353f28a8b6","local_time":"20210102170938","is_ascension_mode":true,"campfire_choices":[{"floor":11,"key":"REST"},{"floor":13,"key":"REST"},{"floor":15,"key":"DIG"}],"circlet_count":0,"master_deck":["Strike_G","Strike_G","Strike_G","Strike_G","Strike_G","Defend_G","Defend_G","Defend_G","Defend_G","Defend_G","Survivor","Poisoned Stab","Blade Dance","Night Terror+1","ReplayTheSpireMod:Scrap Shanks","Quick Slash","Noxious Fumes","Hidden Blade"],"relics":["Ring of the Snake","NeowsBlessing","Replay:Bottled Steam","The Specimen","halation:TwoAmDonut","hubris:TinFlute","Shuriken","Mercury Hourglass"],"acts_visited":["Exordium"],"potions_floor_usage":[12,12,16],"damage_taken":[{"damage":0.0,"enemies":"Jaw Worm","floor":1.0,"turns":1.0},{"damage":0.0,"enemies":"Small Slimes","floor":4.0,"turns":1.0},{"damage":0.0,"enemies":"3 Sentries","floor":8.0,"turns":1.0},{"damage":47,"enemies":"Lagavulin","floor":10,"turns":8},{"damage":10,"enemies":"3 Sentries","floor":12,"turns":6},{"damage":33,"enemies":"Lagavulin","floor":14,"turns":7},{"damage":15,"enemies":"Hexaghost","floor":16,"turns":7}],"seed_played":"-744308487596823113","potions_obtained":[{"floor":1.0,"key":"AttackPotion"},{"floor":7.0,"key":"DistilledChaos"},{"floor":7.0,"key":"Poison Potion"}],"is_trial":false,"path_per_floor":["M","?","$","M","$","?","?","E","T","E","R","E","R","E","R","B"],"character_chosen":"THE_SILENT","items_purchased":[],"campfire_rested":2,"item_purchase_floors":[],"current_hp_per_floor":[70,70,70,70,70,70,70,70,70,23,44,34,55,22,22,7,7],"gold":254,"neow_bonus":"THREE_ENEMY_KILL","is_daily":false,"chose_seed":false,"campfire_upgraded":0,"win_rate":0.0,"timestamp":1609582178,"path_taken":["M","?","$","M","$","?","?","E","T","E","R","E","R","E","R","BOSS"],"items_purchased_type":[],"build_version":"2020-12-22","purchased_purges":0,"victory":false,"max_hp_per_floor":[70,70,70,70,70,70,70,70,70,70,70,70,70,70,70,70,70],"card_choices":[{"not_picked":["Replay:Poison Smokescreen","ReplayTheSpireMod:The Works"],"picked":"Poisoned Stab","floor":1.0},{"not_picked":["Heel Hook","Backflip"],"picked":"Blade Dance","floor":4.0},{"not_picked":["Masterful Stab","Replay:Poison Smokescreen"],"picked":"ReplayTheSpireMod:Scrap Shanks","floor":8},{"not_picked":["Deadly Poison","Deflect"],"picked":"Quick Slash","floor":10},{"not_picked":["Bane","Venomology"],"picked":"Noxious Fumes","floor":12},{"not_picked":["ReplayTheSpireMod:Exploit Weakness","Poisoned Stab"],"picked":"Hidden Blade","floor":14}],"player_experience":243537,"relics_obtained":[{"floor":8,"key":"Replay:Bottled Steam"},{"floor":9,"key":"The Specimen"},{"floor":10,"key":"halation:TwoAmDonut"},{"floor":12,"key":"hubris:TinFlute"},{"floor":14,"key":"Shuriken"},{"floor":15,"key":"Mercury Hourglass"}],"event_choices":[{"damage_healed":0.0,"max_hp_gain":0.0,"max_hp_loss":0.0,"gold_gain":0.0,"event_name":"Golden Wing","player_choice":"Ignored","floor":2.0,"gold_loss":0.0,"damage_taken":0.0},{"damage_healed":0.0,"max_hp_gain":0.0,"max_hp_loss":0.0,"gold_gain":0.0,"event_name":"Lab","player_choice":"Got Potions","floor":7.0,"gold_loss":0.0,"damage_taken":0.0}],"is_beta":false,"boss_relics":[],"items_purged_floors":[],"is_endless":false,"potions_floor_spawned":[1],"killed_by":"Hexaghost","ascension_level":4}}