{"host":"gj32n68c553yo87c","time":1609560478,"event":{"mods":["BaseMod","Downfall","Minty Spire (QoL Compilation)","Replay The Spire","StSLib","The Exalted"],"gold_per_floor":[99,99,115,40,53,64,64,95,5,33,48,73,58,71,89,192,192,42,60,60,45,45,65,65,65,65,90,90,105,40,58,77,172,172,172,187,72,72,72,99,123,139,151,151,169,182,197,211,229,229],"floor_reached":51,"playtime":27120,"items_purged":["Bromod:Strike_Bro","Bromod:Defend_Bro"],"score":774,"play_id":"3e243a19-0703-4051-a5eb-50ce67fe231b","local_time":"20210101200758","is_ascension_mode":true,"campfire_choices":[{"floor":1.0,"key":"RECALL"},{"data":"Bromod:FocusEnergy","floor":4.0,"key":"SMITH"},{"data":"Bromod:Redirection","floor":18.0,"key":"SMITH"},{"data":"Bromod:ToxicFlight","floor":22.0,"key":"SMITH"},{"data":"Bromod:BulletJump","floor":26.0,"key":"SMITH"},{"data":"Bromod:VitalSense","floor":35,"key":"SMITH"},{"data":"Bromod:Defend_Bro","floor":38,"key":"SMITH"}],"circlet_count":0,"master_deck":["Bromod:Defend_Bro","Bromod:Defend_Bro+1","Bromod:SlashDash","Bromod:SlashDash","Bromod:SlashDash","Bromod:FocusEnergy+1","Bromod:Provoked","Bromod:BulletJump+1","Bromod:ToxicFlight+1","Bromod:RadialBlind+1","Bromod:Redirection+1","Bromod:VitalSense+1","Bromod:PointStrike","Bromod:Reflection+1","Bromod:FashionFrame"],"relics":["Bromod:Ordis","Bromod:AscarisDevice","downfall:HeartBlessingRed","Strawberry","Replay:Mystery Machine","Odd Mushroom","SlaversCollar","downfall:HeartBlessingBlue","downfall:HeartBlessingGreen","ReplayTheSpireMod:Ninjato","Nloth\u0027s Gift","Bromod:ArcaneBarrier","Chameleon Ring","Potion Belt"],"acts_visited":["Exordium","TheCity","TheBeyond"],"potions_floor_usage":[33,40,48,49,50,50],"damage_taken":[{"damage":1.0,"enemies":"Jaw Worm","floor":3.0,"turns":3.0},{"damage":0.0,"enemies":"Cultist","floor":5.0,"turns":3.0},{"damage":7.0,"enemies":"Small Slimes","floor":6.0,"turns":3.0},{"damage":7.0,"enemies":"Gremlin Nob","floor":8.0,"turns":4.0},{"damage":1.0,"enemies":"downfall:FleeingMerchant","floor":9.0,"turns":4.0},{"damage":4.0,"enemies":"3 Sentries","floor":10.0,"turns":16.0},{"damage":0.0,"enemies":"3 Louse","floor":11.0,"turns":2.0},{"damage":0.0,"enemies":"The Mushroom Lair","floor":12.0,"turns":9.0},{"damage":0.0,"enemies":"downfall:FleeingMerchant","floor":13.0,"turns":4.0},{"damage":0.0,"enemies":"Large Slime","floor":14.0,"turns":12.0},{"damage":2.0,"enemies":"2 Fungi Beasts","floor":15.0,"turns":7.0},{"damage":9.0,"enemies":"downfall:Silent","floor":16.0,"turns":20.0},{"damage":1.0,"enemies":"Spheric Guardian","floor":19.0,"turns":10.0},{"damage":0.0,"enemies":"downfall:FleeingMerchant","floor":21.0,"turns":4.0},{"damage":0.0,"enemies":"Shell Parasite","floor":23.0,"turns":15.0},{"damage":36.0,"enemies":"Slavers","floor":27.0,"turns":11.0},{"damage":0.0,"enemies":"Centurion and Healer","floor":29.0,"turns":8.0},{"damage":0.0,"enemies":"downfall:FleeingMerchant","floor":30.0,"turns":4.0},{"damage":20.0,"enemies":"Cultist and Chosen","floor":31.0,"turns":9.0},{"damage":0.0,"enemies":"Snake Plant","floor":32.0,"turns":8.0},{"damage":5,"enemies":"downfall:Ironclad","floor":33,"turns":10},{"damage":11,"enemies":"3 Shapes","floor":36,"turns":11},{"damage":3,"enemies":"downfall:FleeingMerchant","floor":37,"turns":4},{"damage":2,"enemies":"Nemesis","floor":40,"turns":9},{"damage":15,"enemies":"Orb Walker","floor":42,"turns":7},{"damage":1,"enemies":"Writhing Mass","floor":43,"turns":8},{"damage":0,"enemies":"3 Darklings","floor":45,"turns":9},{"damage":2,"enemies":"4 Shapes","floor":46,"turns":15},{"damage":0,"enemies":"Writhing Mass","floor":47,"turns":10},{"damage":4,"enemies":"Sphere and 2 Shapes","floor":48,"turns":5},{"damage":0,"enemies":"Spire Growth","floor":49,"turns":8},{"damage":0,"enemies":"downfall:Defect","floor":50,"turns":8}],"seed_played":"-3807665377346432814","potions_obtained":[{"floor":5.0,"key":"Reflective Coating"},{"floor":6.0,"key":"Explosive Potion"},{"floor":10.0,"key":"Bromod:Kuva"},{"floor":11.0,"key":"Swift Potion"},{"floor":15.0,"key":"CultistPotion"},{"floor":27.0,"key":"Regen Potion"},{"floor":32.0,"key":"Bromod:HealthRestore"},{"floor":33,"key":"Bromod:Forma"},{"floor":44,"key":"Flashbang"},{"floor":44,"key":"Languid Potion"},{"floor":46,"key":"Block Potion"},{"floor":47,"key":"champ:CounterPotion"},{"floor":48,"key":"AttackPotion"},{"floor":49,"key":"Bromod:EnergyRestore"}],"is_trial":false,"path_per_floor":["R","?","M","R","M","M","T","E","$","E","M","?","$","M","M","B",null,"R","M","?","$","R","M","T","?","R","E","?","M","$","M","M","B",null,"R","M","$","R","?","E","T","M","M","R","M","M","M","M","M","B",null],"character_chosen":"THE_EXALTED","items_purchased":["Bromod:PointStrike"],"campfire_rested":0,"item_purchase_floors":[30],"current_hp_per_floor":[54,54,53,53,53,46,46,46,45,41,41,41,41,41,39,30,82,92,91,91,91,91,91,91,91,91,55,55,55,55,35,35,30,92,92,81,78,78,78,84,84,69,68,68,68,66,66,62,90,90],"gold":229,"neow_bonus":"TRANSFORM_TWO_CARDS","is_daily":false,"chose_seed":false,"campfire_upgraded":6,"win_rate":0.0,"timestamp":1609560478,"path_taken":["R","?","M","R","M","M","T","E","?","E","?","?","$","M","M","BOSS","R","M","?","$","R","M","T","?","R","E","?","M","$","?","M","BOSS","R","M","$","R","?","E","T","M","M","R","M","M","?","M","M","BOSS"],"items_purchased_type":["Card"],"build_version":"2020-12-13","purchased_purges":2,"victory":true,"max_hp_per_floor":[75,75,75,75,75,75,75,82,82,82,82,82,82,82,82,82,82,92,92,92,92,92,92,92,92,92,92,92,92,92,92,92,92,92,92,92,92,92,92,92,92,92,92,92,92,92,92,92,92,92],"card_choices":[{"not_picked":["Bromod:Vitality","Bromod:Reflection","Bromod:SlashDash"],"picked":"SKIP","floor":3.0},{"not_picked":["Bromod:Redirection","Bromod:ShatteringImpact","Bromod:Foundry"],"picked":"SKIP","floor":5.0},{"not_picked":["Bromod:HornetStrike","Bromod:Rejuvenation"],"picked":"Bromod:BulletJump","floor":6.0},{"not_picked":["Bromod:BriefRespite","Bromod:BodyCount"],"picked":"Bromod:ToxicFlight","floor":8.0},{"not_picked":["Bromod:SeismicWave","Bromod:QuickDraw","Bromod:Stormbringer"],"picked":"SKIP","floor":9.0},{"not_picked":["Bromod:NoReturn","Bromod:RelentlessCombination"],"picked":"Bromod:RadialBlind","floor":10.0},{"not_picked":["Bromod:ShatteringImpact","Bromod:SteelFiber"],"picked":"Bromod:Redirection","floor":11.0},{"not_picked":["Bromod:Stretch","Bromod:Vitality","Bromod:NorthWind"],"picked":"SKIP","floor":13.0},{"not_picked":["Bromod:FormaBlueprint","Bromod:RelentlessCombination","Bromod:Maglev"],"picked":"SKIP","floor":14.0},{"not_picked":["Bromod:Foundry","Bromod:Stretch","Bromod:FastHands"],"picked":"SKIP","floor":15.0},{"not_picked":["Bromod:ReflexCoil","Bromod:SlipMagazine","Bromod:PressurePoint"],"picked":"SKIP","floor":19.0},{"not_picked":["Bromod:BodyCount+1","Bromod:QuickDraw","Bromod:Stormbringer"],"picked":"SKIP","floor":21.0},{"not_picked":["Bromod:FastHands+1","Bromod:Rejuvenation","Bromod:SteelFiber"],"picked":"SKIP","floor":23.0},{"not_picked":["Bromod:Stretch","Bromod:ArchwingLauncher","Bromod:SpeedTrigger"],"picked":"SKIP","floor":27.0},{"not_picked":["Bromod:Fury","Bromod:PressurePoint","Bromod:BodyCount"],"picked":"SKIP","floor":29.0},{"not_picked":["Bromod:SlipMagazine","Bromod:Vitality"],"picked":"Bromod:VitalSense","floor":30.0},{"not_picked":["Bromod:ShatteringImpact","Bromod:SteelFiber","Bromod:TacticalPump"],"picked":"SKIP","floor":31.0},{"not_picked":["Bromod:Patagium","Bromod:OrganShatter","Bromod:RadialBlind"],"picked":"SKIP","floor":32.0},{"not_picked":["Bromod:Serration+1","Bromod:KillingBlow+1","Bromod:SlipMagazine+1"],"picked":"SKIP","floor":36},{"not_picked":["Bromod:EnergySiphon","Bromod:SlashDash+1","Bromod:BulletJump+1"],"picked":"SKIP","floor":37},{"not_picked":["Bromod:ShatteringImpact+1","Bromod:CollisionForce"],"picked":"Bromod:Reflection+1","floor":40},{"not_picked":["Bromod:Foundry","Bromod:BriefRespite+1","Bromod:Vitality+1"],"picked":"SKIP","floor":42},{"not_picked":["Bromod:QuickDraw+1","Bromod:PressurePoint","Bromod:Foundry"],"picked":"SKIP","floor":43},{"not_picked":["Bromod:OrganShatter","Bromod:Provoked","Bromod:SpeedTrigger+1"],"picked":"SKIP","floor":45},{"not_picked":["Bromod:SlashDash+1","Bromod:QuickDraw+1"],"picked":"Bromod:FashionFrame","floor":46},{"not_picked":["Bromod:Provoked","Bromod:ShatteringImpact+1","Bromod:PressurePoint"],"picked":"SKIP","floor":47},{"not_picked":["Bromod:RadialBlind","Bromod:QuickDraw","Bromod:Vitality"],"picked":"SKIP","floor":48},{"not_picked":["Bromod:RadialBlind","Bromod:QuickDraw","Bromod:Vitality"],"picked":"SKIP","floor":48},{"not_picked":["Bromod:RadialJavelin","Bromod:RelentlessCombination","Bromod:FinishingTouch+1"],"picked":"SKIP","floor":49}],"player_experience":56522,"relics_obtained":[{"floor":8.0,"key":"Strawberry"},{"floor":10.0,"key":"Replay:Mystery Machine"},{"floor":12.0,"key":"Odd Mushroom"},{"floor":24.0,"key":"ReplayTheSpireMod:Ninjato"},{"floor":27.0,"key":"Gambling Chip"},{"floor":40,"key":"Chameleon Ring"},{"floor":41,"key":"Potion Belt"}],"event_choices":[{"damage_healed":0.0,"max_hp_gain":0.0,"max_hp_loss":0.0,"gold_gain":0.0,"event_name":"Mushrooms","player_choice":"Fought Mushrooms","floor":12.0,"gold_loss":0.0,"damage_taken":0.0},{"damage_healed":0.0,"max_hp_gain":0.0,"max_hp_loss":0.0,"gold_gain":0.0,"event_name":"Ghosts","player_choice":"Ignored","floor":25.0,"gold_loss":0.0,"damage_taken":0.0}],"is_beta":false,"boss_relics":[{"not_picked":["Replay:Grab Bag","Painkiller Herb"],"picked":"SlaversCollar"},{"not_picked":["Ring of Chaos","SacredBark"],"picked":"Bromod:ArcaneBarrier"}],"items_purged_floors":[9,37],"is_endless":false,"potions_floor_spawned":[5,6,10,11,15,27,32,33,36,46,47,48,49],"ascension_level":1}}