{"host":"q1ejl7hv5l3527la","time":1609629855,"event":{"mods":["Aspiration","Bard","BaseMod","Better Third Choice","Colored Powertips","Downfall","Energized Spire","Hermit","Highlight Path","Hubris","Infinite Spire","Minty Spire (QoL Compilation)","Replay The Spire","Shop Mod","StSLib","The Bladedancer","The Cursed","The Forsaken","The Juggle","The Jungle","The Runesmith"],"gold_per_floor":[99,113,113,113,113,124,150,0,18,48,66,129,144,144,161,161,161],"floor_reached":16,"playtime":1060,"items_purged":[],"score":152,"play_id":"642747e4-9507-4a0c-a934-23964646a64e","local_time":"20210102172415","is_ascension_mode":false,"campfire_choices":[{"floor":1,"key":"RECALL"},{"floor":8,"key":"REST"}],"circlet_count":0,"master_deck":["sneckomod:Strike","sneckomod:Strike","sneckomod:Strike+1","sneckomod:Defend","sneckomod:Defend","sneckomod:Defend","sneckomod:TailWhip","sneckomod:SnekBite","sneckomod:Unknown","sneckomod:Unknown","sneckomod:Unknown0Cost","Parasite","Hello World","sneckomod:UnknownEthereal","sneckomod:MasterEye","Havoc","sneckomod:ImprovisedAttack","sneckomod:QuickMove","sneckomod:UnknownUncommonSkill"],"relics":["Burning Blood","m_SnakeBloodCore","downfall:HeartBlessingRed","downfall:HeartBlessingBlue","aspiration:Lifesprig","Replay:Bottled Snecko","infinitespire:Cubic Diamond"],"acts_visited":["Exordium"],"potions_floor_usage":[15],"damage_taken":[{"damage":7,"enemies":"2 Louse","floor":2,"turns":3},{"damage":2,"enemies":"Small Slimes","floor":6,"turns":4},{"damage":11,"enemies":"Jaw Worm","floor":9,"turns":4},{"damage":24,"enemies":"Gremlin Nob","floor":10,"turns":4},{"damage":11,"enemies":"3 Louse","floor":11,"turns":3},{"damage":20,"enemies":"Exordium Thugs","floor":13,"turns":4},{"damage":9,"enemies":"Blue Slaver","floor":15,"turns":3},{"damage":29,"enemies":"downfall:Watcher","floor":16,"turns":5}],"seed_played":"1085707552372831910","potions_obtained":[{"floor":9,"key":"Weak Potion"},{"floor":11,"key":"DuplicationPotion"},{"floor":12,"key":"DistilledChaos"},{"floor":15,"key":"Fruit Juice"}],"is_trial":false,"path_per_floor":["R","M","?","?","?","M","T","R","M","E","M","?","M","?","M","B"],"character_chosen":"THE_SNECKO","items_purchased":[],"campfire_rested":1,"item_purchase_floors":[],"current_hp_per_floor":[99,93,98,98,98,103,103,115,108,87,79,33,23,23,28,0,0],"gold":161,"neow_bonus":"TEN_PERCENT_HP_BONUS","is_daily":false,"chose_seed":false,"campfire_upgraded":0,"win_rate":0.0,"timestamp":1609629855,"path_taken":["R","M","?","?","?","M","T","R","M","E","?","?","M","?","M","BOSS"],"items_purchased_type":[],"build_version":"2020-12-22","purchased_purges":0,"victory":false,"max_hp_per_floor":[99,100,105,105,105,105,105,115,116,116,116,116,116,116,121,121,121],"card_choices":[{"not_picked":["sneckomod:UnknownClassRED","sneckomod:UnknownStrike"],"picked":"sneckomod:Unknown0Cost","floor":2},{"not_picked":["sneckomod:SerpentIdol","sneckomod:UnknownClassFORSAKEN_GOLD_COLOR"],"picked":"Hello World","floor":6},{"not_picked":["sneckomod:UnknownClassDEFAULT_GRAY_COLOR","sneckomod:SoulRoll"],"picked":"sneckomod:UnknownEthereal","floor":9},{"not_picked":["sneckomod:UnknownCommonSkill","sneckomod:UnknownClassRUNESMITH_BEIGE"],"picked":"sneckomod:MasterEye","floor":10},{"not_picked":["Reboot","Perfected Strike"],"picked":"Havoc","floor":11},{"not_picked":["sneckomod:UnknownStrike","Burning Pact"],"picked":"sneckomod:ImprovisedAttack","floor":12},{"not_picked":["sneckomod:UnknownEthereal","sneckomod:UnknownClassBLUE"],"picked":"sneckomod:QuickMove","floor":13},{"not_picked":["sneckomod:UnknownClassINFINITE_BLACK","sneckomod:UnknownCommonSkill"],"picked":"sneckomod:UnknownUncommonSkill","floor":15}],"player_experience":73301,"relics_obtained":[{"floor":10,"key":"aspiration:Lifesprig"},{"floor":12,"key":"Replay:Bottled Snecko"}],"event_choices":[{"damage_healed":0,"gold_gain":0,"player_choice":"Donut","damage_taken":0,"max_hp_gain":5,"max_hp_loss":0,"event_name":"Big Fish","floor":3,"gold_loss":0}],"is_beta":false,"boss_relics":[],"items_purged_floors":[],"is_endless":false,"potions_floor_spawned":[9,11,13,15],"killed_by":"downfall:Watcher","ascension_level":0}}