{"host":"tq7pufgtqftqw8yr","time":1609581590,"event":{"mods":["BaseMod","Downfall","Minty Spire (QoL Compilation)","StSLib"],"gold_per_floor":[99,112,112,130,115,40,40,67,67,87,187,25,25,37,56,158,158,83,98,109,94,114,114,114,128,141,141,157,157,157,192,205,303,303,303,322,150,162,212,212,212,232,232,232,232],"floor_reached":43,"playtime":3950,"items_purged":["Guardian:HyperBeam_Guardian"],"score":446,"play_id":"9aa11cb2-a371-43a5-9cbc-6bcdd607a607","local_time":"20210102175950","is_ascension_mode":true,"campfire_choices":[{"floor":1.0,"key":"RECALL"},{"data":"Guardian:Orbwalk","floor":6.0,"key":"SMITH"},{"floor":9.0,"key":"REST"},{"data":"Guardian:PrismaticBarrier","floor":13.0,"key":"SMITH"},{"data":"Guardian:BronzeArmor","floor":18.0,"key":"SMITH"},{"floor":27,"key":"REST"},{"floor":30,"key":"REST"},{"data":"Guardian:ExploitGems","floor":35,"key":"SMITH"}],"circlet_count":0,"master_deck":["Guardian:Strike_Guardian+1","Guardian:Strike_Guardian+1","Guardian:Defend_Guardian+1","Guardian:Defend_Guardian+1","Guardian:Defend_Guardian+1","Guardian:CurlUp","Guardian:TwinSlam","Guardian:BronzeArmor+1","Guardian:FuturePlans+1","Guardian:Orbwalk+1","Guardian:VentSteam+1","Guardian:PrismaticBarrier+1","Guardian:Orbwalk","Guardian:Repulse","Guardian:PiercingHide+1","Guardian:TemporalShield+1","Guardian:PrimingBeam","Guardian:ExploitGems+1","Clumsy","Guardian:EvasiveProtocol","Guardian:BronzeArmor","Guardian:RevengeProtocol","Guardian:PrismaticBeam+1","Guardian:StasisStrike","Guardian:Gem_Green","Writhe","Guardian:Gem_Crimson"],"relics":["Guardian:ModeShifter","downfall:HeartBlessingRed","Bronze Scales","Cursed Key","downfall:HeartBlessingBlue","Kunai","Dream Catcher","Sozu","War Paint","Bird Faced Urn","Mercury Hourglass"],"acts_visited":["Exordium","TheCity","TheBeyond"],"potions_floor_usage":[],"damage_taken":[{"damage":0.0,"enemies":"Small Slimes","floor":2.0,"turns":3.0},{"damage":3.0,"enemies":"Cultist","floor":4.0,"turns":4.0},{"damage":2.0,"enemies":"downfall:FleeingMerchant","floor":5.0,"turns":4.0},{"damage":23.0,"enemies":"Lagavulin","floor":8.0,"turns":8.0},{"damage":3.0,"enemies":"2 Louse","floor":10.0,"turns":3.0},{"damage":21.0,"enemies":"downfall:Heads","floor":11.0,"turns":6.0},{"damage":7.0,"enemies":"downfall:FleeingMerchant","floor":12.0,"turns":4.0},{"damage":5.0,"enemies":"Exordium Thugs","floor":14.0,"turns":4.0},{"damage":0.0,"enemies":"Large Slime","floor":15.0,"turns":5.0},{"damage":28.0,"enemies":"downfall:Defect","floor":16.0,"turns":8.0},{"damage":12.0,"enemies":"3 Byrds","floor":19.0,"turns":4.0},{"damage":3.0,"enemies":"Chosen","floor":20.0,"turns":5.0},{"damage":0.0,"enemies":"downfall:FleeingMerchant","floor":21.0,"turns":4.0},{"damage":11,"enemies":"3 Cultists","floor":22,"turns":5},{"damage":0,"enemies":"Centurion and Healer","floor":25,"turns":6},{"damage":15,"enemies":"Snecko","floor":26,"turns":7},{"damage":25,"enemies":"Cultist and Chosen","floor":28,"turns":6},{"damage":18,"enemies":"Slavers","floor":31,"turns":5},{"damage":14,"enemies":"Sentry and Sphere","floor":32,"turns":5},{"damage":11,"enemies":"downfall:Silent","floor":33,"turns":7},{"damage":6,"enemies":"Orb Walker","floor":36,"turns":5},{"damage":0,"enemies":"downfall:FleeingMerchant","floor":37,"turns":4},{"damage":5,"enemies":"3 Darklings","floor":38,"turns":6},{"damage":0,"enemies":"Mind Bloom Boss Battle","floor":39,"turns":8},{"damage":31,"enemies":"Spire Growth","floor":42,"turns":6},{"damage":57,"enemies":"Maw","floor":43,"turns":8}],"seed_played":"3712969377855757924","potions_obtained":[{"floor":2.0,"key":"Strength Potion"},{"floor":8.0,"key":"LiquidBronze"},{"floor":10.0,"key":"DuplicationPotion"},{"floor":14.0,"key":"Guardian:BlockOnCardUsePotion"},{"floor":16.0,"key":"ColorlessPotion"},{"floor":26,"key":"Energy Potion"}],"is_trial":false,"path_per_floor":["R","M","?","M","$","R","T","E","R","M","?","$","R","M","M","B",null,"R","M","M","$","M","?","T","M","M","R","M","?","R","E","M","B",null,"R","M","$","M","?","?","T","M","M"],"character_chosen":"GUARDIAN","items_purchased":["Guardian:Orbwalk","War Paint"],"campfire_rested":3,"item_purchase_floors":[12,37],"current_hp_per_floor":[80,80,80,77,75,75,75,52,76,73,52,45,45,40,40,12,80,90,78,75,75,64,64,64,64,49,76,51,51,78,60,46,35,90,90,84,84,79,79,71,71,48,0,0,0],"gold":232,"neow_bonus":"TRANSFORM_CARD","is_daily":false,"chose_seed":false,"campfire_upgraded":4,"win_rate":0.0,"timestamp":1609581590,"path_taken":["R","M","?","?","$","R","T","E","R","?","?","?","R","M","M","BOSS","R","M","M","$","M","?","T","M","M","R","M","?","R","E","M","BOSS","R","M","$","M","?","?","T","M","M"],"items_purchased_type":["Card","Relic"],"build_version":"2020-12-22","purchased_purges":1,"victory":false,"max_hp_per_floor":[80,80,80,80,80,80,80,80,80,80,80,80,80,80,80,80,80,90,90,90,90,90,90,90,90,90,90,90,90,90,90,90,90,90,90,90,90,90,90,90,90,90,90,90,90],"card_choices":[{"not_picked":["Guardian:PiercingHide","Guardian:Clone"],"picked":"Guardian:FuturePlans","floor":2.0},{"not_picked":["Guardian:CrystalBeam","Guardian:ChargeCore"],"picked":"Guardian:Gem_Lightblue","floor":4.0},{"not_picked":["Guardian:VentSteam","Guardian:HyperBeam_Guardian"],"picked":"Guardian:Orbwalk","floor":5.0},{"not_picked":["Guardian:Repulse","Guardian:ChargeCore"],"picked":"Guardian:Gem_Lightblue","floor":8.0},{"not_picked":["Guardian:Suspension","Guardian:Gem_Lightblue"],"picked":"Guardian:Gem_Fragmented","floor":10.0},{"not_picked":["Guardian:Recover","Guardian:SpikerProtocol"],"picked":"Guardian:VentSteam","floor":11.0},{"not_picked":["Guardian:DecasProtection","Guardian:Planning"],"picked":"Guardian:PrismaticBarrier","floor":12.0},{"not_picked":["Guardian:Planning","Guardian:DecasProtection"],"picked":"Guardian:Gem_Green","floor":14.0},{"not_picked":["Guardian:Incinerate","Guardian:CrystalBeam"],"picked":"Guardian:Repulse","floor":15.0},{"not_picked":["Guardian:ChargeCore","Guardian:Suspension"],"picked":"Guardian:PiercingHide+1","floor":19.0},{"not_picked":["Guardian:Gem_Lightblue","Guardian:Suspension"],"picked":"Guardian:TemporalShield","floor":20.0},{"not_picked":["Guardian:CrystalBeam","Guardian:ArmoredProtocol"],"picked":"Guardian:PrimingBeam","floor":21},{"not_picked":["Guardian:ShieldCharger","Guardian:Suspension"],"picked":"Guardian:ExploitGems","floor":22},{"not_picked":["Guardian:GuardianWhirl+1","Guardian:TemporalShield"],"picked":"Guardian:EvasiveProtocol","floor":25},{"not_picked":["Guardian:DecasProtection","Guardian:Suspension","Guardian:VentSteam+1"],"picked":"SKIP","floor":26},{"not_picked":["Guardian:DonusPower","Guardian:DecasProtection","Guardian:ShieldCharger"],"picked":"SKIP","floor":28},{"not_picked":["Guardian:Incinerate","Guardian:FastForward","Guardian:GuardianWhirl"],"picked":"SKIP","floor":31},{"not_picked":["Guardian:PrimingBeam","Guardian:Reroute"],"picked":"Guardian:BronzeArmor","floor":32},{"not_picked":["Guardian:GemFire","Guardian:GatlingBeam"],"picked":"Guardian:RevengeProtocol","floor":33},{"not_picked":["Guardian:ShieldCharger","Guardian:PiercingHide"],"picked":"Guardian:PrismaticBeam","floor":36},{"not_picked":["Guardian:ShieldCharger","Guardian:VentSteam"],"picked":"Guardian:StasisStrike","floor":37},{"not_picked":["Guardian:GuardianWhirl","Guardian:VentSteam"],"picked":"Guardian:Gem_Green","floor":38},{"not_picked":["Guardian:Gem_Purple","Guardian:Preprogram+1"],"picked":"Guardian:Gem_Crimson","floor":42}],"player_experience":816609,"relics_obtained":[{"floor":8.0,"key":"Bronze Scales"},{"floor":24,"key":"Kunai"},{"floor":31,"key":"Dream Catcher"},{"floor":39,"key":"Bird Faced Urn"},{"floor":41,"key":"Mercury Hourglass"}],"event_choices":[{"damage_healed":0,"gold_gain":0,"player_choice":"Simplicity","damage_taken":0,"max_hp_gain":0,"max_hp_loss":0,"event_name":"Back to Basics","floor":23,"gold_loss":0,"cards_upgraded":["Guardian:Strike_Guardian","Guardian:Strike_Guardian","Guardian:Defend_Guardian","Guardian:Defend_Guardian","Guardian:Defend_Guardian"]},{"damage_healed":0,"gold_gain":0,"player_choice":"Ignored","damage_taken":0,"max_hp_gain":0,"max_hp_loss":0,"event_name":"Ghosts","floor":29,"gold_loss":0}],"is_beta":false,"boss_relics":[{"not_picked":["Pandora\u0027s Box","Runic Dome"],"picked":"Cursed Key"},{"not_picked":["Fusion Hammer","Black Star"],"picked":"Sozu"}],"items_purged_floors":[12],"is_endless":false,"potions_floor_spawned":[2,8,10,14,16,19,20,26,31,33,42],"killed_by":"Maw","ascension_level":1}}