{"host":"emut9mh212kd9b86","time":1609603556,"event":{"mods":["ATMod(°¢èªMod)","Act Like it!","BaseMod","Better Vampires","Downfall","Koishi","KomeijiMod","Minty Spire (QoL Compilation)","MostiFishMod","Shop Mod","Spicy Shops","StSLib","TestMod","Waifu the Spire","noobMod","¡¾ÒÅÎï¿¨ÅÆ¡¿REMEMod"],"gold_per_floor":[160,160,13,163,263,293,293,305,305,305,335,352,380,398,417,518,518,443,466,466,466,479,512,512,522,522,558,577,602,602,640,653,753,753,753,1153,1165,1165,1179,1211,1211,83,83,101,101,138,138,171,193,196],"floor_reached":51,"playtime":1510,"items_purged":["Strike_Remiria","Defend_Remirira"],"score":2008,"play_id":"77237a88-9912-4785-9680-f70bdfc881a8","local_time":"20210103000556","is_ascension_mode":true,"campfire_choices":[{"data":"MostiFishMod:OrdinaryWorld","floor":1,"key":"SMITH"},{"floor":10,"key":"RECALL"},{"data":"HeartBreak_Remiria","floor":18,"key":"SMITH"},{"data":"DamonLordCradle_Remiria","floor":26,"key":"SMITH"},{"data":"AT_FamilyPortrait","floor":30,"key":"SMITH"},{"data":"Absorbed","floor":35,"key":"SMITH"},{"data":"BloodySuit","floor":43,"key":"SMITH"},{"data":"VampireKiss_Remiria","floor":45,"key":"SMITH"},{"data":"Defend_Remirira","floor":47,"key":"SMITH"}],"circlet_count":0,"master_deck":["Strike_Remiria+1","Defend_Remirira","Defend_Remirira","Defend_Remirira+1","Absorbed+1","Scratch+1","AT_FamilyPortrait+1","MostiFishMod:OrdinaryWorld+1","BloodySuit+1","HeartBreak_Remiria+1","VampireKiss_Remiria+1","DamonLordCradle_Remiria+1"],"relics":["ThirstyCrossSpe","ice","DaveBox","AT_ATBox","REME_ComplimentaryCards","testmod-Acrobat","Brimstone","downfall:HeartsMalice","MerchantsRug","AT_BellowingDragoncrestRing","Bottled Flame","SynthV:C4","The Courier","AT_MortalBlade","downfall:HeartBlessingRed","testmod-ObsoleteBoomerang","AT_Manta","Sundial","AT_RedTearstoneRing","Philosopher\u0027s Stone","testmod-CrystalShield","AT_BladeRuinedKing","BirthdayGift-Icosahedron","Dodecahedron","Bottled Lightning","MealTicket","Anchor","Omamori","Kunai","AT_RedNoBalance","testmod-TurbochargingSystem"],"acts_visited":["Exordium","TheCity","TheBeyond"],"potions_floor_usage":[31,42],"damage_taken":[{"damage":0,"enemies":"Small Slimes","floor":2,"turns":1},{"damage":0,"enemies":"downfall:FleeingMerchant","floor":3,"turns":1},{"damage":0,"enemies":"downfall:Heads","floor":5,"turns":1},{"damage":15,"enemies":"Gremlin Nob","floor":6,"turns":3},{"damage":0,"enemies":"2 Louse","floor":8,"turns":2},{"damage":0,"enemies":"3 Sentries","floor":11,"turns":2},{"damage":0,"enemies":"Jaw Worm","floor":12,"turns":2},{"damage":0,"enemies":"Lagavulin","floor":13,"turns":2},{"damage":0,"enemies":"Exordium Wildlife","floor":14,"turns":2},{"damage":0,"enemies":"Blue Slaver","floor":15,"turns":1},{"damage":5,"enemies":"downfall:Defect","floor":16,"turns":4},{"damage":0,"enemies":"Chosen","floor":19,"turns":2},{"damage":0,"enemies":"Shell Parasite","floor":22,"turns":2},{"damage":1,"enemies":"Slavers","floor":23,"turns":2},{"damage":7,"enemies":"Cultist and Chosen","floor":25,"turns":2},{"damage":26,"enemies":"Gremlin Leader","floor":27,"turns":3},{"damage":0,"enemies":"Snake Plant","floor":28,"turns":1},{"damage":0,"enemies":"Slavers","floor":29,"turns":2},{"damage":0,"enemies":"Gremlin Leader","floor":31,"turns":2},{"damage":0,"enemies":"Centurion and Healer","floor":32,"turns":1},{"damage":3,"enemies":"downfall:Watcher","floor":33,"turns":3},{"damage":0,"enemies":"3 Darklings","floor":37,"turns":1},{"damage":0,"enemies":"3 Shapes","floor":39,"turns":1},{"damage":0,"enemies":"Reptomancer","floor":40,"turns":3},{"damage":0,"enemies":"downfall:FleeingMerchant","floor":42,"turns":3},{"damage":0,"enemies":"Writhing Mass","floor":44,"turns":1},{"damage":0,"enemies":"Nemesis","floor":46,"turns":1},{"damage":0,"enemies":"Giant Head","floor":48,"turns":1},{"damage":0,"enemies":"Maw","floor":49,"turns":1},{"damage":0,"enemies":"downfall:Silent","floor":50,"turns":1}],"seed_played":"-4357273572558684303","potions_obtained":[{"floor":8,"key":"LiquidMemories"},{"floor":12,"key":"Fire Potion"},{"floor":13,"key":"BlessingOfTheForge"},{"floor":32,"key":"FairyPotion"},{"floor":40,"key":"REME_GoldPotion"}],"is_trial":false,"path_per_floor":["R","M","$","?","?","E","T","M","?","R","E","M","E","M","M","B",null,"R","M","?","?","M","E","T","M","R","E","M","E","R","E","M","B",null,"R","?","M","?","M","E","T","$","R","M","R","E","R","E","M","B",null],"character_chosen":"RemiriaScarlet","items_purchased":["MerchantsRug","BirthdayGift-Icosahedron","Dodecahedron","Bottled Lightning","MealTicket","Anchor","Omamori","Kunai"],"campfire_rested":0,"item_purchase_floors":[3,42,42,42,42,42,42,42],"current_hp_per_floor":[90,90,90,90,90,75,75,75,80,80,80,80,80,80,80,81,99,99,105,105,105,105,104,104,97,97,77,77,77,77,83,83,80,99,99,99,99,115,115,115,115,115,115,115,115,115,115,71,85,93],"gold":196,"neow_bonus":"THREE_ENEMY_KILL","is_daily":false,"chose_seed":false,"campfire_upgraded":8,"win_rate":0.0,"timestamp":1609603556,"path_taken":["R","M","$","?","?","E","T","M","?","R","E","M","E","M","M","BOSS","R","M","?","?","M","E","T","M","R","E","M","E","R","E","M","BOSS","R","?","M","?","M","E","T","$","R","?","R","E","R","E","M","BOSS"],"items_purchased_type":["Relic","Relic","Relic","Relic","Relic","Relic","Relic","Relic"],"build_version":"2020-12-22","purchased_purges":2,"victory":true,"max_hp_per_floor":[100,100,100,100,100,100,100,100,105,105,105,105,105,105,105,105,105,105,105,105,105,105,105,105,105,105,105,105,105,105,105,105,105,105,105,105,105,115,115,115,115,115,115,115,115,115,115,115,115,115],"card_choices":[{"not_picked":["BloodySuit","Cripple","DoubleEdge"],"picked":"SKIP","floor":2},{"not_picked":["RemiliaStalker","BloodCleaner","DemonsDinnerFork_Remiria"],"picked":"SKIP","floor":3},{"not_picked":["DoubleEdge","ChainGang","RocketKickup"],"picked":"SKIP","floor":6},{"not_picked":["StigmaNizer","FateMeister","PainBurst"],"picked":"SKIP","floor":8},{"not_picked":["FierceSweep","RocketKickup"],"picked":"HeartBreak_Remiria","floor":11},{"not_picked":["BloodySuit","DamonLordCradle_Remiria","Tearing"],"picked":"SKIP","floor":12},{"not_picked":["Warpath","BloodyMagicSquare","FateCollect"],"picked":"SKIP","floor":13},{"not_picked":["ThirstForBlood","BodyStrengthen","FastHealing"],"picked":"SKIP","floor":14},{"not_picked":["BodyStrengthen","DemonsDinnerFork_Remiria"],"picked":"VampireKiss_Remiria","floor":15},{"not_picked":["FastHealing","TricksterDevil","FierceSweep"],"picked":"SKIP","floor":19},{"not_picked":["SealingFear+1","Warpath","VampireClaw"],"picked":"SKIP","floor":22},{"not_picked":["Cripple+1","Feint","FateMeister"],"picked":"SKIP","floor":23},{"not_picked":["BodyStrengthen+1","RocketKickup+1","TricksterDevil"],"picked":"SKIP","floor":25},{"not_picked":["BloodCollect","Culling","VampireClaw"],"picked":"SKIP","floor":27},{"not_picked":["Reaper_Remiria","SealingFear+1","DamonLordCradle_Remiria"],"picked":"SKIP","floor":28},{"not_picked":["PartStrengthen","RedtheNightlessCastle","VampireClaw"],"picked":"SKIP","floor":29},{"not_picked":["PartStrengthen+1","SeparateFleshBlood","Feint+1"],"picked":"SKIP","floor":31},{"not_picked":["RocketKickup","Feint","Cripple"],"picked":"SKIP","floor":32},{"not_picked":["FastHealing+1","BloodySuit+1","ScarletNetherworld+1"],"picked":"SKIP","floor":37},{"not_picked":["ThePrice","SeparateFleshBlood","BloodySuit+1"],"picked":"SKIP","floor":39},{"not_picked":["StigmaNizer","Impregnable","FateMeister+1"],"picked":"SKIP","floor":40},{"not_picked":["Exsanguinate+1","DemonLordWalk+1","YoungDemonLord"],"picked":"SKIP","floor":42},{"not_picked":["BloodyMagicSquare","DoubleEdge","FierceSweep+1"],"picked":"SKIP","floor":44},{"not_picked":["Rewrite+1","Warpath","TricksterDevil+1"],"picked":"SKIP","floor":46},{"not_picked":["DemonsDinnerFork_Remiria+1","BloodCleaner+1","RemiliaStalker"],"picked":"SKIP","floor":48},{"not_picked":["CombatMeter","StigmaNizer+1","BodyStrengthen+1"],"picked":"SKIP","floor":49}],"player_experience":430517,"relics_obtained":[{"floor":6,"key":"AT_BellowingDragoncrestRing"},{"floor":7,"key":"Bottled Flame"},{"floor":11,"key":"SynthV:C4"},{"floor":13,"key":"The Courier"},{"floor":23,"key":"testmod-ObsoleteBoomerang"},{"floor":24,"key":"AT_Manta"},{"floor":27,"key":"Sundial"},{"floor":29,"key":"AT_RedTearstoneRing"},{"floor":31,"key":"Whetstone"},{"floor":40,"key":"testmod-CrystalShield"},{"floor":41,"key":"AT_BladeRuinedKing"},{"floor":46,"key":"AT_SilverBalance"},{"floor":48,"key":"testmod-TurbochargingSystem"}],"event_choices":[{"damage_healed":0,"gold_gain":0,"player_choice":"Donut","damage_taken":0,"max_hp_gain":5,"max_hp_loss":0,"event_name":"Big Fish","floor":9,"gold_loss":0},{"cards_removed":["Strike_Remiria"],"damage_healed":0,"gold_gain":0,"player_choice":"Elegance","damage_taken":0,"max_hp_gain":0,"max_hp_loss":0,"event_name":"Back to Basics","floor":20,"gold_loss":0},{"damage_healed":0,"gold_gain":0,"player_choice":"Read","damage_taken":0,"max_hp_gain":0,"max_hp_loss":0,"event_name":"The Library","floor":21,"gold_loss":0,"cards_obtained":["DamonLordCradle_Remiria"]},{"damage_healed":0,"gold_gain":400,"player_choice":"Sell","damage_taken":0,"max_hp_gain":0,"max_hp_loss":0,"event_name":"¶÷ÂåË¹µÄÅÌ×Ó","floor":36,"relics_lost":["testmod-TestBox"],"gold_loss":0},{"cards_removed":["AT_EmpoweredMortalDraw"],"damage_healed":6,"gold_gain":0,"player_choice":"Offered Rare","damage_taken":0,"max_hp_gain":10,"max_hp_loss":0,"event_name":"Bonfire Elementals","floor":38,"gold_loss":0}],"is_beta":false,"boss_relics":[{"not_picked":["RhineCircuit","ExusiaiGun"],"picked":"AT_MortalBlade"},{"not_picked":["Cursed Key","xbg"],"picked":"Philosopher\u0027s Stone"}],"items_purged_floors":[42,42],"is_endless":false,"potions_floor_spawned":[8,12,13,14,15,16,22,27,28,32,37,39,40],"ascension_level":8}}