{"host":"2461dio7vetlq1z3","time":1609606065,"event":{"mods":["2.2 Compatiblity","AchievementEnabler","BaseMod","Better Third Choice","Friendly Minions","Minty Spire (QoL Compilation)","Relic Stats","Replay The Spire","Spicy Shops","StSLib","Waifu the Spire"],"gold_per_floor":[11,21,21,38,57,90,90,115,115,150,219,219,247,172,172,247,247,261,17,34,51,89,89,122,122,122],"floor_reached":25,"playtime":1021,"items_purged":["Accuracy"],"score":598,"play_id":"e353cc5e-8ad6-4a54-b92d-dd023c462374","local_time":"20210102174745","is_ascension_mode":true,"campfire_choices":[{"floor":7,"key":"REST"},{"floor":12,"key":"REST"},{"floor":23,"key":"REST"},{"data":"Burst","floor":25,"key":"SMITH"}],"circlet_count":0,"master_deck":["AscendersBane","Survivor","Neutralize","A Thousand Cuts","Escape Plan","Predator+1","Dagger Throw","Dagger Throw+1","Wraith Form v2","Masterful Stab","Deadly Poison","Bouncing Flask","Burst+1","AbeCurse","Sneak Up","Heel Hook","Atom Bomb","Atom Bomb","ReplayTheSpireMod:From All Sides","Phantasmal Killer","Masterful Stab","Prepared","Sucker Punch+1","Noxious Fumes+1","Backflip","Dodge and Roll","Well Laid Plans","Footwork"],"relics":["Ring of the Snake","PreservedInsect","Divine Protection","Sundial","Shuriken","Garlic","Bag of Preparation","Replay:Grab Bag","Abe\u0027s Treasure","Painkiller Herb","Ring of Chaos","Pandora\u0027s Box","Centennial Puzzle","The Specimen"],"acts_visited":["Exordium","TheCity"],"potions_floor_usage":[6,8,16],"damage_taken":[{"damage":3,"enemies":"Cultist","floor":1,"turns":4},{"damage":4,"enemies":"Jaw Worm","floor":2,"turns":4},{"damage":0,"enemies":"2 Louse","floor":4,"turns":2},{"damage":17,"enemies":"Exordium Wildlife","floor":5,"turns":7},{"damage":29,"enemies":"3 Sentries","floor":6,"turns":7},{"damage":11,"enemies":"Lagavulin","floor":8,"turns":6},{"damage":0,"enemies":"Gremlin Nob","floor":10,"turns":3},{"damage":11,"enemies":"Lagavulin","floor":13,"turns":4},{"damage":22,"enemies":"The Guardian","floor":16,"turns":9},{"damage":3,"enemies":"Shell Parasite","floor":18,"turns":3},{"damage":0,"enemies":"2 Thieves","floor":20,"turns":4},{"damage":13,"enemies":"Shelled Parasite and Fungi","floor":21,"turns":4},{"damage":0,"enemies":"Gremlin Leader","floor":24,"turns":4}],"seed_played":"3893095515336154029","potions_obtained":[{"floor":4,"key":"Dexterity Potion"},{"floor":5,"key":"Dexterity Potion"},{"floor":8,"key":"Toxic Potion"},{"floor":16,"key":"Explosive Potion"},{"floor":20,"key":"DuplicationPotion"},{"floor":21,"key":"Languid Potion"}],"is_trial":false,"path_per_floor":["M","M","?","M","M","E","R","E","T","E","T","R","E","?","R","B",null,"?","T","?","?","?","T","E","T"],"character_chosen":"THE_SILENT","items_purchased":["Noxious Fumes+1","Backflip","Dodge and Roll"],"campfire_rested":3,"item_purchase_floors":[19,19,19],"current_hp_per_floor":[56,52,52,52,35,6,25,14,14,14,14,33,22,22,41,19,54,51,51,51,38,12,31,31,31,31],"gold":122,"neow_bonus":"THREE_RARE_CARDS","is_daily":false,"chose_seed":false,"campfire_upgraded":1,"win_rate":0.0,"timestamp":1609606065,"path_taken":["M","M","?","M","M","E","R","E","T","E","?","R","E","?","R","BOSS","?","T","?","?","?","T","E","T"],"items_purchased_type":["Card","Card","Card"],"build_version":"2020-12-22","purchased_purges":1,"victory":false,"max_hp_per_floor":[66,66,66,66,66,66,66,66,66,66,66,66,66,66,66,66,66,66,66,66,66,66,66,66,66,66],"relic_stats":{"Centennial Puzzle":[0],"counters":[13,61],"Sundial":[4],"Shuriken":[6],"Pandora\u0027s Box":["Sneak Up","Heel Hook","Accuracy","Atom Bomb","Atom Bomb","ReplayTheSpireMod:From All Sides","Phantasmal Killer","Masterful Stab","Prepared"],"PreservedInsect":128,"Bag of Preparation":[10],"obtain_stats":[{"Divine Protection":8,"The Specimen":24,"Replay:Grab Bag":17,"Painkiller Herb":17,"PreservedInsect":6,"Ring of Chaos":17,"Bag of Preparation":13,"Centennial Puzzle":22,"Sundial":9,"Shuriken":10,"Pandora\u0027s Box":17,"Garlic":11,"Abe\u0027s Treasure":17,"Ring of the Snake":0},{"Divine Protection":6,"The Specimen":13,"Replay:Grab Bag":9,"Painkiller Herb":9,"PreservedInsect":5,"Ring of Chaos":9,"Bag of Preparation":8,"Centennial Puzzle":12,"Sundial":6,"Shuriken":7,"Pandora\u0027s Box":9,"Garlic":7,"Abe\u0027s Treasure":9,"Ring of the Snake":0},{"Divine Protection":30,"The Specimen":61,"Replay:Grab Bag":46,"Painkiller Herb":46,"PreservedInsect":24,"Ring of Chaos":46,"Bag of Preparation":37,"Centennial Puzzle":57,"Sundial":30,"Shuriken":33,"Pandora\u0027s Box":46,"Garlic":33,"Abe\u0027s Treasure":46,"Ring of the Snake":0}],"Ring of the Snake":[26]},"card_choices":[{"not_picked":["Atom Bomb","Night Terror"],"picked":"A Thousand Cuts","floor":0},{"not_picked":["Deflect","PiercingWail"],"picked":"Escape Plan","floor":1},{"not_picked":["Dagger Spray","Cloak And Dagger"],"picked":"Predator","floor":2},{"not_picked":["Backflip","Crippling Poison"],"picked":"Dagger Throw","floor":4},{"not_picked":["Outmaneuver","Dodge and Roll"],"picked":"Dagger Throw","floor":5},{"not_picked":["Doppelganger","Dodge and Roll"],"picked":"Wraith Form v2","floor":6},{"not_picked":["Caltrops","Grand Finale"],"picked":"Masterful Stab","floor":8},{"not_picked":["Tactician","Flying Knee"],"picked":"Deadly Poison","floor":10},{"not_picked":["Reflex","Deflect"],"picked":"Bouncing Flask","floor":13},{"not_picked":["Grand Finale","Die Die Die"],"picked":"Burst","floor":16},{"not_picked":["PiercingWail","Deflect+1"],"picked":"Sucker Punch+1","floor":18},{"not_picked":["Prepared","Hidden Blade"],"picked":"Well Laid Plans","floor":20},{"not_picked":["Bane","Deflect","Cloak And Dagger"],"picked":"SKIP","floor":21},{"not_picked":["Poisoned Stab","Acrobatics"],"picked":"Footwork","floor":24}],"player_experience":1016587,"relics_obtained":[{"floor":6,"key":"PreservedInsect"},{"floor":8,"key":"Divine Protection"},{"floor":9,"key":"Sundial"},{"floor":10,"key":"Shuriken"},{"floor":11,"key":"Garlic"},{"floor":13,"key":"Bag of Preparation"},{"floor":22,"key":"Centennial Puzzle"},{"floor":24,"key":"The Specimen"}],"event_choices":[{"cards_removed":["Strike_G"],"damage_healed":0,"gold_gain":0,"player_choice":"Card Removal","damage_taken":0,"max_hp_gain":0,"max_hp_loss":0,"event_name":"The Cleric","floor":14,"gold_loss":75}],"is_beta":false,"boss_relics":[{"not_picked":["Astrolabe","Replay:Bronze Core"],"picked":"Replay:Grab Bag"},{"not_picked":["Fusion Hammer","Busted Crown"],"picked":"Abe\u0027s Treasure"},{"not_picked":["ChewingGum","Ectoplasm"],"picked":"Painkiller Herb"},{"not_picked":["Snecko Eye","SlaversCollar"],"picked":"Ring of Chaos"},{"not_picked":["SacredBark","Snecko Scales"],"picked":"Pandora\u0027s Box"}],"items_purged_floors":[19],"is_endless":false,"potions_floor_spawned":[4,5,8,16,20,21],"ascension_level":20}}