{"host":"5dk97cf2ubw2v967","time":1609558125,"event":{"mods":["AlwaysNeverKeys","BaseMod","Better Altar","Better Vampires","Block Reminder","Colored Powertips","Downfall","Googly Eyes","Highlight Path","Minty Spire (QoL Compilation)","Permanent Neow","Potion Indicator Mod","Quick Restart","Relic Filter","Relic Stats","Say the Spire","Spicy Shops","StSLib","Waifu the Spire","everything is the same but u backflip on backflip"],"gold_per_floor":[110,122,122,141,66,66,148,148,148,148,167,180,193,205,205,205,205],"floor_reached":16,"playtime":506,"items_purged":["Strike_R"],"score":208,"play_id":"8c9ce915-8062-496e-a510-61061e5c8667","local_time":"20210102032845","is_ascension_mode":true,"campfire_choices":[{"data":"Uppercut","floor":6.0,"key":"SMITH"},{"data":"Rampage","floor":8.0,"key":"SMITH"},{"data":"Iron Wave","floor":10.0,"key":"SMITH"},{"floor":15.0,"key":"REST"}],"circlet_count":0,"master_deck":["AscendersBane","Strike_R","Strike_R","Defend_R","Defend_R","Defend_R","Bash+1","Iron Wave+1","Rampage+1","Cleave","Uppercut+1","Burning Pact","Shrug It Off","Cleave","Fiend Fire"],"relics":["Burning Blood","Tiny House","The Courier"],"acts_visited":["Exordium"],"potions_floor_usage":[],"damage_taken":[{"damage":5.0,"enemies":"Small Slimes","floor":1.0,"turns":3.0},{"damage":1.0,"enemies":"Cultist","floor":2.0,"turns":3.0},{"damage":3.0,"enemies":"2 Louse","floor":4.0,"turns":3.0},{"damage":15.0,"enemies":"Lagavulin","floor":7.0,"turns":5.0},{"damage":5.0,"enemies":"Gremlin Gang","floor":11.0,"turns":3.0},{"damage":4.0,"enemies":"Red Slaver","floor":12.0,"turns":3.0},{"damage":31.0,"enemies":"Exordium Thugs","floor":13.0,"turns":4.0},{"damage":3.0,"enemies":"Large Slime","floor":14.0,"turns":5.0},{"damage":66,"enemies":"Slime Boss","floor":16,"turns":7}],"seed_played":"2740077244701517723","potions_obtained":[{"floor":2.0,"key":"Strength Potion"},{"floor":4.0,"key":"AttackPotion"},{"floor":14.0,"key":"Dexterity Potion"}],"is_trial":false,"path_per_floor":["M","M","?","M","$","R","E","R","T","R","M","M","M","M","R","B"],"character_chosen":"IRONCLAD","items_purchased":[],"campfire_rested":1,"item_purchase_floors":[],"current_hp_per_floor":[51,56,56,59,59,59,55,55,55,55,56,58,33,36,60,0,0],"gold":205,"neow_bonus":"TRANSFORM_TWO_CARDS","is_daily":false,"chose_seed":false,"campfire_upgraded":3,"win_rate":0.0,"timestamp":1609558125,"path_taken":["M","M","?","M","$","R","E","R","T","R","M","M","?","M","R","BOSS"],"items_purchased_type":[],"build_version":"2020-12-22","purchased_purges":1,"victory":false,"max_hp_per_floor":[75,75,75,75,75,75,80,80,80,80,80,80,80,80,80,80,80],"relic_stats":{"counters":[9,36],"obtain_stats":[{"Tiny House":7,"The Courier":9,"Burning Blood":0},{"Tiny House":4,"The Courier":4,"Burning Blood":0},{"Tiny House":14,"The Courier":14,"Burning Blood":0}],"Burning Blood":48},"card_choices":[{"not_picked":["Clash","Wild Strike"],"picked":"Cleave","floor":1.0},{"not_picked":["Anger","Clash","Warcry"],"picked":"SKIP","floor":2.0},{"not_picked":["Infernal Blade","Warcry"],"picked":"Uppercut","floor":4.0},{"not_picked":["Metallicize","Anger"],"picked":"Burning Pact","floor":7.0},{"not_picked":["Whirlwind","Perfected Strike"],"picked":"Shrug It Off","floor":11.0},{"not_picked":["Havoc","Clothesline","Headbutt"],"picked":"SKIP","floor":12.0},{"not_picked":["Pommel Strike","Pummel"],"picked":"Cleave","floor":13.0},{"not_picked":["Perfected Strike","Thunderclap"],"picked":"Fiend Fire","floor":14.0}],"player_experience":1277030,"relics_obtained":[{"floor":7.0,"key":"Tiny House"},{"floor":9.0,"key":"The Courier"}],"event_choices":[{"cards_removed":["Strike_R"],"damage_healed":0.0,"max_hp_gain":0.0,"max_hp_loss":0.0,"gold_gain":0.0,"event_name":"Purifier","player_choice":"Purged","floor":3.0,"gold_loss":0.0,"damage_taken":0.0}],"is_beta":false,"boss_relics":[],"items_purged_floors":[5],"is_endless":false,"potions_floor_spawned":[2,4,14],"killed_by":"Slime Boss","ascension_level":20}}