{"host":"wk46m6kgjezp23jj","time":1609549528,"event":{"mods":["AchievementEnabler","BaseMod","Beaked The Cultist","Bestiary","Colored Map","Colored Powertips","Downfall","Hermit","Minty Spire (QoL Compilation)","Replay The Spire","StSLib","The Bladedancer","The Construct","The Cursed","The Marked","The Servant 0.9.4"],"gold_per_floor":[119,134,134,144,144,144,156,173,228,228,241,241,17,17,17,114,114,127,127,87,99,114,114,130,130,182,107,125,125,125,138,138,234,234,248,261,261,261,261],"floor_reached":38,"playtime":1943,"items_purged":[],"score":368,"play_id":"02a256bb-72a4-4d7b-8c40-84a627dd5641","local_time":"20210101200528","is_ascension_mode":false,"campfire_choices":[{"data":"Infinite Blades","floor":6,"key":"SMITH"},{"data":"Footwork","floor":6,"key":"SMITH"},{"floor":10,"key":"REST"},{"floor":12,"key":"REST"},{"data":"Iron Wave","floor":15,"key":"SMITH"},{"data":"Caltrops","floor":15,"key":"SMITH"},{"floor":23,"key":"REST"},{"floor":25,"key":"REST"},{"floor":30,"key":"REST"},{"floor":32,"key":"REST"}],"circlet_count":0,"master_deck":["Strike_G","Strike_G","Strike_G+2","Defend_G","Defend_G","Defend_G","Defend_G+1","Defend_G","Survivor+1","Neutralize","Footwork+1","Deadly Poison","Backstab","Infinite Blades+1","Iron Wave+1","Caltrops+1","Leg Sweep","Dagger Spray","Footwork+1","Infinite Blades","A Thousand Cuts+1","Overencumbered","CommonCold","Deadly Poison","Blade Dance","Fluid Movement","Hidden Blade","Venomology","Outmaneuver+1"],"relics":["Ring of the Snake","Replay:Arrowhead","Bronze Scales","DollysMirror","Replay:Ancient Bell","Lantern","Onion Ring","StoneCalendar","Simple Rune","WristBlade"],"acts_visited":["Exordium","TheCity","TheBeyond"],"potions_floor_usage":[16,16,28,28,33,33,33,36,38],"damage_taken":[{"damage":1,"enemies":"Jaw Worm","floor":1,"turns":5},{"damage":0,"enemies":"Cultist","floor":2,"turns":5},{"damage":0,"enemies":"Small Slimes","floor":4,"turns":3},{"damage":23,"enemies":"Exordium Thugs","floor":7,"turns":6},{"damage":3,"enemies":"2 Fungi Beasts","floor":8,"turns":4},{"damage":0,"enemies":"3 Louse","floor":11,"turns":3},{"damage":17,"enemies":"Slime Boss","floor":16,"turns":11},{"damage":9,"enemies":"3 Byrds","floor":18,"turns":4},{"damage":24,"enemies":"Chosen","floor":21,"turns":5},{"damage":16,"enemies":"Shelled Parasite and Fungi","floor":22,"turns":5},{"damage":22,"enemies":"Sentry and Sphere","floor":24,"turns":4},{"damage":5,"enemies":"3 Cultists","floor":28,"turns":5},{"damage":11,"enemies":"Snake Plant","floor":31,"turns":4},{"damage":59,"enemies":"Automaton","floor":33,"turns":12},{"damage":11,"enemies":"3 Shapes","floor":35,"turns":7},{"damage":35,"enemies":"3 Darklings","floor":36,"turns":5},{"damage":25,"enemies":"4 Shapes","floor":38,"turns":2}],"seed_played":"-3360127362357708370","potions_obtained":[{"floor":4,"key":"Slimebound:ThreeZeroPotion"},{"floor":8,"key":"hexamod:EctoCoolerPotion"},{"floor":20,"key":"Energy Potion"},{"floor":20,"key":"Weak Potion"},{"floor":20,"key":"Strength Potion"},{"floor":22,"key":"PowerPotion"},{"floor":28,"key":"Milkshake"},{"floor":31,"key":"AttackPotion"},{"floor":35,"key":"FearPotion"}],"is_trial":false,"path_per_floor":["M","M","?","M","?","R","M","M","T","R","M","R","$","?","R","B",null,"M","?","?","M","M","R","M","R","T","?","M","?","R","M","R","B",null,"M","M","?","M"],"character_chosen":"THE_SILENT","items_purchased":["DollysMirror","Infinite Blades"],"campfire_rested":6,"item_purchase_floors":[13,13],"current_hp_per_floor":[48,48,48,48,48,48,25,22,22,43,43,64,64,50,50,33,70,61,61,61,37,21,42,20,41,41,41,36,36,57,46,67,8,70,59,24,24,0,0],"gold":261,"neow_bonus":"ONE_RARE_RELIC","is_daily":false,"chose_seed":false,"campfire_upgraded":4,"win_rate":0.0,"timestamp":1609549528,"path_taken":["M","M","?","M","?","R","?","M","T","R","M","R","$","?","R","BOSS","M","?","?","?","M","R","M","R","T","?","M","?","R","M","R","BOSS","M","M","?","M"],"items_purchased_type":["Relic","Card"],"build_version":"2020-12-22","purchased_purges":0,"victory":false,"max_hp_per_floor":[70,70,70,70,70,70,70,70,70,70,70,70,70,70,70,70,70,70,70,70,70,70,70,70,70,70,70,70,70,70,70,70,70,70,70,70,70,70,70],"card_choices":[{"not_picked":["Prepared","Poisoned Stab"],"picked":"Footwork","floor":1},{"not_picked":["Acrobatics","Prepared"],"picked":"Deadly Poison","floor":2},{"not_picked":["Masterful Stab","PiercingWail"],"picked":"Infinite Blades","floor":4},{"not_picked":["Flying Knee","Catalyst"],"picked":"Caltrops","floor":7},{"not_picked":["Backstab","Dagger Spray"],"picked":"Leg Sweep","floor":8},{"not_picked":["Poisoned Stab","Bane"],"picked":"Dagger Spray","floor":11},{"not_picked":["Die Die Die","Bullet Time"],"picked":"A Thousand Cuts","floor":16},{"not_picked":["Delirium","Looming Evil"],"picked":"Overencumbered","floor":17},{"not_picked":["Looming Evil","ReplayTheSpireMod:Doomed"],"picked":"CommonCold","floor":17},{"not_picked":["Shame","ReplayTheSpireMod:Compounding Headache"],"picked":"Spreading Infection","floor":17},{"not_picked":["Prepared","Bane+1"],"picked":"Deadly Poison","floor":18},{"not_picked":["Bane","Sucker Punch","Acrobatics+1"],"picked":"SKIP","floor":21},{"not_picked":["ReplayTheSpireMod:Speed Training","Poisoned Stab"],"picked":"Blade Dance","floor":22},{"not_picked":["Glass Knife","Deflect+1","Flechettes"],"picked":"SKIP","floor":24},{"not_picked":["Underhanded Strike","Masterful Stab+1"],"picked":"Fluid Movement","floor":28},{"not_picked":["Fluid Movement","Outmaneuver+1"],"picked":"Hidden Blade","floor":31},{"not_picked":["Malaise","ReplayTheSpireMod:Necrosis"],"picked":"Venomology","floor":33},{"not_picked":["Dagger Throw","Dagger Spray"],"picked":"Outmaneuver+1","floor":35},{"not_picked":["Toxin Wave","Calculated Gamble+1","Bane"],"picked":"SKIP","floor":36}],"player_experience":9226,"relics_obtained":[{"floor":9,"key":"Bronze Scales"},{"floor":26,"key":"Simple Rune"}],"event_choices":[{"damage_healed":0,"gold_gain":0,"cards_transformed":["Strike_G"],"player_choice":"Change","damage_taken":0,"max_hp_gain":0,"max_hp_loss":0,"event_name":"Living Wall","floor":3,"gold_loss":0,"cards_obtained":["Backstab"]},{"cards_removed":["Strike_G"],"damage_healed":0,"gold_gain":0,"player_choice":"Took Card","damage_taken":0,"max_hp_gain":0,"max_hp_loss":0,"event_name":"NoteForYourself","floor":5,"gold_loss":0,"cards_obtained":["Iron Wave"]},{"damage_healed":0,"gold_gain":0,"player_choice":"Entered Light","damage_taken":14,"max_hp_gain":0,"max_hp_loss":0,"event_name":"Shining Light","floor":14,"gold_loss":0,"cards_upgraded":["Survivor","Strike_G"]},{"damage_healed":0,"gold_gain":0,"player_choice":"Ignored","damage_taken":0,"max_hp_gain":0,"max_hp_loss":0,"event_name":"Ghosts","floor":19,"gold_loss":0},{"damage_healed":0,"gold_gain":0,"player_choice":"Bought 3 Potions","damage_taken":0,"max_hp_gain":0,"max_hp_loss":0,"event_name":"The Woman in Blue","floor":20,"gold_loss":0},{"cards_removed":["Spreading Infection"],"damage_healed":0,"gold_gain":0,"player_choice":"Gave Gold","damage_taken":0,"max_hp_gain":0,"max_hp_loss":0,"event_name":"Beggar","floor":27,"gold_loss":75},{"damage_healed":0,"gold_gain":0,"player_choice":"Upgraded","damage_taken":0,"max_hp_gain":0,"max_hp_loss":0,"event_name":"Upgrade Shrine","floor":37,"gold_loss":0,"cards_upgraded":["A Thousand Cuts"]}],"is_beta":false,"boss_relics":[{"not_picked":["Velvet Choker","SacredBark"],"picked":"Replay:Ancient Bell"},{"not_picked":["ReplayFunnel","War Paint"],"picked":"Lantern"},{"not_picked":["InkBottle","Iron Hammer"],"picked":"Onion Ring"},{"not_picked":["Girya","CaptainsWheel"],"picked":"StoneCalendar"},{"not_picked":["Honey Jar","construct:ClawGrip"],"picked":"WristBlade"}],"items_purged_floors":[],"is_endless":false,"potions_floor_spawned":[4,8,22,28,31,35],"killed_by":"4 Shapes","ascension_level":0}}