{"host":"1qhzi8r9ejho5yph","time":1609562610,"event":{"mods":["AchievementEnabler","BaseMod","Colored Map","Colored Powertips","Highlight Path","Minty Spire (QoL Compilation)","Permanent Neow","Quick Restart","Random Character Button","StSLib","SuperFastMode"],"gold_per_floor":[214,234,9,21,33,33,48,48,121,140,140,140,140,40,40,143,143,155,155,30,42,0,0,20,20,20],"floor_reached":25,"playtime":649,"items_purged":["Strike_R","Strike_R","Strike_R"],"score":315,"play_id":"2715ff97-e96d-42da-a38c-59b37dfe90af","local_time":"20210102124330","is_ascension_mode":true,"campfire_choices":[{"data":"Pommel Strike","floor":6,"key":"SMITH"},{"data":"Bash","floor":8,"key":"SMITH"},{"data":"Whirlwind","floor":11,"key":"SMITH"},{"data":"Feed","floor":13,"key":"SMITH"},{"floor":15,"key":"REST"},{"floor":23,"key":"REST"}],"circlet_count":0,"master_deck":["AscendersBane","Strike_R","Defend_R","Defend_R","Defend_R","Defend_R","Bash+1","Pommel Strike+1","Cleave","Shrug It Off","Whirlwind+1","Feed+1","Sword Boomerang","Headbutt+1"],"relics":["Burning Blood","Nunchaku","Mercury Hourglass","SlaversCollar","MutagenicStrength"],"acts_visited":["Exordium","TheCity"],"potions_floor_usage":[5,16,25],"damage_taken":[{"damage":6,"enemies":"Cultist","floor":1,"turns":3},{"damage":14,"enemies":"Jaw Worm","floor":2,"turns":3},{"damage":7,"enemies":"Small Slimes","floor":4,"turns":3},{"damage":20,"enemies":"Exordium Wildlife","floor":5,"turns":5},{"damage":14,"enemies":"2 Fungi Beasts","floor":7,"turns":4},{"damage":11,"enemies":"Blue Slaver","floor":10,"turns":4},{"damage":50,"enemies":"The Guardian","floor":16,"turns":11},{"damage":36,"enemies":"2 Thieves","floor":18,"turns":5},{"damage":16,"enemies":"Spheric Guardian","floor":21,"turns":4},{"damage":12,"enemies":"Chosen and Byrds","floor":24,"turns":4},{"damage":61,"enemies":"Shelled Parasite and Fungi","floor":25,"turns":7}],"seed_played":"6233162953699875536","potions_obtained":[{"floor":1,"key":"SkillPotion"},{"floor":4,"key":"LiquidMemories"},{"floor":5,"key":"LiquidBronze"},{"floor":16,"key":"ColorlessPotion"},{"floor":18,"key":"CultistPotion"},{"floor":21,"key":"Regen Potion"}],"is_trial":false,"path_per_floor":["M","M","$","M","M","R","M","R","T","M","R","?","R","$","R","B",null,"M","?","$","M","?","R","M","M"],"character_chosen":"IRONCLAD","items_purchased":["Nunchaku"],"campfire_rested":2,"item_purchase_floors":[3],"current_hp_per_floor":[72,64,64,63,49,49,41,41,41,36,36,36,36,36,60,20,68,42,42,42,36,36,63,61,0,0],"gold":20,"neow_bonus":"HUNDRED_GOLD","is_daily":false,"chose_seed":false,"campfire_upgraded":4,"win_rate":0.0,"timestamp":1609562610,"path_taken":["M","?","$","M","M","R","M","R","T","M","R","?","R","?","R","BOSS","M","?","$","M","?","R","M","M"],"items_purchased_type":["Relic"],"build_version":"2020-12-22","purchased_purges":3,"victory":false,"max_hp_per_floor":[80,80,80,80,80,80,80,80,80,80,80,80,80,80,80,84,84,88,88,88,92,92,92,96,96,96],"card_choices":[{"not_picked":["Carnage","Infernal Blade"],"picked":"Pommel Strike","floor":1},{"not_picked":["Havoc","Feel No Pain"],"picked":"Cleave","floor":2},{"not_picked":["Burning Pact","Anger","Wild Strike"],"picked":"SKIP","floor":4},{"not_picked":["True Grit","Carnage"],"picked":"Shrug It Off","floor":5},{"not_picked":["Flex","Seeing Red","Anger"],"picked":"SKIP","floor":7},{"not_picked":["Sever Soul","Warcry"],"picked":"Whirlwind","floor":10},{"not_picked":["Rupture","Flex","Anger+1"],"picked":"SKIP","floor":18},{"not_picked":["Warcry","Perfected Strike"],"picked":"Sword Boomerang","floor":21},{"not_picked":["Cleave","Brutality"],"picked":"Headbutt+1","floor":24}],"player_experience":318428,"relics_obtained":[{"floor":9,"key":"Mercury Hourglass"}],"event_choices":[{"damage_healed":0,"gold_gain":0,"cards_transformed":["Strike_R"],"player_choice":"Transformed","damage_taken":0,"max_hp_gain":0,"max_hp_loss":0,"event_name":"Transmorgrifier","floor":12,"gold_loss":0,"cards_obtained":["Feed"]},{"damage_healed":0,"gold_gain":0,"player_choice":"Inject Mutagens","damage_taken":0,"relics_obtained":["MutagenicStrength"],"max_hp_gain":0,"max_hp_loss":0,"event_name":"Drug Dealer","floor":19,"gold_loss":0},{"damage_healed":0,"gold_gain":0,"player_choice":"Paid Fearfully","damage_taken":0,"max_hp_gain":0,"max_hp_loss":0,"event_name":"Masked Bandits","floor":22,"gold_loss":42}],"is_beta":false,"boss_relics":[{"not_picked":["Philosopher\u0027s Stone","Cursed Key"],"picked":"SlaversCollar"}],"items_purged_floors":[3,14,20],"is_endless":false,"potions_floor_spawned":[1,4,5,16,18,21],"killed_by":"Shelled Parasite and Fungi","ascension_level":10}}