{"host":"04aht2z7d1qbuefv","time":1609631533,"event":{"mods":["AchievementEnabler","BaseMod","Downfall","Minty Spire (QoL Compilation)","StSLib","The Cursed","The Necromancer"],"gold_per_floor":[99,99,99,99,249,266,342,353,388,404,404,415,190,100,116,217,217,217,228,228,241,254,62,88,88,113,131,147,247,267,287,307,403,403,403,422,438,484,553,553,630,630,646,646,646,659,659,674,694,694],"floor_reached":51,"playtime":2452,"items_purged":["Slimebound:Icky","Strike_W"],"score":948,"play_id":"cd3ffead-7bf9-420f-b03d-c2905c6cee7f","local_time":"20210102205213","is_ascension_mode":false,"campfire_choices":[{"floor":1.0,"key":"RECALL"},{"floor":13,"key":"REST"},{"data":"Summon_Undead_Army","floor":18,"key":"SMITH"},{"data":"Summon_Death_Knight","floor":35,"key":"SMITH"},{"floor":42,"key":"REST"},{"floor":44,"key":"REST"},{"floor":47,"key":"REST"}],"circlet_count":0,"master_deck":["Strike_W","Strike_W","Strike_W","Defend_W","Defend_W","Defend_W","Defend_W","Negative_Energy_Arrows","Bone_Wall","Life_Tap","Summon_Undead+1","Scare","Uncharnel+1","Uncharnel","Summon_Undead_Army+1","Skeleton_Dragon","Siphon_Strength","Summon_Lich","Bone_Armor","Bone_Armory","Siphon_Strength+1","Summon_Death_Knight+1","Negative_Energy_Mist+1","expansioncontent:CaCaw+1","Parasite"],"relics":["Vampire_Amulet","downfall:HeartsMalice","Pocketwatch","downfall:HeartBlessingRed","downfall:HeartBlessingGreen","downfall:HeartBlessingBlue","Sozu","Centennial Puzzle","Boot","Busted Crown","Bird Faced Urn","Bottled Tornado","Ornamental Fan"],"acts_visited":["Exordium","TheCity","TheBeyond"],"potions_floor_usage":[9,16,22],"damage_taken":[{"damage":0.0,"enemies":"Small Slimes","floor":2.0,"turns":1.0},{"damage":0.0,"enemies":"downfall:FleeingMerchant","floor":3.0,"turns":1.0},{"damage":0.0,"enemies":"Jaw Worm","floor":4.0,"turns":1.0},{"damage":3.0,"enemies":"2 Louse","floor":6.0,"turns":4.0},{"damage":25.0,"enemies":"Lots of Slimes","floor":8.0,"turns":7.0},{"damage":34,"enemies":"3 Sentries","floor":9,"turns":11},{"damage":20,"enemies":"3 Louse","floor":10,"turns":5},{"damage":13,"enemies":"Gremlin Gang","floor":12,"turns":4},{"damage":2,"enemies":"downfall:FleeingMerchant","floor":14,"turns":4},{"damage":0,"enemies":"Blue Slaver","floor":15,"turns":3},{"damage":32,"enemies":"downfall:Ironclad","floor":16,"turns":7},{"damage":14,"enemies":"Shell Parasite","floor":19,"turns":4},{"damage":4,"enemies":"Chosen","floor":21,"turns":4},{"damage":7,"enemies":"Snecko","floor":22,"turns":4},{"damage":0,"enemies":"downfall:FleeingMerchant","floor":23,"turns":4},{"damage":18,"enemies":"Book of Stabbing","floor":26,"turns":5},{"damage":14,"enemies":"Centurion and Healer","floor":27,"turns":6},{"damage":12,"enemies":"Shelled Parasite and Fungi","floor":28,"turns":5},{"damage":14,"enemies":"Snake Plant","floor":30,"turns":4},{"damage":18,"enemies":"Chosen and Byrds","floor":31,"turns":6},{"damage":16,"enemies":"Centurion and Healer","floor":32,"turns":5},{"damage":8,"enemies":"downfall:Silent","floor":33,"turns":8},{"damage":12,"enemies":"3 Shapes","floor":36,"turns":5},{"damage":8,"enemies":"3 Darklings","floor":37,"turns":5},{"damage":86,"enemies":"2 Orb Walkers","floor":38,"turns":6},{"damage":31,"enemies":"Spire Growth","floor":43,"turns":6},{"damage":2,"enemies":"Writhing Mass","floor":46,"turns":5},{"damage":19,"enemies":"Sphere and 2 Shapes","floor":48,"turns":5},{"damage":32,"enemies":"Jaw Worm Horde","floor":49,"turns":5},{"damage":0,"enemies":"downfall:Watcher","floor":50,"turns":8}],"seed_played":"-6558343332353233495","potions_obtained":[{"floor":8.0,"key":"Weak Potion"},{"floor":10,"key":"Slimebound:ThreeZeroPotion"},{"floor":12,"key":"Swift Potion"}],"is_trial":false,"path_per_floor":["R","M","$","M","?","M","T","M","E","M","?","M","R","$","M","B",null,"R","M","?","M","M","$","T","?","E","M","M","?","M","M","M","B",null,"R","M","M","?","?","?","T","R","M","R","?","M","R","M","M","B",null],"character_chosen":"NECROMANCER","items_purchased":["Summon_Lich"],"campfire_rested":4,"item_purchase_floors":[23],"current_hp_per_floor":[75,75,75,75,75,75,75,75,47,33,33,28,63,61,63,33,85,85,73,73,71,78,84,84,84,78,68,60,60,57,43,31,37,85,85,80,83,7,7,7,7,32,13,38,38,48,73,70,81,85],"gold":694,"neow_bonus":"THREE_ENEMY_KILL","is_daily":false,"chose_seed":false,"campfire_upgraded":2,"win_rate":0.0,"timestamp":1609631533,"path_taken":["R","M","$","M","?","M","T","M","E","M","?","?","R","$","M","BOSS","R","M","?","M","?","$","T","?","E","M","M","?","?","M","M","BOSS","R","M","M","?","?","?","T","R","M","R","?","M","R","M","M","BOSS"],"items_purchased_type":["Card"],"build_version":"2020-12-22","purchased_purges":2,"victory":true,"max_hp_per_floor":[75,75,75,75,75,75,75,75,75,75,75,75,85,85,85,85,85,85,85,85,85,85,85,85,85,85,85,85,85,85,85,85,85,85,85,85,85,85,85,85,85,85,85,85,85,85,85,85,85,85],"card_choices":[{"not_picked":["Slay_Living","Violent_Necrosis"],"picked":"Life_Tap","floor":2.0},{"not_picked":["Toxic_Smoke_Screen","Bone_Spikes","Blood_Curse"],"picked":"SKIP","floor":3.0},{"not_picked":["Bone_Armory","Negative_Energy_Shield"],"picked":"Summon_Undead","floor":4.0},{"not_picked":["Negative_Energy_Mist","Negative_Energy_Shield"],"picked":"Scare","floor":6.0},{"not_picked":["Death_Coil","Consume_Illness"],"picked":"Uncharnel","floor":8.0},{"not_picked":["Negative_Energy_Javelin","Bone_Armor"],"picked":"Uncharnel","floor":9},{"not_picked":["Necrotic_Claws","Vampiric_Strike"],"picked":"Summon_Undead_Army","floor":10},{"not_picked":["Negative_Energy_Burst","Detonate_Bones","Bone_Shift"],"picked":"SKIP","floor":12},{"not_picked":["Necrotic_Claws","Bone_Armor","Cloudkill"],"picked":"SKIP","floor":14},{"not_picked":["Blood_Is_Power","Life_Tap","Acid_Javelin"],"picked":"SKIP","floor":15},{"not_picked":["Requiem","Hellfire"],"picked":"Skeleton_Dragon","floor":16},{"not_picked":["Blood_for_Blood+1","Spectral_Walk","Death_Coil"],"picked":"SKIP","floor":19},{"not_picked":["Vampiric_Strike","Blood_Curse"],"picked":"Siphon_Strength","floor":21},{"not_picked":["Life_Tap","Consume_Illness","Negative_Energy_Javelin"],"picked":"SKIP","floor":22},{"not_picked":["Consume_Illness","Whirlwind_of_Bones","Scare"],"picked":"SKIP","floor":23},{"not_picked":["Slay_Living","Corrupt+1","Bone_Spikes"],"picked":"SKIP","floor":26},{"not_picked":["Detonate_Bones","Necromantic_Selection+1","Spectral_Walk"],"picked":"SKIP","floor":27},{"not_picked":["Toxic_Smoke_Screen","Strike_from_Beyond"],"picked":"Bone_Armor","floor":28},{"not_picked":["Negative_Energy_Sphere","Bone_Armor"],"picked":"Bone_Armory","floor":30},{"not_picked":["Acid_Javelin+1","Negative_Energy_Sphere+1"],"picked":"Siphon_Strength+1","floor":31},{"not_picked":["Death_Coil+1","Plague_Bolt","Deaths_Shadow+1"],"picked":"SKIP","floor":32},{"not_picked":["Negative_Energy_Bomb","Reap_The_Weak"],"picked":"Summon_Death_Knight","floor":33},{"not_picked":[],"picked":"Negative_Energy_Mist+1","floor":36},{"not_picked":["Consume_Illness"],"picked":"SKIP","floor":37},{"not_picked":[],"picked":"expansioncontent:CaCaw","floor":40},{"not_picked":["Bones_to_Steel"],"picked":"SKIP","floor":43},{"not_picked":["Consume_Illness+1"],"picked":"SKIP","floor":46},{"not_picked":["Summon_Undead"],"picked":"SKIP","floor":48},{"not_picked":["Blood_Whip+1"],"picked":"SKIP","floor":49}],"player_experience":147192,"relics_obtained":[{"floor":9,"key":"Pocketwatch"},{"floor":24,"key":"Centennial Puzzle"},{"floor":26,"key":"Boot"},{"floor":38,"key":"Bird Faced Urn"},{"floor":39,"key":"Bottled Tornado"},{"floor":41,"key":"Ornamental Fan"}],"event_choices":[{"damage_healed":0,"gold_gain":0,"player_choice":"Grow","damage_taken":0,"max_hp_gain":0,"max_hp_loss":0,"event_name":"Living Wall","floor":11,"gold_loss":0,"cards_upgraded":["Summon_Undead"]},{"damage_healed":0,"gold_gain":0,"player_choice":"Upgraded","damage_taken":0,"max_hp_gain":0,"max_hp_loss":0,"event_name":"Upgrade Shrine","floor":20,"gold_loss":0,"cards_upgraded":["Uncharnel"]},{"damage_healed":0,"gold_gain":0,"player_choice":"Fight","damage_taken":0,"max_hp_gain":0,"max_hp_loss":0,"event_name":"Mysterious Sphere","floor":38,"gold_loss":0},{"damage_healed":0,"gold_gain":0,"player_choice":"Forge","damage_taken":0,"max_hp_gain":0,"max_hp_loss":0,"event_name":"Accursed Blacksmith","floor":45,"gold_loss":0,"cards_upgraded":["expansioncontent:CaCaw"]}],"is_beta":false,"boss_relics":[{"not_picked":["downfall:Hecktoplasm","Fusion Hammer"],"picked":"Sozu"},{"not_picked":["Runic Pyramid","SlaversCollar"],"picked":"Busted Crown"}],"items_purged_floors":[14,23],"is_endless":false,"potions_floor_spawned":[8,10,12,22,27,32,33,36,38,43,46],"ascension_level":0}}