{"host":"htqwg582tjjtn9p7","time":1609589328,"event":{"mods":["2.2 Compatiblity","AchievementEnabler","Act Like it!","Aspiration","BaseMod","Better Third Choice","Colored Map","Conspire","Curses Come First","Displayed Cursed Tome","Energized Spire","Force Act Four","GifTheSpireLib","Hermit","Highlight Path","JesterMod","Mad Scientist","Minty Spire (QoL Compilation)","Pale of the Ancients","Permanent Neow","Random Character Button","Relic Stats","Replay The Spire","Robot Space Explorer","Somnambulant","Spicy Shops","Spikes Relics","StSLib","Stuff the Spire","The Blue Laboratory","The Disciple","The Dragon Tamer","The Forsaken","The Gatherer","The Judge","The Jungle","The Marked","The Runesmith","The Servant 0.9.4"],"gold_per_floor":[114,133,133,151,170,202,53,84,84,84,102,102,114,114,114,189,189,200,200,151,170,170,200,211,211,236,252,269,294,294,307,307,384,384,401,421,421,432,432,432,432,432],"floor_reached":41,"playtime":1829,"items_purged":[],"score":879,"play_id":"ef5b7be9-7d2b-4738-8b18-9940218453a3","local_time":"20210102130848","daily_mods":["Insanity","Uncertain Future","Terminal"],"is_ascension_mode":true,"campfire_choices":[{"data":"Armaments","floor":10,"key":"SMITH"},{"data":"True Grit","floor":12,"key":"SMITH"},{"floor":25,"key":"REST"},{"data":"conspire:Charge","floor":30,"key":"SMITH"},{"floor":40,"key":"REST"}],"circlet_count":0,"master_deck":["AscendersBane","Spot Weakness","conspire:ExplosiveBarrier","Cleave+1","StuffTheSpire:RagingBull","Thunderclap","Carnage+1","ReplayTheSpireMod:Strike From Hell","Clothesline","Run Through","Heavy Blade","Disarm","Power Through","ReplayTheSpireMod:Strike From Hell","Clothesline","Shockwave","Iron Wave","Sever Soul","Rupture","Absolvement","Flex","Iron Wave","ReplayTheSpireMod:Stacked","Clothesline","Pommel Strike","StuffTheSpire:Incineration","Anger","Run Through","Cleave","Iron Wave","Flame Barrier","Headbutt","Pommel Strike+1","Body Slam","conspire:ExplosiveBarrier","Shrug It Off","Battle Trance","Iron Wave","Sword Boomerang","Havoc","Heavy Blade","Headbutt","Evolve","Sword Boomerang","Disarm","True Grit+1","Burning Pact","Iron Wave","conspire:Charge+1","Wild Strike+1","Fire Breathing","Armaments+1","Flame Barrier","Havoc","Shrug It Off","Disarm","True Grit","Barricade","Juggernaut","Bloodletting","Seeing Red","Metallicize","Spot Weakness","Feed","Feel No Pain+1","Disarm+1"],"relics":["Burning Blood","Bag of Preparation","OrangePellets","conspire:Flyswatter","Chameleon Ring","conspire:SpecialSausage","aspiration:Stabinomicon","Whetstone","Anchor","Eternal Feather","aspiration:RitualDagger"],"acts_visited":["Exordium","TheCity","TheBeyond"],"potions_floor_usage":[11,11,16,21,21,23,23,29,33,41],"damage_taken":[{"damage":0,"enemies":"2 Louse","floor":1,"turns":2},{"damage":0,"enemies":"Cultist","floor":2,"turns":3},{"damage":0,"enemies":"Small Slimes","floor":4,"turns":3},{"damage":1,"enemies":"Looter","floor":5,"turns":3},{"damage":13,"enemies":"Gremlin Nob","floor":6,"turns":5},{"damage":4,"enemies":"Lagavulin","floor":8,"turns":10},{"damage":0,"enemies":"3 Louse","floor":11,"turns":4},{"damage":0,"enemies":"Blue Slaver","floor":13,"turns":6},{"damage":10,"enemies":"Slime Boss","floor":16,"turns":7},{"damage":9,"enemies":"3 Byrds","floor":18,"turns":4},{"damage":7,"enemies":"Chosen","floor":21,"turns":4},{"damage":9,"enemies":"Slavers","floor":23,"turns":9},{"damage":4,"enemies":"Snecko","floor":24,"turns":5},{"damage":28,"enemies":"Shelled Parasite and Fungi","floor":27,"turns":8},{"damage":5,"enemies":"Centurion and Healer","floor":28,"turns":4},{"damage":10,"enemies":"conspire:Head Lice","floor":29,"turns":12},{"damage":0,"enemies":"Snake Plant","floor":31,"turns":4},{"damage":41,"enemies":"Automaton","floor":33,"turns":10},{"damage":69,"enemies":"3 Darklings","floor":35,"turns":6},{"damage":19,"enemies":"Orb Walker","floor":36,"turns":4},{"damage":33,"enemies":"3 Darklings","floor":38,"turns":7},{"damage":43,"enemies":"Giant Head","floor":41,"turns":7}],"seed_played":"1598206264583098245","potions_obtained":[{"floor":1,"key":"blueLaboratory:FrostheartPotion"},{"floor":2,"key":"blueLaboratory:StoneskinPotion"},{"floor":11,"key":"BloodPotion"},{"floor":15,"key":"blueLaboratory:EnragingPotion"},{"floor":16,"key":"Reflective Coating"},{"floor":28,"key":"SkillPotion"},{"floor":31,"key":"blueLaboratory:NullPotion"},{"floor":32,"key":"blueLaboratory:ForbiddenFruitJuice"},{"floor":32,"key":"DistilledChaos"},{"floor":33,"key":"Swift Potion"},{"floor":35,"key":"Adrenaline Potion"}],"is_trial":true,"path_per_floor":["M","M","?","M","M","E","$","E","T","R","M","R","M","?","R","B",null,"M","?","$","M","?","E","M","R","T","M","M","E","R","M","R","B",null,"M","M","?","M","?","R","E"],"character_chosen":"IRONCLAD","items_purchased":["OrangePellets","PowerPotion"],"campfire_rested":2,"item_purchase_floors":[7,20],"current_hp_per_floor":[73,72,71,70,69,62,62,64,64,64,63,62,61,43,43,39,53,50,29,29,44,25,22,24,39,39,17,18,14,44,43,42,7,33,31,30,30,22,22,34,5,5],"gold":432,"neow_bonus":"","is_daily":false,"chose_seed":false,"campfire_upgraded":3,"win_rate":0.0,"timestamp":1609589328,"path_taken":["M","M","?","M","?","E","$","E","T","R","M","R","M","?","R","BOSS","M","?","$","M","?","E","M","R","T","M","?","E","R","M","R","BOSS","M","M","?","M","?","R","E"],"items_purchased_type":["Relic","Potion"],"build_version":"2020-12-22","purchased_purges":0,"victory":false,"max_hp_per_floor":[73,72,71,70,69,68,67,66,65,64,63,62,61,60,59,58,57,56,55,54,53,52,51,50,49,48,47,46,45,44,43,42,41,40,39,38,37,36,35,34,34,34],"relic_stats":{"OrangePellets":[6],"counters":[22,127],"Eternal Feather":44,"Bag of Preparation":[34],"Whetstone":["Wild Strike","Carnage"],"obtain_stats":[{"OrangePellets":7,"Anchor":26,"Chameleon Ring":9,"conspire:SpecialSausage":17,"Eternal Feather":29,"Bag of Preparation":6,"aspiration:Stabinomicon":19,"Whetstone":23,"aspiration:RitualDagger":34,"Burning Blood":0,"conspire:Flyswatter":8},{"OrangePellets":5,"Anchor":13,"Chameleon Ring":6,"conspire:SpecialSausage":9,"Eternal Feather":16,"Bag of Preparation":5,"aspiration:Stabinomicon":10,"Whetstone":12,"aspiration:RitualDagger":18,"Burning Blood":0,"conspire:Flyswatter":6},{"OrangePellets":16,"Anchor":65,"Chameleon Ring":26,"conspire:SpecialSausage":43,"Eternal Feather":89,"Bag of Preparation":16,"aspiration:Stabinomicon":47,"Whetstone":60,"aspiration:RitualDagger":103,"Burning Blood":0,"conspire:Flyswatter":26}],"Burning Blood":91},"card_choices":[{"not_picked":["Dual Wield","Clash"],"picked":"Fire Breathing","floor":1},{"not_picked":["Sword Boomerang","Rampage"],"picked":"Armaments","floor":2},{"not_picked":["Heavy Blade","Clothesline"],"picked":"Havoc","floor":4},{"not_picked":["Blood for Blood","Invigoration"],"picked":"Shrug It Off","floor":5},{"not_picked":["Blood for Blood","ReplayTheSpireMod:Stacked"],"picked":"Disarm","floor":6},{"not_picked":["Power Through","StuffTheSpire:Slingshot"],"picked":"True Grit","floor":8},{"not_picked":["Anger","Rupture","Absolvement"],"picked":"SKIP","floor":11},{"not_picked":["Blood for Blood","Dark Embrace"],"picked":"Barricade","floor":13},{"not_picked":["Limit Break","Eclipse"],"picked":"Juggernaut","floor":16},{"not_picked":["ReplayTheSpireMod:Muscle Training","Replay:Undeath\u0027s Touch"],"picked":"Bloodletting","floor":18},{"not_picked":["ReplayTheSpireMod:Muscle Training","Replay:Undeath\u0027s Touch","Perfected Strike+1"],"picked":"SKIP","floor":21},{"not_picked":["Headbutt","Wild Strike"],"picked":"Seeing Red","floor":23},{"not_picked":["Second Wind","Thunderclap+1"],"picked":"Metallicize","floor":24},{"not_picked":["Body Slam","Pommel Strike"],"picked":"Spot Weakness","floor":27},{"not_picked":["Rupture","Twin Strike","Replay:Undeath\u0027s Touch"],"picked":"SKIP","floor":28},{"not_picked":["ReplayReversal","Twin Strike","Invigoration"],"picked":"SKIP","floor":29},{"not_picked":["Warcry","Replay:Undeath\u0027s Touch","Iron Wave"],"picked":"SKIP","floor":31},{"not_picked":["Juggernaut","Immolate"],"picked":"Feed","floor":33},{"not_picked":["Havoc","Twin Strike+1","Run Through"],"picked":"SKIP","floor":35},{"not_picked":["Clothesline","Whirlwind"],"picked":"Feel No Pain+1","floor":36},{"not_picked":["Warcry+1","Shrug It Off"],"picked":"Disarm+1","floor":38}],"player_experience":1858707,"relics_obtained":[{"floor":6,"key":"Bag of Preparation"},{"floor":8,"key":"conspire:Flyswatter"},{"floor":9,"key":"Chameleon Ring"},{"floor":23,"key":"Whetstone"},{"floor":26,"key":"Anchor"},{"floor":29,"key":"Eternal Feather"}],"event_choices":[{"damage_healed":0,"gold_gain":0,"cards_transformed":["Rupture"],"player_choice":"Transformed","damage_taken":0,"max_hp_gain":0,"max_hp_loss":0,"event_name":"Transmorgrifier","floor":3,"gold_loss":0,"cards_obtained":["Flame Barrier"]},{"damage_healed":61,"gold_gain":0,"player_choice":"Upgrade","damage_taken":18,"max_hp_gain":0,"max_hp_loss":61,"event_name":"betterThird:BetterShining","floor":14,"gold_loss":0,"cards_upgraded":["Pommel Strike","Cleave"]},{"damage_healed":0,"gold_gain":0,"player_choice":"Obtained Book","damage_taken":21,"max_hp_gain":0,"max_hp_loss":0,"event_name":"Cursed Tome","floor":19,"gold_loss":0},{"damage_healed":0,"gold_gain":0,"player_choice":"POTION POTION ","damage_taken":19,"max_hp_gain":0,"max_hp_loss":0,"event_name":"Knowing Skull","floor":22,"potions_obtained":["Dexterity Potion","LiquidMemories"],"gold_loss":0,"cards_obtained":[]},{"damage_healed":0,"gold_gain":0,"player_choice":"Ignored","damage_taken":0,"max_hp_gain":0,"max_hp_loss":0,"event_name":"Tomb of Lord Red Mask","floor":39,"gold_loss":0}],"is_beta":false,"boss_relics":[{"not_picked":["ReplayTheSpireMod:DimensionalGlitch","Ring of Chaos"],"picked":"conspire:SpecialSausage"},{"not_picked":["Snecko Heart","energizedSpire:MagnifyingGlass"],"picked":"aspiration:RitualDagger"}],"items_purged_floors":[],"is_endless":false,"potions_floor_spawned":[1,2,8,11,16,18,28,31,33,35,36],"killed_by":"Giant Head","ascension_level":15}}