{"host":"kw4o7b3ro2ktmmbe","time":1609588671,"event":{"mods":["BaseMod","Evolution","Magitek Elite","Minty Spire (QoL Compilation)","StSLib"],"gold_per_floor":[111,124,124,144,157,157,157,190,190,219,232,232,232,242,242,340,340,322,322],"floor_reached":18,"playtime":2171,"items_purged":[],"score":183,"play_id":"76759343-23bf-4fc5-8754-700b4b59865c","local_time":"20210103005751","is_ascension_mode":true,"campfire_choices":[{"data":"Cure","floor":6.0,"key":"SMITH"},{"data":"Esuna","floor":12.0,"key":"SMITH"},{"data":"Focus","floor":15.0,"key":"SMITH"}],"circlet_count":0,"master_deck":["Strike_L","Strike_L","Strike_L","Strike_L","Defend_L","Defend_L","Defend_L","Defend_L","Defend_L","Fire2","Cure+2","Force_Armor+1","Focus+1","Esuna","Mama"],"relics":["Pendant","EVO:Axolotl","PreservedInsect","Mythril_Glove","Tiny Chest","White Beast Statue","Ornamental Fan","Gem_Box"],"acts_visited":["Exordium","TheCity"],"potions_floor_usage":[],"damage_taken":[{"damage":5.0,"enemies":"Jaw Worm","floor":1.0,"turns":7.0},{"damage":2.0,"enemies":"2 Louse","floor":2.0,"turns":4.0},{"damage":2.0,"enemies":"Small Slimes","floor":4.0,"turns":5.0},{"damage":8.0,"enemies":"Red Slaver","floor":5.0,"turns":7.0},{"damage":4.0,"enemies":"Lagavulin","floor":8.0,"turns":6.0},{"damage":17.0,"enemies":"Gremlin Nob","floor":10.0,"turns":4.0},{"damage":15.0,"enemies":"Looter","floor":11.0,"turns":3.0},{"damage":6.0,"enemies":"2 Fungi Beasts","floor":14.0,"turns":6.0},{"damage":46.0,"enemies":"The Guardian","floor":16.0,"turns":7.0},{"damage":33,"enemies":"2 Thieves","floor":18,"turns":5}],"seed_played":"-1595250175312274164","potions_obtained":[{"floor":2.0,"key":"Block Potion"},{"floor":8.0,"key":"EntropicBrew"},{"floor":10.0,"key":"ColorlessPotion"},{"floor":14.0,"key":"Strength Potion"},{"floor":16.0,"key":"Dexterity Potion"},{"floor":18,"key":"EssenceOfSteel"}],"is_trial":false,"path_per_floor":["M","M","?","M","M","R","$","E","T","E","M","R","?","M","R","B",null,"M"],"character_chosen":"MAGITEKELITE","items_purchased":[],"campfire_rested":0,"item_purchase_floors":[],"current_hp_per_floor":[63,63,50,57,58,58,58,63,63,58,48,48,45,51,51,17,63,50,50],"gold":322,"neow_bonus":"RANDOM_COMMON_RELIC","is_daily":false,"chose_seed":false,"campfire_upgraded":3,"win_rate":0.0,"timestamp":1609588671,"path_taken":["M","M","?","M","M","R","$","E","T","E","M","R","?","M","R","BOSS","M"],"items_purchased_type":[],"build_version":"2020-12-22","purchased_purges":0,"victory":false,"max_hp_per_floor":[63,63,63,63,63,63,63,63,63,63,63,63,63,63,63,63,63,63,63],"card_choices":[{"not_picked":["Astra","Transpose_P","Mythril_Knife"],"picked":"SKIP","floor":1.0},{"not_picked":["Holy","Flare"],"picked":"Force_Armor","floor":2.0},{"not_picked":["Aero","Flare","Astra"],"picked":"SKIP","floor":4.0},{"not_picked":["Magnus_Hat","Heavy_Shield"],"picked":"Focus","floor":5.0},{"not_picked":["Haste","Cursed_Shield","Gaia_Gear"],"picked":"SKIP","floor":8.0},{"not_picked":["Rasp","Mythril_Knife"],"picked":"Esuna","floor":10.0},{"not_picked":["Circlet","Barrier","Transpose_P"],"picked":"SKIP","floor":11.0},{"not_picked":["Thunder_Blade","Circlet","Quick"],"picked":"SKIP","floor":14.0},{"not_picked":["Reflect","Valor"],"picked":"Mama","floor":16.0}],"player_experience":1777779,"relics_obtained":[{"floor":8.0,"key":"Mythril_Glove"},{"floor":9.0,"key":"Tiny Chest"},{"floor":10.0,"key":"White Beast Statue"}],"event_choices":[{"damage_healed":0.0,"max_hp_gain":0.0,"max_hp_loss":0.0,"gold_gain":0.0,"event_name":"Shining Light","player_choice":"Entered Light","floor":3.0,"gold_loss":0.0,"damage_taken":13.0,"cards_upgraded":["Cure","Force_Armor"]},{"damage_healed":0.0,"max_hp_gain":0.0,"max_hp_loss":0.0,"gold_gain":0.0,"event_name":"Scrap Ooze","player_choice":"Success","floor":13.0,"gold_loss":0.0,"damage_taken":3.0,"relics_obtained":["Ornamental Fan"]}],"is_beta":false,"boss_relics":[{"not_picked":["Golden_Hairpin","Ectoplasm"],"picked":"Gem_Box"}],"items_purged_floors":[],"is_endless":false,"potions_floor_spawned":[2,8,10,11,14,16,18],"killed_by":"2 Thieves","ascension_level":1}}