{"host":"kdt6w7ix8lwe69i9","time":1609601686,"event":{"mods":["Bartender","BaseMod","ChefMod","Downfall","Fiend Mod","Jorbs\u0027s Wanderer Trilogy","Minty Spire (QoL Compilation)","Reimu（博丽灵梦）","Robot Space Explorer","StSLib","The Caster","The Cursed","The Disciple","The Dragon Tamer","The Druid","The Elementalist","The Forsaken","The Gatherer","The Judge","The Marked","TheBandit"],"gold_per_floor":[361,378,393,405,405,438,458,458,458,458,458,458,490,37,37,141,141,156,171,171,189,202,202,202],"floor_reached":23,"playtime":3331,"items_purged":[],"score":203,"play_id":"357a41af-a30a-4f64-9df5-f684c04fe0b0","local_time":"20210102103446","is_ascension_mode":false,"campfire_choices":[{"floor":15,"key":"REST"}],"circlet_count":0,"master_deck":["caster:Meteor","caster:DivertFocus","caster:strike+1","caster:strike","caster:strike","caster:strike","caster:defend","caster:defend","caster:defend+1","caster:defend","caster:defend","caster:JupitelThunder","caster:Fissure","caster:Conflagrate","caster:WallOfThorns","caster:DiamondDust","caster:JupitelThunder","caster:Slick+1","caster:Demi","caster:strike","caster:ShortenedChant","caster:Grimoire","caster:StormGust","caster:Ramuh","caster:GlacialShield","caster:JupitelThunder","caster:DiablosFlame","caster:MagicWeapon"],"relics":["caster:MagicBook","RuthlessExorcism:ReiMu","StrikeDummy","Mango","InkBottle","Gremlin Horn","Runic Pyramid"],"acts_visited":["Exordium","TheCity"],"potions_floor_usage":[6,13,18,19,23],"damage_taken":[{"damage":0,"enemies":"Cultist","floor":1,"turns":4},{"damage":1,"enemies":"2 Louse","floor":2,"turns":3},{"damage":3,"enemies":"Small Slimes","floor":3,"turns":4},{"damage":1,"enemies":"3 Louse","floor":4,"turns":5},{"damage":5,"enemies":"3 Sentries","floor":6,"turns":8},{"damage":3,"enemies":"Gremlin Gang","floor":7,"turns":4},{"damage":14,"enemies":"Gremlin Nob","floor":13,"turns":3},{"damage":31,"enemies":"The Guardian","floor":16,"turns":12},{"damage":5,"enemies":"3 Byrds","floor":18,"turns":4},{"damage":9,"enemies":"2 Thieves","floor":19,"turns":4},{"damage":22,"enemies":"Centurion and Healer","floor":21,"turns":11},{"damage":14,"enemies":"3 Cultists","floor":22,"turns":7},{"damage":9,"enemies":"Sentry and Sphere","floor":23,"turns":2}],"seed_played":"-6781527016706745636","potions_obtained":[{"floor":3,"key":"EssenceOfSteel"},{"floor":7,"key":"DistilledChaos"},{"floor":16,"key":"MagicPotion:ReiMu"},{"floor":18,"key":"Block Potion"},{"floor":22,"key":"ColorlessPotion"}],"is_trial":false,"path_per_floor":["M","M","M","M","?","E","M","?","T","?","?","?","E","$","R","B",null,"M","M","?","M","M","M"],"character_chosen":"THE_CASTER","items_purchased":["Gremlin Horn","caster:Grimoire","caster:StormGust"],"campfire_rested":1,"item_purchase_floors":[14,14,14],"current_hp_per_floor":[58,57,54,53,41,36,33,33,33,22,46,46,32,32,53,22,72,67,58,45,23,9,0,0],"gold":202,"neow_bonus":"TWO_FIFTY_GOLD","is_daily":false,"chose_seed":false,"campfire_upgraded":0,"win_rate":0.0,"timestamp":1609601686,"path_taken":["M","?","M","M","?","E","M","?","T","?","?","?","E","$","R","BOSS","M","?","?","M","M","M"],"items_purchased_type":["Relic","Card","Card"],"build_version":"2020-12-22","purchased_purges":0,"victory":false,"max_hp_per_floor":[58,58,58,58,58,58,58,58,58,72,72,72,72,72,72,72,72,72,72,77,77,77,77,77],"card_choices":[{"not_picked":["caster:LAZER","caster:Enfeeble"],"picked":"caster:JupitelThunder","floor":1},{"not_picked":["caster:Fireball","caster:FrigidBeam"],"picked":"caster:Fissure","floor":2},{"not_picked":["caster:WallOfAsh","caster:MagicBarrier"],"picked":"caster:Conflagrate","floor":3},{"not_picked":["caster:Conflagrate","caster:Enfeeble"],"picked":"caster:WallOfThorns","floor":4},{"not_picked":["caster:JupitelThunder","caster:MagicBarrier"],"picked":"caster:DiamondDust","floor":6},{"not_picked":["caster:LAZER","caster:GlacialShield"],"picked":"caster:JupitelThunder","floor":7},{"not_picked":["caster:LAZER","caster:FlashFrost"],"picked":"caster:ShortenedChant","floor":13},{"not_picked":["caster:Explosion","caster:Demi"],"picked":"caster:Ramuh","floor":16},{"not_picked":["caster:FlashSpeed","caster:MagicWeapon+1"],"picked":"caster:GlacialShield","floor":18},{"not_picked":["caster:FrostDriver","caster:Eruption"],"picked":"caster:JupitelThunder","floor":19},{"not_picked":["caster:LAZER","caster:FlashSpeed+1"],"picked":"caster:DiablosFlame","floor":21},{"not_picked":["caster:Sultry","caster:Sandstorm"],"picked":"caster:MagicWeapon","floor":22}],"player_experience":1702219,"relics_obtained":[{"floor":6,"key":"RuthlessExorcism:ReiMu"},{"floor":9,"key":"StrikeDummy"},{"floor":13,"key":"InkBottle"}],"event_choices":[{"damage_healed":0,"gold_gain":0,"player_choice":"Entered Light","damage_taken":12,"max_hp_gain":0,"max_hp_loss":0,"event_name":"Shining Light","floor":5,"gold_loss":0,"cards_upgraded":["caster:strike","caster:defend"]},{"damage_healed":0,"gold_gain":0,"player_choice":"Success","damage_taken":25,"relics_obtained":["Mango"],"max_hp_gain":0,"max_hp_loss":0,"event_name":"Scrap Ooze","floor":10,"gold_loss":0},{"damage_healed":24,"gold_gain":0,"player_choice":"Banana","damage_taken":0,"max_hp_gain":0,"max_hp_loss":0,"event_name":"Big Fish","floor":11,"gold_loss":0},{"damage_healed":0,"gold_gain":0,"player_choice":"2 cards matched","damage_taken":0,"max_hp_gain":0,"max_hp_loss":0,"event_name":"Match and Keep!","floor":12,"gold_loss":0,"cards_obtained":["caster:Demi","caster:strike"]},{"damage_healed":0,"gold_gain":0,"player_choice":"Shed Blood","damage_taken":18,"max_hp_gain":5,"max_hp_loss":0,"event_name":"Forgotten Altar","floor":20,"gold_loss":0}],"is_beta":false,"boss_relics":[{"not_picked":["Velvet Choker","Fusion Hammer"],"picked":"Runic Pyramid"}],"items_purged_floors":[],"is_endless":false,"potions_floor_spawned":[3,7,16,18,22],"killed_by":"Sentry and Sphere","ascension_level":0}}