{"host":"tiwza2kisyyrpq7h","time":1609620617,"event":{"mods":["BaseMod","Colored Powertips","Minty Spire (QoL Compilation)","Quick Restart","Rare Cards Sparkle","StSLib","SuperFastMode","The Servant 0.9.4","óô»ðÖ¸ÄÏ"],"gold_per_floor":[114,114,264,264,277,277,311,323,323,343,361,361,391,391,391,469,469,486,500,510,178,195,195,195,195],"floor_reached":24,"playtime":771,"items_purged":["Regret"],"score":416,"play_id":"0b12d8eb-8b02-482f-a8eb-b9526e7a9e48","local_time":"20210103045017","is_ascension_mode":true,"campfire_choices":[{"data":"Adaptation","floor":6.0,"key":"SMITH"},{"floor":12.0,"key":"REST"},{"data":"LikeWater","floor":15.0,"key":"SMITH"},{"data":"Transmutation","floor":23.0,"key":"SMITH"}],"circlet_count":0,"master_deck":["AscendersBane","Strike_P","Strike_P+1","Strike_P","Strike_P+1","Defend_P","Defend_P","Defend_P","Defend_P","Eruption+1","Vigilance","Adaptation+1","Doubt","FlurryOfBlows","LikeWater+1","Collect+1","FearNoEvil","FlurryOfBlows","Scrawl","Tantrum","Perseverance","Transmutation+1","Study"],"relics":["PureWater","Whetstone","Blue Candle","Regal Pillow","Anchor","Singing Bowl","Black Star"],"acts_visited":["Exordium","TheCity"],"potions_floor_usage":[],"damage_taken":[{"damage":4.0,"enemies":"Cultist","floor":1.0,"turns":4.0},{"damage":15.0,"enemies":"Small Slimes","floor":5.0,"turns":5.0},{"damage":18.0,"enemies":"Gremlin Nob","floor":7.0,"turns":3.0},{"damage":0.0,"enemies":"Jaw Worm","floor":8.0,"turns":2.0},{"damage":8.0,"enemies":"Red Slaver","floor":10.0,"turns":4.0},{"damage":3.0,"enemies":"Looter","floor":11.0,"turns":4.0},{"damage":12.0,"enemies":"Lagavulin","floor":13.0,"turns":6.0},{"damage":29.0,"enemies":"Hexaghost","floor":16.0,"turns":9.0},{"damage":6.0,"enemies":"3 Byrds","floor":18.0,"turns":4.0},{"damage":7.0,"enemies":"Shell Parasite","floor":19.0,"turns":3.0},{"damage":12.0,"enemies":"Sentry and Sphere","floor":20.0,"turns":5.0},{"damage":1.0,"enemies":"Snecko","floor":22.0,"turns":5.0},{"damage":34,"enemies":"Book of Stabbing","floor":24,"turns":4}],"seed_played":"7466046997331615836","potions_obtained":[{"floor":1.0,"key":"Swift Potion"},{"floor":5.0,"key":"Explosive Potion"},{"floor":10.0,"key":"BottledMiracle"},{"floor":13.0,"key":"CultistPotion"},{"floor":16.0,"key":"Energy Potion"},{"floor":18.0,"key":"StancePotion"},{"floor":20.0,"key":"AttackPotion"}],"is_trial":false,"path_per_floor":["M","?","?","?","M","R","E","M","T","M","M","R","E","?","R","B",null,"M","M","M","$","M","R","E"],"character_chosen":"WATCHER","items_purchased":["Transmutation","Study"],"campfire_rested":1,"item_purchase_floors":[21,21],"current_hp_per_floor":[57,57,57,57,42,42,24,24,24,16,13,48,38,38,38,9,55,49,42,32,32,33,33,0,0],"gold":195,"neow_bonus":"RANDOM_COMMON_RELIC","is_daily":false,"chose_seed":false,"campfire_upgraded":3,"win_rate":0.0,"timestamp":1609620617,"path_taken":["M","?","?","?","M","R","E","M","T","M","?","R","E","?","R","BOSS","M","M","M","$","?","R","E"],"items_purchased_type":["Card","Card"],"build_version":"2020-12-22","purchased_purges":1,"victory":false,"max_hp_per_floor":[68,68,68,68,68,68,68,68,68,68,68,68,70,70,70,70,70,70,70,72,72,74,74,74,74],"card_choices":[{"not_picked":["Evaluate","Prostrate"],"picked":"Adaptation","floor":1.0},{"not_picked":["Worship","JustLucky"],"picked":"FlurryOfBlows","floor":5.0},{"not_picked":["CutThroughFate","Wallop"],"picked":"LikeWater","floor":7.0},{"not_picked":["Conclude","DeceiveReality"],"picked":"Collect","floor":8.0},{"not_picked":["Pray","Adaptation"],"picked":"FearNoEvil","floor":10.0},{"not_picked":["Evaluate","Consecrate"],"picked":"FlurryOfBlows","floor":11.0},{"not_picked":["EmptyFist","Prostrate","FlyingSleeves"],"picked":"Singing Bowl","floor":13.0},{"not_picked":["DeusExMachina","LessonLearned"],"picked":"Scrawl","floor":16.0},{"not_picked":["PathToVictory","CutThroughFate"],"picked":"Tantrum","floor":18.0},{"not_picked":["Adaptation","DeceiveReality"],"picked":"Perseverance","floor":19.0},{"not_picked":["FlyingSleeves","WaveOfTheHand","ForeignInfluence+1"],"picked":"Singing Bowl","floor":20.0},{"not_picked":["PathToVictory","BattleHymn","Perseverance+1"],"picked":"Singing Bowl","floor":22.0}],"player_experience":935460,"relics_obtained":[{"floor":7.0,"key":"Regal Pillow"},{"floor":9.0,"key":"Anchor"},{"floor":13.0,"key":"Singing Bowl"}],"event_choices":[{"damage_healed":0.0,"max_hp_gain":0.0,"max_hp_loss":0.0,"gold_gain":0.0,"event_name":"Big Fish","player_choice":"Box","floor":2.0,"gold_loss":0.0,"damage_taken":0.0,"relics_obtained":["Blue Candle"],"cards_obtained":["Regret"]},{"damage_healed":0.0,"max_hp_gain":0.0,"max_hp_loss":0.0,"gold_gain":150.0,"event_name":"Liars Game","player_choice":"AGREE","floor":3.0,"gold_loss":0.0,"damage_taken":0.0,"cards_obtained":["Doubt"]},{"damage_healed":0.0,"max_hp_gain":0.0,"max_hp_loss":0.0,"gold_gain":0.0,"event_name":"Upgrade Shrine","player_choice":"Upgraded","floor":4.0,"gold_loss":0.0,"damage_taken":0.0,"cards_upgraded":["Eruption"]},{"damage_healed":0.0,"max_hp_gain":0.0,"max_hp_loss":0.0,"gold_gain":0.0,"event_name":"Upgrade Shrine","player_choice":"Upgraded","floor":14.0,"gold_loss":0.0,"damage_taken":0.0,"cards_upgraded":["Collect"]}],"is_beta":false,"boss_relics":[{"not_picked":["Ectoplasm","Runic Dome"],"picked":"Black Star"}],"items_purged_floors":[21],"is_endless":false,"potions_floor_spawned":[1,5,10,13,16,18,20],"killed_by":"Book of Stabbing","ascension_level":20}}