{"host":"wmovrua22dwk70u6","time":1609576844,"event":{"mods":["AchievementEnabler","BaseMod","Colored Map","Colored Powertips","Hermit","Highlight Path","KOR Keyword Fix","KinomotoSakuraMod(Ÿ Ò˝‹‚?)","Minty Spire (QoL Compilation)","Quick Restart","Rare Cards Sparkle","StSLib","SuperFastMode","The Bug Knight","The Cursed","The Hierophant","The Poker Player","The Senshi","everything is the same but u backflip on backflip","slay the spire mod where everything is the same but ironclad has a cowboy hat"],"gold_per_floor":[110,70,87,103,114,139,139,34,34,53,64,64,76,95,95,95,95],"floor_reached":16,"playtime":1014,"items_purged":[],"score":106,"play_id":"9e985c33-988f-49ca-b6e5-271495f01dfb","local_time":"20210102174044","is_ascension_mode":false,"campfire_choices":[{"floor":7,"key":"RECALL"},{"data":"Heavy Blade","floor":12,"key":"SMITH"},{"data":"Limit Break","floor":15,"key":"SMITH"}],"circlet_count":0,"master_deck":["Strike_R","Strike_R","Strike_R","Strike_R","Strike_R","Defend_R","Defend_R","Defend_R","Defend_R","Bash","Feed","Heavy Blade+1","Limit Break+1"],"relics":["Burning Blood","Torii","Pantograph"],"acts_visited":["Exordium"],"potions_floor_usage":[4,5,10,14],"damage_taken":[{"damage":0,"enemies":"2 Louse","floor":1,"turns":2},{"damage":6,"enemies":"Cultist","floor":3,"turns":3},{"damage":1,"enemies":"Jaw Worm","floor":4,"turns":3},{"damage":4,"enemies":"Exordium Wildlife","floor":5,"turns":11},{"damage":32,"enemies":"Gremlin Nob","floor":6,"turns":4},{"damage":9,"enemies":"Large Slime","floor":10,"turns":9},{"damage":14,"enemies":"Blue Slaver","floor":11,"turns":4},{"damage":16,"enemies":"Red Slaver","floor":13,"turns":4},{"damage":0,"enemies":"3 Louse","floor":14,"turns":2},{"damage":103,"enemies":"Hexaghost","floor":16,"turns":11}],"seed_played":"5476537959017232442","potions_obtained":[{"floor":2,"key":"BlessingOfTheForge"},{"floor":2,"key":"SpeedPotion"},{"floor":2,"key":"EssenceOfSteel"},{"floor":3,"key":"HeartOfIron"},{"floor":10,"key":"SpeedPotion"},{"floor":11,"key":"Explosive Potion"},{"floor":13,"key":"Energy Potion"}],"is_trial":false,"path_per_floor":["M","?","M","M","M","E","R","$","T","M","M","R","M","M","R","B"],"character_chosen":"IRONCLAD","items_purchased":["FairyPotion"],"campfire_rested":0,"item_purchase_floors":[8],"current_hp_per_floor":[83,83,86,86,89,63,63,63,63,60,52,52,42,48,48,0,0],"gold":95,"neow_bonus":"ONE_RANDOM_RARE_CARD","is_daily":false,"chose_seed":false,"campfire_upgraded":2,"win_rate":0.0,"timestamp":1609576844,"path_taken":["M","?","?","M","M","E","R","?","T","M","?","R","M","M","R","BOSS"],"items_purchased_type":["Potion"],"build_version":"2020-12-22","purchased_purges":0,"victory":false,"max_hp_per_floor":[83,83,86,86,89,89,89,89,89,89,89,89,89,89,89,89,89],"card_choices":[{"not_picked":["True Grit","Wild Strike","Flex"],"picked":"SKIP","floor":1},{"not_picked":["Armaments","Sword Boomerang"],"picked":"Heavy Blade","floor":3},{"not_picked":["Burning Pact","Iron Wave","Clothesline"],"picked":"SKIP","floor":4},{"not_picked":["True Grit","Warcry","Perfected Strike"],"picked":"SKIP","floor":5},{"not_picked":["Uppercut","Clothesline","Flex"],"picked":"SKIP","floor":6},{"not_picked":["Evolve","Anger","Havoc"],"picked":"SKIP","floor":10},{"not_picked":["Rampage","Armaments","Bloodletting"],"picked":"SKIP","floor":11},{"not_picked":["Metallicize","Armaments"],"picked":"Limit Break","floor":13},{"not_picked":["Fire Breathing","Hemokinesis","Blood for Blood"],"picked":"SKIP","floor":14}],"player_experience":342036,"relics_obtained":[{"floor":6,"key":"Torii"},{"floor":9,"key":"Pantograph"}],"event_choices":[{"damage_healed":0,"gold_gain":0,"player_choice":"Bought 3 Potions","damage_taken":0,"max_hp_gain":0,"max_hp_loss":0,"event_name":"The Woman in Blue","floor":2,"gold_loss":0}],"is_beta":false,"boss_relics":[],"items_purged_floors":[],"is_endless":false,"potions_floor_spawned":[3,10,11,13],"killed_by":"Hexaghost","ascension_level":0}}