{"host":"f400onr2g6b8rzrw","time":1609563363,"event":{"mods":["AchievementEnabler","BaseMod","Better Altar","Better Match","Better Note","Better Sensory Stone","Better Skull","Better Third Choice","Block Reminder","Colored Powertips","Minty Spire (QoL Compilation)","Relic Stats","Spicy Shops","StSLib"],"gold_per_floor":[116,116,130,80,80,107,107,107,107,126,157,157,171,185,185,286,286,296,221,221,221,238,238,238,238],"floor_reached":24,"playtime":4617,"items_purged":[],"score":260,"play_id":"0fbf0b3e-1f4b-4cd4-8398-393499755300","local_time":"20210102152603","is_ascension_mode":true,"campfire_choices":[{"floor":12,"key":"REST"},{"floor":15,"key":"RECALL"},{"data":"Shockwave","floor":23,"key":"SMITH"}],"circlet_count":0,"master_deck":["Strike_R","Strike_R","Strike_R","Strike_R","Strike_R","Defend_R","Defend_R","Defend_R","Bash","Swift Strike+1","Clothesline","Twin Strike","Heavy Blade","Shockwave+1","Headbutt","Impervious","Perfected Strike","Sword Boomerang","Chrysalis","Finesse","Ghostly","Ghostly","Ghostly","Ghostly","Ghostly","Iron Wave"],"relics":["Burning Blood","Oddly Smooth Stone","Singing Bowl","Matryoshka","HornCleat","Busted Crown"],"acts_visited":["Exordium","TheCity"],"potions_floor_usage":[11],"damage_taken":[{"damage":5,"enemies":"2 Louse","floor":1,"turns":3},{"damage":0,"enemies":"Cultist","floor":3,"turns":2},{"damage":30,"enemies":"Lagavulin","floor":6,"turns":5},{"damage":8,"enemies":"Jaw Worm","floor":10,"turns":3},{"damage":43,"enemies":"3 Sentries","floor":11,"turns":8},{"damage":0,"enemies":"Exordium Wildlife","floor":13,"turns":2},{"damage":2,"enemies":"2 Fungi Beasts","floor":14,"turns":3},{"damage":24,"enemies":"Slime Boss","floor":16,"turns":8},{"damage":10,"enemies":"2 Thieves","floor":18,"turns":4},{"damage":18,"enemies":"3 Byrds","floor":22,"turns":7},{"damage":35,"enemies":"Book of Stabbing","floor":24,"turns":6}],"seed_played":"-976377153489687465","potions_obtained":[{"floor":10,"key":"PowerPotion"},{"floor":13,"key":"Swift Potion"},{"floor":14,"key":"SpeedPotion"}],"is_trial":false,"path_per_floor":["M","?","M","?","$","E","T","?","T","M","E","R","M","M","R","B",null,"M","?","?","?","M","R","E"],"character_chosen":"IRONCLAD","items_purchased":[],"campfire_rested":1,"item_purchase_floors":[],"current_hp_per_floor":[80,80,80,80,80,56,56,56,56,54,17,41,47,51,51,35,82,78,78,78,41,29,29,0,0],"gold":238,"neow_bonus":"RANDOM_COLORLESS","is_daily":false,"chose_seed":false,"campfire_upgraded":1,"win_rate":0.0,"timestamp":1609563363,"path_taken":["M","?","?","?","?","E","?","?","T","M","E","R","M","M","R","BOSS","M","?","?","?","M","R","E"],"items_purchased_type":[],"build_version":"2020-12-22","purchased_purges":0,"victory":false,"max_hp_per_floor":[80,80,80,80,80,80,80,80,80,80,80,80,80,80,80,82,82,82,82,82,41,41,41,41,41],"relic_stats":{"Busted Crown":8,"Singing Bowl":2,"counters":[11,51],"obtain_stats":[{"Matryoshka":9,"HornCleat":11,"Busted Crown":17,"Singing Bowl":7,"Oddly Smooth Stone":6,"Burning Blood":0},{"Matryoshka":3,"HornCleat":5,"Busted Crown":8,"Singing Bowl":3,"Oddly Smooth Stone":3,"Burning Blood":0},{"Matryoshka":10,"HornCleat":21,"Busted Crown":34,"Singing Bowl":10,"Oddly Smooth Stone":10,"Burning Blood":0}],"Burning Blood":53},"card_choices":[{"not_picked":["Blind","Bandage Up"],"picked":"Swift Strike","floor":0},{"not_picked":["Warcry","Flex"],"picked":"Clothesline","floor":1},{"not_picked":["True Grit","Havoc"],"picked":"Twin Strike","floor":3},{"not_picked":["Reckless Charge","Warcry"],"picked":"Heavy Blade","floor":6},{"not_picked":["Body Slam","Pommel Strike"],"picked":"Shockwave","floor":10},{"not_picked":["Sword Boomerang","Clothesline"],"picked":"Headbutt","floor":11},{"not_picked":["Iron Wave","Clothesline"],"picked":"Impervious","floor":13},{"not_picked":["Warcry","Dual Wield"],"picked":"Perfected Strike","floor":14},{"not_picked":["Demon Form","Limit Break","Berserk"],"picked":"Singing Bowl","floor":16},{"not_picked":[],"picked":"Sword Boomerang","floor":18},{"not_picked":[],"picked":"Chrysalis","floor":20},{"not_picked":[],"picked":"Finesse","floor":20},{"not_picked":[],"picked":"Iron Wave","floor":22}],"player_experience":476328,"relics_obtained":[{"floor":6,"key":"Oddly Smooth Stone"},{"floor":7,"key":"Singing Bowl"},{"floor":9,"key":"Matryoshka"},{"floor":11,"key":"HornCleat"}],"event_choices":[{"damage_healed":0,"gold_gain":0,"player_choice":"Upgraded","damage_taken":0,"max_hp_gain":0,"max_hp_loss":0,"event_name":"Upgrade Shrine","floor":2,"gold_loss":0,"cards_upgraded":["Swift Strike"]},{"cards_removed":["Defend_R"],"damage_healed":0,"gold_gain":0,"player_choice":"Card Removal","damage_taken":0,"max_hp_gain":0,"max_hp_loss":0,"event_name":"The Cleric","floor":4,"gold_loss":50},{"damage_healed":56,"gold_gain":0,"player_choice":"Embrace Burn","damage_taken":0,"max_hp_gain":0,"max_hp_loss":80,"event_name":"betterThird:BetterShining","floor":8,"gold_loss":0},{"cards_removed":["Burn"],"damage_healed":0,"gold_gain":0,"player_choice":"Gave Gold","damage_taken":0,"max_hp_gain":0,"max_hp_loss":0,"event_name":"Beggar","floor":19,"gold_loss":75},{"damage_healed":0,"gold_gain":2,"player_choice":"1","damage_taken":0,"max_hp_gain":0,"max_hp_loss":0,"event_name":"betterStone:BetterStone","floor":20,"gold_loss":0},{"damage_healed":0,"gold_gain":0,"player_choice":"Became a Ghost","damage_taken":0,"max_hp_gain":0,"max_hp_loss":41,"event_name":"Ghosts","floor":21,"gold_loss":0,"cards_obtained":["Ghostly","Ghostly","Ghostly","Ghostly","Ghostly"]}],"is_beta":false,"boss_relics":[{"not_picked":["Sozu","Coffee Dripper"],"picked":"Busted Crown"}],"items_purged_floors":[],"is_endless":false,"potions_floor_spawned":[10,13,14],"killed_by":"Book of Stabbing","ascension_level":3}}