{"host":"3a1ypf1irl30q4k8","time":1609586309,"event":{"mods":["AchievementEnabler","BaseMod","Bestiary","Colored Map","Minty Spire (QoL Compilation)","Relic Stats"],"gold_per_floor":[119,119,130,145,61,61,71,86,86,66,98,98,132,144,144,242,242,252,265,265,540,556,556,568,568,568,595,614,82,117,128,128,228,228,247,302,317,317,330,330,346,346,414,433,452,90,90,140,140,140,140,140,8,38,38],"floor_reached":56,"playtime":3792,"items_purged":["Strike_R","Strike_R","Strike_R"],"score":1422,"play_id":"489d8c5f-57eb-49d1-8864-f979a31df6c2","local_time":"20210102111829","is_ascension_mode":true,"campfire_choices":[{"data":"Clothesline","floor":6,"key":"SMITH"},{"floor":12,"key":"REST"},{"data":"Fiend Fire","floor":15,"key":"SMITH"},{"data":"Impervious","floor":23,"key":"SMITH"},{"floor":25,"key":"REST"},{"floor":32,"key":"REST"},{"floor":40,"key":"RECALL"},{"data":"Spot Weakness","floor":42,"key":"SMITH"},{"data":"Iron Wave","floor":49,"key":"SMITH"},{"data":"Shrug It Off","floor":52,"key":"SMITH"}],"circlet_count":0,"master_deck":["Strike_R","Defend_R","Defend_R","Defend_R","Defend_R","Bash","CurseOfTheBell","Clothesline+1","Demon Form+1","Wild Strike","Warcry","Fire Breathing+1","Shrug It Off+1","Body Slam","Iron Wave+1","Impervious+1","Fiend Fire+1","Infernal Blade","Reaper","Bloodletting","Wild Strike+1","Regret","Armaments+1","Parasite","Fire Breathing+1","Carnage","Carnage","Master of Strategy","Discovery","Spot Weakness+1","Power Through+1","Feed+1","True Grit+1","Carnage+1","Dark Embrace+1","Battle Trance+1","Parasite","Warcry+1","Clumsy","Sentinel+1","Jack Of All Trades","Body Slam+1"],"relics":["Calling Bell","Pen Nib","Frozen Egg 2","Calipers","Anchor","Dead Branch","Cursed Key","InkBottle","Prayer Wheel","Medical Kit","Tiny Chest","Mark of Pain","Pocketwatch","Pear","Membership Card","Self Forming Clay","Question Card","Gambling Chip","Mango"],"acts_visited":["Exordium","TheCity","TheBeyond","TheEnding"],"potions_floor_usage":[11,16,22,22,30,30,37,44,50,55,55],"damage_taken":[{"damage":10,"enemies":"Cultist","floor":1,"turns":4},{"damage":3,"enemies":"Jaw Worm","floor":3,"turns":3},{"damage":3,"enemies":"Small Slimes","floor":4,"turns":3},{"damage":5,"enemies":"3 Louse","floor":7,"turns":4},{"damage":14,"enemies":"Exordium Thugs","floor":8,"turns":4},{"damage":11,"enemies":"Gremlin Nob","floor":11,"turns":4},{"damage":8,"enemies":"Lagavulin","floor":13,"turns":5},{"damage":0,"enemies":"Gremlin Gang","floor":14,"turns":5},{"damage":31,"enemies":"Hexaghost","floor":16,"turns":6},{"damage":11,"enemies":"Chosen","floor":18,"turns":5},{"damage":8,"enemies":"Spheric Guardian","floor":19,"turns":3},{"damage":11,"enemies":"3 Cultists","floor":22,"turns":5},{"damage":3,"enemies":"Chosen and Byrds","floor":24,"turns":5},{"damage":31,"enemies":"Slavers","floor":27,"turns":4},{"damage":7,"enemies":"Snecko","floor":28,"turns":4},{"damage":29,"enemies":"Book of Stabbing","floor":30,"turns":6},{"damage":2,"enemies":"Centurion and Healer","floor":31,"turns":3},{"damage":53,"enemies":"Automaton","floor":33,"turns":8},{"damage":4,"enemies":"3 Shapes","floor":35,"turns":5},{"damage":16,"enemies":"2 Orb Walkers","floor":36,"turns":3},{"damage":15,"enemies":"Orb Walker","floor":37,"turns":3},{"damage":13,"enemies":"Jaw Worm Horde","floor":39,"turns":4},{"damage":12,"enemies":"3 Darklings","floor":41,"turns":3},{"damage":3,"enemies":"Spire Growth","floor":44,"turns":2},{"damage":3,"enemies":"Transient","floor":45,"turns":5},{"damage":0,"enemies":"Mind Bloom Boss Battle","floor":48,"turns":3},{"damage":57,"enemies":"Awakened One","floor":50,"turns":10},{"damage":9,"enemies":"Shield and Spear","floor":54,"turns":3},{"damage":77,"enemies":"The Heart","floor":55,"turns":8}],"seed_played":"6830802034992682066","potions_obtained":[{"floor":1,"key":"Energy Potion"},{"floor":3,"key":"FairyPotion"},{"floor":13,"key":"SmokeBomb"},{"floor":14,"key":"CultistPotion"},{"floor":16,"key":"LiquidBronze"},{"floor":18,"key":"AttackPotion"},{"floor":22,"key":"SkillPotion"},{"floor":28,"key":"DuplicationPotion"},{"floor":30,"key":"Weak Potion"},{"floor":37,"key":"LiquidBronze"},{"floor":41,"key":"SteroidPotion"}],"is_trial":false,"path_per_floor":["M","?","M","M","$","R","M","M","T","?","E","R","E","M","R","B",null,"M","M","?","?","M","R","M","R","T","E","M","$","E","M","R","B",null,"M","?","M","?","M","R","M","R","T","M","M","$","T","?","R","B",null,"R","$","E","B",null],"character_chosen":"IRONCLAD","items_purchased":["Fire Breathing+1","Shrug It Off","Medical Kit","Carnage","Master of Strategy","Discovery","Membership Card","Self Forming Clay","LiquidMemories","Block Potion","Jack Of All Trades"],"campfire_rested":3,"item_purchase_floors":[5,5,29,29,29,29,46,46,46,53,53],"current_hp_per_floor":[70,70,67,64,64,64,59,45,45,45,34,58,50,50,50,19,80,69,61,61,61,54,54,57,80,80,61,58,58,33,31,55,10,80,76,74,65,65,78,78,66,66,76,77,74,74,74,74,74,33,98,98,98,109,48],"gold":38,"neow_bonus":"BOSS_RELIC","is_daily":false,"chose_seed":false,"campfire_upgraded":6,"win_rate":0.0,"timestamp":1609586309,"path_taken":["M","?","M","?","$","R","M","M","T","?","E","R","E","M","R","BOSS","M","M","?","?","?","R","M","R","T","E","M","$","E","M","R","BOSS","M","?","M","?","?","R","M","R","T","M","M","$","?","?","R","BOSS","R","$","E","BOSS"],"items_purchased_type":["Card","Card","Relic","Card","Card","Card","Relic","Relic","Potion","Potion","Card"],"build_version":"2020-12-22","purchased_purges":3,"victory":true,"max_hp_per_floor":[80,80,80,80,80,80,80,80,80,80,80,80,80,80,80,80,80,80,80,80,80,80,80,80,80,80,80,80,80,80,80,80,80,80,80,80,80,80,80,80,80,80,90,94,94,94,94,94,94,98,98,98,98,112,112],"relic_stats":{"counters":[29,130],"Self Forming Clay":[75],"Dead Branch":[224],"Pen Nib":[21],"Cursed Key":3,"Medical Kit":[28],"Question Card":2,"Gambling Chip":[10],"Prayer Wheel":8,"Tiny Chest":1,"obtain_stats":[{"Calipers":0,"Pear":43,"Self Forming Clay":46,"Dead Branch":13,"Mango":54,"Pen Nib":0,"Frozen Egg 2":0,"Cursed Key":17,"Medical Kit":29,"Question Card":47,"Burning Blood":0,"Calling Bell":0,"Anchor":11,"Gambling Chip":48,"Prayer Wheel":27,"Tiny Chest":30,"Mark of Pain":34,"Membership Card":46,"InkBottle":26,"Pocketwatch":36},{"Calipers":0,"Pear":23,"Self Forming Clay":25,"Dead Branch":7,"Mango":28,"Pen Nib":0,"Frozen Egg 2":0,"Cursed Key":9,"Medical Kit":15,"Question Card":25,"Burning Blood":0,"Calling Bell":0,"Anchor":6,"Gambling Chip":26,"Prayer Wheel":14,"Tiny Chest":16,"Mark of Pain":18,"Membership Card":25,"InkBottle":13,"Pocketwatch":20},{"Calipers":0,"Pear":99,"Self Forming Clay":106,"Dead Branch":27,"Mango":122,"Pen Nib":0,"Frozen Egg 2":0,"Cursed Key":38,"Medical Kit":64,"Question Card":106,"Burning Blood":0,"Calling Bell":0,"Anchor":22,"Gambling Chip":109,"Prayer Wheel":60,"Tiny Chest":70,"Mark of Pain":81,"Membership Card":106,"InkBottle":56,"Pocketwatch":89}],"InkBottle":[34],"Pocketwatch":[9]},"card_choices":[{"not_picked":["Power Through","Twin Strike"],"picked":"Clothesline","floor":1},{"not_picked":["Clothesline","Headbutt"],"picked":"Wild Strike","floor":3},{"not_picked":["Clash","Feel No Pain+1"],"picked":"Warcry","floor":4},{"not_picked":["Evolve+1","Sever Soul"],"picked":"Body Slam","floor":7},{"not_picked":["Sword Boomerang","Combust+1"],"picked":"Iron Wave","floor":8},{"not_picked":["Cleave","Whirlwind"],"picked":"Impervious","floor":11},{"not_picked":["Thunderclap","Havoc"],"picked":"Fiend Fire","floor":13},{"not_picked":["Dropkick","Twin Strike"],"picked":"Infernal Blade","floor":14},{"not_picked":["Berserk+1","Bludgeon"],"picked":"Reaper","floor":16},{"not_picked":["Combust+1","Shrug It Off"],"picked":"Bloodletting","floor":18},{"not_picked":["Perfected Strike","Body Slam"],"picked":"Wild Strike+1","floor":19},{"not_picked":["Wild Strike","Evolve+1"],"picked":"Armaments+1","floor":22},{"not_picked":["Searing Blow","Bludgeon","Wild Strike"],"picked":"SKIP","floor":24},{"not_picked":["Iron Wave","Flex","Rupture+1"],"picked":"SKIP","floor":27},{"not_picked":["Berserk+1","Rupture+1"],"picked":"Fire Breathing+1","floor":28},{"not_picked":["Cleave+1","Thunderclap"],"picked":"Carnage","floor":28},{"not_picked":["Thunderclap+1","Rupture+1"],"picked":"Spot Weakness","floor":30},{"not_picked":["Flex","Shockwave"],"picked":"Power Through+1","floor":31},{"not_picked":["Rupture+1","Pommel Strike","Thunderclap+1"],"picked":"SKIP","floor":31},{"not_picked":["Demon Form+1","Bludgeon"],"picked":"Feed","floor":33},{"not_picked":["Warcry","Body Slam+1"],"picked":"True Grit+1","floor":35},{"not_picked":["Clothesline","Thunderclap","Headbutt"],"picked":"SKIP","floor":35},{"not_picked":["Heavy Blade+1","Headbutt"],"picked":"Carnage+1","floor":36},{"not_picked":["Second Wind+1","Anger","Spot Weakness"],"picked":"SKIP","floor":37},{"not_picked":["Spot Weakness","Clothesline","Rage"],"picked":"SKIP","floor":37},{"not_picked":["Anger","Pommel Strike"],"picked":"Dark Embrace+1","floor":39},{"not_picked":["Thunderclap","Anger","Sword Boomerang"],"picked":"SKIP","floor":39},{"not_picked":["Disarm","Sword Boomerang+1"],"picked":"Battle Trance+1","floor":41},{"not_picked":["Headbutt+1","Twin Strike+1","Armaments"],"picked":"SKIP","floor":41},{"not_picked":["Double Tap","Reckless Charge","Perfected Strike+1"],"picked":"SKIP","floor":44},{"not_picked":["Thunderclap","Bloodletting","Cleave+1"],"picked":"SKIP","floor":44},{"not_picked":["Wild Strike","Headbutt+1"],"picked":"Warcry+1","floor":45},{"not_picked":["Thunderclap","Anger+1","Whirlwind"],"picked":"SKIP","floor":45},{"not_picked":["Heavy Blade+1","Thunderclap+1","Uppercut+1"],"picked":"Sentinel+1","floor":48},{"not_picked":["Fiend Fire","Blood for Blood","Whirlwind"],"picked":"Body Slam+1","floor":54}],"player_experience":940613,"relics_obtained":[{"floor":0,"key":"Pen Nib"},{"floor":0,"key":"Frozen Egg 2"},{"floor":0,"key":"Calipers"},{"floor":11,"key":"Anchor"},{"floor":13,"key":"Dead Branch"},{"floor":26,"key":"InkBottle"},{"floor":27,"key":"Prayer Wheel"},{"floor":30,"key":"Tiny Chest"},{"floor":36,"key":"Pocketwatch"},{"floor":43,"key":"Pear"},{"floor":47,"key":"Question Card"},{"floor":48,"key":"Gambling Chip"},{"floor":54,"key":"Mango"}],"event_choices":[{"damage_healed":0,"gold_gain":0,"cards_transformed":["Strike_R"],"player_choice":"Transformed","damage_taken":0,"max_hp_gain":0,"max_hp_loss":0,"event_name":"Transmorgrifier","floor":2,"gold_loss":0,"cards_obtained":["Demon Form"]},{"damage_healed":0,"gold_gain":0,"player_choice":"Left Gold","damage_taken":0,"max_hp_gain":0,"max_hp_loss":0,"event_name":"World of Goop","floor":10,"gold_loss":20},{"damage_healed":0,"gold_gain":0,"player_choice":"Ignored","damage_taken":0,"max_hp_gain":0,"max_hp_loss":0,"event_name":"Ghosts","floor":20,"gold_loss":0},{"damage_healed":0,"gold_gain":275,"player_choice":"Desecrate","damage_taken":0,"max_hp_gain":0,"max_hp_loss":0,"event_name":"Golden Shrine","floor":21,"gold_loss":0,"cards_obtained":["Regret"]},{"damage_healed":0,"gold_gain":0,"player_choice":"Fight","damage_taken":0,"max_hp_gain":0,"max_hp_loss":0,"event_name":"Mysterious Sphere","floor":36,"gold_loss":0},{"damage_healed":0,"gold_gain":0,"player_choice":"Upgraded","damage_taken":0,"max_hp_gain":0,"max_hp_loss":0,"event_name":"Upgrade Shrine","floor":38,"gold_loss":0,"cards_upgraded":["Feed"]},{"damage_healed":0,"gold_gain":0,"player_choice":"Fight","damage_taken":0,"max_hp_gain":0,"max_hp_loss":0,"event_name":"MindBloom","floor":48,"gold_loss":0}],"is_beta":false,"boss_relics":[{"not_picked":["Astrolabe","Fusion Hammer"],"picked":"Cursed Key"},{"not_picked":["Tiny House","SacredBark"],"picked":"Mark of Pain"}],"items_purged_floors":[29,46,53],"is_endless":false,"potions_floor_spawned":[1,3,13,14,16,18,22,28,30,37,41,48,54],"ascension_level":1}}