{"host":"640uue19m79c7wbt","time":1609562022,"event":{"mods":["BaseMod","Colored Map","Googly Eyes","Highlight Path","Minty Spire (QoL Compilation)","Quick Restart","StSLib"],"gold_per_floor":[112,122,53,53,128,128,154,168,195,195,207,239,239,126,126,224,224,235,248,248,262,262,262,276,276,276,276,276,22,49,101,101,196,196,212,225,225,225,225,258,310,310,310,322,322,30,47,47,47,47,47],"floor_reached":50,"playtime":2018,"items_purged":["Strike_G"],"score":618,"play_id":"e4ac9b67-ec17-4e5b-8e36-52e1b3c26dca","local_time":"20210101233342","is_ascension_mode":true,"campfire_choices":[{"data":"Dagger Spray","floor":6.0,"key":"SMITH"},{"floor":10.0,"key":"REST"},{"floor":13.0,"key":"REST"},{"data":"Accuracy","floor":15.0,"key":"SMITH"},{"floor":23.0,"key":"REST"},{"floor":25.0,"key":"REST"},{"floor":27.0,"key":"REST"},{"floor":32.0,"key":"REST"},{"floor":42.0,"key":"REST"},{"floor":45.0,"key":"REST"},{"floor":49.0,"key":"REST"}],"circlet_count":0,"master_deck":["Strike_G","Strike_G","Strike_G","Strike_G","Defend_G","Defend_G","Defend_G","Defend_G","Survivor","Neutralize","Infinite Blades","Underhanded Strike","Dagger Throw","Dagger Spray+1","Accuracy+1","Finisher","Die Die Die","Acrobatics","Well Laid Plans","Night Terror","Terror","Escape Plan","Dash","Underhanded Strike","Blade Dance","Storm of Steel","Setup+1","Cloak And Dagger","Writhe","Backflip+1","Underhanded Strike","Reflex+1","Accuracy"],"relics":["Ring of the Serpent","Thread and Needle","Oddly Smooth Stone","Happy Flower","Tiny Chest","SacredBark","MutagenicStrength","Pantograph","Shuriken","Lantern","Pen Nib","Boot","PreservedInsect","Torii","Tingsha","Ornamental Fan","Gremlin Horn"],"acts_visited":["Exordium","TheCity","TheBeyond"],"potions_floor_usage":[50,50],"damage_taken":[{"damage":2.0,"enemies":"Cultist","floor":1.0,"turns":3.0},{"damage":3.0,"enemies":"Jaw Worm","floor":2.0,"turns":4.0},{"damage":13.0,"enemies":"3 Sentries","floor":7.0,"turns":6.0},{"damage":0.0,"enemies":"2 Louse","floor":8.0,"turns":2.0},{"damage":0.0,"enemies":"Large Slime","floor":11.0,"turns":4.0},{"damage":22.0,"enemies":"Lagavulin","floor":12.0,"turns":5.0},{"damage":3.0,"enemies":"Hexaghost","floor":16.0,"turns":8.0},{"damage":27.0,"enemies":"Shell Parasite","floor":18.0,"turns":6.0},{"damage":9.0,"enemies":"2 Thieves","floor":19.0,"turns":2.0},{"damage":16.0,"enemies":"Snecko","floor":21.0,"turns":5.0},{"damage":25.0,"enemies":"Snake Plant","floor":24.0,"turns":4.0},{"damage":20.0,"enemies":"Slavers","floor":30.0,"turns":4.0},{"damage":7.0,"enemies":"Automaton","floor":33.0,"turns":6.0},{"damage":0.0,"enemies":"Orb Walker","floor":35.0,"turns":3.0},{"damage":12.0,"enemies":"3 Darklings","floor":36.0,"turns":3.0},{"damage":17.0,"enemies":"Nemesis","floor":40.0,"turns":5.0},{"damage":46.0,"enemies":"2 Orb Walkers","floor":41.0,"turns":5.0},{"damage":0.0,"enemies":"Jaw Worm Horde","floor":44.0,"turns":3.0},{"damage":22.0,"enemies":"Spire Growth","floor":47.0,"turns":3.0},{"damage":70,"enemies":"Awakened One","floor":50,"turns":6}],"seed_played":"8362439802047600366","potions_obtained":[{"floor":8.0,"key":"Dexterity Potion"},{"floor":12.0,"key":"ColorlessPotion"},{"floor":18.0,"key":"PowerPotion"},{"floor":24.0,"key":"CultistPotion"},{"floor":33.0,"key":"Explosive Potion"},{"floor":41.0,"key":"EssenceOfSteel"},{"floor":44.0,"key":"Explosive Potion"},{"floor":47.0,"key":"PowerPotion"}],"is_trial":false,"path_per_floor":["M","M","$","T","?","R","E","M","T","R","M","E","R","$","R","B",null,"M","M","?","M","?","R","M","R","T","R","?","$","E","T","R","B",null,"M","M","?","?","T","E","?","R","T","M","R","$","M","?","R","B"],"character_chosen":"THE_SILENT","items_purchased":["Dagger Throw","Dagger Spray","Well Laid Plans","Shuriken","Ornamental Fan","SteroidPotion"],"campfire_rested":9,"item_purchase_floors":[3,3,14,29,46,46],"current_hp_per_floor":[47,44,44,44,33,33,20,20,20,41,41,19,40,40,40,37,62,35,26,26,10,10,31,6,27,27,48,48,48,28,28,49,63,68,68,56,70,70,70,53,7,28,28,28,49,49,27,27,48,0,0],"gold":47,"neow_bonus":"ONE_RARE_RELIC","is_daily":false,"chose_seed":false,"campfire_upgraded":2,"win_rate":0.0,"timestamp":1609562022,"path_taken":["M","M","$","?","?","R","E","M","T","R","M","E","R","$","R","BOSS","M","M","?","M","?","R","M","R","T","R","?","$","E","?","R","BOSS","M","?","?","?","?","E","?","R","T","M","R","$","M","?","R","BOSS"],"items_purchased_type":["Card","Card","Card","Relic","Relic","Potion"],"build_version":"2020-12-22","purchased_purges":1,"victory":false,"max_hp_per_floor":[70,70,70,70,70,70,70,70,70,70,70,70,70,70,70,70,70,70,70,70,70,70,70,70,70,70,70,70,70,70,70,70,70,70,70,70,70,70,70,70,70,70,70,70,70,70,70,70,70,70,70],"card_choices":[{"not_picked":["Prepared","Deflect"],"picked":"Infinite Blades","floor":1.0},{"not_picked":["Dodge and Roll","Expertise"],"picked":"Underhanded Strike","floor":2.0},{"not_picked":["Deadly Poison","Bane"],"picked":"Accuracy","floor":7.0},{"not_picked":["Bane","Footwork"],"picked":"Finisher","floor":8.0},{"not_picked":["Bane","Sucker Punch"],"picked":"Die Die Die","floor":11.0},{"not_picked":["Deflect","Outmaneuver"],"picked":"Acrobatics","floor":12.0},{"not_picked":["Wraith Form v2","Burst"],"picked":"Night Terror","floor":16.0},{"not_picked":["Deadly Poison","Poisoned Stab"],"picked":"Terror","floor":18.0},{"not_picked":["Expertise","Sucker Punch"],"picked":"Escape Plan","floor":19.0},{"not_picked":["Prepared","Bane"],"picked":"Dash","floor":21.0},{"not_picked":["Deadly Poison","Dagger Throw"],"picked":"Underhanded Strike","floor":24.0},{"not_picked":["Night Terror","Poisoned Stab"],"picked":"Blade Dance","floor":30.0},{"not_picked":["Night Terror","Grand Finale"],"picked":"Storm of Steel","floor":33.0},{"not_picked":["Sucker Punch+1","Dodge and Roll+1"],"picked":"Setup+1","floor":35.0},{"not_picked":["Underhanded Strike","Terror+1"],"picked":"Cloak And Dagger","floor":36.0},{"not_picked":["Calculated Gamble","Deflect"],"picked":"Backflip+1","floor":40.0},{"not_picked":["All Out Attack","Masterful Stab+1"],"picked":"Underhanded Strike","floor":41.0},{"not_picked":["Quick Slash","Poisoned Stab"],"picked":"Reflex+1","floor":44.0},{"not_picked":["Underhanded Strike+1","Die Die Die"],"picked":"Accuracy","floor":47.0}],"player_experience":545801,"relics_obtained":[{"floor":4.0,"key":"Oddly Smooth Stone"},{"floor":7.0,"key":"Happy Flower"},{"floor":12.0,"key":"Tiny Chest"},{"floor":26.0,"key":"Pantograph"},{"floor":30.0,"key":"Lantern"},{"floor":31.0,"key":"Pen Nib"},{"floor":39.0,"key":"Boot"},{"floor":40.0,"key":"PreservedInsect"},{"floor":41.0,"key":"Torii"},{"floor":43.0,"key":"Tingsha"}],"event_choices":[{"damage_healed":0.0,"max_hp_gain":0.0,"max_hp_loss":0.0,"gold_gain":75.0,"event_name":"World of Goop","player_choice":"Gather Gold","floor":5.0,"gold_loss":0.0,"damage_taken":11.0},{"damage_healed":0.0,"max_hp_gain":0.0,"max_hp_loss":0.0,"gold_gain":0.0,"event_name":"Vampires","player_choice":"Ignored","floor":20.0,"gold_loss":0.0,"damage_taken":0.0},{"damage_healed":0.0,"max_hp_gain":0.0,"max_hp_loss":0.0,"gold_gain":0.0,"event_name":"Drug Dealer","player_choice":"Inject Mutagens","floor":22.0,"gold_loss":0.0,"damage_taken":0.0,"relics_obtained":["MutagenicStrength"]},{"damage_healed":0.0,"max_hp_gain":0.0,"max_hp_loss":0.0,"gold_gain":0.0,"event_name":"Ghosts","player_choice":"Ignored","floor":28.0,"gold_loss":0.0,"damage_taken":0.0},{"damage_healed":18.0,"max_hp_gain":0.0,"max_hp_loss":0.0,"gold_gain":0.0,"event_name":"Winding Halls","player_choice":"Writhe","floor":37.0,"gold_loss":0.0,"damage_taken":0.0,"cards_obtained":["Writhe"]},{"cards_removed":["Defend_G"],"damage_healed":0.0,"max_hp_gain":0.0,"max_hp_loss":0.0,"gold_gain":0.0,"event_name":"Falling","player_choice":"Removed Skill","floor":38.0,"gold_loss":0.0,"damage_taken":0.0},{"damage_healed":0.0,"max_hp_gain":0.0,"max_hp_loss":0.0,"gold_gain":0.0,"event_name":"Mysterious Sphere","player_choice":"Fight","floor":41.0,"gold_loss":0.0,"damage_taken":0.0},{"damage_healed":0.0,"max_hp_gain":0.0,"max_hp_loss":0.0,"gold_gain":0.0,"event_name":"WeMeetAgain","player_choice":"Gave Potion","floor":48.0,"gold_loss":0.0,"damage_taken":0.0,"relics_obtained":["Gremlin Horn"]}],"is_beta":false,"boss_relics":[{"not_picked":["Tiny House","Busted Crown"],"picked":"SacredBark"},{"not_picked":["Philosopher\u0027s Stone","Velvet Choker"],"picked":"Ring of the Serpent"}],"items_purged_floors":[14],"is_endless":false,"potions_floor_spawned":[8,12,18,24,33,41,44,47],"killed_by":"Awakened One","ascension_level":5}}