{"host":"2820e8i2y38gm4bp","time":1609617315,"event":{"mods":["2.2 Compatiblity","Act Like it!","BaseMod","Better Note","BetterRewards","Downfall","Elementarium","GungeonMod","Hubris","Marisa????????","Minty Spire (QoL Compilation)","Rare Cards Sparkle","Replay The Spire","Shop Mod","StSLib","The Cursed","The Jungle"],"gold_per_floor":[199,218,232,232,244,244,244,43,78,89,124,124,299,312,329,434,434,434,448,448,462,38,51,51,66,13,13,13,13,13],"floor_reached":28,"playtime":1704,"items_purged":["Guardian:Strike_Guardian"],"score":242,"play_id":"fa1904ca-95fe-4153-85e9-18f152bbe580","local_time":"20210102145515","is_ascension_mode":true,"campfire_choices":[{"floor":12.0,"key":"REST"},{"floor":18.0,"key":"RECALL"},{"floor":27.0,"key":"REST"}],"circlet_count":0,"master_deck":["Guardian:Strike_Guardian","Guardian:Strike_Guardian","Guardian:Defend_Guardian","Guardian:Defend_Guardian","Guardian:Defend_Guardian","Guardian:Defend_Guardian","Guardian:CurlUp","Guardian:TwinSlam","Guardian:FloatingOrbs","Guardian:PrismaticBeam","Guardian:Recover","Guardian:RollAttack","Guardian:MultiBeam","Guardian:Clone","Doubt","Guardian:GemFinder","Guardian:EvasiveProtocol","Guardian:StasisStrike","Guardian:Incinerate","Guardian:Reroute","Guardian:WalkerClaw","Guardian:FloatingOrbs","Guardian:PrismaticBarrier","Guardian:TimeCapacitor"],"relics":["Guardian:ModeShifter","hubris:Towel","hubris:PeanutButter","DemoMod:GnawedKey","Replay:Rubber Ducky","Regal Pillow","SlaversCollar","Girya","White Beast Statue"],"acts_visited":["Exordium","TheCity"],"potions_floor_usage":[],"damage_taken":[{"damage":0.0,"enemies":"Jaw Worm","floor":2.0,"turns":4.0},{"damage":5.0,"enemies":"Cultist","floor":3.0,"turns":3.0},{"damage":0.0,"enemies":"Small Slimes","floor":5.0,"turns":3.0},{"damage":0.0,"enemies":"downfall:FleeingMerchant","floor":8.0,"turns":4.0},{"damage":28.0,"enemies":"Gremlin Nob","floor":9.0,"turns":6.0},{"damage":1.0,"enemies":"Exordium Wildlife","floor":10.0,"turns":5.0},{"damage":21.0,"enemies":"Lagavulin","floor":11.0,"turns":7.0},{"damage":0.0,"enemies":"Red Slaver","floor":14.0,"turns":3.0},{"damage":0.0,"enemies":"Large Slime","floor":15.0,"turns":5.0},{"damage":17.0,"enemies":"downfall:Watcher","floor":16.0,"turns":10.0},{"damage":20.0,"enemies":"Spheric Guardian","floor":19.0,"turns":6.0},{"damage":3.0,"enemies":"Snecko","floor":21.0,"turns":6.0},{"damage":0.0,"enemies":"downfall:FleeingMerchant","floor":22.0,"turns":4.0},{"damage":11.0,"enemies":"Chosen and Byrds","floor":23.0,"turns":7.0},{"damage":17.0,"enemies":"Centurion and Healer","floor":25.0,"turns":5.0},{"damage":0.0,"enemies":"downfall:FleeingMerchant","floor":26.0,"turns":4.0},{"damage":0,"enemies":"Cultist and Chosen","floor":28,"turns":1}],"seed_played":"4818441164589144514","potions_obtained":[{"floor":1.0,"key":"SteroidPotion"},{"floor":1.0,"key":"SmokeBomb"},{"floor":2.0,"key":"DuplicationPotion"},{"floor":3.0,"key":"Venom Potion"},{"floor":9.0,"key":"Weak Potion"},{"floor":14.0,"key":"potionbrewer:EndurancePotion"},{"floor":19.0,"key":"Elixir"},{"floor":25.0,"key":"CultistPotion"},{"floor":26.0,"key":"Weak Potion"}],"is_trial":false,"path_per_floor":["R","M","M","?","M","?","T","$","E","M","E","R","?","M","M","B",null,"R","M","?","M","$","M","T","M","$","R","M"],"character_chosen":"GUARDIAN","items_purchased":["Guardian:Recover","DemoMod:GnawedKey","Guardian:RollAttack","Guardian:WalkerClaw","Girya","Guardian:Gem_Yellow"],"campfire_rested":2,"item_purchase_floors":[8,8,8,22,22,26],"current_hp_per_floor":[80,80,75,75,75,75,75,75,47,46,25,64,64,64,64,47,80,80,60,60,57,57,46,46,29,29,68,68,68,68],"gold":13,"neow_bonus":"HUNDRED_GOLD","is_daily":false,"chose_seed":false,"campfire_upgraded":0,"win_rate":0.0,"timestamp":1609617315,"path_taken":["R","M","M","?","M","?","T","$","E","?","E","R","?","M","M","BOSS","R","M","?","M","$","M","T","?","?","R","M"],"items_purchased_type":["Card","Relic","Card","Card","Relic","Card"],"build_version":"2020-12-22","purchased_purges":1,"victory":false,"max_hp_per_floor":[80,80,80,80,80,80,80,80,80,80,80,80,80,80,80,80,80,80,80,80,80,80,80,80,80,80,80,80,80,80],"card_choices":[{"not_picked":["Guardian:Recover","Guardian:Gem_Blue"],"picked":"Guardian:Gem_Red","floor":2.0},{"not_picked":["Guardian:CrystalBeam","Guardian:Gem_Lightblue"],"picked":"Guardian:Gem_Yellow","floor":3.0},{"not_picked":["Guardian:Emergency","Guardian:PiercingHide"],"picked":"Guardian:FloatingOrbs","floor":5.0},{"not_picked":["Guardian:Gem_Green","Guardian:FloatingOrbs"],"picked":"Guardian:PrismaticBeam","floor":8.0},{"not_picked":["Guardian:TemporalStrike","Guardian:PrimingBeam"],"picked":"Guardian:MultiBeam","floor":9.0},{"not_picked":["Guardian:RollAttack","Guardian:TemporalStrike"],"picked":"Guardian:Clone","floor":10.0},{"not_picked":["Guardian:CrystalBeam","Guardian:Incinerate"],"picked":"Guardian:Gem_Synthetic","floor":11.0},{"not_picked":["Guardian:PolyBeam","Guardian:PrismaticBeam"],"picked":"Guardian:GemFinder","floor":14.0},{"not_picked":["Guardian:Gem_Lightblue","Guardian:Gem_Cyan"],"picked":"Guardian:Gem_Green","floor":15.0},{"not_picked":["Guardian:Gem_Red","Guardian:Gem_Cyan"],"picked":"Guardian:Gem_Green","floor":15.0},{"not_picked":["Guardian:ShieldCharger","Guardian:Reroute"],"picked":"Guardian:EvasiveProtocol","floor":15.0},{"not_picked":["Guardian:Gem_Cyan","Guardian:Gem_Green"],"picked":"Guardian:Gem_Red","floor":16.0},{"not_picked":["Guardian:Gem_Green","Guardian:Gem_Cyan"],"picked":"Guardian:Gem_Lightblue","floor":16.0},{"not_picked":["Guardian:Gem_Synthetic","Guardian:SphericShield"],"picked":"Guardian:StasisStrike","floor":16.0},{"not_picked":["Guardian:Gem_Green","Guardian:Gem_Red"],"picked":"Guardian:Gem_Cyan","floor":19.0},{"not_picked":["Guardian:Orbwalk","Guardian:Gem_Purple"],"picked":"Guardian:Incinerate","floor":19.0},{"not_picked":["Guardian:PiercingHide","Guardian:MultiBeam"],"picked":"Guardian:Reroute","floor":21.0},{"not_picked":["Guardian:WalkerClaw","Guardian:SphericShield","Guardian:SentryBeam"],"picked":"SKIP","floor":22.0},{"not_picked":["Guardian:PolyBeam","Guardian:Orbwalk+1"],"picked":"Guardian:FloatingOrbs","floor":23.0},{"not_picked":["Guardian:BronzeOrb","Guardian:Planning"],"picked":"Guardian:PrismaticBarrier","floor":25.0},{"not_picked":["Guardian:Orbwalk+1","Guardian:Gem_Green"],"picked":"Guardian:TimeCapacitor","floor":26.0}],"player_experience":511292,"relics_obtained":[{"floor":7.0,"key":"hubris:PeanutButter"},{"floor":9.0,"key":"Replay:Rubber Ducky"},{"floor":11.0,"key":"Regal Pillow"},{"floor":24.0,"key":"White Beast Statue"}],"event_choices":[{"cards_removed":["Guardian:Strike_Guardian"],"damage_healed":0.0,"max_hp_gain":0.0,"max_hp_loss":0.0,"gold_gain":0.0,"event_name":"Purifier","player_choice":"Purged","floor":20.0,"gold_loss":0.0,"damage_taken":0.0}],"is_beta":false,"boss_relics":[{"not_picked":["hubris:VirtuousBlindfold","hubris:Stopwatch"],"picked":"SlaversCollar"}],"items_purged_floors":[22],"is_endless":false,"potions_floor_spawned":[2,3,9,14,19,25,26],"killed_by":"Cultist and Chosen","ascension_level":1}}