{"host":"40f49r155zsx8eqk","time":1609595872,"event":{"mods":["AchievementEnabler","Aspiration","BaseMod","Googly Eyes","Minty Spire (QoL Compilation)","Relic Sorter","Replay The Spire","StSLib","The Gatherer"],"gold_per_floor":[109,109,128,145,159,186,206,238,238,238,248,248,267,44,44,139,139,154,28,38,56,71,71,99,99,99,116,116,126,142,152,152,251,251,264,307,319,319,319,335,355,355,382,382,382,395,395,47,57,73,73,73],"floor_reached":53,"playtime":5701,"items_purged":["Hallucinations"],"score":754,"play_id":"75025e64-6c2c-4ae0-a053-a306d13469d5","local_time":"20210102165752","is_ascension_mode":false,"metric_token":608,"campfire_choices":[{"data":"Gatherer:Centralize","floor":12,"key":"SMITH"},{"data":"Gatherer:FlowerFalling","floor":15,"key":"SMITH"},{"data":"Gatherer:TacticalStrike","floor":23,"key":"SMITH"},{"data":"Gatherer:Misfortune","floor":25,"key":"SMITH"},{"data":"Gatherer:Liquidism","floor":32,"key":"SMITH"},{"data":"Gatherer:OddSpoils","floor":42,"key":"SMITH"}],"circlet_count":0,"master_deck":["Gatherer:Strike_Gatherer","Gatherer:Strike_Gatherer","Gatherer:Strike_Gatherer","Gatherer:Strike_Gatherer","Gatherer:Strike_Gatherer","Gatherer:Defend_Gatherer","Gatherer:Defend_Gatherer","Gatherer:Defend_Gatherer","Gatherer:Defend_Gatherer","Gatherer:Centralize+1","Gatherer:FlowerWhip+1","Gatherer:Pollute","Gatherer:Snatch","Gatherer:Liquidism+1","Gatherer:BigPouch","Gatherer:ScherryThrow","Gatherer:EnergyBasket","Gatherer:BalancedGrowth","Gatherer:FlowerFalling+2","Gatherer:MiningStrike","Gatherer:AlchemyTrial+1","Gatherer:MindSearch","Gatherer:TacticalStrike+1","Gatherer:OddSpoils+1","Gatherer:Duality+1","Gatherer:GlowingPlant","Gatherer:Shadow","Gatherer:Light","Gatherer:Misfortune+1","Replay:AtTheReady","Aggregate+1","Parasite","Armaments","Hologram","Parasite"],"relics":["Gatherer:AlchemyBag","aspiration:Nostalgia","Burning Blood","ReplayTheSpireMod:Shallot","White Beast Statue","Singing Bowl","Sling","Busted Crown","ReplayTheSpireMod:CursedCoin","Replay:Rubber Ducky","Du-Vu Doll","ReplayTheSpireMod:TigerMarble","PrismaticShard","aspiration:IroncladSkillbook","aspiration:HummingbirdHeart","Toy Ornithopter","Gatherer:FloralEgg"],"acts_visited":["Exordium","TheCity","TheBeyond"],"potions_floor_usage":[16,16,16,21,33,36,41,43,46,52,52],"damage_taken":[{"damage":0,"enemies":"Cultist","floor":1,"turns":3},{"damage":0,"enemies":"Small Slimes","floor":3,"turns":3},{"damage":3,"enemies":"Jaw Worm","floor":4,"turns":3},{"damage":7,"enemies":"Looter","floor":5,"turns":4},{"damage":6,"enemies":"Lagavulin","floor":6,"turns":7},{"damage":19,"enemies":"Gremlin Gang","floor":7,"turns":3},{"damage":15,"enemies":"Gremlin Nob","floor":8,"turns":5},{"damage":8,"enemies":"Exordium Wildlife","floor":11,"turns":5},{"damage":0,"enemies":"2 Fungi Beasts","floor":13,"turns":3},{"damage":24,"enemies":"Hexaghost","floor":16,"turns":8},{"damage":8,"enemies":"Chosen","floor":18,"turns":4},{"damage":1,"enemies":"2 Thieves","floor":20,"turns":4},{"damage":0,"enemies":"Cultist and Chosen","floor":21,"turns":7},{"damage":0,"enemies":"Chosen and Byrds","floor":22,"turns":4},{"damage":0,"enemies":"Gremlin Leader","floor":24,"turns":4},{"damage":4,"enemies":"Shelled Parasite and Fungi","floor":27,"turns":4},{"damage":27,"enemies":"Snake Plant","floor":29,"turns":5},{"damage":0,"enemies":"3 Cultists","floor":30,"turns":5},{"damage":3,"enemies":"Chosen and Byrds","floor":31,"turns":5},{"damage":11,"enemies":"Automaton","floor":33,"turns":10},{"damage":20,"enemies":"3 Shapes","floor":35,"turns":4},{"damage":0,"enemies":"Orb Walker","floor":37,"turns":2},{"damage":2,"enemies":"Writhing Mass","floor":40,"turns":13},{"damage":39,"enemies":"Jaw Worm Horde","floor":41,"turns":5},{"damage":14,"enemies":"Nemesis","floor":43,"turns":13},{"damage":49,"enemies":"Spire Growth","floor":46,"turns":14},{"damage":0,"enemies":"3 Darklings","floor":49,"turns":11},{"damage":0,"enemies":"Writhing Mass","floor":50,"turns":15},{"damage":127,"enemies":"Donu and Deca","floor":52,"turns":20}],"seed_played":"6088655646004969596","potions_obtained":[{"floor":3,"key":"Toxic Potion"},{"floor":6,"key":"EssenceOfSteel"},{"floor":7,"key":"Strength Potion"},{"floor":13,"key":"Fire Potion"},{"floor":16,"key":"Block Potion"},{"floor":18,"key":"Regen Potion"},{"floor":20,"key":"SpeedPotion"},{"floor":21,"key":"Explosive Potion"},{"floor":22,"key":"Adrenaline Potion"},{"floor":33,"key":"SkillPotion"},{"floor":36,"key":"BloodPotion"},{"floor":36,"key":"Regen Potion"},{"floor":41,"key":"BloodPotion"},{"floor":44,"key":"FairyPotion"},{"floor":44,"key":"Flashbang"},{"floor":46,"key":"FearPotion"}],"is_trial":false,"path_per_floor":["M","?","M","M","M","E","M","E","T","?","M","R","M","$","R","B",null,"M","$","M","M","M","R","E","R","T","M","?","M","M","M","R","B",null,"M","?","M","PTL","PTL","M","M","R","E","?","T","M","?","$","M","M","R","B",null],"character_chosen":"THE_GATHERER","items_purchased":["Gatherer:AlchemyTrial","Sling","ReplayTheSpireMod:CursedCoin","Replay:Rubber Ducky","Gatherer:TacticalStrike","Gatherer:FloralEgg","CultistPotion"],"campfire_rested":0,"item_purchase_floors":[14,14,19,19,19,48,48],"current_hp_per_floor":[72,72,72,72,71,71,58,49,49,49,47,47,53,53,53,35,72,72,72,74,74,74,74,74,74,74,76,70,55,63,68,68,65,86,79,61,73,73,73,83,74,74,70,70,70,51,61,61,73,85,99,17],"gold":73,"neow_bonus":"NOSTALGIA","is_daily":false,"chose_seed":false,"campfire_upgraded":6,"win_rate":0.0,"timestamp":1609595872,"path_taken":["M","?","M","?","M","E","M","E","T","?","M","R","M","?","R","BOSS","M","$","?","M","?","R","E","R","T","M","?","M","M","M","R","BOSS","M","?","M","PTL","PTL","M","?","R","E","?","T","?","?","$","M","M","R","BOSS"],"items_purchased_type":["Card","Relic","Relic","Relic","Card","Relic","Potion"],"build_version":"2020-12-22","purchased_purges":1,"victory":true,"max_hp_per_floor":[72,72,72,72,72,72,72,72,72,72,72,72,72,72,72,72,72,74,74,74,74,74,74,74,74,74,76,78,80,82,84,84,86,86,89,89,91,91,91,93,95,95,95,95,95,95,95,95,97,99,99,99],"card_choices":[{"not_picked":["Gatherer:TreeGrowth","Gatherer:Convert"],"picked":"Gatherer:Pollute","floor":1},{"not_picked":["Gatherer:AromaProtection","Gatherer:UpgradeBag"],"picked":"Gatherer:Snatch","floor":3},{"not_picked":["Gatherer:TacticalStrike","Gatherer:CarefulStrike"],"picked":"Gatherer:Liquidism","floor":4},{"not_picked":["Gatherer:Pollute","Gatherer:DrugPower"],"picked":"Gatherer:BigPouch","floor":5},{"not_picked":["Gatherer:CarefulStrike","Gatherer:DrugPower"],"picked":"Gatherer:ScherryThrow","floor":6},{"not_picked":["Gatherer:AromaProtection","Gatherer:SealedBomb"],"picked":"Gatherer:EnergyBasket","floor":7},{"not_picked":["Gatherer:Convert","Gatherer:ScherryThrow"],"picked":"Gatherer:BalancedGrowth","floor":8},{"not_picked":["Gatherer:BomberForm","Gatherer:FlowerShield"],"picked":"Gatherer:FlowerFalling","floor":11},{"not_picked":["Gatherer:BigPouch","Gatherer:SaveValuables"],"picked":"Gatherer:MiningStrike","floor":13},{"not_picked":["Gatherer:FinishingStrike","Gatherer:HeartToFruit"],"picked":"Gatherer:MindSearch","floor":16},{"not_picked":["Gatherer:ScherryThrow"],"picked":"Singing Bowl","floor":18},{"not_picked":[],"picked":"Gatherer:OddSpoils","floor":20},{"not_picked":[],"picked":"Gatherer:Duality+1","floor":21},{"not_picked":[],"picked":"Gatherer:GlowingPlant","floor":22},{"not_picked":[],"picked":"Gatherer:Misfortune","floor":24},{"not_picked":["Gatherer:FruitForce"],"picked":"Singing Bowl","floor":27},{"not_picked":["Gatherer:ScherryThrow+1"],"picked":"Singing Bowl","floor":28},{"not_picked":["Wild Strike"],"picked":"Singing Bowl","floor":29},{"not_picked":["Prostrate+1"],"picked":"Singing Bowl","floor":30},{"not_picked":["Compile Driver+1"],"picked":"Singing Bowl","floor":31},{"not_picked":["Wraith Form v2"],"picked":"Singing Bowl","floor":33},{"not_picked":["Blade Dance+1"],"picked":"Replay:AtTheReady","floor":35},{"not_picked":["Seeing Red"],"picked":"Aggregate+1","floor":36},{"not_picked":["Gatherer:EnergyBasket+1","Footwork"],"picked":"Singing Bowl","floor":37},{"not_picked":["Distraction","Prostrate+1"],"picked":"Singing Bowl","floor":40},{"not_picked":["FlyingSleeves+1","Sucker Punch"],"picked":"Singing Bowl","floor":41},{"not_picked":["Halt+1"],"picked":"Armaments","floor":43},{"not_picked":["Warcry"],"picked":"Hologram","floor":46},{"not_picked":["Combust","HandOfGreed"],"picked":"Singing Bowl","floor":49},{"not_picked":["FlyingSleeves+1","Compile Driver"],"picked":"Singing Bowl","floor":50}],"player_experience":108005,"relics_obtained":[{"floor":6,"key":"ReplayTheSpireMod:Shallot"},{"floor":8,"key":"White Beast Statue"},{"floor":9,"key":"Singing Bowl"},{"floor":24,"key":"Du-Vu Doll"},{"floor":26,"key":"ReplayTheSpireMod:TigerMarble"},{"floor":28,"key":"PrismaticShard"},{"floor":43,"key":"aspiration:HummingbirdHeart"},{"floor":45,"key":"Toy Ornithopter"}],"event_choices":[{"cards_removed":["Gatherer:Defend_Gatherer"],"damage_healed":0,"gold_gain":0,"player_choice":"Purged","damage_taken":0,"max_hp_gain":0,"max_hp_loss":0,"event_name":"Purifier","floor":2,"gold_loss":0},{"damage_healed":0,"gold_gain":0,"player_choice":"Ignored","damage_taken":0,"max_hp_gain":0,"max_hp_loss":0,"event_name":"NoteForYourself","floor":10,"gold_loss":0},{"damage_healed":0,"gold_gain":0,"player_choice":"Got Potions","damage_taken":0,"max_hp_gain":0,"max_hp_loss":0,"event_name":"Lab","floor":44,"gold_loss":0}],"is_beta":false,"boss_relics":[{"not_picked":["Velvet Choker","Philosopher\u0027s Stone"],"picked":"Busted Crown"},{"not_picked":["Coffee Dripper","Black Star"],"picked":"aspiration:IroncladSkillbook"}],"items_purged_floors":[19],"is_endless":false,"potions_floor_spawned":[3,6,7,11,13,16,18,20,21,22,24,27,29,30,31,33,35,37,40,41,43,46,49,50],"ascension_level":0}}