{"host":"s6mlqkqtr3ey2mm2","time":1609630814,"event":{"mods":["2.2 Compatiblity","AchievementEnabler","Aspiration","Bard","BaseMod","Beaked The Cultist","Better Note","Better Vampires","BetterRewards","Challenge The Spire","Colored Map","Colored Powertips","Conspire","Curses Come First","Downfall","Emptier Cage","Energized Spire","GifTheSpireLib","Halation","Hermit","Hubris","Infinite Spire","Ironclad Rager","Mad Scientist","Marked Mod","Minty Spire (QoL Compilation)","Quick Restart","RatMod","Replay The Spire","Retaliation","Robot Space Explorer","Shade Mod","Somnambulant","Spicy Shops","StSLib","Stuff the Spire","The Blue Laboratory","The Construct","The Druid","The IronCluck","The Marked","The Mystic","The Necromancer","The Poker Player","The Runesmith","The Valiant","The Wild Card","Waifu the Spire","vexMod"],"gold_per_floor":[109,109,62,62,74,74,102,28,28,237,285,45,64,84,84,84,84],"floor_reached":16,"playtime":1014,"items_purged":[],"score":98,"play_id":"a54976a4-c4b6-4f95-96cc-cd8a5aaa4e43","local_time":"20210102184014","is_ascension_mode":false,"campfire_choices":[{"data":"Runesmith:DoubleUp","floor":6,"key":"SMITH"},{"floor":15,"key":"REST"}],"circlet_count":0,"master_deck":["Runesmith:Strike_RS","Runesmith:Strike_RS","Runesmith:Strike_RS","Runesmith:Strike_RS","Runesmith:Defend_RS","Runesmith:Defend_RS","Runesmith:Defend_RS","Runesmith:Defend_RS","Runesmith:CraftFirestone","Runesmith:Fortify","Runesmith:Firestorm","Runesmith:EarthShield","Runesmith:DoubleUp+1","Runesmith:HammerThrow","Runesmith:EnergizedChisel","Runesmith:LithiumIon","Apotheosis","Replay:SS_hec_1","hubris:EnhanceAbility","Runesmith:HeatExchange","Runesmith:HammerThrow"],"relics":["Runesmith:BrokenRuby","hubris:DeckOfHolding","Sling","Sundial","rat:PhantomDancer","ReplayTheSpireMod:ShopPack"],"acts_visited":["Exordium"],"potions_floor_usage":[16,16],"damage_taken":[{"damage":0,"enemies":"conspire:RoseBush","floor":1,"turns":3},{"damage":8,"enemies":"Small Slimes","floor":5,"turns":4},{"damage":31,"enemies":"Lagavulin","floor":7,"turns":8},{"damage":1,"enemies":"Jaw Worm","floor":13,"turns":5},{"damage":2,"enemies":"Looter","floor":14,"turns":3},{"damage":31,"enemies":"The Guardian","floor":16,"turns":4}],"seed_played":"1039007343579840529","potions_obtained":[{"floor":1,"key":"Adrenaline Potion"},{"floor":7,"key":"SteroidPotion"},{"floor":14,"key":"SneckoOil"}],"is_trial":false,"path_per_floor":["M","?","$","?","M","R","E","$","T","?","T","$","M","M","R","B"],"character_chosen":"RUNESMITH_CLASS","items_purchased":["Runesmith:EarthShield","Sling","Runesmith:LithiumIon","ReplayTheSpireMod:ShopPack"],"campfire_rested":1,"item_purchase_floors":[3,8,12,12],"current_hp_per_floor":[77,77,77,77,69,69,38,38,38,8,8,8,7,5,28,0,0],"gold":84,"neow_bonus":"TEN_PERCENT_HP_BONUS","is_daily":false,"chose_seed":false,"campfire_upgraded":1,"win_rate":0.0,"timestamp":1609630814,"path_taken":["M","?","$","?","M","R","E","$","T","?","?","?","M","M","R","BOSS"],"items_purchased_type":["Card","Relic","Card","Relic"],"build_version":"2020-12-22","purchased_purges":0,"victory":false,"max_hp_per_floor":[77,77,77,77,77,77,77,77,77,77,77,77,77,77,77,77,77],"card_choices":[{"not_picked":["Runesmith:Augment","Runesmith:EnergizedChisel"],"picked":"Runesmith:Firestorm","floor":1},{"not_picked":["Runesmith:StaticCage","Runesmith:Overpower"],"picked":"Runesmith:DoubleUp","floor":5},{"not_picked":["Runesmith:BackupBattery","Runesmith:UnstableHammer"],"picked":"Runesmith:HammerThrow","floor":7},{"not_picked":["Runesmith:MakeshiftArmor","Runesmith:ShiftingStrike"],"picked":"Runesmith:EnergizedChisel","floor":10},{"not_picked":["ReplayUltimateDefense","The Bomb"],"picked":"Apotheosis","floor":12},{"not_picked":["Swift Strike","DDmod:MulticlassingSkill"],"picked":"Replay:SS_hec_1","floor":12},{"not_picked":["Replay:BasicMightCard","DDmod:MulticlassingSkill"],"picked":"hubris:EnhanceAbility","floor":12},{"not_picked":["Runesmith:EarthShield","Runesmith:Electrocute"],"picked":"Runesmith:HeatExchange","floor":13},{"not_picked":["Runesmith:ChiselStab","Runesmith:Overpower"],"picked":"Runesmith:HammerThrow","floor":14}],"player_experience":53713,"relics_obtained":[{"floor":7,"key":"hubris:DeckOfHolding"},{"floor":9,"key":"Sundial"},{"floor":11,"key":"rat:PhantomDancer"}],"event_choices":[],"is_beta":false,"boss_relics":[],"items_purged_floors":[],"is_endless":false,"potions_floor_spawned":[1,7,14],"killed_by":"The Guardian","ascension_level":0}}