{"host":"mruvby243fwgm3bp","time":1609552205,"event":{"mods":["AchievementEnabler","BaseMod","Colored Map","Colored Powertips","Minty Spire (QoL Compilation)","Permanent Neow","Random Character Button","StSLib"],"gold_per_floor":[115,65,81,91,91,91,120,120,145,27,46,46,63,63,63,63,63],"floor_reached":16,"playtime":566,"items_purged":[],"score":130,"play_id":"7eaf2cb3-b7aa-4b91-92e8-eb56c3336ae1","local_time":"20210101175005","is_ascension_mode":true,"campfire_choices":[{"data":"Zap","floor":6.0,"key":"SMITH"},{"data":"Dualcast","floor":8.0,"key":"SMITH"},{"data":"Madness","floor":15,"key":"SMITH"}],"circlet_count":0,"master_deck":["Strike_B","Strike_B","Strike_B","Defend_B","Defend_B","Defend_B","Zap+1","Dualcast+1","Scrape","Scrape","Stack","Lockon","Capacitor","Madness+1","Beam Cell","Steam"],"relics":["Cracked Core","Torii","Oddly Smooth Stone"],"acts_visited":["Exordium"],"potions_floor_usage":[],"damage_taken":[{"damage":1.0,"enemies":"Small Slimes","floor":1.0,"turns":3.0},{"damage":1.0,"enemies":"Jaw Worm","floor":3.0,"turns":3.0},{"damage":15.0,"enemies":"2 Louse","floor":4.0,"turns":2.0},{"damage":13.0,"enemies":"3 Sentries","floor":7.0,"turns":5.0},{"damage":2.0,"enemies":"Looter","floor":11.0,"turns":4.0},{"damage":2.0,"enemies":"Gremlin Gang","floor":13.0,"turns":3.0},{"damage":30,"enemies":"The Guardian","floor":16,"turns":8}],"seed_played":"9104654118720450889","potions_obtained":[{"floor":1.0,"key":"Fire Potion"},{"floor":13,"key":"FocusPotion"},{"floor":14,"key":"Ancient Potion"},{"floor":14,"key":"Energy Potion"}],"is_trial":false,"path_per_floor":["M","?","M","M","?","R","E","R","T","$","M","?","M","?","R","B"],"character_chosen":"DEFECT","items_purchased":["Capacitor","Madness"],"campfire_rested":0,"item_purchase_floors":[10,10],"current_hp_per_floor":[67,67,66,51,44,44,31,31,31,31,29,29,27,27,27,0,0],"gold":63,"neow_bonus":"ONE_RARE_RELIC","is_daily":false,"chose_seed":false,"campfire_upgraded":3,"win_rate":0.0,"timestamp":1609552205,"path_taken":["M","?","M","M","?","R","E","R","T","?","M","?","M","?","R","BOSS"],"items_purchased_type":["Card","Card"],"build_version":"2020-12-22","purchased_purges":0,"victory":false,"max_hp_per_floor":[68,68,68,68,68,68,68,68,68,68,68,68,68,68,68,68,68],"card_choices":[{"not_picked":["Tempest","Gash"],"picked":"Scrape","floor":1.0},{"not_picked":["Fusion","Beam Cell"],"picked":"Scrape","floor":3.0},{"not_picked":["Turbo","Sweeping Beam"],"picked":"Stack","floor":4.0},{"not_picked":["Redo","Cold Snap"],"picked":"Lockon","floor":7.0},{"not_picked":["Streamline","White Noise"],"picked":"Beam Cell","floor":11.0},{"not_picked":["Loop","Blizzard"],"picked":"Steam","floor":13}],"player_experience":345137,"relics_obtained":[{"floor":7.0,"key":"Oddly Smooth Stone"}],"event_choices":[{"cards_removed":["Defend_B"],"damage_healed":0.0,"max_hp_gain":0.0,"max_hp_loss":0.0,"gold_gain":0.0,"event_name":"The Cleric","player_choice":"Card Removal","floor":2.0,"gold_loss":50.0,"damage_taken":0.0},{"cards_removed":["Strike_B"],"damage_healed":0.0,"max_hp_gain":0.0,"max_hp_loss":0.0,"gold_gain":0.0,"event_name":"Golden Wing","player_choice":"Card Removal","floor":5.0,"gold_loss":0.0,"damage_taken":7.0},{"damage_healed":0.0,"max_hp_gain":0.0,"max_hp_loss":0.0,"gold_gain":0.0,"event_name":"Golden Idol","player_choice":"Ignored","floor":12.0,"gold_loss":0.0,"damage_taken":0.0},{"damage_healed":0,"gold_gain":0,"player_choice":"Got Potions","damage_taken":0,"max_hp_gain":0,"max_hp_loss":0,"event_name":"Lab","floor":14,"gold_loss":0}],"is_beta":false,"boss_relics":[],"items_purged_floors":[],"is_endless":false,"potions_floor_spawned":[1,13],"killed_by":"The Guardian","ascension_level":6}}