{"host":"42xxsmacr0f6ikcz","time":1609618779,"event":{"mods":["AchievementEnabler","BaseMod","Block Reminder","Minty Spire (QoL Compilation)","Relic Stats","StSLib"],"gold_per_floor":[109,109,121,131,147,179,193,227,227,227,227,237,267,283,283,383,383,395,413,190,190,190,90,90,90,90],"floor_reached":25,"playtime":1439,"items_purged":["Strike_G","Writhe"],"score":348,"play_id":"e0e2a1a7-963b-4eec-be32-b849178ac188","local_time":"20210102151939","daily_mods":["Draft","Chimera","Diverse","Elite Swarm"],"is_ascension_mode":false,"campfire_choices":[{"data":"Recycle","floor":11,"key":"SMITH"},{"floor":15,"key":"REST"},{"data":"Echo Form","floor":24,"key":"SMITH"}],"circlet_count":0,"master_deck":["Bash","Survivor","Zap","Eruption","Strike_R","Strike_B","Defend_R","Defend_G","Defend_P","Cold Snap","Cleave","Terror","CutThroughFate","Prostrate","Well Laid Plans","Wireheading","Poisoned Stab","Cloak And Dagger","Clothesline","Cleave","Shockwave","Twin Strike","Cold Snap","WaveOfTheHand","Leap","Recycle+1","Sentinel","CutThroughFate","Echo Form+1","Sweeping Beam","Creative AI","Zap","DeusExMachina","Second Wind","Fiend Fire","Noxious Fumes"],"relics":["Cracked Core","Bag of Preparation","Centennial Puzzle","Nunchaku","DataDisk","FossilizedHelix","Inserter","Anchor","Toy Ornithopter"],"acts_visited":["Exordium","TheCity"],"potions_floor_usage":[16],"damage_taken":[{"damage":1,"enemies":"2 Louse","floor":1,"turns":2},{"damage":0,"enemies":"Cultist","floor":3,"turns":3},{"damage":0,"enemies":"Jaw Worm","floor":4,"turns":4},{"damage":3,"enemies":"Looter","floor":5,"turns":3},{"damage":5,"enemies":"3 Sentries","floor":6,"turns":7},{"damage":3,"enemies":"Red Slaver","floor":7,"turns":2},{"damage":14,"enemies":"Gremlin Nob","floor":8,"turns":4},{"damage":13,"enemies":"Blue Slaver","floor":12,"turns":3},{"damage":16,"enemies":"Lagavulin","floor":13,"turns":7},{"damage":0,"enemies":"Looter","floor":14,"turns":4},{"damage":3,"enemies":"The Guardian","floor":16,"turns":8},{"damage":3,"enemies":"Shell Parasite","floor":18,"turns":7},{"damage":11,"enemies":"2 Thieves","floor":19,"turns":4},{"damage":0,"enemies":"Gremlin Leader","floor":25,"turns":2}],"seed_played":"122466712561632384","potions_obtained":[{"floor":1,"key":"GamblersBrew"},{"floor":5,"key":"FearPotion"},{"floor":12,"key":"Strength Potion"},{"floor":14,"key":"Energy Potion"}],"is_trial":true,"path_per_floor":["M","?","M","M","M","E","M","E","T","?","R","M","E","M","R","B",null,"M","M","$","?","?","$","R","E"],"character_chosen":"DEFECT","items_purchased":["Anchor"],"campfire_rested":1,"item_purchase_floors":[20],"current_hp_per_floor":[74,71,71,71,68,63,60,46,46,46,46,33,17,17,39,36,75,72,61,61,61,61,61,61,61,61],"gold":90,"neow_bonus":"","is_daily":false,"chose_seed":false,"campfire_upgraded":2,"win_rate":0.0,"timestamp":1609618779,"path_taken":["M","?","M","M","M","E","M","E","T","?","R","?","E","M","R","BOSS","M","M","$","?","?","$","R","E"],"items_purchased_type":["Relic"],"build_version":"2020-12-22","purchased_purges":2,"victory":false,"max_hp_per_floor":[75,75,75,75,75,75,75,75,75,75,75,75,75,75,75,75,75,75,75,75,75,75,75,75,75,75],"relic_stats":{"Centennial Puzzle":[22],"Nunchaku":[5],"Inserter":[6],"counters":[14,60],"Bag of Preparation":[27],"obtain_stats":[{"Centennial Puzzle":6,"Nunchaku":8,"DataDisk":9,"Anchor":20,"Inserter":17,"Bag of Preparation":2,"Cracked Core":0,"FossilizedHelix":13,"Toy Ornithopter":22},{"Centennial Puzzle":5,"Nunchaku":7,"DataDisk":7,"Anchor":13,"Inserter":11,"Bag of Preparation":1,"Cracked Core":0,"FossilizedHelix":9,"Toy Ornithopter":13},{"Centennial Puzzle":19,"Nunchaku":25,"DataDisk":25,"Anchor":58,"Inserter":47,"Bag of Preparation":2,"Cracked Core":0,"FossilizedHelix":35,"Toy Ornithopter":58}],"Toy Ornithopter":0},"card_choices":[{"not_picked":["Dark Embrace","Evaluate"],"picked":"Cold Snap","floor":0},{"not_picked":["Headbutt","Bloodletting"],"picked":"Cleave","floor":0},{"not_picked":["Undo","FollowUp"],"picked":"Terror","floor":0},{"not_picked":["Noxious Fumes","Go for the Eyes"],"picked":"CutThroughFate","floor":0},{"not_picked":["All Out Attack","Rage"],"picked":"Prostrate","floor":0},{"not_picked":["Lockon","Choke"],"picked":"Well Laid Plans","floor":0},{"not_picked":["Deadly Poison","Wallop"],"picked":"Wireheading","floor":0},{"not_picked":["Double Energy","Chaos"],"picked":"Poisoned Stab","floor":0},{"not_picked":["Beam Cell","Stack"],"picked":"Cloak And Dagger","floor":0},{"not_picked":["WreathOfFlame","Slice"],"picked":"Clothesline","floor":0},{"not_picked":["EmptyFist","Rebound"],"picked":"Cleave","floor":0},{"not_picked":["Chaos","Turbo"],"picked":"Shockwave","floor":0},{"not_picked":["Anger","Vengeance"],"picked":"Twin Strike","floor":0},{"not_picked":["Anger","CarveReality"],"picked":"Cold Snap","floor":0},{"not_picked":["Slice","Wild Strike"],"picked":"WaveOfTheHand","floor":0},{"not_picked":["Twin Strike","Double Energy"],"picked":"Leap","floor":1},{"not_picked":["Deadly Poison","Streamline"],"picked":"Recycle","floor":3},{"not_picked":["Dodge and Roll","InnerPeace"],"picked":"Sentinel","floor":4},{"not_picked":["Anger","Go for the Eyes"],"picked":"CutThroughFate","floor":5},{"not_picked":["DeusExMachina","Grand Finale"],"picked":"Echo Form","floor":6},{"not_picked":["Streamline","Sunder"],"picked":"Sweeping Beam","floor":7},{"not_picked":["Alpha","Meteor Strike"],"picked":"Creative AI","floor":8},{"not_picked":["Slice","Clothesline","Quick Slash"],"picked":"SKIP","floor":12},{"not_picked":["Ragnarok","Night Terror"],"picked":"DeusExMachina","floor":13},{"not_picked":["Flying Knee","PiercingWail"],"picked":"Second Wind","floor":14},{"not_picked":["Scrawl","Impervious"],"picked":"Fiend Fire","floor":16},{"not_picked":["Clothesline","Havoc+1"],"picked":"Noxious Fumes","floor":18},{"not_picked":["FlyingSleeves","Twin Strike","Streamline"],"picked":"SKIP","floor":19}],"player_experience":154214,"relics_obtained":[{"floor":6,"key":"Centennial Puzzle"},{"floor":8,"key":"Nunchaku"},{"floor":9,"key":"DataDisk"},{"floor":13,"key":"FossilizedHelix"}],"event_choices":[{"damage_healed":0,"gold_gain":0,"player_choice":"Success","damage_taken":3,"relics_obtained":["Bag of Preparation"],"max_hp_gain":0,"max_hp_loss":0,"event_name":"Scrap Ooze","floor":2,"gold_loss":0},{"damage_healed":0,"gold_gain":0,"player_choice":"1 cards matched","damage_taken":0,"max_hp_gain":0,"max_hp_loss":0,"event_name":"Match and Keep!","floor":10,"gold_loss":0,"cards_obtained":["Zap"]},{"damage_healed":0,"gold_gain":0,"player_choice":"Ignored","damage_taken":0,"max_hp_gain":0,"max_hp_loss":0,"event_name":"Ghosts","floor":21,"gold_loss":0},{"damage_healed":0,"gold_gain":0,"player_choice":"Opened","damage_taken":0,"relics_obtained":["Toy Ornithopter"],"max_hp_gain":0,"max_hp_loss":0,"event_name":"The Mausoleum","floor":22,"gold_loss":0,"cards_obtained":["Writhe"]}],"is_beta":false,"boss_relics":[{"not_picked":["Ectoplasm","Velvet Choker"],"picked":"Inserter"}],"items_purged_floors":[20,23],"is_endless":true,"potions_floor_spawned":[1,5,12,13,14],"killed_by":"Gremlin Leader","ascension_level":0}}