{"host":"tiwza2kisyyrpq7h","time":1609599630,"event":{"mods":["BaseMod","Colored Powertips","Minty Spire (QoL Compilation)","Quick Restart","Rare Cards Sparkle","StSLib","SuperFastMode","The Servant 0.9.4","óô»ðÖ¸ÄÏ"],"gold_per_floor":[115,125,125,26,44,44,44,44,67,95,112,112,12,23,23,97,97,110,128,144,159,129,155,155,173,197,197,212,3,19,19,19,94,94,110,126,126,136,136,154,189,206,277,295,326,326,326,357,42,42],"floor_reached":51,"playtime":2317,"items_purged":["Regret","Consecrate"],"score":1483,"play_id":"32c8d6ab-b544-4f4a-84d0-0552443df471","local_time":"20210102230030","is_ascension_mode":true,"campfire_choices":[{"data":"Eruption","floor":6.0,"key":"SMITH"},{"data":"Wireheading","floor":12.0,"key":"SMITH"},{"data":"PathToVictory","floor":15.0,"key":"SMITH"},{"data":"Vault","floor":24.0,"key":"SMITH"},{"data":"Meditate","floor":27.0,"key":"SMITH"},{"floor":32.0,"key":"REST"},{"floor":47.0,"key":"REST"}],"circlet_count":0,"master_deck":["AscendersBane","Eruption+1","Vigilance","Vengeance","Wireheading+1","EmptyBody","Meditate+1","Wireheading","Halt","PathToVictory+1","Vault+1","CutThroughFate","Apotheosis","Halt","Ragnarok","JustLucky","ClearTheMind","BattleHymn","InnerPeace","Wireheading","Wireheading","Conclude","CutThroughFate+1","Fasting2","Weave","Judgement","PathToVictory","Discovery"],"relics":["PureWater","NeowsBlessing","Nunchaku","Bag of Preparation","CultistMask","Omamori","Anchor","Busted Crown","Pantograph","Centennial Puzzle","Pandora\u0027s Box","StrikeDummy","White Beast Statue","Ancient Tea Set","Art of War"],"acts_visited":["Exordium","TheCity","TheBeyond"],"potions_floor_usage":[50,50],"damage_taken":[{"damage":0.0,"enemies":"Cultist","floor":1.0,"turns":1.0},{"damage":0.0,"enemies":"Jaw Worm","floor":2.0,"turns":1.0},{"damage":0.0,"enemies":"Small Slimes","floor":5.0,"turns":2.0},{"damage":17.0,"enemies":"3 Sentries","floor":10.0,"turns":5.0},{"damage":1.0,"enemies":"Red Slaver","floor":11.0,"turns":3.0},{"damage":3.0,"enemies":"Exordium Thugs","floor":14.0,"turns":4.0},{"damage":2.0,"enemies":"The Guardian","floor":16.0,"turns":7.0},{"damage":14.0,"enemies":"Shell Parasite","floor":18.0,"turns":5.0},{"damage":0.0,"enemies":"Spheric Guardian","floor":19.0,"turns":4.0},{"damage":29.0,"enemies":"Snake Plant","floor":20.0,"turns":5.0},{"damage":1.0,"enemies":"Centurion and Healer","floor":21.0,"turns":7.0},{"damage":0.0,"enemies":"Slavers","floor":23.0,"turns":6.0},{"damage":0.0,"enemies":"3 Cultists","floor":25.0,"turns":4.0},{"damage":4.0,"enemies":"Snake Plant","floor":28.0,"turns":5.0},{"damage":0.0,"enemies":"Snecko","floor":30.0,"turns":6.0},{"damage":9.0,"enemies":"Collector","floor":33.0,"turns":8.0},{"damage":4.0,"enemies":"3 Darklings","floor":35.0,"turns":3.0},{"damage":4.0,"enemies":"3 Shapes","floor":36.0,"turns":5.0},{"damage":0.0,"enemies":"Sphere and 2 Shapes","floor":38.0,"turns":4.0},{"damage":12.0,"enemies":"Spire Growth","floor":40.0,"turns":4.0},{"damage":0.0,"enemies":"Giant Head","floor":41.0,"turns":7.0},{"damage":0.0,"enemies":"Jaw Worm Horde","floor":42.0,"turns":3.0},{"damage":0.0,"enemies":"Writhing Mass","floor":44.0,"turns":4.0},{"damage":29.0,"enemies":"Reptomancer","floor":45.0,"turns":5.0},{"damage":5.0,"enemies":"Giant Head","floor":48.0,"turns":6.0},{"damage":24,"enemies":"Time Eater","floor":50,"turns":6}],"seed_played":"-1109108212060198713","potions_obtained":[{"floor":10.0,"key":"BlessingOfTheForge"},{"floor":16.0,"key":"DuplicationPotion"},{"floor":20.0,"key":"Fire Potion"},{"floor":22.0,"key":"Swift Potion"},{"floor":22.0,"key":"BlessingOfTheForge"},{"floor":25.0,"key":"AttackPotion"},{"floor":30.0,"key":"BlessingOfTheForge"},{"floor":33.0,"key":"Weak Potion"},{"floor":36.0,"key":"StancePotion"},{"floor":40.0,"key":"LiquidMemories"},{"floor":44.0,"key":"SteroidPotion"},{"floor":45.0,"key":"SneckoOil"},{"floor":48.0,"key":"ColorlessPotion"}],"is_trial":false,"path_per_floor":["M","M","?","$","M","R","?","?","T","E","M","R","$","M","R","B",null,"M","M","M","M","?","E","R","M","T","R","M","$","M","$","R","B",null,"M","M","?","M","?","M","E","M","T","M","E","?","R","E","R","B",null],"character_chosen":"WATCHER","items_purchased":["BowlingBash","Wireheading","Halt","Apotheosis","PowerPotion","PathToVictory","Discovery"],"campfire_rested":2,"item_purchase_floors":[4,13,13,29,49,49,49],"current_hp_per_floor":[61,61,61,61,61,61,26,26,26,9,8,8,8,5,5,3,52,38,38,9,8,8,8,8,8,8,8,4,4,4,4,24,40,61,57,53,53,53,53,41,41,41,41,41,12,12,31,26,26,27],"gold":42,"neow_bonus":"THREE_ENEMY_KILL","is_daily":false,"chose_seed":false,"campfire_upgraded":5,"win_rate":0.0,"timestamp":1609599630,"path_taken":["M","?","?","$","M","R","?","?","T","E","?","R","?","M","R","BOSS","M","M","M","M","?","E","R","M","T","R","?","$","M","?","R","BOSS","M","M","?","M","?","M","E","M","T","?","E","?","R","E","R","BOSS"],"items_purchased_type":["Card","Card","Card","Card","Potion","Card","Card"],"build_version":"2020-12-22","purchased_purges":2,"victory":true,"max_hp_per_floor":[68,68,68,68,68,68,68,68,68,68,68,68,68,68,68,68,68,68,68,68,68,68,68,68,68,68,68,68,68,68,68,68,68,68,68,68,65,65,65,65,65,65,65,65,65,65,65,65,65,65],"card_choices":[{"not_picked":["BowlingBash","Halt"],"picked":"Vengeance","floor":1.0},{"not_picked":["SashWhip","FlurryOfBlows"],"picked":"Wireheading","floor":2.0},{"not_picked":["BowlingBash","SashWhip"],"picked":"EmptyBody","floor":5.0},{"not_picked":["Consecrate","CrushJoints"],"picked":"Meditate","floor":10.0},{"not_picked":["Evaluate","Sanctity","FlyingSleeves"],"picked":"SKIP","floor":11.0},{"not_picked":["ThirdEye","Conclude"],"picked":"PathToVictory","floor":14.0},{"not_picked":["Ragnarok","ConjureBlade"],"picked":"Vault","floor":16.0},{"not_picked":["FollowUp"],"picked":"SKIP","floor":18.0},{"not_picked":[],"picked":"CutThroughFate","floor":19.0},{"not_picked":["EmptyBody"],"picked":"SKIP","floor":20.0},{"not_picked":["Crescendo"],"picked":"SKIP","floor":21.0},{"not_picked":["Protect"],"picked":"SKIP","floor":23.0},{"not_picked":["SashWhip"],"picked":"SKIP","floor":25.0},{"not_picked":["Pray"],"picked":"SKIP","floor":28.0},{"not_picked":[],"picked":"Halt","floor":30.0},{"not_picked":[],"picked":"Ragnarok","floor":33.0},{"not_picked":[],"picked":"CutThroughFate+1","floor":35.0},{"not_picked":["ClearTheMind"],"picked":"SKIP","floor":36.0},{"not_picked":[],"picked":"Fasting2","floor":38.0},{"not_picked":["Crescendo"],"picked":"SKIP","floor":40.0},{"not_picked":["FlyingSleeves"],"picked":"SKIP","floor":41.0},{"not_picked":[],"picked":"Weave","floor":42.0},{"not_picked":["Worship"],"picked":"SKIP","floor":44.0},{"not_picked":[],"picked":"Judgement","floor":45.0},{"not_picked":["SandsOfTime"],"picked":"SKIP","floor":48.0}],"player_experience":925688,"relics_obtained":[{"floor":9.0,"key":"Omamori"},{"floor":10.0,"key":"Anchor"},{"floor":23.0,"key":"Pantograph"},{"floor":26.0,"key":"Centennial Puzzle"},{"floor":41.0,"key":"StrikeDummy"},{"floor":43.0,"key":"White Beast Statue"},{"floor":45.0,"key":"Ancient Tea Set"},{"floor":48.0,"key":"Art of War"}],"event_choices":[{"damage_healed":0.0,"max_hp_gain":0.0,"max_hp_loss":0.0,"gold_gain":0.0,"event_name":"Big Fish","player_choice":"Box","floor":3.0,"gold_loss":0.0,"damage_taken":0.0,"relics_obtained":["Nunchaku"],"cards_obtained":["Regret"]},{"damage_healed":0.0,"max_hp_gain":0.0,"max_hp_loss":0.0,"gold_gain":0.0,"event_name":"Scrap Ooze","player_choice":"Success","floor":7.0,"gold_loss":0.0,"damage_taken":35.0,"relics_obtained":["Bag of Preparation"]},{"damage_healed":0.0,"max_hp_gain":0.0,"max_hp_loss":0.0,"gold_gain":0.0,"event_name":"FaceTrader","player_choice":"Trade","floor":8.0,"gold_loss":0.0,"damage_taken":0.0,"relics_obtained":["CultistMask"]},{"damage_healed":0.0,"max_hp_gain":0.0,"max_hp_loss":0.0,"gold_gain":0.0,"event_name":"The Woman in Blue","player_choice":"Bought 2 Potions","floor":22.0,"gold_loss":0.0,"damage_taken":0.0},{"damage_healed":0.0,"max_hp_gain":0.0,"max_hp_loss":3.0,"gold_gain":0.0,"event_name":"Winding Halls","player_choice":"Max HP","floor":37.0,"gold_loss":0.0,"damage_taken":0.0},{"damage_healed":0.0,"max_hp_gain":0.0,"max_hp_loss":0.0,"gold_gain":0.0,"event_name":"Lab","player_choice":"Got Potions","floor":39.0,"gold_loss":0.0,"damage_taken":0.0},{"cards_removed":["BowlingBash"],"damage_healed":0.0,"max_hp_gain":0.0,"max_hp_loss":0.0,"gold_gain":0.0,"event_name":"Falling","player_choice":"Removed Attack","floor":46.0,"gold_loss":0.0,"damage_taken":0.0}],"is_beta":false,"boss_relics":[{"not_picked":["SlaversCollar","Philosopher\u0027s Stone"],"picked":"Busted Crown"},{"not_picked":["Empty Cage","HolyWater"],"picked":"Pandora\u0027s Box"}],"items_purged_floors":[4,49],"is_endless":false,"potions_floor_spawned":[10,16,20,25,30,33,36,40,41,44,45,48],"ascension_level":17}}