{"host":"k0hp5rzz2oj0nliz","time":1609586019,"event":{"mods":["BaseMod","Colored Powertips","Minty Spire (QoL Compilation)","MostiFishMod","StSLib","The Bug Knight","noobMod"],"gold_per_floor":[113,113,36,36,48,48,48,48,48,106,106,133,133,133,133,231,231,251,251,270,270,270,270,113,113,168,443,454,51,51,51,51,147,147,164,439,453,257,257,257,257,257,257,257,307,307,358,370,370,480,480,480,480],"floor_reached":52,"playtime":6694,"items_purged":[],"score":961,"play_id":"4dce16ad-27ce-49d0-a19e-cedffea8127f","local_time":"20210102191339","daily_mods":["SealedDeck","Vintage","ControlledChaos","Heirloom","Time Dilation","Flight"],"is_ascension_mode":false,"campfire_choices":[{"data":"HollowMod:BrokenVessel","floor":6,"key":"SMITH"},{"data":"HollowMod:LifebloodCocoon","floor":7,"key":"SMITH"},{"data":"HollowMod:SoulEater","floor":8,"key":"SMITH"},{"data":"HollowMod:SoulEater","floor":11,"key":"SMITH"},{"data":"HollowMod:AwokenDreamNail","floor":15,"key":"SMITH"},{"data":"HollowMod:SoulMaster","floor":23,"key":"SMITH"},{"data":"HollowMod:InfectionAssault","floor":25,"key":"SMITH"},{"data":"HollowMod:MothsMistake","floor":30,"key":"SMITH"},{"data":"HollowMod:InfectionAssault","floor":32,"key":"SMITH"},{"data":"HollowMod:BrokenVessel","floor":40,"key":"SMITH"},{"data":"HollowMod:GoodIntentions","floor":41,"key":"SMITH"},{"floor":42,"key":"REST"},{"data":"Swift Strike","floor":44,"key":"SMITH"},{"data":"HollowMod:InfectedAttack","floor":46,"key":"SMITH"},{"data":"HollowMod:InfectedAttack","floor":49,"key":"SMITH"}],"circlet_count":0,"master_deck":["HollowMod:InfectionAssault+1","HollowMod:SharpenedNail+1","HollowMod:GoodIntentions+1","HollowMod:SoulEater+1","HollowMod:LifebloodCocoon+1","HollowMod:SoulEater+1","HollowMod:SoulShaman+1","HollowMod:FallenFury+1","HollowMod:LifebloodCocoon+1","HollowMod:BrokenVessel+1","HollowMod:InfectedAttack","HollowMod:InfectedAttack","HollowMod:InfectedAttack+1","HollowMod:InfectedAttack+1","HollowMod:MothsMistake+1","HollowMod:InfectionAssault+1","HollowMod:AwokenDreamNail+1","HollowMod:SoulMaster+1","HollowMod:BrokenVessel+1","Swift Strike+1","HollowMod:BrokenVessel+1","HollowMod:GoodIntentions+1","HollowMod:SoulVessel+1","HollowMod:SlysStrikes"],"relics":["HollowMod:VesselMask","Frozen Eye","DaveBox","ice","TungstenRod","Whetstone","SynthV:TestCard","Pantograph","Incense Burner","Question Card","Centennial Puzzle","PatriotShield","Meat on the Bone","Pocketwatch","Omamori","Kunai","DollysMirror","Akabeko","HornCleat","Matryoshka","Dream Catcher","Regal Pillow","Bottled Tornado","Membership Card","Orichalcum","Tiny Chest","Lizard Tail","CeramicFish","Pen Nib","MealTicket","DaCapo","Black Star","ice"],"acts_visited":["Exordium","TheCity","TheBeyond","Exordium"],"potions_floor_usage":[],"damage_taken":[{"damage":11,"enemies":"Cultist","floor":1,"turns":4},{"damage":6,"enemies":"Small Slimes","floor":5,"turns":2},{"damage":48,"enemies":"Lagavulin","floor":12,"turns":4},{"damage":58,"enemies":"The Guardian","floor":16,"turns":7},{"damage":0,"enemies":"Shell Parasite","floor":18,"turns":3},{"damage":0,"enemies":"Chosen","floor":20,"turns":2},{"damage":5,"enemies":"Centurion and Healer","floor":28,"turns":2},{"damage":5,"enemies":"HollowMod:NKGrimm","floor":33,"turns":4},{"damage":0,"enemies":"3 Shapes","floor":35,"turns":3},{"damage":0,"enemies":"Orb Walker","floor":37,"turns":3},{"damage":0,"enemies":"Mind Bloom Boss Battle","floor":45,"turns":2},{"damage":0,"enemies":"3 Darklings","floor":48,"turns":4},{"damage":19,"enemies":"Awakened One","floor":50,"turns":9},{"damage":0,"enemies":"Small Slimes","floor":52,"turns":1}],"seed_played":"-7285068602420516225","potions_obtained":[{"floor":1,"key":"Explosive Potion"},{"floor":16,"key":"GamblersBrew"},{"floor":18,"key":"SpeedPotion"},{"floor":35,"key":"Block Potion"}],"is_trial":true,"path_per_floor":["M","?","$","?","M","R","R","R","T","?","R","E","?","?","R","B",null,"M","T","M","?","T","R","$","R","T","?","M","$","R","?","R","B",null,"M","?","M","$","?","R","R","R","T","R","?","R","T","M","R","B",null,"M"],"character_chosen":"THE_BUGKNIGHT","items_purchased":["HollowMod:MothsMistake","DollysMirror","Matryoshka","Dream Catcher","Membership Card","HollowMod:BrokenVessel"],"campfire_rested":1,"item_purchase_floors":[3,24,29,29,38,38],"current_hp_per_floor":[64,64,64,64,58,58,58,58,58,58,58,10,75,75,75,17,85,85,85,85,85,85,85,85,85,85,85,80,80,80,70,70,88,113,113,113,113,113,113,113,113,120,120,120,120,120,120,120,120,108,138,138,138],"gold":480,"neow_bonus":"","is_daily":false,"chose_seed":false,"campfire_upgraded":14,"win_rate":0.0,"timestamp":1609586019,"path_taken":["M","?","$","?","?","R","R","R","T","?","R","E","?","?","R","BOSS","M","?","?","?","?","R","$","R","T","?","?","?","R","?","R","BOSS","M","?","?","$","?","R","R","R","T","R","?","R","?","?","R","BOSS","M"],"items_purchased_type":["Card","Relic","Relic","Relic","Relic","Card"],"build_version":"2020-12-22","purchased_purges":0,"victory":false,"max_hp_per_floor":[75,75,75,75,75,75,75,75,75,75,75,75,75,75,75,85,85,89,89,91,91,91,91,91,91,91,91,93,93,93,93,93,113,113,118,118,120,120,120,120,120,120,120,120,124,124,124,127,127,138,138,138,138],"card_choices":[{"not_picked":["HollowMod:DescendingDark","HollowMod:SoulStrike","HollowMod:TaintedHusks","HollowMod:SoulEater","HollowMod:GoodIntentions"],"picked":"HollowMod:InfectionAssault","floor":12},{"not_picked":["HollowMod:LordofShades","HollowMod:LifebloodCore","HollowMod:Weaversong","HollowMod:AwokenDreamNail","HollowMod:PureVessel"],"picked":"HollowMod:SoulMaster","floor":16},{"not_picked":["HollowMod:HowlingWraiths","HollowMod:NewJinnsSoul+1","HollowMod:ShadowDash","HollowMod:AbyssShriek","HollowMod:VengefulVoid"],"picked":"HollowMod:GoodIntentions+1","floor":42},{"not_picked":["HollowMod:InfectedCysts","HollowMod:NewLittleFool","HollowMod:ShadowDash","HollowMod:ChannelNail+1","HollowMod:CornifersMapStart"],"picked":"HollowMod:SoulVessel+1","floor":45},{"not_picked":["HollowMod:MidwifesHunger","HollowMod:AwokenDreamNail","HollowMod:PureVessel","HollowMod:ZotesMagnificence","HollowMod:LordofShades"],"picked":"HollowMod:SlysStrikes","floor":50}],"player_experience":179784,"relics_obtained":[{"floor":1,"key":"Whetstone"},{"floor":1,"key":"SynthV:TestCard"},{"floor":5,"key":"Incense Burner"},{"floor":9,"key":"Question Card"},{"floor":12,"key":"Centennial Puzzle"},{"floor":18,"key":"Meat on the Bone"},{"floor":19,"key":"Pocketwatch"},{"floor":20,"key":"Omamori"},{"floor":22,"key":"Kunai"},{"floor":26,"key":"Akabeko"},{"floor":28,"key":"HornCleat"},{"floor":35,"key":"Regal Pillow"},{"floor":37,"key":"Bottled Tornado"},{"floor":43,"key":"Orichalcum"},{"floor":43,"key":"Tiny Chest"},{"floor":45,"key":"Lizard Tail"},{"floor":47,"key":"CeramicFish"},{"floor":47,"key":"Pen Nib"},{"floor":48,"key":"MealTicket"}],"event_choices":[{"damage_healed":0,"gold_gain":0,"player_choice":"Gave Potion","damage_taken":0,"relics_obtained":["Pantograph"],"max_hp_gain":0,"max_hp_loss":0,"event_name":"WeMeetAgain","floor":4,"gold_loss":0},{"damage_healed":0,"gold_gain":58,"player_choice":"Gained Gold","damage_taken":0,"max_hp_gain":0,"max_hp_loss":0,"event_name":"Golden Wing","floor":10,"gold_loss":0},{"damage_healed":0,"gold_gain":0,"player_choice":"Entered Light","damage_taken":15,"max_hp_gain":0,"max_hp_loss":0,"event_name":"Shining Light","floor":13,"gold_loss":0,"cards_upgraded":["HollowMod:LifebloodCocoon","HollowMod:SoulShaman"]},{"damage_healed":0,"gold_gain":0,"player_choice":"1 cards matched","damage_taken":0,"max_hp_gain":0,"max_hp_loss":0,"event_name":"Match and Keep!","floor":14,"gold_loss":0,"cards_obtained":["HollowMod:AwokenDreamNail"]},{"damage_healed":0,"gold_gain":275,"player_choice":"Desecrate","damage_taken":0,"max_hp_gain":0,"max_hp_loss":0,"event_name":"Golden Shrine","floor":27,"gold_loss":0,"cards_obtained":["Regret"]},{"damage_healed":0,"gold_gain":0,"player_choice":"CARD ","damage_taken":12,"max_hp_gain":0,"max_hp_loss":0,"event_name":"Knowing Skull","floor":31,"potions_obtained":[],"gold_loss":0,"cards_obtained":["Swift Strike"]},{"damage_healed":0,"gold_gain":275,"player_choice":"Desecrate","damage_taken":0,"max_hp_gain":0,"max_hp_loss":0,"event_name":"Golden Shrine","floor":36,"gold_loss":0,"cards_obtained":["Regret"]},{"damage_healed":0,"gold_gain":0,"player_choice":"Ignored","damage_taken":0,"max_hp_gain":0,"max_hp_loss":0,"event_name":"Tomb of Lord Red Mask","floor":39,"gold_loss":0},{"damage_healed":0,"gold_gain":0,"player_choice":"Fight","damage_taken":0,"max_hp_gain":0,"max_hp_loss":0,"event_name":"MindBloom","floor":45,"gold_loss":0}],"is_beta":false,"boss_relics":[{"not_picked":["Runic Pyramid","Sozu"],"picked":"PatriotShield"},{"not_picked":["Runic Dome","Busted Crown","Velvet Choker"]},{"not_picked":["FixedStarFall","NightmareShop"],"picked":"Black Star"}],"items_purged_floors":[],"is_endless":true,"potions_floor_spawned":[1,16,18,28,35,45],"killed_by":"Small Slimes","ascension_level":0}}