{"host":"jtlvi4oh1uvp31nc","time":1609607124,"event":{"mods":["Abigail Mod","BaseMod","CapriCore","Marisa£¨Ùöéë¡¡Øª×âÞÞ£©","Minty Spire (QoL Compilation)","Prisma Mod","StSLib","The Immortal","WarShipGirlsR/??á´Ò³R mod"],"gold_per_floor":[147,147,195,195,237,324,417,417,417,417],"floor_reached":8,"playtime":915,"items_purged":[],"score":96,"play_id":"f5dd80b8-4273-4b35-bed8-1b227e77558d","local_time":"20210103020524","daily_mods":["Draft","Heirloom","Time Dilation","Flight","DeadlyEvents","Elite Swarm","Lethality","Midas"],"is_ascension_mode":true,"campfire_choices":[],"circlet_count":0,"master_deck":["MokouMod:ScorchingColumn","MokouMod:ImperishableFlame","MokouMod:IgnitionBlast","MokouMod:Scorch","MokouMod:IgneousBlow","MokouMod:ResonanceReactor","MokouMod:SubterraneanCore","MokouMod:IgnitionBarrier","MokouMod:Firecracker","MokouMod:Meltdown","MokouMod:FlareStarter","MokouMod:Ember","MokouMod:Trailblazer","MokouMod:WarmUp","MokouMod:ScorchedEarth","MokouMod:SearingBlow","MokouMod:RadiantBlade"],"relics":["MokouMod:PhoenixFeather","Peace Pipe","Art of War","Bronze Scales","Gremlin Horn"],"acts_visited":["Exordium"],"potions_floor_usage":[7],"damage_taken":[{"damage":13,"enemies":"Small Slimes","floor":1,"turns":3},{"damage":13,"enemies":"Cultist","floor":3,"turns":4},{"damage":28,"enemies":"Jaw Worm","floor":5,"turns":4},{"damage":0,"enemies":"Lagavulin","floor":6,"turns":4},{"damage":46,"enemies":"3 Sentries","floor":7,"turns":7},{"damage":0,"enemies":"Gremlin Nob","floor":8,"turns":1}],"seed_played":"496951517818298588","potions_obtained":[{"floor":5,"key":"GamblersBrew"}],"is_trial":true,"path_per_floor":["M","?","M","T","M","E","E","E"],"character_chosen":"MKU","items_purchased":[],"campfire_rested":0,"item_purchase_floors":[],"current_hp_per_floor":[62,62,49,49,21,21,14,14,14,14],"gold":417,"neow_bonus":"","is_daily":false,"chose_seed":false,"campfire_upgraded":0,"win_rate":0.0,"timestamp":1609607124,"path_taken":["M","?","?","?","?","E","E","E"],"items_purchased_type":[],"build_version":"2020-12-22","purchased_purges":0,"victory":false,"max_hp_per_floor":[75,75,75,75,75,75,75,75,75,75],"card_choices":[{"not_picked":["MokouMod:BlazingComet","MokouMod:FusionFlare"],"picked":"MokouMod:InfernalWave","floor":0},{"not_picked":["MokouMod:FlareStarter","MokouMod:BurningDraft"],"picked":"MokouMod:ScorchingColumn","floor":0},{"not_picked":["MokouMod:Overheat","MokouMod:FlareStarter"],"picked":"MokouMod:ImperishableFlame","floor":0},{"not_picked":["MokouMod:Cataclysm","MokouMod:FlickeringFlame"],"picked":"MokouMod:IgnitionBlast","floor":0},{"not_picked":["MokouMod:IndiscriminateIgnition","MokouMod:BurningDraft"],"picked":"MokouMod:Scorch","floor":0},{"not_picked":["MokouMod:InfernalWave","MokouMod:Firecracker"],"picked":"MokouMod:IgneousBlow","floor":0},{"not_picked":["MokouMod:InfernalWave","MokouMod:FlareStarter"],"picked":"MokouMod:ResonanceReactor","floor":0},{"not_picked":["MokouMod:IgnitionBlast","MokouMod:BurningDraft"],"picked":"MokouMod:SubterraneanCore","floor":0},{"not_picked":["MokouMod:Sear","MokouMod:FujiyamaVolcano"],"picked":"MokouMod:IgnitionBarrier","floor":0},{"not_picked":["MokouMod:CrimsonFlare","MokouMod:Sear"],"picked":"MokouMod:Firecracker","floor":0},{"not_picked":["MokouMod:PhoenixFeathers","MokouMod:SearingShot"],"picked":"MokouMod:Meltdown","floor":0},{"not_picked":["MokouMod:FujiyamaVolcano","MokouMod:Singe"],"picked":"MokouMod:FlareStarter","floor":0},{"not_picked":["MokouMod:TemporalFireSeal","MokouMod:IgnitionBarrier"],"picked":"MokouMod:Ember","floor":0},{"not_picked":["MokouMod:IcarusDive","MokouMod:Fireball"],"picked":"MokouMod:Trailblazer","floor":0},{"not_picked":["MokouMod:ResoluteFlare","MokouMod:SubterraneanCore"],"picked":"MokouMod:WarmUp","floor":0},{"not_picked":["MokouMod:AdaptivePyromancy","MokouMod:ImperishableFlame","MokouMod:Fireball"],"picked":"SKIP","floor":1},{"not_picked":["MokouMod:Firecracker","MokouMod:RetainTemperature","MokouMod:EternalBurstReactor"],"picked":"SKIP","floor":3},{"not_picked":["MokouMod:Overheat","MokouMod:IllusoryBattlefield"],"picked":"MokouMod:ScorchedEarth","floor":5},{"not_picked":["MokouMod:EnchantingBambooForest","MokouMod:ExplosiveFlame"],"picked":"MokouMod:SearingBlow","floor":6},{"not_picked":["MokouMod:Ventilation","MokouMod:SearingBlow"],"picked":"MokouMod:RadiantBlade","floor":7}],"player_experience":596692,"relics_obtained":[{"floor":4,"key":"Art of War"},{"floor":6,"key":"Bronze Scales"},{"floor":7,"key":"Gremlin Horn"}],"event_choices":[{"cards_removed":["MokouMod:InfernalWave"],"damage_healed":0,"gold_gain":0,"player_choice":"Purged","damage_taken":0,"max_hp_gain":0,"max_hp_loss":0,"event_name":"Purifier","floor":2,"gold_loss":0}],"is_beta":false,"boss_relics":[],"items_purged_floors":[],"is_endless":true,"potions_floor_spawned":[5],"killed_by":"Gremlin Nob","ascension_level":1}}