{"host":"q5rfnziosjf1jfix","time":1609629902,"event":{"mods":["AchievementEnabler","BaseMod","Infinite Spire","Minty Spire (QoL Compilation)","StSLib"],"gold_per_floor":[118,132,145,161,171,189,206,252,252,262,274,290,290,303,303,406,406,423,442,458,71,82,82,100,110,135,135,135,135],"floor_reached":28,"playtime":3936,"items_purged":["Strike_G"],"score":224,"play_id":"3ac6c172-aad7-4b08-83ac-d57962b35c75","local_time":"20210103012502","is_ascension_mode":false,"campfire_choices":[{"data":"After Image","floor":13,"key":"SMITH"},{"floor":15,"key":"REST"},{"data":"Burst","floor":23,"key":"SMITH"}],"circlet_count":0,"master_deck":["Strike_G","Strike_G","Strike_G","Defend_G","Defend_G","Defend_G","Defend_G","Defend_G","Survivor","Neutralize","Poisoned Stab","Blade Dance+1","After Image+1","Deadly Poison+1","Poisoned Stab","Dash","Flying Knee","Caltrops","Outmaneuver","Adrenaline","Backflip","Die Die Die","Riddle With Holes","Predator+1","Dodge and Roll+1","Burst+1","Caltrops","Outmaneuver+1","PiercingWail","infinitespire:Neurotoxin"],"relics":["Ring of the Snake","NeowsBlessing","Pen Nib","Oddly Smooth Stone","SacredBark","War Paint","Boot"],"acts_visited":["TheCity"],"potions_floor_usage":[7,16,16,16,24,24],"damage_taken":[{"damage":0,"enemies":"Cultist","floor":1,"turns":1},{"damage":0,"enemies":"Small Slimes","floor":2,"turns":1},{"damage":0,"enemies":"Jaw Worm","floor":3,"turns":1},{"damage":4,"enemies":"2 Fungi Beasts","floor":4,"turns":3},{"damage":6,"enemies":"3 Louse","floor":5,"turns":7},{"damage":12,"enemies":"Exordium Thugs","floor":6,"turns":5},{"damage":10,"enemies":"Lots of Slimes","floor":7,"turns":4},{"damage":0,"enemies":"Blue Slaver","floor":10,"turns":3},{"damage":0,"enemies":"2 Fungi Beasts","floor":11,"turns":2},{"damage":3,"enemies":"Exordium Wildlife","floor":12,"turns":4},{"damage":0,"enemies":"Large Slime","floor":14,"turns":7},{"damage":23,"enemies":"Slime Boss","floor":16,"turns":8},{"damage":12,"enemies":"Shell Parasite","floor":18,"turns":7},{"damage":1,"enemies":"3 Byrds","floor":19,"turns":4},{"damage":26,"enemies":"Centurion and Healer","floor":20,"turns":8},{"damage":11,"enemies":"Snake Plant","floor":22,"turns":5},{"damage":0,"enemies":"3 Cultists","floor":24,"turns":6},{"damage":18,"enemies":"Sentry and Sphere","floor":25,"turns":7},{"damage":7,"enemies":"Snake Plant","floor":28,"turns":1}],"seed_played":"6496483931658968941","potions_obtained":[{"floor":4,"key":"FearPotion"},{"floor":6,"key":"AttackPotion"},{"floor":7,"key":"Strength Potion"},{"floor":11,"key":"Explosive Potion"},{"floor":12,"key":"SkillPotion"},{"floor":18,"key":"Swift Potion"},{"floor":20,"key":"BlessingOfTheForge"},{"floor":25,"key":"LiquidBronze"}],"is_trial":false,"path_per_floor":["M","M","M","M","M","M","M","T","T","M","M","M","R","M","R","B",null,"M","M","M","$","M","R","M","M","T","?","M"],"character_chosen":"THE_SILENT","items_purchased":["Burst","War Paint"],"campfire_rested":1,"item_purchase_floors":[21,21],"current_hp_per_floor":[70,70,70,66,60,48,38,38,38,38,38,35,35,35,56,33,70,58,57,31,31,20,20,20,2,2,2,0,0],"gold":135,"neow_bonus":"THREE_ENEMY_KILL","is_daily":false,"chose_seed":false,"campfire_upgraded":2,"win_rate":0.0,"timestamp":1609629902,"path_taken":["M","M","M","M","M","M","M","?","T","M","M","M","R","M","R","BOSS","M","M","M","$","M","R","M","M","T","?","M"],"items_purchased_type":["Card","Relic"],"build_version":"2020-12-22","purchased_purges":1,"victory":false,"max_hp_per_floor":[70,70,70,70,70,70,70,70,70,70,70,70,70,70,70,70,70,70,70,70,70,70,70,70,70,70,70,70,70],"card_choices":[{"not_picked":["Flying Knee","Quick Slash"],"picked":"Poisoned Stab","floor":1},{"not_picked":["Tactician","Deflect"],"picked":"Blade Dance","floor":2},{"not_picked":["Dagger Spray","Riddle With Holes"],"picked":"After Image","floor":3},{"not_picked":["Deflect","Dodge and Roll"],"picked":"Deadly Poison","floor":4},{"not_picked":["Prepared","Dagger Throw"],"picked":"Poisoned Stab","floor":5},{"not_picked":["Prepared","Underhanded Strike"],"picked":"Dash","floor":6},{"not_picked":["Choke","Underhanded Strike"],"picked":"Flying Knee","floor":7},{"not_picked":["Well Laid Plans","All Out Attack"],"picked":"Caltrops","floor":10},{"not_picked":["Blade Dance","Dodge and Roll"],"picked":"Outmaneuver","floor":11},{"not_picked":["Slice","Underhanded Strike"],"picked":"Adrenaline","floor":12},{"not_picked":["Acrobatics","Flechettes"],"picked":"Backflip","floor":14},{"not_picked":["Wraith Form v2","Malaise"],"picked":"Die Die Die","floor":16},{"not_picked":["Underhanded Strike","Backflip"],"picked":"Riddle With Holes","floor":18},{"not_picked":["Outmaneuver","Quick Slash"],"picked":"Predator+1","floor":19},{"not_picked":["Flechettes+1","Caltrops"],"picked":"Dodge and Roll+1","floor":20},{"not_picked":["Flechettes","Endless Agony+1"],"picked":"Caltrops","floor":22},{"not_picked":["Poisoned Stab","Underhanded Strike"],"picked":"Outmaneuver+1","floor":24},{"not_picked":["Underhanded Strike+1","Bouncing Flask"],"picked":"PiercingWail","floor":25}],"player_experience":12012,"relics_obtained":[{"floor":8,"key":"Pen Nib"},{"floor":9,"key":"Oddly Smooth Stone"},{"floor":26,"key":"Boot"}],"event_choices":[{"damage_healed":0,"gold_gain":0,"cards_transformed":["Strike_G"],"player_choice":"Transformed","damage_taken":0,"max_hp_gain":0,"max_hp_loss":0,"event_name":"Transmorgrifier","floor":27,"gold_loss":0,"cards_obtained":["infinitespire:Neurotoxin"]}],"is_beta":false,"boss_relics":[{"not_picked":["Snecko Eye","Sozu"],"picked":"SacredBark"}],"items_purged_floors":[21],"is_endless":false,"potions_floor_spawned":[4,6,7,11,12,14,18,20,25],"killed_by":"Snake Plant","ascension_level":0}}