{"host":"os9owiyb0rak6c8n","time":1609610909,"event":{"mods":["AchievementEnabler","BaseMod","Beaked The Cultist","Better Third Choice","Block Reminder","Colored Map","Colored Powertips","Dio Mod","Minty Spire (QoL Compilation)","Robot Space Explorer","Spicy Shops","StSLib","The Death Knight","The Dragon Tamer"],"gold_per_floor":[110,124,124,124,299,332,381,391,391,421,421,438,69,95,95,199,199,217,233,233,233,248,282,282,309,309,309,341,341,341,357,357,454,454,464,478,478,55,103,137,137,237,237,38,38,56,88,103,103,103],"floor_reached":51,"playtime":2904,"items_purged":["Doubt"],"score":1045,"play_id":"c1877824-e399-4e6e-bfc7-c2ce130e3eb4","local_time":"20210102190829","is_ascension_mode":true,"campfire_choices":[{"data":"dioMod:GoodbyeJojo","floor":11,"key":"SMITH"},{"data":"Sadistic Nature","floor":15,"key":"SMITH"},{"floor":24,"key":"REST"},{"floor":27,"key":"REST"},{"floor":30,"key":"REST"},{"floor":32,"key":"REST"},{"floor":45,"key":"REST"},{"floor":49,"key":"RECALL"}],"circlet_count":0,"master_deck":["dioMod:Strike","dioMod:Strike","dioMod:Strike","Bite","dioMod:Defend","dioMod:Defend","dioMod:Defend+1","dioMod:Defend","dioMod:BloodSplash+1","dioMod:TripleThreat","dioMod:Pluck+1","dioMod:WRYYY","dioMod:GoodbyeJojo+1","dioMod:Freeze","Sadistic Nature+1","dioMod:ComposedMuda+1","dioMod:TheWalk+1","dioMod:Diversion+1","dioMod:ComboFever","dioMod:Muda+1","dioMod:StreetSign+1","dioMod:DaggerToss+1","dioMod:SevenPageMuda+1","dioMod:SadisticLaugh+1","dioMod:BlendIn","dioMod:ZaWarudo+1","dioMod:OverHeaven+1","dioMod:MudaMudaMuda+1","dioMod:BloodTransfusion+1"],"relics":["dioMod:VampireBlood","NeowsBlessing","Dream Catcher","Potion Belt","Bottled Flame","Ancient Tea Set","Molten Egg 2","Fusion Hammer","Frozen Egg 2","Boot","Oddly Smooth Stone","Bottled Tornado","beaked:SacredDeck","Dead Branch","Kunai","OrangePellets","Unceasing Top","Torii","FossilizedHelix","Darkstone Periapt","Bag of Marbles"],"acts_visited":["Exordium","TheCity","TheBeyond"],"potions_floor_usage":[10,14,16,16,28,33,46,50],"damage_taken":[{"damage":0,"enemies":"Cultist","floor":1,"turns":1},{"damage":0,"enemies":"Small Slimes","floor":2,"turns":1},{"damage":0,"enemies":"Lagavulin","floor":6,"turns":1},{"damage":1,"enemies":"2 Louse","floor":8,"turns":3},{"damage":25,"enemies":"Gremlin Nob","floor":10,"turns":5},{"damage":2,"enemies":"Looter","floor":12,"turns":2},{"damage":20,"enemies":"Lagavulin","floor":14,"turns":6},{"damage":29,"enemies":"Slime Boss","floor":16,"turns":12},{"damage":16,"enemies":"3 Byrds","floor":18,"turns":7},{"damage":18,"enemies":"2 Thieves","floor":19,"turns":3},{"damage":28,"enemies":"Shelled Parasite and Fungi","floor":22,"turns":7},{"damage":26,"enemies":"Book of Stabbing","floor":23,"turns":6},{"damage":26,"enemies":"Gremlin Leader","floor":25,"turns":6},{"damage":10,"enemies":"Slavers","floor":28,"turns":4},{"damage":15,"enemies":"Snake Plant","floor":31,"turns":3},{"damage":28,"enemies":"StardustCrusaders","floor":33,"turns":6},{"damage":17,"enemies":"3 Darklings","floor":35,"turns":7},{"damage":2,"enemies":"Orb Walker","floor":36,"turns":3},{"damage":12,"enemies":"2 Orb Walkers","floor":39,"turns":3},{"damage":26,"enemies":"Reptomancer","floor":40,"turns":4},{"damage":2,"enemies":"Maw","floor":46,"turns":4},{"damage":0,"enemies":"Nemesis","floor":47,"turns":2},{"damage":30,"enemies":"3 Darklings","floor":48,"turns":4},{"damage":0,"enemies":"Time Eater","floor":50,"turns":1}],"seed_played":"-3413401029279610093","potions_obtained":[{"floor":6,"key":"FearPotion"},{"floor":8,"key":"BlessingOfTheForge"},{"floor":10,"key":"LiquidMemories"},{"floor":12,"key":"DeathKnight:RimePotion"},{"floor":22,"key":"CultistPotion"},{"floor":23,"key":"FairyPotion"},{"floor":25,"key":"AttackPotion"},{"floor":39,"key":"SpeedPotion"},{"floor":46,"key":"FairyPotion"},{"floor":47,"key":"PowerPotion"}],"is_trial":false,"path_per_floor":["M","M","?","?","?","E","T","M","T","E","R","M","$","E","R","B",null,"M","M","?","?","M","E","R","E","T","R","E","?","R","M","R","B",null,"M","M","?","$","?","E","?","?","T","$","R","M","E","M","R","B",null],"character_chosen":"THE_DEFAULT","items_purchased":["Sadistic Nature","Dead Branch","Kunai","OrangePellets","Darkstone Periapt","Regen Potion"],"campfire_rested":5,"item_purchase_floors":[13,38,38,38,44,44],"current_hp_per_floor":[75,75,75,60,60,63,63,70,70,52,52,55,55,42,42,30,75,69,59,59,59,41,22,44,34,34,56,57,57,75,63,75,53,75,75,75,75,75,69,57,35,35,35,35,57,75,75,75,75,75],"gold":103,"neow_bonus":"THREE_ENEMY_KILL","is_daily":false,"chose_seed":false,"campfire_upgraded":2,"win_rate":0.0,"timestamp":1609610909,"path_taken":["M","?","?","?","?","E","?","?","T","E","R","M","$","E","R","BOSS","M","M","?","?","M","E","R","E","T","R","E","?","R","M","R","BOSS","M","?","?","$","?","E","?","?","T","$","R","M","E","?","R","BOSS"],"items_purchased_type":["Card","Relic","Relic","Relic","Relic","Potion"],"build_version":"2020-12-22","purchased_purges":1,"victory":true,"max_hp_per_floor":[75,75,75,75,75,75,75,75,75,75,75,75,75,75,75,75,75,75,75,75,75,75,75,75,75,75,75,75,75,75,75,75,75,75,75,75,75,75,75,75,75,75,75,75,75,75,75,75,75,75],"card_choices":[{"not_picked":["dioMod:ComposedMuda","dioMod:SadisticLaugh"],"picked":"dioMod:BloodSplash","floor":1},{"not_picked":["dioMod:Diversion","dioMod:GoodbyeJojo"],"picked":"dioMod:TripleThreat","floor":2},{"not_picked":["dioMod:BloodSplash","dioMod:VengefulMuda"],"picked":"dioMod:Pluck","floor":6},{"not_picked":["dioMod:BloodSplash","dioMod:FlyAway"],"picked":"dioMod:WRYYY","floor":8},{"not_picked":["dioMod:UltimateSacrifice","dioMod:BloodSplash"],"picked":"dioMod:GoodbyeJojo","floor":10},{"not_picked":["dioMod:VengefulMuda","dioMod:StreetSign"],"picked":"dioMod:Freeze","floor":12},{"not_picked":["dioMod:BloodShield","dioMod:BloodSplash"],"picked":"dioMod:ComposedMuda+1","floor":14},{"not_picked":["dioMod:GoldVial","dioMod:SevenPageMuda+1"],"picked":"dioMod:TheWalk","floor":16},{"not_picked":["dioMod:FlyAway+1","dioMod:ComposedMuda+1"],"picked":"dioMod:Diversion+1","floor":18},{"not_picked":["dioMod:CautiousMuda+1","dioMod:TripleThreat+1"],"picked":"dioMod:ComboFever","floor":19},{"not_picked":["dioMod:Roundabout","dioMod:VengefulMuda+1"],"picked":"dioMod:Muda+1","floor":22},{"not_picked":["dioMod:Roundabout+1","dioMod:BloodShield+1"],"picked":"dioMod:StreetSign+1","floor":23},{"not_picked":["dioMod:BloodShield","dioMod:WRYYY"],"picked":"dioMod:DaggerToss+1","floor":24},{"not_picked":["dioMod:DoubleTime","dioMod:SecretPlan+1"],"picked":"dioMod:SevenPageMuda+1","floor":25},{"not_picked":["dioMod:BloodShield","dioMod:DisarmingVoice"],"picked":"dioMod:SadisticLaugh+1","floor":27},{"not_picked":["dioMod:BloodSplash+1","dioMod:VengefulMuda+1","dioMod:DaggerSpree+1"],"picked":"SKIP","floor":28},{"not_picked":["dioMod:FlyAway+1","dioMod:VengefulMuda+1","dioMod:StreetSign+1"],"picked":"SKIP","floor":31},{"not_picked":["dioMod:CoffinBath+1","dioMod:VengefulMuda+1"],"picked":"dioMod:BlendIn","floor":32},{"not_picked":["dioMod:UltimateSacrifice","dioMod:KonoDioDa"],"picked":"dioMod:ZaWarudo","floor":33},{"not_picked":["dioMod:CautiousMuda+1","dioMod:HeavyLifting","dioMod:DisarmingVoice+1"],"picked":"SKIP","floor":35},{"not_picked":["dioMod:CautiousMuda+1","dioMod:FlyAway"],"picked":"dioMod:MudaMudaMuda+1","floor":36},{"not_picked":["dioMod:TripleThreat+1","dioMod:ComposedMuda+1"],"picked":"dioMod:BloodTransfusion+1","floor":40},{"not_picked":["dioMod:ComposedMuda+1","dioMod:BloodSplash","dioMod:DaggerToss+1"],"picked":"SKIP","floor":46},{"not_picked":["dioMod:Hiss+1","dioMod:VengefulMuda+1","dioMod:SecretPlan+1"],"picked":"SKIP","floor":47},{"not_picked":["dioMod:StreetSign+1","dioMod:DisarmingVoice+1","dioMod:BloodShield+1"],"picked":"SKIP","floor":48}],"player_experience":527864,"relics_obtained":[{"floor":6,"key":"Dream Catcher"},{"floor":7,"key":"Potion Belt"},{"floor":9,"key":"Bottled Flame"},{"floor":10,"key":"Ancient Tea Set"},{"floor":14,"key":"Molten Egg 2"},{"floor":23,"key":"Frozen Egg 2"},{"floor":25,"key":"Boot"},{"floor":26,"key":"Oddly Smooth Stone"},{"floor":28,"key":"Bottled Tornado"},{"floor":39,"key":"Unceasing Top"},{"floor":40,"key":"Torii"},{"floor":43,"key":"FossilizedHelix"},{"floor":47,"key":"Bag of Marbles"}],"event_choices":[{"damage_healed":0,"gold_gain":0,"player_choice":"Leave","damage_taken":0,"max_hp_gain":0,"max_hp_loss":0,"event_name":"The Cleric","floor":3,"gold_loss":0},{"damage_healed":75,"gold_gain":0,"player_choice":"Upgrade","damage_taken":15,"max_hp_gain":0,"max_hp_loss":75,"event_name":"betterThird:BetterShining","floor":4,"gold_loss":0,"cards_upgraded":["dioMod:BloodSplash","dioMod:Defend"]},{"damage_healed":0,"gold_gain":175,"player_choice":"AGREE","damage_taken":124,"max_hp_gain":0,"max_hp_loss":0,"event_name":"betterThird:BetterSerpent","floor":5,"gold_loss":0},{"damage_healed":0,"gold_gain":0,"player_choice":"Ignored","damage_taken":0,"max_hp_gain":0,"max_hp_loss":0,"event_name":"Ghosts","floor":20,"gold_loss":0},{"damage_healed":0,"gold_gain":0,"player_choice":"Smashed Altar","damage_taken":0,"max_hp_gain":0,"max_hp_loss":0,"event_name":"Forgotten Altar","floor":21,"gold_loss":0,"cards_obtained":["Decay"]},{"cards_removed":["Decay"],"damage_healed":0,"gold_gain":0,"player_choice":"Removed Curses","damage_taken":0,"max_hp_gain":0,"max_hp_loss":0,"event_name":"Fountain of Cleansing","floor":29,"gold_loss":0},{"cards_removed":["dioMod:Strike"],"damage_healed":0,"gold_gain":0,"player_choice":"Removed Attack","damage_taken":0,"max_hp_gain":0,"max_hp_loss":0,"event_name":"Falling","floor":37,"gold_loss":0},{"damage_healed":0,"gold_gain":0,"player_choice":"Fight","damage_taken":0,"max_hp_gain":0,"max_hp_loss":0,"event_name":"Mysterious Sphere","floor":39,"gold_loss":0},{"damage_healed":0,"gold_gain":100,"player_choice":"Pray","damage_taken":0,"max_hp_gain":0,"max_hp_loss":0,"event_name":"Golden Shrine","floor":42,"gold_loss":0}],"is_beta":false,"boss_relics":[{"not_picked":["dioMod:JoestarBlood","Black Star"],"picked":"Fusion Hammer"},{"not_picked":["Velvet Choker","Runic Dome"],"picked":"beaked:SacredDeck"}],"items_purged_floors":[13],"is_endless":false,"potions_floor_spawned":[6,8,10,12,22,23,25,39,46,47],"ascension_level":1}}