{"host":"Alvar","time":1609583342,"event":{"mods":["AchievementEnabler","BaseMod","Minty Spire (QoL Compilation)","StSLib"],"gold_per_floor":[119,136,136,148,148,179,179,206,206,206,226,256,289,303,303,377,377,388,388,405,153,164,164,197,197,197,112,132,132,162,162,162],"floor_reached":31,"playtime":1588,"items_purged":["Strike_P"],"score":694,"play_id":"97b26b94-d7e2-467b-9e07-b46bf2883cf6","local_time":"20210102172902","is_ascension_mode":true,"campfire_choices":[{"data":"Eruption","floor":7.0,"key":"SMITH"},{"floor":10.0,"key":"REST"},{"data":"TalkToTheHand","floor":15.0,"key":"SMITH"},{"floor":23.0,"key":"REST"},{"floor":25.0,"key":"REST"},{"data":"Meditate","floor":29.0,"key":"SMITH"}],"circlet_count":0,"master_deck":["AscendersBane","Strike_P+1","Strike_P+1","Strike_P+1","Defend_P+1","Defend_P","Defend_P","Defend_P+1","Eruption+1","Vigilance","CutThroughFate","Protect+1","EmptyFist+1","LikeWater+1","FearNoEvil+1","TalkToTheHand+1","LikeWater+1","ReachHeaven","LessonLearned","MentalFortress+1","TalkToTheHand+1","Meditate+1","CarveReality","FlurryOfBlows+1","FollowUp","CutThroughFate"],"relics":["PureWater","InkBottle","Frozen Egg 2","Odd Mushroom","Orichalcum","Sozu","Akabeko","White Beast Statue","Pear","Shuriken"],"acts_visited":["Exordium","TheCity"],"potions_floor_usage":[],"damage_taken":[{"damage":4.0,"enemies":"Small Slimes","floor":1.0,"turns":2.0},{"damage":0.0,"enemies":"2 Louse","floor":2.0,"turns":2.0},{"damage":0.0,"enemies":"Cultist","floor":4.0,"turns":2.0},{"damage":19.0,"enemies":"3 Sentries","floor":6.0,"turns":7.0},{"damage":5.0,"enemies":"Gremlin Nob","floor":8.0,"turns":3.0},{"damage":0.0,"enemies":"3 Louse","floor":11.0,"turns":3.0},{"damage":1.0,"enemies":"The Mushroom Lair","floor":12.0,"turns":4.0},{"damage":12.0,"enemies":"3 Sentries","floor":13.0,"turns":9.0},{"damage":7.0,"enemies":"Exordium Wildlife","floor":14.0,"turns":4.0},{"damage":0.0,"enemies":"The Guardian","floor":16.0,"turns":10.0},{"damage":3.0,"enemies":"Shell Parasite","floor":18.0,"turns":6.0},{"damage":14.0,"enemies":"3 Byrds","floor":20.0,"turns":7.0},{"damage":10.0,"enemies":"Centurion and Healer","floor":22.0,"turns":8.0},{"damage":28.0,"enemies":"Book of Stabbing","floor":24.0,"turns":7.0},{"damage":0.0,"enemies":"Chosen and Byrds","floor":28.0,"turns":6.0},{"damage":21.0,"enemies":"Gremlin Leader","floor":30.0,"turns":5.0},{"damage":20,"enemies":"Snake Plant","floor":31,"turns":3}],"seed_played":"-2550228346596741463","potions_obtained":[{"floor":2.0,"key":"SkillPotion"},{"floor":8.0,"key":"ColorlessPotion"}],"is_trial":false,"path_per_floor":["M","M","?","M","?","E","R","E","T","R","M","?","E","M","R","B",null,"M","?","M","$","M","R","E","R","T","?","M","R","E","M"],"character_chosen":"WATCHER","items_purchased":["TalkToTheHand","Meditate"],"campfire_rested":3,"item_purchase_floors":[21,21],"current_hp_per_floor":[63,63,41,41,41,22,22,17,17,39,39,38,26,19,19,19,60,57,36,22,22,12,35,7,30,30,40,40,40,19,0,0],"gold":162,"neow_bonus":"TEN_PERCENT_HP_BONUS","is_daily":false,"chose_seed":false,"campfire_upgraded":3,"win_rate":0.0,"timestamp":1609583342,"path_taken":["M","M","?","M","?","E","R","E","T","R","M","?","E","M","R","BOSS","M","?","M","$","M","R","E","R","T","?","M","R","E","M"],"items_purchased_type":["Card","Card"],"build_version":"2020-12-18","purchased_purges":1,"victory":false,"max_hp_per_floor":[74,74,74,74,74,74,74,74,74,74,74,74,74,74,74,74,74,74,79,79,79,79,79,79,79,79,89,89,89,89,89,89],"card_choices":[{"not_picked":["Halt","Swivel"],"picked":"CutThroughFate","floor":1.0},{"not_picked":["FollowUp","CutThroughFate"],"picked":"Protect","floor":2.0},{"not_picked":["Sanctity","ClearTheMind"],"picked":"EmptyFist","floor":4.0},{"not_picked":["EmptyBody","CutThroughFate","JustLucky"],"picked":"SKIP","floor":6.0},{"not_picked":["SashWhip","InnerPeace"],"picked":"LikeWater+1","floor":8.0},{"not_picked":["EmptyBody","CrushJoints"],"picked":"FearNoEvil","floor":11.0},{"not_picked":["WindmillStrike","Protect"],"picked":"TalkToTheHand","floor":12.0},{"not_picked":["FearNoEvil","Perseverance"],"picked":"LikeWater+1","floor":13.0},{"not_picked":["Worship","CrushJoints"],"picked":"ReachHeaven","floor":14.0},{"not_picked":["Scrawl","DevaForm+1"],"picked":"LessonLearned","floor":16.0},{"not_picked":["Prostrate","Nirvana+1","FollowUp"],"picked":"SKIP","floor":18.0},{"not_picked":["EmptyFist+1","FlurryOfBlows"],"picked":"MentalFortress+1","floor":20.0},{"not_picked":["Crescendo","Protect"],"picked":"CarveReality","floor":22.0},{"not_picked":["Pray","FollowUp"],"picked":"FlurryOfBlows+1","floor":24.0},{"not_picked":["Collect","Protect"],"picked":"FollowUp","floor":28.0},{"not_picked":["Devotion+1","CrushJoints"],"picked":"CutThroughFate","floor":30.0}],"player_experience":762684,"relics_obtained":[{"floor":6.0,"key":"InkBottle"},{"floor":8.0,"key":"Frozen Egg 2"},{"floor":12.0,"key":"Odd Mushroom"},{"floor":13.0,"key":"Orichalcum"},{"floor":24.0,"key":"Akabeko"},{"floor":26.0,"key":"White Beast Statue"},{"floor":30.0,"key":"Shuriken"}],"event_choices":[{"damage_healed":0.0,"max_hp_gain":0.0,"max_hp_loss":0.0,"gold_gain":0.0,"event_name":"Shining Light","player_choice":"Entered Light","floor":3.0,"gold_loss":0.0,"damage_taken":22.0,"cards_upgraded":["Defend_P","Strike_P"]},{"damage_healed":0.0,"max_hp_gain":0.0,"max_hp_loss":0.0,"gold_gain":0.0,"event_name":"Living Wall","player_choice":"Grow","floor":5.0,"gold_loss":0.0,"damage_taken":0.0,"cards_upgraded":["EmptyFist"]},{"damage_healed":0.0,"max_hp_gain":0.0,"max_hp_loss":0.0,"gold_gain":0.0,"event_name":"Mushrooms","player_choice":"Fought Mushrooms","floor":12.0,"gold_loss":0.0,"damage_taken":0.0},{"damage_healed":0.0,"max_hp_gain":5.0,"max_hp_loss":0.0,"gold_gain":0.0,"event_name":"Forgotten Altar","player_choice":"Shed Blood","floor":19.0,"gold_loss":0.0,"damage_taken":26.0},{"damage_healed":0.0,"max_hp_gain":0.0,"max_hp_loss":0.0,"gold_gain":0.0,"event_name":"Addict","player_choice":"Obtained Relic","floor":27.0,"gold_loss":85.0,"damage_taken":0.0,"relics_obtained":["Pear"]}],"is_beta":true,"boss_relics":[{"not_picked":["Cursed Key","Runic Dome"],"picked":"Sozu"}],"items_purged_floors":[21],"is_endless":false,"potions_floor_spawned":[2,8,12,14,28,30],"killed_by":"Snake Plant","ascension_level":19}}