{"host":"sav7uxregyirlf69","time":1609553868,"event":{"mods":["AchievementEnabler","BaseMod","Colored Map","DeckTracker","Keyboard Shortcuts","Minty Spire (QoL Compilation)","READ ME - Guardian Mod","StSLib","SuperFastMode"],"gold_per_floor":[118,118,193,216,216,216,141,141,141],"floor_reached":8,"playtime":64,"items_purged":[],"score":88,"play_id":"1efce29c-0c97-446e-9d93-caa7be56139e","local_time":"20210102111748","is_ascension_mode":true,"campfire_choices":[{"floor":6,"key":"REST"}],"circlet_count":0,"master_deck":["AscendersBane","Strike_R","Strike_R","Strike_R","Strike_R","Strike_R","Defend_R","Defend_R","Defend_R","Defend_R","Bash","Power Through","Twin Strike"],"relics":["Burning Blood","Golden Idol"],"acts_visited":["Exordium"],"potions_floor_usage":[],"damage_taken":[{"damage":12,"enemies":"Jaw Worm","floor":1,"turns":3},{"damage":20,"enemies":"Small Slimes","floor":4,"turns":4},{"damage":20,"enemies":"3 Sentries","floor":8,"turns":4}],"seed_played":"-3793756010118510477","potions_obtained":[{"floor":4,"key":"Ancient Potion"}],"is_trial":false,"path_per_floor":["M","?","?","M","?","R","?","E"],"character_chosen":"IRONCLAD","items_purchased":[],"campfire_rested":1,"item_purchase_floors":[],"current_hp_per_floor":[76,45,34,20,20,46,46,26,26],"gold":141,"neow_bonus":"TWENTY_PERCENT_HP_BONUS","is_daily":false,"chose_seed":false,"campfire_upgraded":0,"win_rate":0.0,"timestamp":1609553868,"path_taken":["M","?","?","M","?","R","?","E"],"items_purchased_type":[],"build_version":"2020-12-22","purchased_purges":0,"victory":false,"max_hp_per_floor":[89,89,89,89,89,89,89,89,89],"card_choices":[{"not_picked":["Body Slam","True Grit"],"picked":"Power Through","floor":1},{"not_picked":["Perfected Strike","Clash"],"picked":"Twin Strike","floor":4}],"player_experience":1105033,"relics_obtained":[],"event_choices":[{"damage_healed":0,"gold_gain":0,"player_choice":"Take Damage","damage_taken":31,"relics_obtained":["Golden Idol"],"max_hp_gain":0,"max_hp_loss":0,"event_name":"Golden Idol","floor":2,"gold_loss":0},{"damage_healed":0,"gold_gain":75,"player_choice":"Gather Gold","damage_taken":11,"max_hp_gain":0,"max_hp_loss":0,"event_name":"World of Goop","floor":3,"gold_loss":0},{"damage_healed":0,"gold_gain":0,"player_choice":"Ignored","damage_taken":0,"max_hp_gain":0,"max_hp_loss":0,"event_name":"Shining Light","floor":5,"gold_loss":0},{"cards_removed":["Normality"],"damage_healed":0,"gold_gain":0,"player_choice":"Card Removal","damage_taken":0,"max_hp_gain":0,"max_hp_loss":0,"event_name":"The Cleric","floor":7,"gold_loss":75}],"is_beta":false,"boss_relics":[],"items_purged_floors":[],"is_endless":false,"potions_floor_spawned":[4],"killed_by":"3 Sentries","ascension_level":20}}