{"host":"j29osl8nelwi4hyu","time":1609618367,"event":{"mods":["BaseMod","Colored Powertips","Hubris","Infinite Spire","Minty Spire (QoL Compilation)","Replay The Spire","StSLib"],"gold_per_floor":[117,136,150,150,166,166,183,183,183,214,230,230,240,258,258,361,361,361],"floor_reached":17,"playtime":652,"items_purged":[],"score":214,"play_id":"bf9feb1c-5a8e-4d07-9863-fb0e31599f71","local_time":"20210102121247","is_ascension_mode":true,"campfire_choices":[{"data":"Predator","floor":6,"key":"SMITH"},{"floor":12,"key":"REST"},{"floor":15,"key":"REST"}],"circlet_count":0,"master_deck":["Strike_G","Strike_G","Strike_G","Strike_G","Strike_G","Defend_G","Defend_G","Defend_G","Defend_G","Survivor","Neutralize","Dodge and Roll","Predator+1","Poisoned Stab","Hidden Blade","Deadly Poison","Draining Mist","Deflect","Sucker Punch+1","Backflip+1","Footwork+1"],"relics":["Ring of the Snake","NeowsBlessing","FaceOfCleric","Mummified Hand","Incense Burner","Astrolabe"],"acts_visited":["Exordium","TheCity"],"potions_floor_usage":[16],"damage_taken":[{"damage":0,"enemies":"Small Slimes","floor":1,"turns":1},{"damage":0,"enemies":"infinitespire:Voidling","floor":2,"turns":1},{"damage":0,"enemies":"Cultist","floor":3,"turns":1},{"damage":0,"enemies":"Red Slaver","floor":5,"turns":5},{"damage":11,"enemies":"2 Fungi Beasts","floor":7,"turns":5},{"damage":8,"enemies":"Gremlin Nob","floor":10,"turns":3},{"damage":16,"enemies":"Exordium Thugs","floor":11,"turns":5},{"damage":28,"enemies":"Large Slime","floor":13,"turns":7},{"damage":18,"enemies":"Lots of Slimes","floor":14,"turns":5},{"damage":3,"enemies":"Hexaghost","floor":16,"turns":11}],"seed_played":"-1105667149397941918","potions_obtained":[{"floor":2,"key":"Elixir"},{"floor":5,"key":"Milkshake"},{"floor":7,"key":"Ancient Potion"},{"floor":10,"key":"Doom Potion"},{"floor":16,"key":"Dexterity Potion"}],"is_trial":false,"path_per_floor":["M","M","M","?","M","R","M","?","T","E","M","R","M","M","R","B",null],"character_chosen":"THE_SILENT","items_purchased":[],"campfire_rested":2,"item_purchase_floors":[],"current_hp_per_floor":[70,70,70,70,70,70,59,59,59,52,37,58,31,14,36,34,75,75],"gold":361,"neow_bonus":"THREE_ENEMY_KILL","is_daily":false,"chose_seed":false,"campfire_upgraded":1,"win_rate":0.0,"timestamp":1609618367,"path_taken":["M","M","M","?","?","R","M","?","T","E","M","R","?","M","R","BOSS"],"items_purchased_type":[],"build_version":"2020-12-22","purchased_purges":0,"victory":false,"max_hp_per_floor":[70,70,70,70,70,70,70,70,70,71,72,72,73,74,74,75,75,75],"card_choices":[{"not_picked":["ReplayTheSpireMod:The Works","Outmaneuver"],"picked":"Dodge and Roll","floor":1},{"not_picked":["hubris:SlightOfHand","Backflip"],"picked":"Predator","floor":2},{"not_picked":["Cloak And Dagger","Blade Dance"],"picked":"Poisoned Stab","floor":3},{"not_picked":["Blade Dance","Dodge and Roll"],"picked":"Hidden Blade","floor":5},{"not_picked":["PiercingWail","hubris:TrickCloak"],"picked":"Deadly Poison","floor":7},{"not_picked":["Deadly Poison","Dagger Throw"],"picked":"Burst","floor":10},{"not_picked":["Underhanded Strike","Prepared"],"picked":"Draining Mist","floor":11},{"not_picked":["Heel Hook","Bane"],"picked":"Deflect","floor":13},{"not_picked":["Dagger Throw","Dodge and Roll"],"picked":"Fluid Movement","floor":14},{"not_picked":["Night Terror","ReplayTheSpireMod:Necrosis"],"picked":"Envenom","floor":16}],"player_experience":304712,"relics_obtained":[{"floor":9,"key":"Mummified Hand"},{"floor":10,"key":"Incense Burner"}],"event_choices":[{"cards_removed":["Defend_G"],"damage_healed":0,"gold_gain":0,"player_choice":"Purged","damage_taken":0,"max_hp_gain":0,"max_hp_loss":0,"event_name":"Purifier","floor":4,"gold_loss":0},{"damage_healed":0,"gold_gain":0,"player_choice":"Trade","damage_taken":0,"relics_obtained":["FaceOfCleric"],"max_hp_gain":0,"max_hp_loss":0,"event_name":"FaceTrader","floor":8,"gold_loss":0}],"is_beta":false,"boss_relics":[{"not_picked":["ReplayTheSpireMod:DimensionalGlitch","Replay:Ancient Bell"],"picked":"Astrolabe"}],"items_purged_floors":[],"is_endless":false,"potions_floor_spawned":[2,5,7,10,16],"ascension_level":3}}