{"host":"lhth1efayex2023z","time":1609550127,"event":{"mods":["BaseMod","Colored Map","Googly Eyes","Minty Spire (QoL Compilation)","StSLib"],"gold_per_floor":[119,134,134,134,84,119,119,139,217,217,217,231,259,36,36,110,110,123,48,62,62,73,73,73,108,108,108,108,108],"floor_reached":28,"playtime":1016,"items_purged":["Strike_R"],"score":444,"play_id":"eae56e37-69e5-4a3a-94a9-87831d833e9b","local_time":"20210101181527","is_ascension_mode":true,"campfire_choices":[{"data":"Rage","floor":7.0,"key":"SMITH"},{"data":"Bash","floor":11.0,"key":"SMITH"},{"data":"Double Tap","floor":15.0,"key":"SMITH"},{"floor":23.0,"key":"REST"},{"floor":27,"key":"REST"}],"circlet_count":0,"master_deck":["AscendersBane","Strike_R","Strike_R","Defend_R","Defend_R","Defend_R","Bash+1","Clash","Rage+1","Iron Wave","Demon Form","Double Tap+1","Offering","Twin Strike+1","Shrug It Off+1","True Grit","Shame"],"relics":["Burning Blood","NeowsBlessing","Anchor","Strawberry","Molten Egg 2","Blood Vial","Cursed Key","Pen Nib","Bottled Tornado"],"acts_visited":["Exordium","TheCity"],"potions_floor_usage":[],"damage_taken":[{"damage":0.0,"enemies":"Small Slimes","floor":1.0,"turns":1.0},{"damage":0.0,"enemies":"2 Louse","floor":2.0,"turns":1.0},{"damage":0.0,"enemies":"Gremlin Nob","floor":6.0,"turns":1.0},{"damage":1.0,"enemies":"Jaw Worm","floor":8.0,"turns":4.0},{"damage":0.0,"enemies":"Large Slime","floor":12.0,"turns":5.0},{"damage":17.0,"enemies":"Lagavulin","floor":13.0,"turns":7.0},{"damage":38.0,"enemies":"The Guardian","floor":16.0,"turns":11.0},{"damage":26.0,"enemies":"3 Byrds","floor":18.0,"turns":6.0},{"damage":15.0,"enemies":"Shell Parasite","floor":20.0,"turns":4.0},{"damage":28.0,"enemies":"Shelled Parasite and Fungi","floor":22.0,"turns":4.0},{"damage":43,"enemies":"Slavers","floor":25,"turns":7},{"damage":41,"enemies":"3 Cultists","floor":28,"turns":5}],"seed_played":"-6078034573945943650","potions_obtained":[{"floor":2.0,"key":"ColorlessPotion"},{"floor":6.0,"key":"ColorlessPotion"},{"floor":12.0,"key":"ColorlessPotion"},{"floor":18.0,"key":"Block Potion"},{"floor":25,"key":"FearPotion"}],"is_trial":false,"path_per_floor":["M","M","?","?","?","E","R","M","T","?","R","M","E","$","R","B",null,"M","?","M","?","M","R","?","E","T","R","M"],"character_chosen":"IRONCLAD","items_purchased":["Double Tap"],"campfire_rested":2,"item_purchase_floors":[14],"current_hp_per_floor":[78,80,73,73,73,86,86,87,87,87,87,87,76,76,76,46,77,59,59,52,35,15,42,42,7,7,34,0,0],"gold":108,"neow_bonus":"THREE_ENEMY_KILL","is_daily":false,"chose_seed":false,"campfire_upgraded":3,"win_rate":0.0,"timestamp":1609550127,"path_taken":["M","M","?","?","?","E","R","M","T","?","R","M","E","$","R","BOSS","M","?","M","?","M","R","?","E","T","R","M"],"items_purchased_type":["Card"],"build_version":"2020-12-22","purchased_purges":1,"victory":false,"max_hp_per_floor":[80,80,80,80,80,87,87,87,87,87,87,87,87,87,87,87,87,87,87,87,92,92,92,92,92,92,92,92,92],"card_choices":[{"not_picked":["Pommel Strike","Havoc"],"picked":"Clash","floor":1.0},{"not_picked":["Disarm","Anger","Flex"],"picked":"SKIP","floor":2.0},{"not_picked":["Sword Boomerang","Heavy Blade"],"picked":"Rage","floor":6.0},{"not_picked":["Bludgeon","Headbutt"],"picked":"Iron Wave","floor":8.0},{"not_picked":["Disarm","Reckless Charge+1","Twin Strike+1"],"picked":"SKIP","floor":12.0},{"not_picked":["Dropkick+1","Clothesline+1"],"picked":"Demon Form","floor":13.0},{"not_picked":["Fiend Fire+1","Limit Break"],"picked":"Offering","floor":16.0},{"not_picked":["Headbutt+1","Seeing Red","Wild Strike+1"],"picked":"SKIP","floor":18.0},{"not_picked":["Carnage+1","Entrench"],"picked":"Twin Strike+1","floor":20.0},{"not_picked":["Burning Pact","True Grit"],"picked":"Shrug It Off+1","floor":22.0},{"not_picked":["Blood for Blood+1","Double Tap"],"picked":"True Grit","floor":25}],"player_experience":440269,"relics_obtained":[{"floor":6.0,"key":"Strawberry"},{"floor":9.0,"key":"Molten Egg 2"},{"floor":13.0,"key":"Blood Vial"},{"floor":25,"key":"Pen Nib"},{"floor":26,"key":"Bottled Tornado"}],"event_choices":[{"damage_healed":0.0,"max_hp_gain":0.0,"max_hp_loss":0.0,"gold_gain":0.0,"event_name":"Scrap Ooze","player_choice":"Success","floor":3.0,"gold_loss":0.0,"damage_taken":7.0,"relics_obtained":["Anchor"]},{"cards_removed":["Strike_R"],"damage_healed":0.0,"max_hp_gain":0.0,"max_hp_loss":0.0,"gold_gain":0.0,"event_name":"Living Wall","player_choice":"Forget","floor":4.0,"gold_loss":0.0,"damage_taken":0.0},{"cards_removed":["Strike_R"],"damage_healed":0.0,"max_hp_gain":0.0,"max_hp_loss":0.0,"gold_gain":0.0,"event_name":"The Cleric","player_choice":"Card Removal","floor":5.0,"gold_loss":50.0,"damage_taken":0.0},{"damage_healed":0.0,"max_hp_gain":0.0,"max_hp_loss":0.0,"gold_gain":0.0,"event_name":"Match and Keep!","player_choice":"0 cards matched","floor":10.0,"gold_loss":0.0,"damage_taken":0.0,"cards_obtained":[]},{"cards_removed":["Defend_R"],"damage_healed":0.0,"max_hp_gain":0.0,"max_hp_loss":0.0,"gold_gain":0.0,"event_name":"Beggar","player_choice":"Gave Gold","floor":19.0,"gold_loss":75.0,"damage_taken":0.0},{"damage_healed":0.0,"max_hp_gain":5.0,"max_hp_loss":0.0,"gold_gain":0.0,"event_name":"Forgotten Altar","player_choice":"Shed Blood","floor":21.0,"gold_loss":0.0,"damage_taken":22.0},{"damage_healed":0,"gold_gain":0,"player_choice":"Ignored","damage_taken":0,"max_hp_gain":0,"max_hp_loss":0,"event_name":"The Mausoleum","floor":24,"gold_loss":0}],"is_beta":false,"boss_relics":[{"not_picked":["Runic Pyramid","Calling Bell"],"picked":"Cursed Key"}],"items_purged_floors":[14],"is_endless":false,"potions_floor_spawned":[2,6,12,18,25],"killed_by":"3 Cultists","ascension_level":13}}