{"host":"wriew0wqy82guk6a","time":1609618275,"event":{"mods":["BaseMod","Colored Powertips","Hermit","Minty Spire (QoL Compilation)","StSLib"],"gold_per_floor":[19,35,2,2,13,46,23,51,51,65,95,107,133,133,133,231,231,259,259,259,259,271,303,228,238,238,238,238],"floor_reached":27,"playtime":1963,"items_purged":["hermit:Showdown+1"],"score":325,"play_id":"a9a67d4c-8e37-44a0-a00a-f4ec94bde691","local_time":"20210102151115","is_ascension_mode":true,"campfire_choices":[{"data":"hermit:HighNoon","floor":15,"key":"SMITH"}],"circlet_count":0,"master_deck":["hermit:Defend_Hermit+1","hermit:Defend_Hermit","hermit:Defend_Hermit","hermit:Defend_Hermit","hermit:Snapshot","hermit:Covet","hermit:Adapt+1","hermit:Glare","hermit:LowProfile","hermit:LuckOfTheDraw","hermit:Dive+1","hermit:BigShot","hermit:Misfire","hermit:HighNoon+1","hermit:CalledShot+1","hermit:FinalCanter+1","hermit:ShadowCloak","hermit:Malice+1","Regret","hermit:DeadOrAlive+1","CurseOfTheBell","hermit:Misfire+1","Decay","Bite+1","Bite+1","Bite+1","Bite+1","Bite+1","hermit:LuckOfTheDraw"],"relics":["hermit:Momento","Art of War","Molten Egg 2","Vajra","Gremlin Horn","Calling Bell","War Paint","Matryoshka","CaptainsWheel","Bottled Flame","CeramicFish","White Beast Statue"],"acts_visited":["Exordium","TheCity"],"potions_floor_usage":[6,8,13,16,18,22,23],"damage_taken":[{"damage":0,"enemies":"Cultist","floor":1,"turns":4},{"damage":1,"enemies":"Jaw Worm","floor":2,"turns":4},{"damage":2,"enemies":"Small Slimes","floor":5,"turns":3},{"damage":0,"enemies":"3 Sentries","floor":6,"turns":9},{"damage":16,"enemies":"Gremlin Nob","floor":8,"turns":5},{"damage":0,"enemies":"Blue Slaver","floor":10,"turns":4},{"damage":7,"enemies":"Lagavulin","floor":11,"turns":7},{"damage":0,"enemies":"3 Louse","floor":12,"turns":2},{"damage":12,"enemies":"3 Sentries","floor":13,"turns":6},{"damage":19,"enemies":"Hexaghost","floor":16,"turns":8},{"damage":8,"enemies":"2 Thieves","floor":18,"turns":3},{"damage":3,"enemies":"Shell Parasite","floor":22,"turns":4},{"damage":88,"enemies":"Book of Stabbing","floor":23,"turns":9},{"damage":4,"enemies":"3 Cultists","floor":25,"turns":4},{"damage":24,"enemies":"Centurion and Healer","floor":27,"turns":2}],"seed_played":"2246188890846850212","potions_obtained":[{"floor":1,"key":"SneckoOil"},{"floor":2,"key":"LiquidMemories"},{"floor":5,"key":"PowerPotion"},{"floor":11,"key":"Swift Potion"},{"floor":16,"key":"Block Potion"},{"floor":18,"key":"AttackPotion"},{"floor":22,"key":"Fruit Juice"}],"is_trial":false,"path_per_floor":["M","M","$","?","M","E","$","E","T","M","E","M","E","?","R","B",null,"M","?","?","?","M","E","$","M","T","M"],"character_chosen":"HERMIT","items_purchased":["hermit:LuckOfTheDraw","hermit:Misfire"],"campfire_rested":0,"item_purchase_floors":[3,7],"current_hp_per_floor":[75,74,74,74,72,72,72,56,56,58,53,55,45,45,45,28,75,67,67,67,67,75,10,10,18,18,0,0],"gold":238,"neow_bonus":"THREE_RARE_CARDS","is_daily":false,"chose_seed":false,"campfire_upgraded":1,"win_rate":0.0,"timestamp":1609618275,"path_taken":["M","M","?","?","?","E","$","E","T","?","E","M","E","?","R","BOSS","M","?","?","?","M","E","?","?","T","M"],"items_purchased_type":["Card","Card"],"build_version":"2020-12-22","purchased_purges":1,"victory":false,"max_hp_per_floor":[75,75,75,75,75,75,75,75,75,75,75,75,75,75,75,75,75,75,75,75,75,75,80,80,80,80,80,80],"card_choices":[{"not_picked":["hermit:Magnum","hermit:OverwhelmingPower"],"picked":"hermit:Adapt","floor":0},{"not_picked":["hermit:HoleUp","hermit:GhostlyPresence"],"picked":"hermit:Glare","floor":1},{"not_picked":["hermit:Purgatory","hermit:Horror"],"picked":"hermit:LowProfile","floor":2},{"not_picked":["hermit:TakeCover","hermit:Feint"],"picked":"hermit:Dive","floor":5},{"not_picked":["hermit:Midnight","hermit:Dive"],"picked":"hermit:BigShot","floor":6},{"not_picked":["hermit:Maintenance","hermit:LowProfile"],"picked":"hermit:HighNoon","floor":8},{"not_picked":["hermit:Dive","hermit:Roulette+1"],"picked":"hermit:CalledShot+1","floor":10},{"not_picked":["hermit:Dive","hermit:Reprieve"],"picked":"hermit:FinalCanter+1","floor":11},{"not_picked":["hermit:BodyArmor","hermit:Manifest"],"picked":"hermit:ShadowCloak","floor":12},{"not_picked":["hermit:Coalescence","hermit:BigShot"],"picked":"hermit:Malice+1","floor":13},{"not_picked":["hermit:Dissolve","hermit:Gambit"],"picked":"hermit:DeadOrAlive+1","floor":16},{"not_picked":["hermit:Ricochet+1","hermit:Snipe"],"picked":"hermit:Misfire+1","floor":18},{"not_picked":["hermit:HighCaliber+1","hermit:Headshot+1"],"picked":"hermit:LuckOfTheDraw","floor":22},{"not_picked":["hermit:BlackWind+1","hermit:Coalescence+1"],"picked":"hermit:Showdown+1","floor":23},{"not_picked":["hermit:ItchyTrigger+1","hermit:BodyArmor+1","hermit:Feint+1"],"picked":"SKIP","floor":25}],"player_experience":486047,"relics_obtained":[{"floor":6,"key":"Art of War"},{"floor":8,"key":"Molten Egg 2"},{"floor":9,"key":"Blood Vial"},{"floor":11,"key":"Vajra"},{"floor":17,"key":"War Paint"},{"floor":17,"key":"Matryoshka"},{"floor":17,"key":"CaptainsWheel"},{"floor":23,"key":"Bottled Flame"},{"floor":26,"key":"CeramicFish"},{"floor":26,"key":"White Beast Statue"}],"event_choices":[{"damage_healed":0,"gold_gain":0,"player_choice":"Grow","damage_taken":0,"max_hp_gain":0,"max_hp_loss":0,"event_name":"Living Wall","floor":4,"gold_loss":0,"cards_upgraded":["hermit:Adapt"]},{"damage_healed":0,"gold_gain":0,"player_choice":"Box","damage_taken":0,"relics_obtained":["Gremlin Horn"],"max_hp_gain":0,"max_hp_loss":0,"event_name":"Big Fish","floor":14,"gold_loss":0,"cards_obtained":["Regret"]},{"damage_healed":0,"gold_gain":0,"player_choice":"Smashed Altar","damage_taken":0,"max_hp_gain":0,"max_hp_loss":0,"event_name":"Forgotten Altar","floor":19,"gold_loss":0,"cards_obtained":["Decay"]},{"damage_healed":0,"gold_gain":0,"player_choice":"Ignored","damage_taken":0,"max_hp_gain":0,"max_hp_loss":0,"event_name":"Ghosts","floor":20,"gold_loss":0},{"damage_healed":0,"gold_gain":0,"player_choice":"Became a vampire (Vial)","damage_taken":0,"max_hp_gain":0,"max_hp_loss":0,"event_name":"Vampires","floor":21,"relics_lost":["Blood Vial"],"gold_loss":0,"cards_obtained":["Bite","Bite","Bite","Bite","Bite"]}],"is_beta":false,"boss_relics":[{"not_picked":["Sozu","hermit:DentedPlate"],"picked":"Calling Bell"}],"items_purged_floors":[24],"is_endless":false,"potions_floor_spawned":[1,2,5,11,16,18,22],"killed_by":"Centurion and Healer","ascension_level":1}}