{"host":"7rmsgc3rayi00cdt","time":1609591543,"event":{"mods":["BaseMod","Minty Spire (QoL Compilation)"],"gold_per_floor":[112,262,288,304,319,319,349,29,29,29,88,98,114,146,146,217,217,237,178,178,193,193,193,225,245,271,296,296,322,335,349,349,423,423,440,454,454,454,454],"floor_reached":38,"playtime":1771,"items_purged":[],"score":825,"play_id":"3217b2c1-ef9e-4d1e-8c9a-ac41c55331e9","local_time":"20210102124543","is_ascension_mode":true,"campfire_choices":[{"floor":6,"key":"REST"},{"floor":10,"key":"REST"},{"floor":15,"key":"REST"},{"floor":23,"key":"REST"},{"floor":28,"key":"REST"},{"floor":32,"key":"REST"}],"circlet_count":0,"master_deck":["AscendersBane","Strike_G+1","Strike_G+1","Strike_G+1","Strike_G+1","Strike_G+1","Defend_G+1","Defend_G+1","Defend_G+1","Defend_G+1","Defend_G+1","Survivor","Neutralize+1","Acrobatics","Heel Hook","Blade Dance","Venomology","Sucker Punch+1","Finisher","Leg Sweep","Blade Dance","Glass Knife","Prepared+1","Dagger Throw","Acrobatics","Accuracy","Footwork","Shame","Underhanded Strike","Accuracy+1","Prepared","Leg Sweep+1","Die Die Die"],"relics":["Ring of the Snake","Orichalcum","Vajra","StoneCalendar","Lantern","Gremlin Horn","Potion Belt","Cursed Key","Mummified Hand","Smiling Mask","Whetstone","Girya","Busted Crown"],"acts_visited":["Exordium","TheCity","TheBeyond"],"potions_floor_usage":[7,12,13,14,16,18,24,25,27,27,27,29,33,33,33,35,37,37,38,38,38,38],"damage_taken":[{"damage":0,"enemies":"2 Louse","floor":1,"turns":3},{"damage":12,"enemies":"Jaw Worm","floor":4,"turns":8},{"damage":4,"enemies":"Small Slimes","floor":5,"turns":4},{"damage":41,"enemies":"Gremlin Nob","floor":7,"turns":6},{"damage":11,"enemies":"3 Sentries","floor":11,"turns":7},{"damage":10,"enemies":"3 Louse","floor":12,"turns":3},{"damage":1,"enemies":"Red Slaver","floor":13,"turns":3},{"damage":18,"enemies":"Lagavulin","floor":14,"turns":4},{"damage":11,"enemies":"Hexaghost","floor":16,"turns":9},{"damage":9,"enemies":"2 Thieves","floor":18,"turns":4},{"damage":0,"enemies":"Chosen","floor":21,"turns":2},{"damage":10,"enemies":"Book of Stabbing","floor":24,"turns":4},{"damage":10,"enemies":"Sentry and Sphere","floor":25,"turns":4},{"damage":6,"enemies":"Gremlin Leader","floor":27,"turns":5},{"damage":16,"enemies":"Book of Stabbing","floor":29,"turns":6},{"damage":0,"enemies":"3 Cultists","floor":30,"turns":3},{"damage":6,"enemies":"Snake Plant","floor":31,"turns":3},{"damage":26,"enemies":"Champ","floor":33,"turns":9},{"damage":0,"enemies":"3 Shapes","floor":35,"turns":1},{"damage":26,"enemies":"3 Darklings","floor":36,"turns":5},{"damage":22,"enemies":"Transient","floor":37,"turns":6},{"damage":16,"enemies":"Jaw Worm Horde","floor":38,"turns":1}],"seed_played":"3251754511186560141","potions_obtained":[{"floor":4,"key":"AttackPotion"},{"floor":7,"key":"SkillPotion"},{"floor":13,"key":"Strength Potion"},{"floor":14,"key":"Dexterity Potion"},{"floor":16,"key":"LiquidMemories"},{"floor":18,"key":"CunningPotion"},{"floor":24,"key":"CunningPotion"},{"floor":27,"key":"DuplicationPotion"},{"floor":36,"key":"SmokeBomb"}],"is_trial":false,"path_per_floor":["M","?","T","M","M","R","E","$","T","R","?","M","M","E","R","B",null,"M","$","?","M","?","R","E","M","T","E","R","E","M","M","R","B",null,"M","M","M","M"],"character_chosen":"THE_SILENT","items_purchased":["StoneCalendar","Dagger Throw"],"campfire_rested":6,"item_purchase_floors":[8,19],"current_hp_per_floor":[65,65,65,53,49,70,29,29,29,50,39,29,28,10,31,20,59,50,50,50,50,50,71,61,51,51,45,66,50,50,44,65,39,64,64,38,16,0,0],"gold":454,"neow_bonus":"TEN_PERCENT_HP_BONUS","is_daily":false,"chose_seed":false,"campfire_upgraded":0,"win_rate":0.0,"timestamp":1609591543,"path_taken":["M","?","?","M","M","R","E","$","T","R","?","M","M","E","R","BOSS","M","$","?","M","?","R","E","M","T","E","R","E","?","?","R","BOSS","M","M","?","M"],"items_purchased_type":["Relic","Card"],"build_version":"2020-12-22","purchased_purges":0,"victory":false,"max_hp_per_floor":[72,72,72,72,72,72,72,72,72,72,72,72,72,72,72,72,72,72,72,72,72,72,72,72,72,72,72,72,72,72,72,72,72,72,72,72,72,72,72],"card_choices":[{"not_picked":["Calculated Gamble","Outmaneuver"],"picked":"Acrobatics","floor":1},{"not_picked":["Underhanded Strike","Quick Slash"],"picked":"Heel Hook","floor":4},{"not_picked":["Outmaneuver","Prepared"],"picked":"Blade Dance","floor":5},{"not_picked":["Escape Plan","Bane"],"picked":"Venomology","floor":7},{"not_picked":["Choke","Flying Knee"],"picked":"Sucker Punch","floor":11},{"not_picked":["Prepared","Quick Slash"],"picked":"Finisher","floor":12},{"not_picked":["Cloak And Dagger","Bouncing Flask"],"picked":"Leg Sweep","floor":13},{"not_picked":["Footwork","Phantasmal Killer"],"picked":"Blade Dance","floor":14},{"not_picked":["Burst","Tools of the Trade"],"picked":"Glass Knife","floor":16},{"not_picked":["Flying Knee","Reflex"],"picked":"Prepared+1","floor":18},{"not_picked":["Slice","Sucker Punch"],"picked":"Acrobatics","floor":21},{"not_picked":["Venomology","Blade Dance"],"picked":"Accuracy","floor":24},{"not_picked":["Outmaneuver","Quick Slash"],"picked":"Footwork","floor":25},{"not_picked":["Dodge and Roll","Flechettes"],"picked":"Underhanded Strike","floor":27},{"not_picked":["Blur","Acrobatics"],"picked":"Accuracy+1","floor":29},{"not_picked":["Deadly Poison","Deflect"],"picked":"Prepared","floor":30},{"not_picked":["Outmaneuver+1","Accuracy"],"picked":"Leg Sweep+1","floor":31},{"not_picked":["A Thousand Cuts","Night Terror"],"picked":"Die Die Die","floor":33},{"not_picked":["Flying Knee"],"picked":"SKIP","floor":35},{"not_picked":["Underhanded Strike"],"picked":"SKIP","floor":36}],"player_experience":737628,"relics_obtained":[{"floor":3,"key":"Orichalcum"},{"floor":7,"key":"Vajra"},{"floor":9,"key":"Lantern"},{"floor":11,"key":"Gremlin Horn"},{"floor":14,"key":"Potion Belt"},{"floor":24,"key":"Mummified Hand"},{"floor":26,"key":"Smiling Mask"},{"floor":27,"key":"Whetstone"},{"floor":29,"key":"Girya"}],"event_choices":[{"damage_healed":0,"gold_gain":150,"player_choice":"AGREE","damage_taken":0,"max_hp_gain":0,"max_hp_loss":0,"event_name":"Liars Game","floor":2,"gold_loss":0,"cards_obtained":["Doubt"]},{"damage_healed":0,"gold_gain":0,"player_choice":"Searched \u00271\u0027 times","damage_taken":0,"max_hp_gain":0,"max_hp_loss":0,"event_name":"Dead Adventurer","floor":11,"gold_loss":0},{"damage_healed":0,"gold_gain":0,"player_choice":"Simplicity","damage_taken":0,"max_hp_gain":0,"max_hp_loss":0,"event_name":"Back to Basics","floor":20,"gold_loss":0,"cards_upgraded":["Strike_G","Strike_G","Strike_G","Strike_G","Strike_G","Defend_G","Defend_G","Defend_G","Defend_G","Defend_G"]},{"cards_removed":["Doubt"],"damage_healed":0,"gold_gain":0,"player_choice":"Removed Curses","damage_taken":0,"max_hp_gain":0,"max_hp_loss":0,"event_name":"Fountain of Cleansing","floor":22,"gold_loss":0}],"is_beta":false,"boss_relics":[{"not_picked":["Coffee Dripper","Velvet Choker"],"picked":"Cursed Key"},{"not_picked":["Ring of the Serpent","Snecko Eye"],"picked":"Busted Crown"}],"items_purged_floors":[],"is_endless":false,"potions_floor_spawned":[4,7,13,14,16,18,24,27,31,36],"killed_by":"Jaw Worm Horde","ascension_level":17}}