{"host":"uonldg9uriwfhjjx","time":1609573248,"event":{"mods":["AchievementEnabler","BaseMod","Minty Spire (QoL Compilation)","Relic Stats"],"gold_per_floor":[110,110,129,140,158,158,9,84,133,172,192,202,202,242,242,322,322,336,110,139,159,209,209,209],"floor_reached":23,"playtime":1831,"items_purged":["Strike_R"],"score":355,"play_id":"6d2dcb8f-355a-4fe0-9f74-e4b8d3d7b851","local_time":"20210102024048","is_ascension_mode":true,"campfire_choices":[{"data":"Armaments","floor":6,"key":"SMITH"},{"floor":13,"key":"REST"},{"floor":15,"key":"REST"}],"circlet_count":0,"master_deck":["AscendersBane","Strike_R","Strike_R","Strike_R","Strike_R","Defend_R","Defend_R","Defend_R","Defend_R","Bash","Armaments+1","Berserk","Sword Boomerang","Bloodletting","Twin Strike","Pommel Strike","Feed","Rupture","Intimidate","Demon Form","Rage+1"],"relics":["Black Blood","NeowsBlessing","Red Skull","Potion Belt","CeramicFish","Darkstone Periapt","Lantern"],"acts_visited":["Exordium","TheCity"],"potions_floor_usage":[16,18,23,23,23],"damage_taken":[{"damage":0.0,"enemies":"Jaw Worm","floor":1.0,"turns":1.0},{"damage":0,"enemies":"Cultist","floor":3,"turns":1},{"damage":0,"enemies":"2 Louse","floor":4,"turns":1},{"damage":10,"enemies":"2 Fungi Beasts","floor":5,"turns":4},{"damage":49,"enemies":"Lagavulin","floor":10,"turns":8},{"damage":3,"enemies":"Looter","floor":11,"turns":2},{"damage":9,"enemies":"Exordium Wildlife","floor":12,"turns":3},{"damage":30,"enemies":"3 Sentries","floor":14,"turns":8},{"damage":19,"enemies":"Hexaghost","floor":16,"turns":9},{"damage":10,"enemies":"Chosen","floor":18,"turns":4},{"damage":71,"enemies":"3 Byrds","floor":20,"turns":7},{"damage":30,"enemies":"Snecko","floor":21,"turns":5},{"damage":52,"enemies":"Slavers","floor":23,"turns":6}],"seed_played":"-3671408402551687059","potions_obtained":[{"floor":1.0,"key":"FairyPotion"},{"floor":4,"key":"EssenceOfSteel"},{"floor":10,"key":"Dexterity Potion"},{"floor":11,"key":"FearPotion"},{"floor":16,"key":"Dexterity Potion"},{"floor":18,"key":"HeartOfIron"}],"is_trial":false,"path_per_floor":["M","?","M","M","M","R","$","?","T","E","M","M","R","E","R","B",null,"M","$","M","M","?","E"],"character_chosen":"IRONCLAD","items_purchased":["Red Skull","Lantern"],"campfire_rested":2,"item_purchase_floors":[7,19],"current_hp_per_floor":[74,74,75,75,71,71,71,60,60,17,20,17,39,15,37,27,65,70,70,14,40,40,0,0],"gold":209,"neow_bonus":"THREE_ENEMY_KILL","is_daily":false,"chose_seed":false,"campfire_upgraded":1,"win_rate":0.0,"timestamp":1609573248,"path_taken":["M","?","?","M","M","R","$","?","T","E","M","M","R","E","R","BOSS","M","$","M","M","?","E"],"items_purchased_type":["Relic","Relic"],"build_version":"2020-12-22","purchased_purges":1,"victory":false,"max_hp_per_floor":[75,75,75,75,75,75,75,75,75,75,75,75,75,75,75,78,78,81,81,84,87,87,87,87],"relic_stats":{"Darkstone Periapt":0,"counters":[13,59],"CeramicFish":45,"Black Blood":79,"obtain_stats":[{"Potion Belt":9,"Darkstone Periapt":14,"Lantern":19,"NeowsBlessing":0,"CeramicFish":10,"Black Blood":17,"Burning Blood":0,"Red Skull":7},{"Potion Belt":4,"Darkstone Periapt":8,"Lantern":10,"NeowsBlessing":0,"CeramicFish":5,"Black Blood":9,"Burning Blood":0,"Red Skull":4},{"Potion Belt":7,"Darkstone Periapt":28,"Lantern":41,"NeowsBlessing":0,"CeramicFish":15,"Black Blood":37,"Burning Blood":0,"Red Skull":7}]},"card_choices":[{"not_picked":["Cleave","Clothesline"],"picked":"Armaments","floor":1.0},{"not_picked":["Clash","Clothesline"],"picked":"Bloodletting","floor":3},{"not_picked":["Power Through","Shockwave"],"picked":"Twin Strike","floor":4},{"not_picked":["Sword Boomerang","Cleave"],"picked":"Pommel Strike","floor":5},{"not_picked":["Carnage","Entrench"],"picked":"Feed","floor":10},{"not_picked":["Anger","Warcry"],"picked":"Rupture","floor":11},{"not_picked":["Body Slam","Pommel Strike","Anger"],"picked":"SKIP","floor":12},{"not_picked":["Armaments","Wild Strike"],"picked":"Intimidate","floor":14},{"not_picked":["Impervious","Juggernaut"],"picked":"Demon Form","floor":16},{"not_picked":["Disarm","Pommel Strike","Anger"],"picked":"SKIP","floor":18},{"not_picked":["True Grit+1","Body Slam"],"picked":"Rage+1","floor":20},{"not_picked":["Armaments","Feel No Pain+1","Dark Embrace"],"picked":"SKIP","floor":21}],"player_experience":702597,"relics_obtained":[{"floor":9,"key":"Potion Belt"},{"floor":10,"key":"CeramicFish"},{"floor":14,"key":"Darkstone Periapt"}],"event_choices":[{"damage_healed":0,"gold_gain":0,"player_choice":"2 cards matched","damage_taken":0,"max_hp_gain":0,"max_hp_loss":0,"event_name":"Match and Keep!","floor":2,"gold_loss":0,"cards_obtained":["Berserk","Sword Boomerang"]},{"damage_healed":0,"gold_gain":75,"player_choice":"Gather Gold","damage_taken":11,"max_hp_gain":0,"max_hp_loss":0,"event_name":"World of Goop","floor":8,"gold_loss":0},{"damage_healed":0,"gold_gain":50,"player_choice":"Stole From Cult","damage_taken":0,"max_hp_gain":0,"max_hp_loss":0,"event_name":"Nest","floor":22,"gold_loss":0}],"is_beta":false,"boss_relics":[{"not_picked":["Black Star","SlaversCollar"],"picked":"Black Blood"}],"items_purged_floors":[19],"is_endless":false,"potions_floor_spawned":[1,4,10,11,14,16,18],"killed_by":"Slavers","ascension_level":15}}