{"host":"q1yq0ibtlljsjzm9","time":1609556410,"event":{"mods":["BaseMod","DeckTracker","Hermit","Minty Spire (QoL Compilation)","StSLib"],"gold_per_floor":[117,132,151,151,171,199,199,231,307,46,74,74,23,33,33,137,137,153,169,129,0,17,17,47,47,47,47,47,47,61,61,61,163,163,175,0,0,12,62,62,74,74,101,101,121,135,60,73,73,73],"floor_reached":51,"playtime":5171,"items_purged":["Normality"],"score":710,"play_id":"6142558b-4a6b-42fa-a411-b89861a2e4d7","local_time":"20210101190010","is_ascension_mode":false,"campfire_choices":[{"floor":7,"key":"REST"},{"floor":12,"key":"REST"},{"floor":15,"key":"REST"},{"data":"Genetic Algorithm","floor":23,"key":"SMITH"},{"floor":28,"key":"REST"},{"data":"Conserve Battery","floor":32,"key":"SMITH"},{"data":"Zap","floor":40,"key":"SMITH"},{"data":"Go for the Eyes","floor":42,"key":"SMITH"},{"data":"Conserve Battery","floor":44,"key":"SMITH"},{"floor":49,"key":"REST"}],"circlet_count":0,"master_deck":["Strike_B+1","Strike_B+1","Strike_B+1","Strike_B+1","Defend_B+1","Defend_B+1","Defend_B+1","Defend_B+1","Zap+1","Dualcast","Static Discharge+1","Streamline+1","Steam","Go for the Eyes+1","Genetic Algorithm+1","BootSequence+1","Sweeping Beam+1","Go for the Eyes+1","Sunder+1","Seek","Melter+1","Conserve Battery+1","Self Repair","Loop+1","Lockon+1","Conserve Battery+1","Rainbow","Ball Lightning+1","Auto Shields","Leap","Conserve Battery+1","Writhe","Ball Lightning+1","Parasite","Darkness+1"],"relics":["Cracked Core","Bottled Flame","Mango","Gremlin Horn","Molten Egg 2","Happy Flower","Cursed Key","Bag of Preparation","Eternal Feather","MutagenicStrength","SlaversCollar","Red Mask","Thread and Needle","Anchor"],"acts_visited":["Exordium","TheCity","TheBeyond"],"potions_floor_usage":[5,8,14,16,18,33,33,33,39,45,50],"damage_taken":[{"damage":3,"enemies":"Small Slimes","floor":1,"turns":4},{"damage":2,"enemies":"Cultist","floor":2,"turns":4},{"damage":12,"enemies":"Jaw Worm","floor":3,"turns":3},{"damage":9,"enemies":"Exordium Thugs","floor":5,"turns":4},{"damage":17,"enemies":"Gremlin Nob","floor":6,"turns":3},{"damage":16,"enemies":"3 Sentries","floor":8,"turns":7},{"damage":25,"enemies":"Gremlin Nob","floor":11,"turns":4},{"damage":5,"enemies":"Large Slime","floor":14,"turns":5},{"damage":17,"enemies":"Slime Boss","floor":16,"turns":6},{"damage":0,"enemies":"3 Byrds","floor":18,"turns":4},{"damage":7,"enemies":"2 Thieves","floor":19,"turns":3},{"damage":11,"enemies":"Centurion and Healer","floor":22,"turns":4},{"damage":28,"enemies":"Book of Stabbing","floor":24,"turns":5},{"damage":5,"enemies":"Chosen and Byrds","floor":30,"turns":6},{"damage":52,"enemies":"Champ","floor":33,"turns":9},{"damage":33,"enemies":"3 Darklings","floor":35,"turns":5},{"damage":13,"enemies":"Orb Walker","floor":38,"turns":3},{"damage":4,"enemies":"Mind Bloom Boss Battle","floor":39,"turns":7},{"damage":20,"enemies":"Transient","floor":41,"turns":5},{"damage":38,"enemies":"Jaw Worm Horde","floor":45,"turns":6},{"damage":16,"enemies":"Spire Growth","floor":46,"turns":6},{"damage":2,"enemies":"Writhing Mass","floor":48,"turns":6},{"damage":85,"enemies":"Awakened One","floor":50,"turns":13}],"seed_played":"3997683699535999105","potions_obtained":[{"floor":0,"key":"Strength Potion"},{"floor":0,"key":"Energy Potion"},{"floor":0,"key":"Swift Potion"},{"floor":3,"key":"Fruit Juice"},{"floor":5,"key":"ColorlessPotion"},{"floor":8,"key":"ColorlessPotion"},{"floor":14,"key":"DuplicationPotion"},{"floor":19,"key":"CultistPotion"},{"floor":22,"key":"SteroidPotion"},{"floor":35,"key":"Block Potion"},{"floor":41,"key":"Explosive Potion"},{"floor":46,"key":"FearPotion"}],"is_trial":false,"path_per_floor":["M","M","M","?","M","E","R","E","T","$","E","R","$","M","R","B",null,"M","M","?","$","M","R","E","$","T","?","R","?","M","?","R","B",null,"M","?","?","M","?","R","M","R","T","R","M","M","$","M","R","B",null],"character_chosen":"DEFECT","items_purchased":["Molten Egg 2","Go for the Eyes+1","Conserve Battery","Self Repair"],"campfire_rested":5,"item_purchase_floors":[10,13,21,21],"current_hp_per_floor":[72,70,58,58,54,37,61,59,59,59,34,62,62,57,85,68,94,94,87,87,87,83,83,62,62,62,62,94,94,94,94,94,49,94,68,68,68,62,65,83,63,81,81,94,63,54,54,59,94,16],"gold":73,"neow_bonus":"THREE_SMALL_POTIONS","is_daily":false,"chose_seed":false,"campfire_upgraded":5,"win_rate":0.0,"timestamp":1609556410,"path_taken":["M","M","M","?","?","E","R","E","T","$","E","R","$","M","R","BOSS","M","M","?","?","M","R","E","$","T","?","R","?","M","?","R","BOSS","M","?","?","M","?","R","M","R","T","R","M","M","$","?","R","BOSS"],"items_purchased_type":["Relic","Card","Card","Card"],"build_version":"2020-12-22","purchased_purges":1,"victory":true,"max_hp_per_floor":[75,75,75,75,80,80,80,94,94,94,94,94,94,94,94,94,94,94,94,94,94,94,94,94,94,94,94,94,94,94,94,94,94,94,94,94,94,94,94,94,94,94,94,94,94,94,94,94,94,94],"card_choices":[{"not_picked":["Blizzard","Coolheaded"],"picked":"Static Discharge","floor":1},{"not_picked":["Rebound","FTL"],"picked":"Streamline","floor":2},{"not_picked":["Reinforced Body","FTL"],"picked":"Steam","floor":3},{"not_picked":["Leap","Redo"],"picked":"Go for the Eyes","floor":5},{"not_picked":["Sunder","Go for the Eyes"],"picked":"Genetic Algorithm","floor":6},{"not_picked":["Coolheaded","Sunder"],"picked":"BootSequence","floor":8},{"not_picked":["Reprogram","Gash+1"],"picked":"Sweeping Beam+1","floor":11},{"not_picked":["Rip and Tear+1","Double Energy"],"picked":"Sunder+1","floor":14},{"not_picked":["Multi-Cast","Reboot"],"picked":"Seek","floor":16},{"not_picked":["Turbo","Blizzard+1"],"picked":"Loop","floor":18},{"not_picked":["Undo","Conserve Battery"],"picked":"Melter+1","floor":19},{"not_picked":["Stack+1","Redo"],"picked":"Loop+1","floor":22},{"not_picked":["Streamline+1","Chill"],"picked":"Lockon+1","floor":24},{"not_picked":["Leap","Stack"],"picked":"Conserve Battery","floor":30},{"not_picked":["Reboot","All For One+1"],"picked":"Rainbow","floor":33},{"not_picked":["Barrage+1","Force Field+1"],"picked":"Ball Lightning+1","floor":35},{"not_picked":["Consume","Streamline+1"],"picked":"Auto Shields","floor":38},{"not_picked":["Steam+1","BootSequence"],"picked":"Leap","floor":39},{"not_picked":["Hologram","Cold Snap+1"],"picked":"Conserve Battery+1","floor":41},{"not_picked":["Rebound+1","Fusion+1"],"picked":"Ball Lightning+1","floor":45},{"not_picked":["Gash+1","Go for the Eyes+1","Stack+1"],"picked":"SKIP","floor":46},{"not_picked":["Chill+1","White Noise+1"],"picked":"Darkness+1","floor":48}],"player_experience":40279,"relics_obtained":[{"floor":6,"key":"Bottled Flame"},{"floor":8,"key":"Mango"},{"floor":9,"key":"Gremlin Horn"},{"floor":11,"key":"Happy Flower"},{"floor":24,"key":"Bag of Preparation"},{"floor":26,"key":"Eternal Feather"},{"floor":39,"key":"Thread and Needle"},{"floor":43,"key":"Anchor"}],"event_choices":[{"damage_healed":0,"gold_gain":0,"player_choice":"Forge","damage_taken":0,"max_hp_gain":0,"max_hp_loss":0,"event_name":"Accursed Blacksmith","floor":4,"gold_loss":0,"cards_upgraded":["Static Discharge"]},{"damage_healed":0,"gold_gain":0,"player_choice":"Upgraded Two","damage_taken":0,"max_hp_gain":0,"max_hp_loss":0,"event_name":"Designer","floor":20,"gold_loss":40,"cards_upgraded":["BootSequence","Streamline"]},{"damage_healed":0,"gold_gain":0,"player_choice":"Ignored","damage_taken":0,"max_hp_gain":0,"max_hp_loss":0,"event_name":"Vampires","floor":27,"gold_loss":0},{"damage_healed":0,"gold_gain":0,"player_choice":"Simplicity","damage_taken":0,"max_hp_gain":0,"max_hp_loss":0,"event_name":"Back to Basics","floor":29,"gold_loss":0,"cards_upgraded":["Strike_B","Strike_B","Strike_B","Strike_B","Defend_B","Defend_B","Defend_B","Defend_B"]},{"damage_healed":0,"gold_gain":0,"player_choice":"Inject Mutagens","damage_taken":0,"relics_obtained":["MutagenicStrength"],"max_hp_gain":0,"max_hp_loss":0,"event_name":"Drug Dealer","floor":31,"gold_loss":0},{"damage_healed":0,"gold_gain":0,"player_choice":"Paid","damage_taken":0,"relics_obtained":["Red Mask"],"max_hp_gain":0,"max_hp_loss":0,"event_name":"Tomb of Lord Red Mask","floor":36,"gold_loss":175},{"cards_removed":["Loop"],"damage_healed":0,"gold_gain":0,"player_choice":"Removed Power","damage_taken":0,"max_hp_gain":0,"max_hp_loss":0,"event_name":"Falling","floor":37,"gold_loss":0},{"damage_healed":0,"gold_gain":0,"player_choice":"Fight","damage_taken":0,"max_hp_gain":0,"max_hp_loss":0,"event_name":"MindBloom","floor":39,"gold_loss":0}],"is_beta":false,"boss_relics":[{"not_picked":["Snecko Eye","Velvet Choker"],"picked":"Cursed Key"},{"not_picked":["Tiny House","Busted Crown"],"picked":"SlaversCollar"}],"items_purged_floors":[47],"is_endless":false,"potions_floor_spawned":[3,5,8,14,19,22,30,35,41,46],"ascension_level":0}}