{"host":"g01l53quoe6lrer0","time":1609615055,"event":{"mods":["2.2 Compatiblity","AchievementEnabler","BaseMod","Colored Map","Highlight Path","Keyboard Shortcuts","Minty Spire (QoL Compilation)","Permanent Neow","Quick Restart","StSLib","SuperFastMode","everything is the same but u backflip on backflip"],"gold_per_floor":[365,365,56,56,231,84,97,97,121,121,155,155,194,208,208,332,332,351,40,59,72,87,87,103,123,147,147,147,180,180,193,193,288,288,303,303,323,373,373,373,373,393,465,485,48,66,79,98,98,98],"floor_reached":51,"playtime":1795,"items_purged":["Strike_G","Doubt","Strike_G","Strike_G"],"score":704,"play_id":"147cdf22-d394-4d3f-82ff-5a980fcac1fa","local_time":"20210103041735","is_ascension_mode":false,"campfire_choices":[{"data":"Crippling Poison","floor":8.0,"key":"SMITH"},{"data":"Neutralize","floor":10.0,"key":"SMITH"},{"data":"Deadly Poison","floor":12.0,"key":"SMITH"},{"data":"Survivor","floor":15.0,"key":"SMITH"},{"floor":23.0,"key":"REST"},{"data":"Bouncing Flask","floor":27.0,"key":"SMITH"},{"data":"Night Terror","floor":30.0,"key":"SMITH"},{"data":"Poisoned Stab","floor":32.0,"key":"SMITH"},{"data":"Defend_G","floor":40,"key":"SMITH"},{"data":"Defend_G","floor":49,"key":"SMITH"}],"circlet_count":0,"master_deck":["Strike_G","Strike_G","Defend_G","Defend_G+1","Defend_G","Defend_G+1","Defend_G","Survivor+1","Neutralize+1","Deadly Poison+1","Crippling Poison+1","Poisoned Stab+1","Acrobatics","Reflex","Night Terror+1","Masterful Stab+1","PiercingWail","Bane","Bouncing Flask+1","Backflip+1","After Image","Adrenaline","Dash+1","Backflip+1","Adrenaline","Tactician+1","Calculated Gamble"],"relics":["Ring of the Snake","Bloody Idol","MealTicket","Smiling Mask","Toy Ornithopter","Matryoshka","SlaversCollar","Paper Crane","Snake Skull","Lantern","Blood Vial","Velvet Choker","CaptainsWheel","Sundial","Blue Candle","The Specimen"],"acts_visited":["Exordium","TheCity","TheBeyond"],"potions_floor_usage":[37,50,50,50],"damage_taken":[{"damage":0.0,"enemies":"Jaw Worm","floor":1.0,"turns":4.0},{"damage":0.0,"enemies":"Small Slimes","floor":7.0,"turns":3.0},{"damage":15.0,"enemies":"Gremlin Nob","floor":11.0,"turns":5.0},{"damage":21.0,"enemies":"Lagavulin","floor":13.0,"turns":6.0},{"damage":0.0,"enemies":"Cultist","floor":14.0,"turns":3.0},{"damage":18.0,"enemies":"Hexaghost","floor":16.0,"turns":12.0},{"damage":16.0,"enemies":"2 Thieves","floor":18.0,"turns":4.0},{"damage":17.0,"enemies":"Spheric Guardian","floor":20.0,"turns":4.0},{"damage":10.0,"enemies":"Snake Plant","floor":21.0,"turns":5.0},{"damage":17.0,"enemies":"Shelled Parasite and Fungi","floor":22.0,"turns":7.0},{"damage":4.0,"enemies":"Snecko","floor":24.0,"turns":4.0},{"damage":0.0,"enemies":"Snake Plant","floor":25.0,"turns":3.0},{"damage":5.0,"enemies":"Gremlin Leader","floor":29.0,"turns":4.0},{"damage":1.0,"enemies":"Cultist and Chosen","floor":31.0,"turns":4.0},{"damage":11.0,"enemies":"Champ","floor":33.0,"turns":11.0},{"damage":0,"enemies":"3 Darklings","floor":35,"turns":4},{"damage":0,"enemies":"3 Shapes","floor":37,"turns":4},{"damage":0,"enemies":"Mind Bloom Boss Battle","floor":38,"turns":6},{"damage":5,"enemies":"Writhing Mass","floor":42,"turns":5},{"damage":0,"enemies":"Jaw Worm Horde","floor":44,"turns":4},{"damage":10,"enemies":"Transient","floor":46,"turns":5},{"damage":0,"enemies":"3 Darklings","floor":47,"turns":4},{"damage":8,"enemies":"Spire Growth","floor":48,"turns":5},{"damage":25,"enemies":"Awakened One","floor":50,"turns":12}],"seed_played":"4279268520537339577","potions_obtained":[{"floor":7.0,"key":"Block Potion"},{"floor":11.0,"key":"SneckoOil"},{"floor":13.0,"key":"Swift Potion"},{"floor":14.0,"key":"Fire Potion"},{"floor":20.0,"key":"SkillPotion"},{"floor":25.0,"key":"DuplicationPotion"},{"floor":33.0,"key":"SteroidPotion"},{"floor":37,"key":"Strength Potion"},{"floor":48,"key":"PowerPotion"}],"is_trial":false,"path_per_floor":["M","?","$","?","?","$","M","R","T","R","E","R","E","M","R","B",null,"M","$","M","M","M","R","M","M","T","R","?","E","R","M","R","B",null,"M","?","M","?","?","R","?","M","T","M","$","M","M","M","R","B",null],"character_chosen":"THE_SILENT","items_purchased":["Crippling Poison","MealTicket","Poisoned Stab","Paper Crane","PiercingWail","The Specimen","Adrenaline"],"campfire_rested":1,"item_purchase_floors":[3,3,6,19,19,45,45],"current_hp_per_floor":[49,32,32,55,55,70,70,70,70,70,55,55,34,34,34,16,70,59,70,53,43,26,47,43,48,48,48,48,48,48,54,54,55,70,70,70,70,70,70,70,70,70,70,70,70,65,70,67,67,52],"gold":98,"neow_bonus":"TWO_FIFTY_GOLD","is_daily":false,"chose_seed":false,"campfire_upgraded":9,"win_rate":0.0,"timestamp":1609615055,"path_taken":["M","?","$","?","?","?","M","R","T","R","E","R","E","?","R","BOSS","M","$","M","M","M","R","M","M","T","R","?","E","R","M","R","BOSS","M","?","M","?","?","R","?","M","T","M","$","M","M","M","R","BOSS"],"items_purchased_type":["Card","Relic","Card","Relic","Card","Relic","Card"],"build_version":"2020-12-22","purchased_purges":4,"victory":true,"max_hp_per_floor":[70,70,70,70,70,70,70,70,70,70,70,70,70,70,70,70,70,70,70,70,70,70,70,70,70,70,70,70,70,70,70,70,70,70,70,70,70,70,70,70,70,70,70,70,70,70,70,70,70,70],"card_choices":[{"not_picked":["Dagger Throw","Reflex"],"picked":"Deadly Poison","floor":1.0},{"not_picked":["Prepared","Dodge and Roll"],"picked":"Acrobatics","floor":7.0},{"not_picked":["Slice","Eviscerate","Blade Dance"],"picked":"SKIP","floor":11.0},{"not_picked":["Slice","Flying Knee"],"picked":"Reflex","floor":13.0},{"not_picked":["Finisher","All Out Attack","Quick Slash"],"picked":"SKIP","floor":14.0},{"not_picked":["Wraith Form v2","Phantasmal Killer"],"picked":"Night Terror","floor":16.0},{"not_picked":["Deadly Poison+1","Acrobatics"],"picked":"Masterful Stab+1","floor":18.0},{"not_picked":["Poisoned Stab","Outmaneuver"],"picked":"Bane","floor":20.0},{"not_picked":["Sucker Punch","Leg Sweep","Bane"],"picked":"SKIP","floor":21.0},{"not_picked":["Prepared","Acrobatics+1"],"picked":"Bouncing Flask","floor":22.0},{"not_picked":["Leg Sweep+1","Masterful Stab","Quick Slash"],"picked":"SKIP","floor":24.0},{"not_picked":["Dagger Spray","Sucker Punch"],"picked":"Backflip+1","floor":25.0},{"not_picked":["Outmaneuver","Caltrops","Dagger Throw"],"picked":"SKIP","floor":29.0},{"not_picked":["Quick Slash+1","PiercingWail+1"],"picked":"After Image","floor":31.0},{"not_picked":["Venomology","Storm of Steel"],"picked":"Adrenaline","floor":33.0},{"not_picked":["Heel Hook+1","Flying Knee","Poisoned Stab+1"],"picked":"SKIP","floor":35},{"not_picked":["Acrobatics","Outmaneuver","Quick Slash+1"],"picked":"SKIP","floor":37},{"not_picked":["Infinite Blades","Outmaneuver"],"picked":"Dash+1","floor":38},{"not_picked":["Bane","Backflip+1","Dagger Spray"],"picked":"SKIP","floor":42},{"not_picked":["Quick Slash","Sucker Punch+1"],"picked":"Backflip+1","floor":44},{"not_picked":["Prepared","All Out Attack+1"],"picked":"Tactician+1","floor":46},{"not_picked":["Reflex+1","Expertise","Doppelganger"],"picked":"SKIP","floor":47},{"not_picked":["Bane","Flying Knee"],"picked":"Calculated Gamble","floor":48}],"player_experience":38376,"relics_obtained":[{"floor":9.0,"key":"Smiling Mask"},{"floor":11.0,"key":"Toy Ornithopter"},{"floor":13.0,"key":"Matryoshka"},{"floor":26.0,"key":"Snake Skull"},{"floor":26.0,"key":"Lantern"},{"floor":29.0,"key":"Blood Vial"},{"floor":38,"key":"CaptainsWheel"},{"floor":43,"key":"Sundial"},{"floor":43,"key":"Blue Candle"}],"event_choices":[{"damage_healed":0.0,"max_hp_gain":0.0,"max_hp_loss":0.0,"gold_gain":0.0,"event_name":"Golden Idol","player_choice":"Take Damage","floor":2.0,"gold_loss":0.0,"damage_taken":17.0,"relics_obtained":["Golden Idol"]},{"damage_healed":23.0,"max_hp_gain":0.0,"max_hp_loss":0.0,"gold_gain":0.0,"event_name":"Big Fish","player_choice":"Banana","floor":4.0,"gold_loss":0.0,"damage_taken":0.0},{"damage_healed":0.0,"max_hp_gain":0.0,"max_hp_loss":0.0,"gold_gain":175.0,"event_name":"Liars Game","player_choice":"AGREE","floor":5.0,"gold_loss":0.0,"damage_taken":0.0,"cards_obtained":["Doubt"]},{"damage_healed":0.0,"max_hp_gain":0.0,"max_hp_loss":0.0,"gold_gain":0.0,"event_name":"Forgotten Altar","player_choice":"Gave Idol","floor":28.0,"relics_lost":["Golden Idol"],"gold_loss":0.0,"damage_taken":0.0,"relics_obtained":["Bloody Idol"]},{"damage_healed":0,"gold_gain":0,"player_choice":"Ignored","damage_taken":0,"max_hp_gain":0,"max_hp_loss":0,"event_name":"Mysterious Sphere","floor":36,"gold_loss":0},{"damage_healed":0,"gold_gain":0,"player_choice":"Fight","damage_taken":0,"max_hp_gain":0,"max_hp_loss":0,"event_name":"MindBloom","floor":38,"gold_loss":0},{"damage_healed":0,"gold_gain":0,"player_choice":"Memory 1","damage_taken":0,"max_hp_gain":0,"max_hp_loss":0,"event_name":"SensoryStone","floor":39,"gold_loss":0},{"damage_healed":0,"gold_gain":0,"player_choice":"Ignored","damage_taken":0,"max_hp_gain":0,"max_hp_loss":0,"event_name":"Tomb of Lord Red Mask","floor":41,"gold_loss":0}],"is_beta":false,"boss_relics":[{"not_picked":["Ring of the Serpent","HoveringKite"],"picked":"SlaversCollar"},{"not_picked":["Empty Cage","Coffee Dripper"],"picked":"Velvet Choker"}],"items_purged_floors":[3,6,19,45],"is_endless":false,"potions_floor_spawned":[7,11,13,14,20,25,33,35,37,46,48],"ascension_level":0}}