{"host":"cwp0xoxch9uxtnfk","time":1609618613,"event":{"mods":["AchievementEnabler","BaseMod","Bestiary","Colored Map","Colored Powertips","DeckTracker","Highlight Path","Minty Spire (QoL Compilation)","Rare Cards Sparkle","Relic Sorter","Relic Stats"],"gold_per_floor":[114,125,50,0,0,34,49,60,60,60,60,85,85,99,99,195,195,208,208,208,218,118,118,137,155,155,155,155,172,185,285,285,390,390,401,412,240,290,305,305,325,325,325,325,343,354,364,274,274,274,274,274,77,105,105,105],"floor_reached":55,"playtime":6332,"items_purged":["Strike_B","Defend_B","Defend_B","Strike_B"],"score":656,"play_id":"bc988331-5e45-4c8d-aba1-285a601ec603","local_time":"20210102201653","is_ascension_mode":false,"campfire_choices":[{"floor":13,"key":"REST"},{"floor":15,"key":"REST"},{"floor":23,"key":"RECALL"},{"floor":28,"key":"REST"},{"data":"Fission","floor":32,"key":"SMITH"},{"data":"1","floor":40,"key":"LIFT"},{"data":"2","floor":42,"key":"LIFT"},{"floor":49,"key":"REST"},{"data":"3","floor":52,"key":"LIFT"}],"circlet_count":0,"master_deck":["Defend_B","Defend_B","Zap","Dualcast","Conserve Battery+1","Conserve Battery","Conserve Battery+1","Cold Snap","Ball Lightning","Streamline+1","Auto Shields","Cold Snap","Echo Form+1","Cold Snap","Fission+1","Defragment","Compile Driver+1","Cold Snap","Parasite","Barrage+1","Ball Lightning","Rebound","Glacier+1","Barrage","Barrage","Rebound"],"relics":["Cracked Core","Oddly Smooth Stone","Bird Faced Urn","Calipers","War Paint","Runic Pyramid","Enchiridion","Mango","Bottled Tornado","Inserter","Girya","Bottled Lightning","Gambling Chip"],"acts_visited":["Exordium","TheCity","TheBeyond","TheEnding"],"potions_floor_usage":[12,16,18,31,31,55,55],"damage_taken":[{"damage":0,"enemies":"Small Slimes","floor":1,"turns":4},{"damage":0,"enemies":"Jaw Worm","floor":2,"turns":4},{"damage":65,"enemies":"Gremlin Nob","floor":6,"turns":6},{"damage":0,"enemies":"Cultist","floor":7,"turns":4},{"damage":0,"enemies":"Looter","floor":8,"turns":3},{"damage":8,"enemies":"3 Sentries","floor":12,"turns":6},{"damage":0,"enemies":"Large Slime","floor":14,"turns":4},{"damage":2,"enemies":"The Guardian","floor":16,"turns":14},{"damage":16,"enemies":"2 Thieves","floor":18,"turns":4},{"damage":0,"enemies":"3 Byrds","floor":21,"turns":5},{"damage":8,"enemies":"Cultist and Chosen","floor":24,"turns":7},{"damage":8,"enemies":"Centurion and Healer","floor":25,"turns":9},{"damage":3,"enemies":"Snecko","floor":29,"turns":4},{"damage":0,"enemies":"3 Cultists","floor":30,"turns":7},{"damage":5,"enemies":"Colosseum Slavers","floor":31,"turns":3},{"damage":5,"enemies":"Colosseum Nobs","floor":31,"turns":5},{"damage":7,"enemies":"Champ","floor":33,"turns":13},{"damage":11,"enemies":"3 Darklings","floor":35,"turns":7},{"damage":2,"enemies":"Orb Walker","floor":36,"turns":4},{"damage":20,"enemies":"Mind Bloom Boss Battle","floor":38,"turns":7},{"damage":0,"enemies":"Writhing Mass","floor":39,"turns":9},{"damage":0,"enemies":"Maw","floor":41,"turns":7},{"damage":13,"enemies":"4 Shapes","floor":45,"turns":4},{"damage":19,"enemies":"Jaw Worm Horde","floor":46,"turns":5},{"damage":14,"enemies":"3 Darklings","floor":47,"turns":6},{"damage":35,"enemies":"Time Eater","floor":50,"turns":19},{"damage":23,"enemies":"Shield and Spear","floor":54,"turns":6},{"damage":108,"enemies":"The Heart","floor":55,"turns":8}],"seed_played":"8873698065018588684","potions_obtained":[{"floor":2,"key":"SteroidPotion"},{"floor":6,"key":"AttackPotion"},{"floor":8,"key":"FairyPotion"},{"floor":12,"key":"Block Potion"},{"floor":16,"key":"LiquidBronze"},{"floor":18,"key":"SpeedPotion"},{"floor":25,"key":"FocusPotion"},{"floor":30,"key":"Strength Potion"},{"floor":31,"key":"SkillPotion"},{"floor":39,"key":"Energy Potion"},{"floor":41,"key":"LiquidMemories"},{"floor":45,"key":"Strength Potion"}],"is_trial":false,"path_per_floor":["M","M","$","?","T","E","M","M","T","?","?","E","R","M","R","B",null,"M","?","?","M","$","R","M","M","T","?","R","M","M","?","R","B",null,"M","M","$","?","M","R","M","R","T","?","M","M","M","?","R","B",null,"R","$","E","B"],"character_chosen":"DEFECT","items_purchased":["Cold Snap","Barrage"],"campfire_rested":4,"item_purchase_floors":[37,53],"current_hp_per_floor":[75,75,75,75,75,10,10,10,10,10,10,2,24,24,46,44,75,59,59,43,45,45,45,41,35,35,35,57,58,64,78,78,77,89,82,84,84,69,75,75,83,83,83,83,74,59,51,51,77,48,89,89,89,66,0,0],"gold":105,"neow_bonus":"THREE_CARDS","is_daily":false,"chose_seed":false,"campfire_upgraded":1,"win_rate":0.0,"timestamp":1609618613,"path_taken":["M","M","$","?","?","E","M","?","T","?","?","E","R","M","R","BOSS","M","?","?","M","$","R","M","M","T","?","R","M","?","?","R","BOSS","M","M","$","?","M","R","M","R","T","?","?","M","M","?","R","BOSS","R","$","E","BOSS"],"items_purchased_type":["Card","Card"],"build_version":"2020-12-22","purchased_purges":4,"victory":false,"max_hp_per_floor":[75,75,75,75,75,75,75,75,75,75,75,75,75,75,75,75,75,75,75,75,75,75,75,75,75,75,75,75,75,75,89,89,89,89,89,89,89,89,89,89,89,89,89,89,89,89,89,89,89,89,89,89,89,89,89,89],"relic_stats":{"Inserter":[38],"counters":[28,184],"Bird Faced Urn":[85],"Gambling Chip":[4],"War Paint":["Conserve Battery","Conserve Battery"],"obtain_stats":[{"Girya":38,"Calipers":9,"Inserter":34,"Oddly Smooth Stone":5,"Enchiridion":20,"Mango":31,"War Paint":12,"Bottled Tornado":31,"Bird Faced Urn":6,"Gambling Chip":54,"Bottled Lightning":43,"Cracked Core":0,"Runic Pyramid":17},{"Girya":20,"Calipers":5,"Inserter":17,"Oddly Smooth Stone":2,"Enchiridion":9,"Mango":16,"War Paint":6,"Bottled Tornado":16,"Bird Faced Urn":3,"Gambling Chip":27,"Bottled Lightning":22,"Cracked Core":0,"Runic Pyramid":8},{"Girya":120,"Calipers":21,"Inserter":102,"Oddly Smooth Stone":8,"Enchiridion":49,"Mango":89,"War Paint":27,"Bottled Tornado":89,"Bird Faced Urn":14,"Gambling Chip":176,"Bottled Lightning":136,"Cracked Core":0,"Runic Pyramid":45}]},"card_choices":[{"not_picked":["BootSequence","Steam"],"picked":"Conserve Battery","floor":0},{"not_picked":["Skim","Ball Lightning"],"picked":"Conserve Battery","floor":1},{"not_picked":["Fusion","Chill"],"picked":"Conserve Battery","floor":2},{"not_picked":["Darkness","White Noise"],"picked":"Cold Snap","floor":6},{"not_picked":["Hologram","Gash"],"picked":"Ball Lightning","floor":7},{"not_picked":["Redo","Barrage"],"picked":"Streamline","floor":8},{"not_picked":["Fission","Stack"],"picked":"Auto Shields","floor":12},{"not_picked":["Coolheaded","Ball Lightning"],"picked":"Cold Snap","floor":14},{"not_picked":["Amplify","Buffer"],"picked":"Echo Form","floor":16},{"not_picked":["Steam Power","Cold Snap","Leap"],"picked":"SKIP","floor":18},{"not_picked":["Gash","Leap","Steam"],"picked":"SKIP","floor":21},{"not_picked":["Conserve Battery+1","Rebound"],"picked":"Cold Snap","floor":24},{"not_picked":["Hologram+1","Gash"],"picked":"Fission","floor":25},{"not_picked":["Steam","Beam Cell"],"picked":"Defragment","floor":29},{"not_picked":["Loop+1","Coolheaded","Sunder"],"picked":"SKIP","floor":30},{"not_picked":["Hologram","Beam Cell"],"picked":"Compile Driver+1","floor":35},{"not_picked":["Redo","Hologram","Streamline"],"picked":"SKIP","floor":36},{"not_picked":["Streamline","Electrodynamics"],"picked":"Barrage+1","floor":39},{"not_picked":["Chaos+1","Turbo+1"],"picked":"Ball Lightning","floor":41},{"not_picked":["BootSequence+1","Genetic Algorithm"],"picked":"Rebound","floor":45},{"not_picked":["Sweeping Beam","Leap"],"picked":"Glacier+1","floor":46},{"not_picked":["Stack","Leap"],"picked":"Barrage","floor":47},{"not_picked":["Skim","Coolheaded+1"],"picked":"Rebound","floor":54}],"player_experience":136105,"relics_obtained":[{"floor":5,"key":"Oddly Smooth Stone"},{"floor":6,"key":"Bird Faced Urn"},{"floor":9,"key":"Calipers"},{"floor":12,"key":"War Paint"},{"floor":20,"key":"Enchiridion"},{"floor":31,"key":"Mango"},{"floor":31,"key":"Bottled Tornado"},{"floor":38,"key":"Girya"},{"floor":43,"key":"Bottled Lightning"},{"floor":54,"key":"Gambling Chip"}],"event_choices":[{"cards_removed":["Strike_B"],"damage_healed":0,"gold_gain":0,"player_choice":"Card Removal","damage_taken":0,"max_hp_gain":0,"max_hp_loss":0,"event_name":"The Cleric","floor":4,"gold_loss":50},{"damage_healed":0,"gold_gain":0,"player_choice":"Ignored","damage_taken":0,"max_hp_gain":0,"max_hp_loss":0,"event_name":"Shining Light","floor":10,"gold_loss":0},{"damage_healed":0,"gold_gain":0,"player_choice":"Ignored","damage_taken":0,"max_hp_gain":0,"max_hp_loss":0,"event_name":"Liars Game","floor":11,"gold_loss":0},{"damage_healed":0,"gold_gain":0,"player_choice":"Ignored","damage_taken":0,"max_hp_gain":0,"max_hp_loss":0,"event_name":"Ghosts","floor":19,"gold_loss":0},{"damage_healed":0,"gold_gain":0,"player_choice":"Obtained Book","damage_taken":16,"max_hp_gain":0,"max_hp_loss":0,"event_name":"Cursed Tome","floor":20,"gold_loss":0},{"damage_healed":0,"gold_gain":0,"player_choice":"Upgraded","damage_taken":0,"max_hp_gain":0,"max_hp_loss":0,"event_name":"Upgrade Shrine","floor":27,"gold_loss":0,"cards_upgraded":["Echo Form"]},{"damage_healed":0,"gold_gain":0,"player_choice":"Fight","damage_taken":0,"max_hp_gain":0,"max_hp_loss":0,"event_name":"Colosseum","floor":31,"gold_loss":0},{"damage_healed":0,"gold_gain":0,"player_choice":"Fought Nobs","damage_taken":0,"max_hp_gain":0,"max_hp_loss":0,"event_name":"Colosseum","floor":31,"gold_loss":0},{"damage_healed":0,"gold_gain":0,"player_choice":"Fight","damage_taken":0,"max_hp_gain":0,"max_hp_loss":0,"event_name":"MindBloom","floor":38,"gold_loss":0},{"damage_healed":0,"gold_gain":0,"player_choice":"0 cards matched","damage_taken":0,"max_hp_gain":0,"max_hp_loss":0,"event_name":"Match and Keep!","floor":44,"gold_loss":0,"cards_obtained":[]},{"cards_removed":["Strike_B"],"damage_healed":0,"gold_gain":0,"player_choice":"Upgrade and Remove","damage_taken":0,"max_hp_gain":0,"max_hp_loss":0,"event_name":"Designer","floor":48,"gold_loss":90,"cards_upgraded":["Streamline"]}],"is_beta":false,"boss_relics":[{"not_picked":["Calling Bell","FrozenCore"],"picked":"Runic Pyramid"},{"not_picked":["Runic Dome","Tiny House"],"picked":"Inserter"}],"items_purged_floors":[3,22,37,53],"is_endless":false,"potions_floor_spawned":[2,6,8,12,16,18,25,30,31,31,39,41,45],"killed_by":"The Heart","ascension_level":0}}