{"host":"yo9wwslrag05lh37","time":1609593952,"event":{"mods":["AchievementEnabler","BaseMod","Block Reminder","Colored Map","Colored Powertips","GifTheSpireLib","HexUI Lib","Highlight Path","Minty Spire (QoL Compilation)","Rare Cards Sparkle","Relic Stats","StSLib","everything is the same but u backflip on backflip"],"gold_per_floor":[111,129,63,77,77,77,108,108,108,137,137,147,182,197,197,269,269,286,201,0,0,0,0,0,32,32,32,64,83,33,50,50,122,122,134,145,145,157,171,171,187,187,214,214,230,281,281,6,6,6,6,6,6,6,6,6],"floor_reached":55,"playtime":2205,"items_purged":["Strike_G","Strike_G","Strike_G"],"score":1821,"play_id":"ae71e85d-9b23-4829-bf50-c592ffdd871a","local_time":"20210102142552","is_ascension_mode":true,"campfire_choices":[{"data":"Neutralize","floor":6.0,"key":"SMITH"},{"floor":11.0,"key":"REST"},{"data":"Noxious Fumes","floor":15.0,"key":"SMITH"},{"data":"Corpse Explosion","floor":23.0,"key":"SMITH"},{"data":"Catalyst","floor":27.0,"key":"SMITH"},{"data":"Footwork","floor":32.0,"key":"SMITH"},{"data":"Crippling Poison","floor":40.0,"key":"SMITH"},{"data":"Malaise","floor":42.0,"key":"SMITH"},{"floor":44.0,"key":"RECALL"},{"floor":49.0,"key":"REST"},{"data":"Footwork","floor":53.0,"key":"SMITH"}],"circlet_count":0,"master_deck":["AscendersBane","Strike_G+1","Defend_G","Defend_G","Defend_G","Defend_G","Defend_G","Survivor","Neutralize+1","Deadly Poison","Predator+1","Calculated Gamble","Corpse Explosion+1","Noxious Fumes+1","Footwork+1","Malaise+1","Catalyst+1","PiercingWail+1","Reflex","Crippling Poison+1","Apotheosis","Backflip","Footwork+1","Dodge and Roll"],"relics":["Ring of the Snake","NeowsBlessing","Mercury Hourglass","StrikeDummy","Smiling Mask","Vajra","Snecko Eye","Tiny Chest","Eternal Feather","Bronze Scales","Meat on the Bone","Strawberry","Philosopher\u0027s Stone","Regal Pillow","Prayer Wheel","Calipers","Snake Skull"],"acts_visited":["Exordium","TheCity","TheBeyond","TheEnding"],"potions_floor_usage":[55],"damage_taken":[{"damage":0.0,"enemies":"Small Slimes","floor":1.0,"turns":1.0},{"damage":0.0,"enemies":"Cultist","floor":2.0,"turns":1.0},{"damage":0.0,"enemies":"2 Louse","floor":4.0,"turns":1.0},{"damage":19.0,"enemies":"Gremlin Nob","floor":7.0,"turns":4.0},{"damage":12.0,"enemies":"Lagavulin","floor":10.0,"turns":5.0},{"damage":5.0,"enemies":"Red Slaver","floor":12.0,"turns":3.0},{"damage":7.0,"enemies":"3 Sentries","floor":13.0,"turns":3.0},{"damage":0.0,"enemies":"Blue Slaver","floor":14.0,"turns":3.0},{"damage":2.0,"enemies":"Hexaghost","floor":16.0,"turns":9.0},{"damage":1.0,"enemies":"Chosen","floor":18.0,"turns":5.0},{"damage":18.0,"enemies":"Book of Stabbing","floor":25.0,"turns":5.0},{"damage":15.0,"enemies":"Gremlin Leader","floor":28.0,"turns":6.0},{"damage":7.0,"enemies":"3 Byrds","floor":29.0,"turns":3.0},{"damage":0.0,"enemies":"Snake Plant","floor":31.0,"turns":3.0},{"damage":21.0,"enemies":"Automaton","floor":33.0,"turns":9.0},{"damage":0.0,"enemies":"3 Shapes","floor":35.0,"turns":1.0},{"damage":0.0,"enemies":"3 Darklings","floor":36.0,"turns":3.0},{"damage":33.0,"enemies":"Jaw Worm Horde","floor":38.0,"turns":3.0},{"damage":0.0,"enemies":"Sphere and 2 Shapes","floor":39.0,"turns":4.0},{"damage":7.0,"enemies":"Spire Growth","floor":41.0,"turns":3.0},{"damage":14.0,"enemies":"Maw","floor":45.0,"turns":6.0},{"damage":46.0,"enemies":"2 Orb Walkers","floor":46.0,"turns":3.0},{"damage":36.0,"enemies":"Awakened One","floor":50.0,"turns":14.0},{"damage":24.0,"enemies":"Time Eater","floor":51.0,"turns":8.0},{"damage":73,"enemies":"Shield and Spear","floor":55,"turns":5}],"seed_played":"-5883653953638242594","potions_obtained":[{"floor":10.0,"key":"DuplicationPotion"},{"floor":13.0,"key":"Explosive Potion"},{"floor":14.0,"key":"SpeedPotion"},{"floor":28.0,"key":"Dexterity Potion"},{"floor":31.0,"key":"Fire Potion"},{"floor":39.0,"key":"LiquidBronze"}],"is_trial":false,"path_per_floor":["M","M","?","M","?","R","E","?","T","E","R","M","E","M","R","B",null,"M","?","$","?","?","R","T","E","T","R","E","M","$","M","R","B",null,"M","M","?","M","M","R","M","R","T","R","M","?","T","$","R","B","B",null,"R","$","E"],"character_chosen":"THE_SILENT","items_purchased":["Catalyst","GhostInAJar","Snake Skull","Dodge and Roll"],"campfire_rested":2,"item_purchase_floors":[20,20,48,48],"current_hp_per_floor":[59,59,59,59,39,39,20,20,20,8,27,22,15,15,15,13,53,52,52,52,52,52,52,52,34,34,43,47,40,40,40,52,43,66,66,66,61,40,40,52,45,57,57,69,55,21,21,21,69,45,33,63,73,73,0,0],"gold":6,"neow_bonus":"THREE_ENEMY_KILL","is_daily":false,"chose_seed":false,"campfire_upgraded":8,"win_rate":0.0,"timestamp":1609593952,"path_taken":["M","M","?","?","?","R","E","?","T","E","R","M","E","?","R","BOSS","M","?","?","?","?","R","?","E","T","R","E","M","?","M","R","BOSS","M","M","?","M","M","R","M","R","T","R","M","?","?","?","R","BOSS","BOSS","R","$","E"],"items_purchased_type":["Card","Potion","Relic","Card"],"build_version":"2020-12-22","purchased_purges":3,"victory":false,"max_hp_per_floor":[66,66,66,66,66,66,66,66,66,66,66,66,66,66,66,66,66,66,66,66,66,66,66,66,66,66,66,73,73,73,73,73,73,73,73,73,73,73,73,73,73,73,73,73,73,73,73,73,73,73,73,73,73,73,73,73],"relic_stats":{"Regal Pillow":15,"counters":[25,110],"Eternal Feather":79,"Snake Skull":[47],"Smiling Mask":150,"Mercury Hourglass":[411],"Bronze Scales":[302],"Snecko Eye":[164,168,144,170],"Tiny Chest":2,"Prayer Wheel":0,"obtain_stats":[{"Regal Pillow":43,"Calipers":47,"NeowsBlessing":0,"Vajra":13,"Eternal Feather":24,"Snake Skull":48,"Smiling Mask":10,"Mercury Hourglass":3,"Bronze Scales":25,"Strawberry":28,"Snecko Eye":17,"Tiny Chest":19,"Philosopher\u0027s Stone":34,"Prayer Wheel":46,"StrikeDummy":7,"Ring of the Snake":0,"Meat on the Bone":26},{"Regal Pillow":20,"Calipers":22,"NeowsBlessing":0,"Vajra":7,"Eternal Feather":10,"Snake Skull":22,"Smiling Mask":5,"Mercury Hourglass":2,"Bronze Scales":11,"Strawberry":12,"Snecko Eye":9,"Tiny Chest":10,"Philosopher\u0027s Stone":15,"Prayer Wheel":22,"StrikeDummy":4,"Ring of the Snake":0,"Meat on the Bone":11},{"Regal Pillow":74,"Calipers":83,"NeowsBlessing":0,"Vajra":18,"Eternal Feather":35,"Snake Skull":83,"Smiling Mask":12,"Mercury Hourglass":2,"Bronze Scales":40,"Strawberry":46,"Snecko Eye":30,"Tiny Chest":35,"Philosopher\u0027s Stone":61,"Prayer Wheel":83,"StrikeDummy":7,"Ring of the Snake":0,"Meat on the Bone":40}],"Ring of the Snake":[50],"Meat on the Bone":72},"card_choices":[{"not_picked":["Underhanded Strike","Sucker Punch"],"picked":"Deadly Poison","floor":1.0},{"not_picked":["Blade Dance","Riddle With Holes"],"picked":"Predator","floor":2.0},{"not_picked":["Bane","Slice"],"picked":"Calculated Gamble","floor":4.0},{"not_picked":["Dagger Spray","Eviscerate"],"picked":"Corpse Explosion","floor":7.0},{"not_picked":["Poisoned Stab","Endless Agony","Dagger Spray"],"picked":"SKIP","floor":10.0},{"not_picked":["Quick Slash","Flying Knee"],"picked":"Noxious Fumes","floor":12.0},{"not_picked":["Bullet Time","Escape Plan","Dodge and Roll"],"picked":"SKIP","floor":13.0},{"not_picked":["Deadly Poison","Riddle With Holes"],"picked":"Footwork","floor":14.0},{"not_picked":["Glass Knife","Envenom"],"picked":"Malaise","floor":16.0},{"not_picked":["Prepared+1","Blade Dance","Heel Hook"],"picked":"SKIP","floor":18.0},{"not_picked":["Deadly Poison","Backflip","Bane"],"picked":"SKIP","floor":25.0},{"not_picked":["Deadly Poison","Backflip","Grand Finale"],"picked":"SKIP","floor":28.0},{"not_picked":["Bane","Sucker Punch"],"picked":"PiercingWail+1","floor":29.0},{"not_picked":["Distraction","Storm of Steel"],"picked":"Reflex","floor":31.0},{"not_picked":["Sucker Punch","Masterful Stab","Slice+1"],"picked":"SKIP","floor":35.0},{"not_picked":["Dash","Blade Dance"],"picked":"Crippling Poison","floor":36.0},{"not_picked":["Discovery","Madness"],"picked":"Apotheosis","floor":37.0},{"not_picked":["Quick Slash","Concentrate"],"picked":"Backflip","floor":38.0},{"not_picked":["Acrobatics","Deadly Poison","Calculated Gamble"],"picked":"SKIP","floor":39.0},{"not_picked":["Acrobatics","Deadly Poison","Calculated Gamble"],"picked":"SKIP","floor":39.0},{"not_picked":["Dagger Throw","Infinite Blades","Outmaneuver"],"picked":"SKIP","floor":41.0},{"not_picked":["Eviscerate","Slice","Dagger Spray"],"picked":"SKIP","floor":45.0},{"not_picked":["Riddle With Holes","Infinite Blades"],"picked":"Footwork","floor":46.0}],"player_experience":1455276,"relics_obtained":[{"floor":7.0,"key":"StrikeDummy"},{"floor":10.0,"key":"Smiling Mask"},{"floor":13.0,"key":"Vajra"},{"floor":24.0,"key":"Eternal Feather"},{"floor":25.0,"key":"Bronze Scales"},{"floor":26.0,"key":"Meat on the Bone"},{"floor":28.0,"key":"Strawberry"},{"floor":43.0,"key":"Regal Pillow"},{"floor":46.0,"key":"Prayer Wheel"},{"floor":47.0,"key":"Calipers"}],"event_choices":[{"damage_healed":0.0,"max_hp_gain":0.0,"max_hp_loss":0.0,"gold_gain":0.0,"event_name":"WeMeetAgain","player_choice":"Paid Gold","floor":3.0,"gold_loss":66.0,"damage_taken":0.0,"relics_obtained":["Mercury Hourglass"]},{"damage_healed":0.0,"max_hp_gain":0.0,"max_hp_loss":0.0,"gold_gain":0.0,"event_name":"Shining Light","player_choice":"Entered Light","floor":5.0,"gold_loss":0.0,"damage_taken":20.0,"cards_upgraded":["Strike_G","Predator"]},{"cards_removed":["Strike_G"],"damage_healed":0.0,"max_hp_gain":0.0,"max_hp_loss":0.0,"gold_gain":0.0,"event_name":"Purifier","player_choice":"Purged","floor":8.0,"gold_loss":0.0,"damage_taken":0.0},{"damage_healed":0.0,"max_hp_gain":0.0,"max_hp_loss":0.0,"gold_gain":0.0,"event_name":"Addict","player_choice":"Obtained Relic","floor":19.0,"gold_loss":85.0,"damage_taken":0.0,"relics_obtained":["Tiny Chest"]},{"damage_healed":0.0,"max_hp_gain":0.0,"max_hp_loss":0.0,"gold_gain":0.0,"event_name":"The Mausoleum","player_choice":"Ignored","floor":21.0,"gold_loss":0.0,"damage_taken":0.0},{"damage_healed":0.0,"max_hp_gain":0.0,"max_hp_loss":0.0,"gold_gain":0.0,"event_name":"Vampires","player_choice":"Ignored","floor":22.0,"gold_loss":0.0,"damage_taken":0.0},{"damage_healed":0.0,"max_hp_gain":0.0,"max_hp_loss":0.0,"gold_gain":0.0,"event_name":"SensoryStone","player_choice":"Memory 2","floor":37.0,"gold_loss":0.0,"damage_taken":5.0},{"damage_healed":0.0,"max_hp_gain":0.0,"max_hp_loss":0.0,"gold_gain":0.0,"event_name":"Mysterious Sphere","player_choice":"Fight","floor":46.0,"gold_loss":0.0,"damage_taken":0.0}],"is_beta":false,"boss_relics":[{"not_picked":["Cursed Key","Black Star"],"picked":"Snecko Eye"},{"not_picked":["Coffee Dripper","SlaversCollar"],"picked":"Philosopher\u0027s Stone"}],"items_purged_floors":[20,30,48],"is_endless":false,"potions_floor_spawned":[10,13,14,16,28,31,33,39,41,45],"killed_by":"Shield and Spear","ascension_level":20}}