{"host":"2hea6pl5vmah38iy","time":1609584957,"event":{"mods":["AchievementEnabler","BaseMod","Colored Map","DeckTracker","Keyboard Shortcuts","Minty Spire (QoL Compilation)","Rare Cards Sparkle","StSLib","SuperFastMode","everything is the same but u backflip on backflip"],"gold_per_floor":[15,32,43,43,43,43,43,56,56,56,91,107,125,145,145,220,220,232,232,244,260,185,217,217,244,244,258,271,370,370,370,370,449,449,468,487,335,346,346,346,358,383,429,446,497,523,539,556,556,556,556,556,6,36,36,36],"floor_reached":55,"playtime":3186,"items_purged":["Shame","Strike_B","Strike_B"],"score":1331,"play_id":"5c0f287a-7b74-49a0-8b86-b048ac7f7c1f","local_time":"20210102195557","is_ascension_mode":true,"campfire_choices":[{"data":"Sunder","floor":6.0,"key":"SMITH"},{"data":"Seek","floor":10.0,"key":"SMITH"},{"data":"Zap","floor":15.0,"key":"SMITH"},{"data":"Redo","floor":24.0,"key":"SMITH"},{"data":"Loop","floor":30.0,"key":"SMITH"},{"data":"Dualcast","floor":32.0,"key":"SMITH"},{"data":"Coolheaded","floor":40.0,"key":"SMITH"},{"floor":49,"key":"RECALL"},{"floor":52,"key":"DIG"}],"circlet_count":0,"master_deck":["AscendersBane","Defend_B","Defend_B","Defend_B","Zap+1","Dualcast+1","Seek+1","Conserve Battery","Self Repair","Sunder+1","Skim","BootSequence","Chill","Coolheaded+1","Compile Driver","Darkness+1","Redo+1","Core Surge","Undo+1","Loop+1","Ghostly+1","Ghostly+1","Ghostly+1","Ghostly+1","Ghostly+1","Multi-Cast+1","Hologram+1","Redo+1","Aggregate+1","Recycle+1","Secret Technique+1","Finesse+1"],"relics":["FrozenCore","Sundial","Potion Belt","Regal Pillow","Coffee Dripper","PreservedInsect","Cables","Letter Opener","Toxic Egg 2","Prayer Wheel","Shovel","Girya","Mummified Hand","Medical Kit","Bottled Lightning"],"acts_visited":["Exordium","TheCity","TheBeyond","TheEnding"],"potions_floor_usage":[55],"damage_taken":[{"damage":9.0,"enemies":"Small Slimes","floor":1.0,"turns":3.0},{"damage":7.0,"enemies":"2 Louse","floor":2.0,"turns":3.0},{"damage":0.0,"enemies":"Jaw Worm","floor":3.0,"turns":3.0},{"damage":1.0,"enemies":"Looter","floor":8.0,"turns":3.0},{"damage":3.0,"enemies":"3 Sentries","floor":11.0,"turns":4.0},{"damage":0.0,"enemies":"2 Fungi Beasts","floor":12.0,"turns":3.0},{"damage":3.0,"enemies":"Blue Slaver","floor":13.0,"turns":2.0},{"damage":0.0,"enemies":"Looter","floor":14.0,"turns":2.0},{"damage":23.0,"enemies":"Slime Boss","floor":16.0,"turns":12.0},{"damage":0.0,"enemies":"Chosen","floor":18.0,"turns":4.0},{"damage":28.0,"enemies":"3 Byrds","floor":20.0,"turns":5.0},{"damage":4.0,"enemies":"Sentry and Sphere","floor":21.0,"turns":5.0},{"damage":16.0,"enemies":"Gremlin Leader","floor":23.0,"turns":6.0},{"damage":0.0,"enemies":"Slavers","floor":25.0,"turns":5.0},{"damage":3.0,"enemies":"Snecko","floor":27.0,"turns":3.0},{"damage":0.0,"enemies":"3 Cultists","floor":28.0,"turns":4.0},{"damage":1.0,"enemies":"Champ","floor":33.0,"turns":8.0},{"damage":0.0,"enemies":"3 Shapes","floor":35.0,"turns":5.0},{"damage":11.0,"enemies":"Orb Walker","floor":36.0,"turns":6.0},{"damage":0.0,"enemies":"Sphere and 2 Shapes","floor":38.0,"turns":4.0},{"damage":0.0,"enemies":"4 Shapes","floor":41.0,"turns":4.0},{"damage":0.0,"enemies":"Mind Bloom Boss Battle","floor":42.0,"turns":7.0},{"damage":0.0,"enemies":"Jaw Worm Horde","floor":44.0,"turns":4.0},{"damage":4.0,"enemies":"2 Orb Walkers","floor":45.0,"turns":3.0},{"damage":7.0,"enemies":"Nemesis","floor":46.0,"turns":7.0},{"damage":0.0,"enemies":"Transient","floor":47.0,"turns":5.0},{"damage":15,"enemies":"Maw","floor":48,"turns":9},{"damage":10,"enemies":"Time Eater","floor":50,"turns":7},{"damage":0,"enemies":"Shield and Spear","floor":54,"turns":6},{"damage":38,"enemies":"The Heart","floor":55,"turns":6}],"seed_played":"2125419806392380809","potions_obtained":[{"floor":1.0,"key":"AttackPotion"},{"floor":3.0,"key":"DistilledChaos"},{"floor":11.0,"key":"Ancient Potion"},{"floor":16.0,"key":"FearPotion"},{"floor":18.0,"key":"SkillPotion"},{"floor":20.0,"key":"SteroidPotion"},{"floor":23.0,"key":"Strength Potion"},{"floor":27.0,"key":"Strength Potion"},{"floor":28.0,"key":"Swift Potion"},{"floor":36.0,"key":"LiquidMemories"},{"floor":38.0,"key":"Strength Potion"},{"floor":45.0,"key":"EssenceOfDarkness"},{"floor":46.0,"key":"PowerPotion"},{"floor":47,"key":"Strength Potion"},{"floor":48,"key":"FearPotion"},{"floor":54,"key":"LiquidMemories"}],"is_trial":false,"path_per_floor":["M","M","M","?","?","R","?","M","T","R","E","M","M","M","R","B",null,"M","?","M","M","$","E","R","E","T","M","M","?","R","?","R","B",null,"M","M","$","M","?","R","M","?","T","M","?","E","M","M","R","B",null,"R","$","E","B"],"character_chosen":"DEFECT","items_purchased":["Redo+1","Secret Technique+1","Medical Kit","Finesse+1"],"campfire_rested":0,"item_purchase_floors":[37,53,53,53],"current_hp_per_floor":[55,55,62,67,64,64,64,70,70,70,74,74,71,76,76,60,72,76,76,55,58,58,42,42,49,49,53,60,60,60,38,38,38,38,38,34,34,38,38,38,38,38,38,38,34,34,38,30,30,20,34,34,34,38,0,0],"gold":36,"neow_bonus":"TRANSFORM_TWO_CARDS","is_daily":false,"chose_seed":false,"campfire_upgraded":7,"win_rate":0.0,"timestamp":1609584957,"path_taken":["M","M","M","?","?","R","?","M","T","R","E","M","M","M","R","BOSS","M","?","M","M","$","E","R","E","T","M","M","?","R","?","R","BOSS","M","M","$","M","?","R","M","?","T","M","?","E","?","M","R","BOSS","R","$","E","BOSS"],"items_purchased_type":["Card","Card","Relic","Card"],"build_version":"2020-12-22","purchased_purges":3,"victory":false,"max_hp_per_floor":[71,71,71,76,76,76,76,76,76,76,76,76,76,76,76,76,76,76,76,76,76,76,76,76,76,76,76,76,76,76,38,38,38,38,38,38,38,38,38,38,38,38,38,38,38,38,38,38,38,38,38,38,38,38,38,38],"card_choices":[{"not_picked":["Undo","Compile Driver"],"picked":"Self Repair","floor":1.0},{"not_picked":["Gash","Loop"],"picked":"Sunder","floor":2.0},{"not_picked":["Conserve Battery","Redo"],"picked":"Skim","floor":3.0},{"not_picked":["Stack","Steam","Glacier"],"picked":"SKIP","floor":8.0},{"not_picked":["Biased Cognition","Beam Cell"],"picked":"Chill","floor":11.0},{"not_picked":["Stack","Beam Cell","Rebound"],"picked":"SKIP","floor":12.0},{"not_picked":["Stack","Beam Cell","Rebound"],"picked":"SKIP","floor":12.0},{"not_picked":["Sweeping Beam","Lockon","Hello World"],"picked":"SKIP","floor":13.0},{"not_picked":["Redo","Go for the Eyes"],"picked":"Coolheaded","floor":14.0},{"not_picked":["Fission","Electrodynamics"],"picked":"Meteor Strike","floor":16.0},{"not_picked":["Chill","Beam Cell"],"picked":"Compile Driver","floor":18.0},{"not_picked":["Leap","Streamline"],"picked":"Darkness+1","floor":20.0},{"not_picked":["Compile Driver","Undo"],"picked":"Redo","floor":21.0},{"not_picked":["Streamline","Leap","Cold Snap"],"picked":"SKIP","floor":23.0},{"not_picked":["Skim","Genetic Algorithm"],"picked":"Core Surge","floor":25.0},{"not_picked":["Streamline","Ball Lightning"],"picked":"Undo+1","floor":27.0},{"not_picked":["Redo+1","Hello World"],"picked":"Loop","floor":28.0},{"not_picked":["Biased Cognition","Thunder Strike"],"picked":"Multi-Cast+1","floor":33.0},{"not_picked":["Stack+1","Reinforced Body+1"],"picked":"Hologram+1","floor":35.0},{"not_picked":["Conserve Battery+1","Coolheaded+1","Go for the Eyes"],"picked":"SKIP","floor":36.0},{"not_picked":["Consume+1","Sunder+1","Storm"],"picked":"SKIP","floor":38.0},{"not_picked":["White Noise+1","Coolheaded+1","Doom and Gloom"],"picked":"SKIP","floor":41.0},{"not_picked":["White Noise+1","Coolheaded+1","Doom and Gloom"],"picked":"SKIP","floor":41.0},{"not_picked":["Stack+1","Steam Power+1"],"picked":"Aggregate+1","floor":42.0},{"not_picked":["Multi-Cast+1","Stack+1"],"picked":"Recycle+1","floor":44.0},{"not_picked":["Leap+1","Turbo+1","Coolheaded+1"],"picked":"SKIP","floor":44.0},{"not_picked":["Blizzard","Reprogram+1","Beam Cell"],"picked":"SKIP","floor":46.0},{"not_picked":["Genetic Algorithm+1","Sunder","Go for the Eyes"],"picked":"SKIP","floor":47},{"not_picked":["Reprogram+1","Streamline+1","Blizzard+1"],"picked":"SKIP","floor":47},{"not_picked":["Biased Cognition","Beam Cell","Compile Driver+1"],"picked":"SKIP","floor":48},{"not_picked":["Aggregate+1","Capacitor","Undo+1"],"picked":"SKIP","floor":48},{"not_picked":["BootSequence+1","Beam Cell","Undo+1"],"picked":"SKIP","floor":54},{"not_picked":["BootSequence+1","Beam Cell","Undo+1"],"picked":"SKIP","floor":54}],"player_experience":454222,"relics_obtained":[{"floor":9.0,"key":"Potion Belt"},{"floor":11.0,"key":"Regal Pillow"},{"floor":23.0,"key":"Cables"},{"floor":25.0,"key":"Letter Opener"},{"floor":26.0,"key":"Toxic Egg 2"},{"floor":42.0,"key":"Prayer Wheel"},{"floor":45.0,"key":"Shovel"},{"floor":46.0,"key":"Girya"},{"floor":52,"key":"Mummified Hand"},{"floor":54,"key":"Bottled Lightning"}],"event_choices":[{"damage_healed":0.0,"max_hp_gain":5.0,"max_hp_loss":0.0,"gold_gain":0.0,"event_name":"Big Fish","player_choice":"Donut","floor":4.0,"gold_loss":0.0,"damage_taken":0.0},{"damage_healed":0.0,"max_hp_gain":0.0,"max_hp_loss":0.0,"gold_gain":0.0,"event_name":"Scrap Ooze","player_choice":"Success","floor":5.0,"gold_loss":0.0,"damage_taken":3.0,"relics_obtained":["Sundial"]},{"damage_healed":0.0,"max_hp_gain":0.0,"max_hp_loss":0.0,"gold_gain":0.0,"cards_transformed":["Strike_B"],"event_name":"Living Wall","player_choice":"Change","floor":7.0,"gold_loss":0.0,"damage_taken":0.0,"cards_obtained":["BootSequence"]},{"damage_healed":0.0,"max_hp_gain":0.0,"max_hp_loss":0.0,"gold_gain":0.0,"event_name":"Addict","player_choice":"Stole Relic","floor":19.0,"gold_loss":0.0,"damage_taken":0.0,"relics_obtained":["PreservedInsect"],"cards_obtained":["Shame"]},{"damage_healed":0.0,"max_hp_gain":0.0,"max_hp_loss":0.0,"gold_gain":99.0,"event_name":"Nest","player_choice":"Stole From Cult","floor":29.0,"gold_loss":0.0,"damage_taken":0.0},{"damage_healed":0.0,"max_hp_gain":0.0,"max_hp_loss":38.0,"gold_gain":0.0,"event_name":"Ghosts","player_choice":"Became a Ghost","floor":31.0,"gold_loss":0.0,"damage_taken":0.0,"cards_obtained":["Ghostly","Ghostly","Ghostly","Ghostly","Ghostly"]},{"cards_removed":["Meteor Strike"],"damage_healed":0.0,"max_hp_gain":0.0,"max_hp_loss":0.0,"gold_gain":0.0,"event_name":"Falling","player_choice":"Removed Attack","floor":39.0,"gold_loss":0.0,"damage_taken":0.0},{"damage_healed":0.0,"max_hp_gain":0.0,"max_hp_loss":0.0,"gold_gain":0.0,"event_name":"MindBloom","player_choice":"Fight","floor":42.0,"gold_loss":0.0,"damage_taken":0.0},{"damage_healed":0.0,"max_hp_gain":0.0,"max_hp_loss":0.0,"gold_gain":0.0,"event_name":"Mysterious Sphere","player_choice":"Fight","floor":45.0,"gold_loss":0.0,"damage_taken":0.0}],"is_beta":false,"boss_relics":[{"not_picked":["Cursed Key","Calling Bell"],"picked":"Coffee Dripper"},{"not_picked":["Black Star","Tiny House"],"picked":"FrozenCore"}],"items_purged_floors":[22,37,53],"is_endless":false,"potions_floor_spawned":[1,3,11,16,18,20,23,27,28,36,38,45,46,47,48,54],"killed_by":"The Heart","ascension_level":14}}