{"host":"36mulxq349byzoa2","time":1609560374,"event":{"mods":["AchievementEnabler","BaseMod","Better Match","Block Reminder","Colored Map","Colored Powertips","Minty Spire (QoL Compilation)","Rare Cards Sparkle","StSLib","SuperFastMode"],"gold_per_floor":[114,132,148,148,165,192,192,192,218,253,312,338,0,0,0,77,77,102,128,55,67,4,51,63,92,127,150,0,15,30,30,30,107,107,125,125,125,125,141,166,193,237,237,251,251,251,251,121,121,121,121],"floor_reached":50,"playtime":1895,"items_purged":["Defend_G","Strike_G"],"score":1076,"play_id":"3dc1a54c-6dd8-43cb-9e72-7b5e4a0d929f","local_time":"20210101230614","is_ascension_mode":true,"campfire_choices":[{"floor":8,"key":"REST"},{"floor":15,"key":"REST"},{"floor":24,"key":"DIG"},{"floor":32,"key":"REST"},{"floor":47,"key":"DIG"},{"floor":49,"key":"DIG"}],"circlet_count":0,"master_deck":["AscendersBane","Strike_G+1","Defend_G","Defend_G","Defend_G","Defend_G","Survivor","Neutralize","Flying Knee+1","Blade Dance","Choke","Prepared+1","Leg Sweep","Bouncing Flask","Blade Dance+1","Escape Plan","Bullet Time","CurseOfTheBell","Slice","Storm of Steel","Backflip","Endless Agony","Poisoned Stab","Prepared","Envenom+1","Deep Breath","Predator","Flechettes+1","Wraith Form v2+1","Accuracy+1"],"relics":["Fusion Hammer","Dream Catcher","Art of War","Bag of Preparation","PreservedInsect","Meat on the Bone","War Paint","Ornamental Fan","Calling Bell","MawBank","Frozen Egg 2","Shovel","Bag of Marbles","InkBottle","Vajra","Boot","Omamori","Nunchaku","Runic Pyramid","CeramicFish","Eternal Feather","The Specimen","Akabeko","Pocketwatch"],"acts_visited":["Exordium","TheCity","TheBeyond"],"potions_floor_usage":[6,6,10,11,16,27,29,33,33,50,50],"damage_taken":[{"damage":4,"enemies":"2 Louse","floor":1,"turns":3},{"damage":7,"enemies":"Jaw Worm","floor":2,"turns":6},{"damage":1,"enemies":"Small Slimes","floor":3,"turns":3},{"damage":1,"enemies":"Looter","floor":5,"turns":2},{"damage":3,"enemies":"Gremlin Nob","floor":6,"turns":3},{"damage":21,"enemies":"3 Sentries","floor":10,"turns":9},{"damage":3,"enemies":"Gremlin Nob","floor":11,"turns":3},{"damage":3,"enemies":"The Guardian","floor":16,"turns":10},{"damage":0,"enemies":"Spheric Guardian","floor":18,"turns":3},{"damage":0,"enemies":"Chosen","floor":19,"turns":3},{"damage":17,"enemies":"Book of Stabbing","floor":23,"turns":5},{"damage":11,"enemies":"3 Cultists","floor":25,"turns":5},{"damage":11,"enemies":"Centurion and Healer","floor":27,"turns":5},{"damage":25,"enemies":"Shelled Parasite and Fungi","floor":29,"turns":3},{"damage":0,"enemies":"3 Cultists","floor":30,"turns":4},{"damage":48,"enemies":"Automaton","floor":33,"turns":12},{"damage":20,"enemies":"3 Darklings","floor":35,"turns":4},{"damage":0,"enemies":"Orb Walker","floor":39,"turns":2},{"damage":0,"enemies":"Reptomancer","floor":40,"turns":4},{"damage":12,"enemies":"Spire Growth","floor":41,"turns":4},{"damage":32,"enemies":"Nemesis","floor":42,"turns":5},{"damage":0,"enemies":"Writhing Mass","floor":44,"turns":5},{"damage":64,"enemies":"Time Eater","floor":50,"turns":8}],"seed_played":"4602011615283499568","potions_obtained":[{"floor":1,"key":"Explosive Potion"},{"floor":5,"key":"AttackPotion"},{"floor":6,"key":"Dexterity Potion"},{"floor":10,"key":"EntropicBrew"},{"floor":18,"key":"Dexterity Potion"},{"floor":27,"key":"PowerPotion"},{"floor":29,"key":"SneckoOil"},{"floor":42,"key":"Fire Potion"},{"floor":44,"key":"Swift Potion"}],"is_trial":false,"path_per_floor":["M","M","M","?","M","E","?","R","T","E","?","T","$","?","R","B",null,"M","M","?","T","?","E","R","M","T","M","$","M","M","?","R","B",null,"M","?","?","?","M","E","M","E","T","M","T","?","R","$","R","B"],"character_chosen":"THE_SILENT","items_purchased":["Ornamental Fan","Nunchaku","Accuracy+1"],"campfire_rested":3,"item_purchase_floors":[13,28,48],"current_hp_per_floor":[55,48,47,52,51,48,30,51,51,30,39,39,39,18,39,36,62,62,62,62,62,62,45,45,46,46,47,47,34,46,46,67,31,61,41,41,41,41,41,41,41,21,21,33,33,55,55,55,55,0,0],"gold":121,"neow_bonus":"BOSS_RELIC","is_daily":false,"chose_seed":false,"campfire_upgraded":0,"win_rate":0.0,"timestamp":1609560374,"path_taken":["M","M","M","?","M","E","?","R","T","E","?","?","$","?","R","BOSS","M","M","?","?","?","E","R","M","T","?","$","M","?","?","R","BOSS","M","?","?","?","M","E","M","E","T","M","?","?","R","?","R","BOSS"],"items_purchased_type":["Relic","Relic","Card"],"build_version":"2020-12-22","purchased_purges":2,"victory":false,"max_hp_per_floor":[66,66,66,71,71,71,71,71,71,71,71,71,71,71,71,71,71,71,71,71,71,71,71,71,71,71,71,71,71,71,71,71,71,71,71,71,67,67,67,67,67,67,67,67,67,55,55,55,55,55,55],"card_choices":[{"not_picked":["Distraction","Bane"],"picked":"Flying Knee","floor":1},{"not_picked":["Concentrate","Slice"],"picked":"Blade Dance","floor":2},{"not_picked":["Backflip","Masterful Stab"],"picked":"Choke","floor":3},{"not_picked":["Dodge and Roll","Catalyst"],"picked":"Prepared","floor":5},{"not_picked":["All Out Attack","Grand Finale"],"picked":"Leg Sweep","floor":6},{"not_picked":["Dagger Throw","Deflect"],"picked":"Bouncing Flask","floor":8},{"not_picked":["Deadly Poison","Eviscerate"],"picked":"Blade Dance","floor":10},{"not_picked":["Noxious Fumes","Backflip"],"picked":"Escape Plan","floor":15},{"not_picked":["Doppelganger","Wraith Form v2"],"picked":"Bullet Time","floor":16},{"not_picked":["Riddle With Holes","Concentrate","Tactician"],"picked":"SKIP","floor":18},{"not_picked":["Leg Sweep","Underhanded Strike","Footwork+1"],"picked":"SKIP","floor":19},{"not_picked":["Backflip","Acrobatics"],"picked":"Slice","floor":23},{"not_picked":["PiercingWail","Dash","Sucker Punch+1"],"picked":"SKIP","floor":25},{"not_picked":["Deadly Poison","Prepared","Underhanded Strike+1"],"picked":"SKIP","floor":27},{"not_picked":["Heel Hook","Bane"],"picked":"Storm of Steel","floor":29},{"not_picked":["Bouncing Flask","Deflect"],"picked":"Backflip","floor":30},{"not_picked":["Quick Slash+1","Doppelganger"],"picked":"Prepared","floor":32},{"not_picked":["Tools of the Trade+1","Unload"],"picked":"Envenom+1","floor":33},{"not_picked":["Setup+1","Quick Slash+1","Sucker Punch"],"picked":"SKIP","floor":35},{"not_picked":["Bandage Up","Jack Of All Trades"],"picked":"Deep Breath","floor":38},{"not_picked":["Sucker Punch+1","Heel Hook"],"picked":"Predator","floor":39},{"not_picked":["Calculated Gamble","Leg Sweep+1","Deflect+1"],"picked":"SKIP","floor":40},{"not_picked":["Dagger Spray","Cloak And Dagger"],"picked":"Flechettes+1","floor":41},{"not_picked":["PiercingWail+1","Catalyst+1"],"picked":"Wraith Form v2+1","floor":42},{"not_picked":["Quick Slash+1","Blade Dance","Heel Hook"],"picked":"SKIP","floor":44}],"player_experience":994666,"relics_obtained":[{"floor":6,"key":"Dream Catcher"},{"floor":9,"key":"Bag of Preparation"},{"floor":10,"key":"PreservedInsect"},{"floor":12,"key":"War Paint"},{"floor":17,"key":"MawBank"},{"floor":17,"key":"Frozen Egg 2"},{"floor":17,"key":"Shovel"},{"floor":21,"key":"InkBottle"},{"floor":23,"key":"Vajra"},{"floor":24,"key":"Boot"},{"floor":26,"key":"Omamori"},{"floor":40,"key":"CeramicFish"},{"floor":42,"key":"Eternal Feather"},{"floor":43,"key":"The Specimen"},{"floor":47,"key":"Akabeko"},{"floor":49,"key":"Pocketwatch"}],"event_choices":[{"damage_healed":0,"gold_gain":0,"player_choice":"Donut","damage_taken":0,"max_hp_gain":5,"max_hp_loss":0,"event_name":"Big Fish","floor":4,"gold_loss":0},{"damage_healed":0,"gold_gain":0,"player_choice":"Success","damage_taken":18,"relics_obtained":["Art of War"],"max_hp_gain":0,"max_hp_loss":0,"event_name":"Scrap Ooze","floor":7,"gold_loss":0},{"damage_healed":0,"gold_gain":0,"player_choice":"Searched \u00273\u0027 times","damage_taken":0,"relics_obtained":["Meat on the Bone"],"max_hp_gain":0,"max_hp_loss":0,"event_name":"Dead Adventurer","floor":11,"gold_loss":0},{"damage_healed":0,"gold_gain":0,"player_choice":"Entered Light","damage_taken":21,"max_hp_gain":0,"max_hp_loss":0,"event_name":"Shining Light","floor":14,"gold_loss":0,"cards_upgraded":["Strike_G","Flying Knee"]},{"damage_healed":0,"gold_gain":0,"player_choice":"Obtained Relic","damage_taken":0,"relics_obtained":["Bag of Marbles"],"max_hp_gain":0,"max_hp_loss":0,"event_name":"Addict","floor":20,"gold_loss":85},{"cards_removed":["Strike_G"],"damage_healed":0,"gold_gain":0,"player_choice":"Gave Gold","damage_taken":0,"max_hp_gain":0,"max_hp_loss":0,"event_name":"Beggar","floor":22,"gold_loss":75},{"damage_healed":0,"gold_gain":0,"cards_transformed":["Strike_G","Strike_G"],"player_choice":"Became Test Subject","damage_taken":0,"max_hp_gain":0,"max_hp_loss":0,"event_name":"Drug Dealer","floor":31,"gold_loss":0,"cards_obtained":["Endless Agony","Poisoned Stab"]},{"damage_healed":0,"gold_gain":0,"player_choice":"Ignored","damage_taken":0,"max_hp_gain":0,"max_hp_loss":0,"event_name":"Tomb of Lord Red Mask","floor":36,"gold_loss":0},{"damage_healed":0,"gold_gain":0,"player_choice":"Max HP","damage_taken":0,"max_hp_gain":0,"max_hp_loss":4,"event_name":"Winding Halls","floor":37,"gold_loss":0},{"damage_healed":0,"gold_gain":0,"player_choice":"Memory 1","damage_taken":0,"max_hp_gain":0,"max_hp_loss":0,"event_name":"SensoryStone","floor":38,"gold_loss":0},{"damage_healed":55,"gold_gain":0,"player_choice":"Heal","damage_taken":0,"max_hp_gain":0,"max_hp_loss":12,"event_name":"The Moai Head","floor":46,"gold_loss":0}],"is_beta":false,"boss_relics":[{"not_picked":["Black Star","Velvet Choker"],"picked":"Calling Bell"},{"not_picked":["SacredBark","HoveringKite"],"picked":"Runic Pyramid"}],"items_purged_floors":[13,48],"is_endless":false,"potions_floor_spawned":[1,5,6,10,11,18,27,29,30,42,44],"killed_by":"Time Eater","ascension_level":18}}