{"host":"1ijykob380qbj7yg","time":1609595271,"event":{"mods":["BaseMod","GifTheSpireLib","Hubris","Marisa£®ÏF”Í°°ƒß¿Ì…≥£©","Minty Spire (QoL Compilation)","StSLib","The Cursed","[IsaacMod]“‘»ˆº‚À˛"],"gold_per_floor":[119,119,131,131,206,231,231,249,249,249,249,268,268,296,296,369,369,384,384,412,425,41,89,107,117,117,133,133,133,133],"floor_reached":29,"playtime":951,"items_purged":[],"score":476,"play_id":"eb5994ad-dc93-4bab-a926-c8d4158d321b","local_time":"20210102214751","is_ascension_mode":true,"campfire_choices":[{"data":"SuperNova","floor":7.0,"key":"SMITH"},{"data":"UpSweep","floor":10.0,"key":"SMITH"},{"data":"MasterSpark","floor":13.0,"key":"SMITH"},{"floor":15.0,"key":"REST"},{"floor":28,"key":"REST"}],"circlet_count":0,"master_deck":["AscendersBane","Strike_MRS","Strike_MRS","Strike_MRS","Strike_MRS","Defend_MRS","Defend_MRS","Defend_MRS","Defend_MRS","MasterSpark+1","UpSweep+1","SuperNova+1","BlazingStar","BettingIsNotGood","BlazeAway"],"relics":["MiniHakkero","HushsDoor","Leech","NeowsBlessing","Anchor","GnawedLeaf","Art of War","Black Star","GuppysHairball","GuppysPaw","PillsDrop","Oddly Smooth Stone","Ancient Tea Set","Strawberry","MealTicket"],"acts_visited":["Exordium","TheCity"],"potions_floor_usage":[23,27],"damage_taken":[{"damage":0.0,"enemies":"2 Louse","floor":1.0,"turns":1.0},{"damage":0.0,"enemies":"Jaw Worm","floor":3.0,"turns":1.0},{"damage":0.0,"enemies":"3 Sentries","floor":6.0,"turns":1.0},{"damage":0.0,"enemies":"Small Slimes","floor":8.0,"turns":3.0},{"damage":2.0,"enemies":"Exordium Thugs","floor":12.0,"turns":5.0},{"damage":30.0,"enemies":"Lagavulin","floor":14.0,"turns":4.0},{"damage":17.0,"enemies":"Slime Boss","floor":16.0,"turns":10.0},{"damage":21.0,"enemies":"Shell Parasite","floor":18.0,"turns":3.0},{"damage":2,"enemies":"Chosen","floor":20,"turns":4},{"damage":27,"enemies":"Sentry and Sphere","floor":21,"turns":4},{"damage":2,"enemies":"Book of Stabbing","floor":23,"turns":4},{"damage":2,"enemies":"Snake Plant","floor":24,"turns":2},{"damage":15,"enemies":"3 Cultists","floor":25,"turns":5},{"damage":17,"enemies":"Centurion and Healer","floor":27,"turns":6},{"damage":3,"enemies":"Cultist and Chosen","floor":29,"turns":1}],"seed_played":"8155839663042428226","potions_obtained":[{"floor":6.0,"key":"Ancient Potion"},{"floor":8.0,"key":"Ancient Potion"},{"floor":12.0,"key":"DistilledChaos"},{"floor":16.0,"key":"AttackPotion"},{"floor":18,"key":"ShroomBrew"},{"floor":25,"key":"Weak Potion"},{"floor":27,"key":"SkillPotion"}],"is_trial":false,"path_per_floor":["M","$","M","?","?","E","R","M","T","R","?","M","R","E","R","B",null,"M","?","M","M","$","E","M","M","T","M","R","M"],"character_chosen":"MARISA","items_purchased":["BettingIsNotGood","GuppysHairball","GuppysPaw","PillsDrop","Oddly Smooth Stone"],"campfire_rested":2,"item_purchase_floors":[17,17,17,22,22],"current_hp_per_floor":[63,63,63,63,56,57,57,59,59,59,64,67,67,40,62,51,53,33,33,35,12,12,21,21,11,11,4,17,15,15],"gold":133,"neow_bonus":"THREE_ENEMY_KILL","is_daily":false,"chose_seed":false,"campfire_upgraded":3,"win_rate":0.0,"timestamp":1609595271,"path_taken":["M","$","M","?","?","E","R","M","T","R","?","M","R","E","R","BOSS","M","?","M","M","$","E","M","M","T","M","R","M"],"items_purchased_type":["Card","Relic","Relic","Relic","Relic"],"build_version":"2020-12-22","purchased_purges":0,"victory":false,"max_hp_per_floor":[70,70,70,70,70,70,70,70,70,70,75,75,75,75,75,75,53,53,53,53,53,53,54,54,48,48,45,45,45,45],"card_choices":[{"not_picked":["WitchOfGreed","DoubleSpark","MilkyWay"],"picked":"SKIP","floor":1.0},{"not_picked":["Orbital","MysteriousBeam"],"picked":"SuperNova","floor":3.0},{"not_picked":["PropBag","ManaConvection","MysteriousBeam"],"picked":"SKIP","floor":6.0},{"not_picked":["AsteroidBelt","StarBarrage"],"picked":"Bomb","floor":8.0},{"not_picked":["AsteroidBelt","GravityBeat","GrandCross"],"picked":"SKIP","floor":12.0},{"not_picked":["PropBag","SuperPerseids","StarBarrage"],"picked":"SKIP","floor":14.0},{"not_picked":["AbsoluteMagnitude","StarDustReverie"],"picked":"BlazingStar","floor":16.0},{"not_picked":["OrrerysSun","MagicAbsorber","DC+1"],"picked":"SKIP","floor":18},{"not_picked":["SporeBomb","LuminesStrike","PowerUp"],"picked":"SKIP","floor":20},{"not_picked":["GrandCross","SuperPerseids","RefractionSpark"],"picked":"SKIP","floor":21},{"not_picked":["MagicAbsorber","DC","ChargingUp"],"picked":"SKIP","floor":23},{"not_picked":["IllusionStar","UnstableBomb","6A"],"picked":"SKIP","floor":24},{"not_picked":["LuminesStrike","Occultation"],"picked":"BlazeAway","floor":25},{"not_picked":["MysteriousBeam","GrandCross","MeteoricShower"],"picked":"SKIP","floor":27}],"player_experience":392574,"relics_obtained":[{"floor":6.0,"key":"Anchor"},{"floor":9.0,"key":"GnawedLeaf"},{"floor":14.0,"key":"Art of War"},{"floor":23,"key":"Ancient Tea Set"},{"floor":23,"key":"Strawberry"},{"floor":26,"key":"MealTicket"}],"event_choices":[{"damage_healed":0.0,"max_hp_gain":0.0,"max_hp_loss":0.0,"gold_gain":0.0,"event_name":"Liars Game","player_choice":"Ignored","floor":4.0,"gold_loss":0.0,"damage_taken":0.0},{"damage_healed":0.0,"max_hp_gain":0.0,"max_hp_loss":0.0,"gold_gain":75.0,"event_name":"FaceTrader","player_choice":"Touch","floor":5.0,"gold_loss":0.0,"damage_taken":7.0},{"damage_healed":0.0,"max_hp_gain":5.0,"max_hp_loss":0.0,"gold_gain":0.0,"event_name":"Big Fish","player_choice":"Donut","floor":11.0,"gold_loss":0.0,"damage_taken":0.0},{"damage_healed":0,"gold_gain":0,"player_choice":"Ignored","damage_taken":0,"max_hp_gain":0,"max_hp_loss":0,"event_name":"Vampires","floor":19,"gold_loss":0}],"is_beta":false,"boss_relics":[{"not_picked":["hubris:Stopwatch","hubris:HollowSoul"],"picked":"Black Star"},{"not_picked":[]}],"items_purged_floors":[],"is_endless":false,"potions_floor_spawned":[6,8,12,16,18,25,27],"killed_by":"Cultist and Chosen","ascension_level":14}}