{"host":"9tzam4717zt8ei1o","time":1609571269,"event":{"mods":["BaseMod","Colored Map","Keyboard Shortcuts","Minty Spire (QoL Compilation)","Quick Restart","StSLib","SuperFastMode"],"gold_per_floor":[115,40,88,88,103,128,128,158,185,196,213,228,256,270,270,347,347,358,358,370,122,122,122,148,175,175,191,222,239,273,286,286,360,360,376,48,63,0,51,79,79,110,168,205,244,47,47,59,59,59,59,59,59,20,46,46],"floor_reached":57,"playtime":2083,"items_purged":["Strike_G","Strike_G","Strike_G"],"score":3536,"play_id":"9b766d33-3b6d-4466-951a-4ceec45ed814","local_time":"20210102160749","is_ascension_mode":true,"campfire_choices":[{"data":"Bouncing Flask","floor":7.0,"key":"SMITH"},{"data":"Calculated Gamble","floor":15.0,"key":"SMITH"},{"floor":23.0,"key":"REST"},{"data":"Accuracy","floor":32.0,"key":"SMITH"},{"data":"Reflex","floor":41.0,"key":"SMITH"},{"floor":47,"key":"RECALL"},{"data":"Adrenaline","floor":49,"key":"SMITH"},{"data":"Blade Dance","floor":53,"key":"SMITH"}],"circlet_count":0,"master_deck":["AscendersBane","Defend_G+1","Defend_G","Defend_G","Defend_G","Defend_G","Survivor","Neutralize","Deadly Poison","Backflip","Bouncing Flask+1","Accuracy+1","Backstab","Blade Dance+1","Blade Dance","Calculated Gamble+1","PiercingWail+1","Prepared+1","Blur","Reflex+1","Envenom+1","Adrenaline+1","Accuracy+1","Backflip","Blade Dance+1","Infinite Blades+1","Well Laid Plans+1","Acrobatics+1"],"relics":["Ring of the Snake","NeowsBlessing","Toy Ornithopter","HornCleat","Kunai","Orichalcum","PreservedInsect","Black Star","TheAbacus","Boot","Frozen Egg 2","Nunchaku","FossilizedHelix","Blood Vial","Incense Burner","White Beast Statue","Meat on the Bone","Busted Crown","Snake Skull","Red Mask","Tough Bandages","Mummified Hand","Bag of Marbles","MawBank","War Paint","Gambling Chip","Regal Pillow","Lantern","Oddly Smooth Stone","Paper Crane"],"acts_visited":["Exordium","TheCity","TheBeyond","TheEnding"],"potions_floor_usage":[56],"damage_taken":[{"damage":0.0,"enemies":"Jaw Worm","floor":1.0,"turns":1.0},{"damage":0.0,"enemies":"2 Louse","floor":5.0,"turns":1.0},{"damage":0.0,"enemies":"3 Sentries","floor":6.0,"turns":1.0},{"damage":4.0,"enemies":"Lagavulin","floor":8.0,"turns":5.0},{"damage":0.0,"enemies":"Cultist","floor":10.0,"turns":3.0},{"damage":0.0,"enemies":"Looter","floor":11.0,"turns":3.0},{"damage":0.0,"enemies":"3 Louse","floor":12.0,"turns":2.0},{"damage":6.0,"enemies":"3 Sentries","floor":13.0,"turns":6.0},{"damage":6.0,"enemies":"Exordium Wildlife","floor":14.0,"turns":3.0},{"damage":21.0,"enemies":"The Guardian","floor":16.0,"turns":9.0},{"damage":6.0,"enemies":"3 Byrds","floor":18.0,"turns":6.0},{"damage":12.0,"enemies":"Shell Parasite","floor":20.0,"turns":5.0},{"damage":12.0,"enemies":"Gremlin Leader","floor":24.0,"turns":7.0},{"damage":2.0,"enemies":"Shelled Parasite and Fungi","floor":27.0,"turns":6.0},{"damage":10.0,"enemies":"Slavers","floor":28.0,"turns":4.0},{"damage":8.0,"enemies":"Snake Plant","floor":29.0,"turns":5.0},{"damage":10.0,"enemies":"Book of Stabbing","floor":30.0,"turns":6.0},{"damage":0.0,"enemies":"3 Cultists","floor":31.0,"turns":5.0},{"damage":0.0,"enemies":"Collector","floor":33.0,"turns":16.0},{"damage":10.0,"enemies":"3 Darklings","floor":35.0,"turns":6.0},{"damage":0.0,"enemies":"Orb Walker","floor":37.0,"turns":4.0},{"damage":40.0,"enemies":"2 Orb Walkers","floor":39.0,"turns":5.0},{"damage":0.0,"enemies":"Giant Head","floor":40.0,"turns":5.0},{"damage":0.0,"enemies":"Reptomancer","floor":42.0,"turns":5.0},{"damage":0,"enemies":"Mind Bloom Boss Battle","floor":44,"turns":6},{"damage":0,"enemies":"Giant Head","floor":45,"turns":4},{"damage":0,"enemies":"Maw","floor":48,"turns":3},{"damage":24,"enemies":"Time Eater","floor":50,"turns":10},{"damage":0,"enemies":"Awakened One","floor":51,"turns":8},{"damage":0,"enemies":"Shield and Spear","floor":55,"turns":4},{"damage":0,"enemies":"The Heart","floor":56,"turns":8}],"seed_played":"8515717120662551135","potions_obtained":[{"floor":6.0,"key":"SteroidPotion"},{"floor":10.0,"key":"Explosive Potion"},{"floor":16.0,"key":"Swift Potion"},{"floor":24.0,"key":"SpeedPotion"},{"floor":28.0,"key":"EssenceOfSteel"},{"floor":31.0,"key":"PowerPotion"},{"floor":33.0,"key":"Weak Potion"},{"floor":40.0,"key":"Swift Potion"},{"floor":42.0,"key":"Explosive Potion"},{"floor":48,"key":"Swift Potion"}],"is_trial":false,"path_per_floor":["M","?","T","?","M","E","R","E","T","M","M","M","E","M","R","B",null,"M","?","M","$","?","R","E","T","T","M","E","M","E","M","R","B",null,"M","$","M","?","?","E","R","E","T","?","E","$","R","M","R","B","B",null,"R","$","E","B",null],"character_chosen":"THE_SILENT","items_purchased":["TheAbacus","Snake Skull","Backflip","Infinite Blades+1","Well Laid Plans+1"],"campfire_rested":1,"item_purchase_floors":[21,36,36,46,54],"current_hp_per_floor":[59,59,59,52,52,52,52,48,48,48,48,48,42,36,36,15,53,47,47,35,35,17,38,31,31,31,29,24,18,10,24,24,43,64,56,56,58,58,32,46,46,53,53,55,57,57,57,59,59,37,39,63,63,63,65,71],"gold":46,"neow_bonus":"THREE_ENEMY_KILL","is_daily":false,"chose_seed":false,"campfire_upgraded":6,"win_rate":0.0,"timestamp":1609571269,"path_taken":["M","?","?","?","M","E","R","E","T","M","M","M","E","M","R","BOSS","M","?","M","$","?","R","E","?","T","?","E","M","E","M","R","BOSS","M","$","M","?","?","E","R","E","T","?","E","$","R","?","R","BOSS","BOSS","R","$","E","BOSS"],"items_purchased_type":["Relic","Relic","Card","Card","Card"],"build_version":"2020-12-22","purchased_purges":3,"victory":true,"max_hp_per_floor":[66,66,66,66,66,66,66,66,66,66,66,66,66,66,66,66,66,66,66,66,66,71,71,71,71,71,71,71,71,71,71,71,71,71,71,71,71,71,71,71,71,71,71,71,71,71,71,71,71,71,71,71,71,71,71,71],"card_choices":[{"not_picked":["Poisoned Stab","Reflex"],"picked":"Deadly Poison","floor":1.0},{"not_picked":["Cloak And Dagger","Acrobatics"],"picked":"Backflip","floor":5.0},{"not_picked":["Infinite Blades","PiercingWail"],"picked":"Bouncing Flask","floor":6.0},{"not_picked":["Tactician","Bane"],"picked":"Accuracy","floor":8.0},{"not_picked":["Backstab","Deadly Poison","Bouncing Flask"],"picked":"SKIP","floor":10.0},{"not_picked":["Deadly Poison","Bouncing Flask"],"picked":"Backstab","floor":10.0},{"not_picked":["Acrobatics","Backflip"],"picked":"Blade Dance","floor":11.0},{"not_picked":["Endless Agony","Blade Dance","Sucker Punch"],"picked":"SKIP","floor":12.0},{"not_picked":["Endless Agony","Sucker Punch"],"picked":"Blade Dance","floor":12.0},{"not_picked":["Grand Finale","Backflip","Dagger Throw"],"picked":"SKIP","floor":13.0},{"not_picked":["Tactician","Outmaneuver"],"picked":"Calculated Gamble","floor":14.0},{"not_picked":["Deadly Poison","Dagger Throw"],"picked":"PiercingWail","floor":18.0},{"not_picked":["Deadly Poison","Quick Slash+1"],"picked":"Prepared+1","floor":20.0},{"not_picked":["Dodge and Roll","Sucker Punch"],"picked":"Blur","floor":24.0},{"not_picked":["Blade Dance","PiercingWail","Prepared"],"picked":"SKIP","floor":27.0},{"not_picked":["Blade Dance","Backstab"],"picked":"Reflex","floor":28.0},{"not_picked":["Terror","Endless Agony"],"picked":"Envenom+1","floor":29.0},{"not_picked":["Poisoned Stab","Blade Dance","Bane"],"picked":"SKIP","floor":30.0},{"not_picked":["Sucker Punch","Underhanded Strike","Choke"],"picked":"SKIP","floor":31.0},{"not_picked":["Phantasmal Killer","Tools of the Trade+1"],"picked":"Adrenaline","floor":33.0},{"not_picked":[],"picked":"Accuracy+1","floor":35.0},{"not_picked":["Setup+1"],"picked":"SKIP","floor":37.0},{"not_picked":["Sucker Punch+1"],"picked":"SKIP","floor":40.0},{"not_picked":["Heel Hook"],"picked":"SKIP","floor":42.0},{"not_picked":[],"picked":"Blade Dance+1","floor":44},{"not_picked":["Slice+1"],"picked":"SKIP","floor":45},{"not_picked":["Bane"],"picked":"SKIP","floor":48},{"not_picked":[],"picked":"Acrobatics+1","floor":55}],"player_experience":143378,"relics_obtained":[{"floor":3.0,"key":"Toy Ornithopter"},{"floor":6.0,"key":"HornCleat"},{"floor":8.0,"key":"Kunai"},{"floor":9.0,"key":"Orichalcum"},{"floor":13.0,"key":"PreservedInsect"},{"floor":24.0,"key":"Boot"},{"floor":24.0,"key":"Frozen Egg 2"},{"floor":25.0,"key":"Nunchaku"},{"floor":26.0,"key":"FossilizedHelix"},{"floor":28.0,"key":"Blood Vial"},{"floor":28.0,"key":"Incense Burner"},{"floor":30.0,"key":"White Beast Statue"},{"floor":30.0,"key":"Meat on the Bone"},{"floor":39.0,"key":"Tough Bandages"},{"floor":40.0,"key":"Mummified Hand"},{"floor":40.0,"key":"Bag of Marbles"},{"floor":42.0,"key":"MawBank"},{"floor":42.0,"key":"War Paint"},{"floor":44,"key":"Gambling Chip"},{"floor":45,"key":"Regal Pillow"},{"floor":45,"key":"Lantern"},{"floor":55,"key":"Oddly Smooth Stone"},{"floor":55,"key":"Paper Crane"}],"event_choices":[{"cards_removed":["Strike_G"],"damage_healed":0.0,"max_hp_gain":0.0,"max_hp_loss":0.0,"gold_gain":0.0,"event_name":"The Cleric","player_choice":"Card Removal","floor":2.0,"gold_loss":75.0,"damage_taken":0.0},{"cards_removed":["Strike_G"],"damage_healed":0.0,"max_hp_gain":0.0,"max_hp_loss":0.0,"gold_gain":0.0,"event_name":"Golden Wing","player_choice":"Card Removal","floor":4.0,"gold_loss":0.0,"damage_taken":7.0},{"damage_healed":0.0,"max_hp_gain":0.0,"max_hp_loss":0.0,"gold_gain":0.0,"event_name":"Vampires","player_choice":"Ignored","floor":19.0,"gold_loss":0.0,"damage_taken":0.0},{"damage_healed":0.0,"max_hp_gain":5.0,"max_hp_loss":0.0,"gold_gain":0.0,"event_name":"Forgotten Altar","player_choice":"Shed Blood","floor":22.0,"gold_loss":0.0,"damage_taken":23.0},{"damage_healed":0.0,"max_hp_gain":0.0,"max_hp_loss":0.0,"gold_gain":0.0,"event_name":"Tomb of Lord Red Mask","player_choice":"Paid","floor":38.0,"gold_loss":63.0,"damage_taken":0.0,"relics_obtained":["Red Mask"]},{"damage_healed":0.0,"max_hp_gain":0.0,"max_hp_loss":0.0,"gold_gain":0.0,"event_name":"Mysterious Sphere","player_choice":"Fight","floor":39.0,"gold_loss":0.0,"damage_taken":0.0},{"damage_healed":0,"gold_gain":0,"player_choice":"Fight","damage_taken":0,"max_hp_gain":0,"max_hp_loss":0,"event_name":"MindBloom","floor":44,"gold_loss":0}],"is_beta":false,"boss_relics":[{"not_picked":["Snecko Eye","Runic Pyramid"],"picked":"Black Star"},{"not_picked":["Velvet Choker","Pandora\u0027s Box"],"picked":"Busted Crown"}],"items_purged_floors":[21,36,46],"is_endless":false,"potions_floor_spawned":[6,10,12,14,16,18,24,28,31,33,35,37,39,40,42,44,45,48,55],"ascension_level":20}}