{"host":"wmovrua22dwk70u6","time":1609579206,"event":{"mods":["AchievementEnabler","BaseMod","Colored Map","Colored Powertips","DeckTracker","Hermit","Highlight Path","KOR Keyword Fix","KinomotoSakuraMod(Ÿ Ò˝‹‚?)","Minty Spire (QoL Compilation)","Quick Restart","Rare Cards Sparkle","StSLib","SuperFastMode","The Bug Knight","The Cursed","The Hierophant","The Poker Player","The Senshi","everything is the same but u backflip on backflip","slay the spire mod where everything is the same but ironclad has a cowboy hat"],"gold_per_floor":[119,119,70,70,70,93,113,128,128,167,190,215,215,238,238,238,238],"floor_reached":16,"playtime":1193,"items_purged":[],"score":102,"play_id":"92a77e39-8701-448b-b224-c84ec969377b","local_time":"20210102182006","is_ascension_mode":false,"campfire_choices":[{"floor":13,"key":"RECALL"},{"floor":15,"key":"REST"}],"circlet_count":0,"master_deck":["Strike_R","Strike_R","Strike_R","Strike_R","Strike_R","Defend_R","Defend_R","Defend_R","Defend_R","Bash","Twin Strike","Flame Barrier"],"relics":["Burning Blood","Golden Idol","Smiling Mask","Shovel","Art of War"],"acts_visited":["Exordium"],"potions_floor_usage":[10,10,14],"damage_taken":[{"damage":0,"enemies":"Small Slimes","floor":1,"turns":3},{"damage":1,"enemies":"2 Louse","floor":6,"turns":3},{"damage":9,"enemies":"Jaw Worm","floor":7,"turns":4},{"damage":11,"enemies":"Blue Slaver","floor":8,"turns":4},{"damage":41,"enemies":"Gremlin Nob","floor":10,"turns":6},{"damage":5,"enemies":"Large Slime","floor":11,"turns":7},{"damage":33,"enemies":"Gremlin Gang","floor":14,"turns":6},{"damage":71,"enemies":"Slime Boss","floor":16,"turns":11}],"seed_played":"4926373661143147276","potions_obtained":[{"floor":6,"key":"EssenceOfSteel"},{"floor":7,"key":"SpeedPotion"},{"floor":11,"key":"FairyPotion"}],"is_trial":false,"path_per_floor":["M","?","$","?","?","M","M","M","T","E","M","T","R","M","R","B"],"character_chosen":"IRONCLAD","items_purchased":["BloodPotion"],"campfire_rested":1,"item_purchase_floors":[3],"current_hp_per_floor":[88,88,88,66,54,59,56,51,51,16,17,17,17,7,33,0,0],"gold":238,"neow_bonus":"TEN_PERCENT_HP_BONUS","is_daily":false,"chose_seed":false,"campfire_upgraded":0,"win_rate":0.0,"timestamp":1609579206,"path_taken":["M","?","$","?","?","M","M","M","T","E","M","?","R","?","R","BOSS"],"items_purchased_type":["Potion"],"build_version":"2020-12-22","purchased_purges":0,"victory":false,"max_hp_per_floor":[88,88,88,88,88,88,88,88,88,88,88,88,88,88,88,88,88],"card_choices":[{"not_picked":["Sword Boomerang","Warcry","Havoc"],"picked":"SKIP","floor":1},{"not_picked":["Anger","Sword Boomerang","Flex"],"picked":"SKIP","floor":6},{"not_picked":["Flex","Clothesline"],"picked":"Twin Strike","floor":7},{"not_picked":["Sentinel","Hemokinesis","Uppercut"],"picked":"SKIP","floor":8},{"not_picked":["Wild Strike","Clash"],"picked":"Flame Barrier","floor":10},{"not_picked":["Body Slam","Bludgeon","Wild Strike"],"picked":"SKIP","floor":11},{"not_picked":["Heavy Blade","Anger","Evolve"],"picked":"SKIP","floor":14}],"player_experience":343315,"relics_obtained":[{"floor":10,"key":"Shovel"},{"floor":12,"key":"Art of War"}],"event_choices":[{"damage_healed":0,"gold_gain":0,"player_choice":"Leave","damage_taken":0,"max_hp_gain":0,"max_hp_loss":0,"event_name":"The Cleric","floor":2,"gold_loss":0},{"damage_healed":0,"gold_gain":0,"player_choice":"Take Damage","damage_taken":22,"relics_obtained":["Golden Idol"],"max_hp_gain":0,"max_hp_loss":0,"event_name":"Golden Idol","floor":4,"gold_loss":0},{"damage_healed":0,"gold_gain":0,"player_choice":"Success","damage_taken":12,"relics_obtained":["Smiling Mask"],"max_hp_gain":0,"max_hp_loss":0,"event_name":"Scrap Ooze","floor":5,"gold_loss":0}],"is_beta":false,"boss_relics":[],"items_purged_floors":[],"is_endless":false,"potions_floor_spawned":[6,7,11],"killed_by":"Slime Boss","ascension_level":0}}