{"host":"tzyzz5n7hg2ni9q2","time":1609582761,"event":{"mods":["BaseMod","Minty Spire (QoL Compilation)","Quick Restart"],"gold_per_floor":[113,113,133,150,160,160,193,193,193,193,212,212,228,246,246,350,350,370,370,370,469,178,178,209,229,229,229,264,264,264,281,281,281,281],"floor_reached":33,"playtime":1104,"items_purged":[],"score":401,"play_id":"6b5ee460-1d4f-4fb7-a76d-9eb40114eb26","local_time":"20210102111921","is_ascension_mode":true,"campfire_choices":[{"data":"Body Slam","floor":6.0,"key":"SMITH"},{"data":"True Grit","floor":8.0,"key":"SMITH"},{"floor":10.0,"key":"REST"},{"data":"Cleave","floor":12.0,"key":"SMITH"},{"data":"Disarm","floor":15.0,"key":"SMITH"},{"data":"Limit Break","floor":23.0,"key":"SMITH"},{"data":"Heavy Blade","floor":27.0,"key":"SMITH"},{"floor":30,"key":"REST"},{"data":"Disarm","floor":32,"key":"SMITH"}],"circlet_count":0,"master_deck":["AscendersBane","Strike_R","Strike_R","Strike_R","Strike_R","Strike_R","Defend_R","Defend_R","Defend_R","Defend_R","Bash","Body Slam+1","Cleave+1","Disarm+1","True Grit+1","Heavy Blade+1","Disarm+1","Battle Trance","Limit Break+1","Battle Trance"],"relics":["Burning Blood","Magic Flower","GremlinMask","Bag of Preparation","StrikeDummy","Sozu","MutagenicStrength","Du-Vu Doll","Turnip","Singing Bowl","Red Mask"],"acts_visited":["Exordium","TheCity"],"potions_floor_usage":[29],"damage_taken":[{"damage":4.0,"enemies":"Jaw Worm","floor":1.0,"turns":6.0},{"damage":12.0,"enemies":"Cultist","floor":3.0,"turns":6.0},{"damage":10.0,"enemies":"2 Louse","floor":4.0,"turns":3.0},{"damage":10.0,"enemies":"2 Fungi Beasts","floor":5.0,"turns":4.0},{"damage":48.0,"enemies":"Gremlin Nob","floor":7.0,"turns":6.0},{"damage":15.0,"enemies":"Large Slime","floor":11.0,"turns":8.0},{"damage":0.0,"enemies":"Looter","floor":13.0,"turns":4.0},{"damage":1.0,"enemies":"Exordium Wildlife","floor":14.0,"turns":4.0},{"damage":33.0,"enemies":"The Guardian","floor":16.0,"turns":16.0},{"damage":4.0,"enemies":"Shell Parasite","floor":18.0,"turns":7.0},{"damage":32.0,"enemies":"Book of Stabbing","floor":24.0,"turns":7.0},{"damage":2.0,"enemies":"Chosen","floor":25.0,"turns":5.0},{"damage":40.0,"enemies":"Masked Bandits","floor":28.0,"turns":5.0},{"damage":0,"enemies":"Snecko","floor":29,"turns":1},{"damage":6,"enemies":"Cultist and Chosen","floor":31,"turns":4},{"damage":77,"enemies":"Automaton","floor":33,"turns":6}],"seed_played":"4351366899724394788","potions_obtained":[{"floor":3.0,"key":"FearPotion"},{"floor":5.0,"key":"SmokeBomb"},{"floor":11.0,"key":"Fruit Juice"},{"floor":16.0,"key":"BlessingOfTheForge"}],"is_trial":false,"path_per_floor":["M","?","M","M","M","R","E","R","T","R","M","R","M","M","R","B",null,"M","?","?","?","$","R","E","M","T","R","?","M","R","M","R","B"],"character_chosen":"IRONCLAD","items_purchased":["Du-Vu Doll"],"campfire_rested":2,"item_purchase_floors":[22],"current_hp_per_floor":[72,72,69,68,67,67,28,28,28,49,48,48,57,65,65,41,68,73,73,59,59,59,59,36,43,43,43,14,23,48,53,53,0,0],"gold":281,"neow_bonus":"ONE_RARE_RELIC","is_daily":false,"chose_seed":false,"campfire_upgraded":7,"win_rate":0.0,"timestamp":1609582761,"path_taken":["M","?","M","M","?","R","E","R","T","R","M","R","M","M","R","BOSS","M","?","?","?","$","R","E","M","T","R","?","M","R","M","R","BOSS"],"items_purchased_type":["Relic"],"build_version":"2020-12-22","purchased_purges":0,"victory":false,"max_hp_per_floor":[72,72,72,72,72,72,72,72,72,72,77,77,77,77,77,77,77,77,77,82,82,82,82,82,82,82,82,84,84,84,86,86,86,86],"card_choices":[{"not_picked":["Wild Strike","Anger"],"picked":"Body Slam","floor":1.0},{"not_picked":["Armaments","Anger"],"picked":"Cleave","floor":3.0},{"not_picked":["Pommel Strike","Feel No Pain","Sword Boomerang"],"picked":"SKIP","floor":4.0},{"not_picked":["Armaments","Exhume"],"picked":"Disarm","floor":5.0},{"not_picked":["Intimidate","Sword Boomerang"],"picked":"True Grit","floor":7.0},{"not_picked":["Sever Soul","Warcry"],"picked":"Heavy Blade","floor":11.0},{"not_picked":["Thunderclap","Armaments"],"picked":"Disarm","floor":13.0},{"not_picked":["Second Wind","Searing Blow"],"picked":"Battle Trance","floor":14.0},{"not_picked":["Immolate","Fiend Fire"],"picked":"Limit Break","floor":16.0},{"not_picked":["True Grit","Headbutt","Warcry"],"picked":"SKIP","floor":18.0},{"not_picked":["Warcry","Rupture+1","Flex+1"],"picked":"SKIP","floor":24.0},{"not_picked":["Reaper","Warcry"],"picked":"Battle Trance","floor":25.0},{"not_picked":["Headbutt","Havoc+1","Infernal Blade"],"picked":"Singing Bowl","floor":28.0},{"not_picked":["Rage","Second Wind+1","Flame Barrier+1"],"picked":"Singing Bowl","floor":31}],"player_experience":224896,"relics_obtained":[{"floor":7.0,"key":"Bag of Preparation"},{"floor":9.0,"key":"StrikeDummy"},{"floor":24.0,"key":"Turnip"},{"floor":26.0,"key":"Singing Bowl"},{"floor":28.0,"key":"Red Mask"}],"event_choices":[{"damage_healed":0.0,"max_hp_gain":0.0,"max_hp_loss":0.0,"gold_gain":0.0,"event_name":"FaceTrader","player_choice":"Trade","floor":2.0,"gold_loss":0.0,"damage_taken":0.0,"relics_obtained":["GremlinMask"]},{"damage_healed":0.0,"max_hp_gain":0.0,"max_hp_loss":0.0,"gold_gain":0.0,"event_name":"Drug Dealer","player_choice":"Inject Mutagens","floor":19.0,"gold_loss":0.0,"damage_taken":0.0,"relics_obtained":["MutagenicStrength"]},{"damage_healed":0.0,"max_hp_gain":5.0,"max_hp_loss":0.0,"gold_gain":0.0,"event_name":"Forgotten Altar","player_choice":"Shed Blood","floor":20.0,"gold_loss":0.0,"damage_taken":19.0},{"damage_healed":0.0,"max_hp_gain":0.0,"max_hp_loss":0.0,"gold_gain":99.0,"event_name":"Nest","player_choice":"Stole From Cult","floor":21.0,"gold_loss":0.0,"damage_taken":0.0},{"damage_healed":0.0,"max_hp_gain":0.0,"max_hp_loss":0.0,"gold_gain":0.0,"event_name":"Masked Bandits","player_choice":"Fought Bandits","floor":28.0,"gold_loss":0.0,"damage_taken":0.0}],"is_beta":false,"boss_relics":[{"not_picked":["Black Blood","Calling Bell"],"picked":"Sozu"}],"items_purged_floors":[],"is_endless":false,"potions_floor_spawned":[3,5,11,16,24,29],"killed_by":"Automaton","ascension_level":10}}