{"host":"08t08ld674si40tv","time":1609581885,"event":{"mods":["AchievementEnabler","BaseMod","Colored Map","Minty Spire (QoL Compilation)","StSLib","SuperFastMode"],"gold_per_floor":[113,38,50,50,66,91,91,123,196,223,241,256,266,285,285,357,357,367,378,378,398,398,398],"floor_reached":22,"playtime":702,"items_purged":[],"score":410,"play_id":"3237cdce-0453-4e3b-bbd1-2a02f39b399b","local_time":"20210102190445","is_ascension_mode":true,"campfire_choices":[{"floor":7,"key":"REST"},{"floor":15,"key":"REST"}],"circlet_count":0,"master_deck":["AscendersBane","Strike_G+1","Strike_G+1","Strike_G","Defend_G","Defend_G","Defend_G","Defend_G","Defend_G","Survivor","Neutralize","Blade Dance","Prepared","Underhanded Strike","Acrobatics","Infinite Blades","Cloak And Dagger","Dodge and Roll","Escape Plan","Terror","Madness"],"relics":["Shuriken","Kunai","SacredBark","Girya","Whetstone","Letter Opener","MealTicket","WristBlade"],"acts_visited":["Exordium","TheCity"],"potions_floor_usage":[14,16,16,16,22],"damage_taken":[{"damage":18,"enemies":"Small Slimes","floor":1,"turns":9},{"damage":0,"enemies":"Cultist","floor":3,"turns":4},{"damage":7,"enemies":"Jaw Worm","floor":5,"turns":3},{"damage":32,"enemies":"Lagavulin","floor":6,"turns":7},{"damage":25,"enemies":"3 Sentries","floor":8,"turns":13},{"damage":34,"enemies":"Gremlin Nob","floor":10,"turns":4},{"damage":1,"enemies":"Blue Slaver","floor":11,"turns":4},{"damage":0,"enemies":"2 Fungi Beasts","floor":12,"turns":3},{"damage":0,"enemies":"Looter","floor":13,"turns":3},{"damage":0,"enemies":"Blue Slaver","floor":14,"turns":1},{"damage":6,"enemies":"Hexaghost","floor":16,"turns":9},{"damage":23,"enemies":"Spheric Guardian","floor":18,"turns":4},{"damage":5,"enemies":"Chosen","floor":19,"turns":4},{"damage":8,"enemies":"Snecko","floor":21,"turns":4},{"damage":16,"enemies":"Shelled Parasite and Fungi","floor":22,"turns":1}],"seed_played":"-2124617768246169594","potions_obtained":[{"floor":5,"key":"FairyPotion"},{"floor":6,"key":"SteroidPotion"},{"floor":11,"key":"EntropicBrew"},{"floor":14,"key":"Energy Potion"},{"floor":16,"key":"FearPotion"},{"floor":21,"key":"Explosive Potion"}],"is_trial":false,"path_per_floor":["M","?","M","?","M","E","R","E","T","E","M","M","M","M","R","B",null,"M","M","?","M","M"],"character_chosen":"THE_SILENT","items_purchased":[],"campfire_rested":2,"item_purchase_floors":[],"current_hp_per_floor":[41,41,41,41,34,2,21,37,37,3,2,2,2,2,21,15,53,30,25,13,5,0,0],"gold":398,"neow_bonus":"BOSS_RELIC","is_daily":false,"chose_seed":false,"campfire_upgraded":0,"win_rate":0.0,"timestamp":1609581885,"path_taken":["M","?","M","?","M","E","R","E","T","E","M","M","M","M","R","BOSS","M","?","?","M","M"],"items_purchased_type":[],"build_version":"2020-12-22","purchased_purges":0,"victory":false,"max_hp_per_floor":[66,66,66,66,66,66,66,66,66,66,66,66,66,66,66,66,66,66,66,66,66,66,66],"card_choices":[{"not_picked":["Skewer","Distraction"],"picked":"Blade Dance","floor":1},{"not_picked":["Dash","Bane"],"picked":"Prepared","floor":3},{"not_picked":["Outmaneuver","Distraction"],"picked":"Acrobatics","floor":5},{"not_picked":["Sucker Punch","Footwork","Masterful Stab"],"picked":"SKIP","floor":6},{"not_picked":["Bouncing Flask","Catalyst"],"picked":"Infinite Blades","floor":8},{"not_picked":["Flying Knee","Deadly Poison","Dagger Spray"],"picked":"SKIP","floor":10},{"not_picked":["Underhanded Strike","Bouncing Flask"],"picked":"Cloak And Dagger","floor":11},{"not_picked":["Dagger Throw","Footwork","Choke"],"picked":"SKIP","floor":12},{"not_picked":["Slice","Blade Dance","Riddle With Holes"],"picked":"SKIP","floor":13},{"not_picked":["Outmaneuver","Blade Dance"],"picked":"Dodge and Roll","floor":14},{"not_picked":["Noxious Fumes","Expertise"],"picked":"Escape Plan","floor":18},{"not_picked":["Choke","Cloak And Dagger"],"picked":"Terror","floor":19},{"not_picked":["Eviscerate","Cloak And Dagger","Underhanded Strike"],"picked":"SKIP","floor":21}],"player_experience":193347,"relics_obtained":[{"floor":6,"key":"Girya"},{"floor":8,"key":"Whetstone"},{"floor":9,"key":"Letter Opener"},{"floor":10,"key":"MealTicket"}],"event_choices":[{"cards_removed":["Strike_G"],"damage_healed":0,"gold_gain":0,"player_choice":"Card Removal","damage_taken":0,"max_hp_gain":0,"max_hp_loss":0,"event_name":"The Cleric","floor":2,"gold_loss":75},{"damage_healed":0,"gold_gain":0,"cards_transformed":["Strike_G"],"player_choice":"Transformed","damage_taken":0,"max_hp_gain":0,"max_hp_loss":0,"event_name":"Transmorgrifier","floor":4,"gold_loss":0,"cards_obtained":["Underhanded Strike"]},{"damage_healed":0,"gold_gain":0,"player_choice":"CARD ","damage_taken":12,"max_hp_gain":0,"max_hp_loss":0,"event_name":"Knowing Skull","floor":20,"potions_obtained":[],"gold_loss":0,"cards_obtained":["Madness"]}],"is_beta":false,"boss_relics":[{"not_picked":["SlaversCollar","Busted Crown"],"picked":"WristBlade"}],"items_purged_floors":[],"is_endless":false,"potions_floor_spawned":[5,6,11,14,16,21],"killed_by":"Shelled Parasite and Fungi","ascension_level":19}}