{"host":"d8d3jqle49sogkjv","time":1609601593,"event":{"mods":["BaseMod","Colored Map","Colored Powertips","Minty Spire (QoL Compilation)","StSLib"],"gold_per_floor":[214,214,214,226,151,151,163,197,221,221,238,266,441,459,459,459,459],"floor_reached":16,"playtime":708,"items_purged":["Decay"],"score":160,"play_id":"ab75b0bb-4652-42cc-adb4-58df9505e5de","local_time":"20210102163313","is_ascension_mode":true,"campfire_choices":[{"data":"Zap","floor":6,"key":"SMITH"},{"data":"Dualcast","floor":10,"key":"SMITH"},{"floor":15,"key":"REST"}],"circlet_count":0,"master_deck":["Strike_B","Strike_B","Strike_B+1","Strike_B","Defend_B","Defend_B","Defend_B","Defend_B","Zap+1","Dualcast+1","Auto Shields+1","Storm","Glacier","Storm","Doubt"],"relics":["Cracked Core","Bag of Marbles","PreservedInsect","Pantograph"],"acts_visited":["Exordium"],"potions_floor_usage":[8],"damage_taken":[{"damage":6,"enemies":"Cultist","floor":1,"turns":4},{"damage":0,"enemies":"Small Slimes","floor":4,"turns":2},{"damage":0,"enemies":"2 Louse","floor":7,"turns":2},{"damage":8,"enemies":"Gremlin Nob","floor":8,"turns":4},{"damage":0,"enemies":"Blue Slaver","floor":11,"turns":4},{"damage":13,"enemies":"3 Sentries","floor":12,"turns":8},{"damage":5,"enemies":"Large Slime","floor":14,"turns":9},{"damage":77,"enemies":"Hexaghost","floor":16,"turns":15}],"seed_played":"-5541389966678710405","potions_obtained":[{"floor":4,"key":"Ancient Potion"},{"floor":8,"key":"FearPotion"},{"floor":11,"key":"FearPotion"}],"is_trial":false,"path_per_floor":["M","?","?","M","$","R","M","E","T","R","M","E","?","M","R","B"],"character_chosen":"DEFECT","items_purchased":[],"campfire_rested":1,"item_purchase_floors":[],"current_hp_per_floor":[62,47,47,47,47,47,47,39,39,39,39,26,26,21,43,0,0],"gold":459,"neow_bonus":"HUNDRED_GOLD","is_daily":false,"chose_seed":false,"campfire_upgraded":2,"win_rate":0.0,"timestamp":1609601593,"path_taken":["M","?","?","?","$","R","M","E","T","R","M","E","?","M","R","BOSS"],"items_purchased_type":[],"build_version":"2020-12-22","purchased_purges":1,"victory":false,"max_hp_per_floor":[75,75,75,75,75,75,75,75,75,75,75,75,75,75,75,75,75],"card_choices":[{"not_picked":["Cold Snap","Steam"],"picked":"Auto Shields","floor":1},{"not_picked":["Skim","Reprogram"],"picked":"Storm","floor":4},{"not_picked":["Sweeping Beam","Sunder","Hologram"],"picked":"SKIP","floor":7},{"not_picked":["Hello World","Seek"],"picked":"Glacier","floor":8},{"not_picked":["Melter","Redo"],"picked":"Storm","floor":11},{"not_picked":["Go for the Eyes","Rebound","Beam Cell"],"picked":"SKIP","floor":12},{"not_picked":["Turbo","Sunder","Auto Shields"],"picked":"SKIP","floor":14}],"player_experience":355028,"relics_obtained":[{"floor":8,"key":"Bag of Marbles"},{"floor":9,"key":"PreservedInsect"},{"floor":12,"key":"Pantograph"}],"event_choices":[{"damage_healed":0,"gold_gain":0,"player_choice":"Entered Light","damage_taken":15,"max_hp_gain":0,"max_hp_loss":0,"event_name":"Shining Light","floor":2,"gold_loss":0,"cards_upgraded":["Strike_B","Auto Shields"]},{"damage_healed":0,"gold_gain":0,"player_choice":"Cursed","damage_taken":0,"max_hp_gain":0,"max_hp_loss":0,"event_name":"Wheel of Change","floor":3,"gold_loss":0,"cards_obtained":["Decay"]},{"damage_healed":0,"gold_gain":175,"player_choice":"AGREE","damage_taken":0,"max_hp_gain":0,"max_hp_loss":0,"event_name":"Liars Game","floor":13,"gold_loss":0,"cards_obtained":["Doubt"]}],"is_beta":false,"boss_relics":[],"items_purged_floors":[5],"is_endless":false,"potions_floor_spawned":[4,8,11],"killed_by":"Hexaghost","ascension_level":9}}