{"host":"nc2y572cy63kp82t","time":1609599865,"event":{"mods":["ATMod(°¢èªMod)","Arknights The Spire","BaseMod","Dota2Spire","Friendly Minions","Minty Spire (QoL Compilation)","Prisma Mod","StSLib","The Alterego","Yakumo Yukari mod"],"gold_per_floor":[120,120,120,133,143,170,170,182,182,199,212,212,212,228,228,330,330,344,42,42,56,56,91,91,91,91],"floor_reached":25,"playtime":1321,"items_purged":[],"score":223,"play_id":"3e562c83-fe35-445c-a5a3-278c32135e47","local_time":"20210102230425","is_ascension_mode":false,"campfire_choices":[{"data":"alterego_mod:Impale","floor":7,"key":"SMITH"},{"floor":15,"key":"REST"},{"data":"alterego_mod:Venus","floor":24,"key":"SMITH"}],"circlet_count":0,"master_deck":["alterego_mod:Strike","alterego_mod:Strike+1","alterego_mod:Strike","alterego_mod:Strike+1","alterego_mod:Defend","alterego_mod:Defend","alterego_mod:Defend","alterego_mod:Defend","alterego_mod:Impale+1","alterego_mod:BigMeatyClaws+1","alterego_mod:BrynhildrsRune","alterego_mod:Cooking","alterego_mod:Complex","alterego_mod:SuperDuperMasochism","alterego_mod:DeftHands","alterego_mod:1TonWallop","alterego_mod:Antipathy","alterego_mod:Birthday","Parasite","alterego_mod:Nekomimi","alterego_mod:Venus+1","alterego_mod:Cooking+1","alterego_mod:AlterEgo","alterego_mod:RocketPunch","alterego_mod:Pet+1","J.A.X.","alterego_mod:ChallengeComplete+1"],"relics":["alterego_mod:MasochisticConstitution","AT_ATBox","NeowsBlessing","Shuriken","Dota2Spire:LinkenSphere","AT_ImmortalShieldbow","Black Star","Dota2Spire:MaskOfMadness","HornCleat","Dota2Spire:ArmletOfMordiggian","Dota2Spire:EyeOfSkadi"],"acts_visited":["Exordium","TheCity"],"potions_floor_usage":[6,10,16,16],"damage_taken":[{"damage":0,"enemies":"Cultist","floor":1,"turns":1},{"damage":0,"enemies":"2 Louse","floor":4,"turns":1},{"damage":0,"enemies":"Jaw Worm","floor":5,"turns":1},{"damage":28,"enemies":"3 Sentries","floor":6,"turns":8},{"damage":13,"enemies":"3 Louse","floor":8,"turns":2},{"damage":17,"enemies":"Lots of Slimes","floor":10,"turns":3},{"damage":46,"enemies":"Gremlin Gang","floor":11,"turns":4},{"damage":20,"enemies":"Large Slime","floor":14,"turns":4},{"damage":52,"enemies":"Hexaghost","floor":16,"turns":8},{"damage":34,"enemies":"Shell Parasite","floor":18,"turns":4},{"damage":46,"enemies":"2 Thieves","floor":21,"turns":5},{"damage":50,"enemies":"Book of Stabbing","floor":23,"turns":5},{"damage":47,"enemies":"Snake Plant","floor":25,"turns":5}],"seed_played":"6128346126302929443","potions_obtained":[{"floor":1,"key":"AttackPotion"},{"floor":6,"key":"DistilledChaos"},{"floor":8,"key":"PowerPotion"},{"floor":10,"key":"Dexterity Potion"}],"is_trial":false,"path_per_floor":["M","?","?","M","M","E","R","M","T","M","M","?","T","M","R","B",null,"M","$","?","M","?","E","R","M"],"character_chosen":"The_Alterego","items_purchased":["alterego_mod:AlterEgo","Dota2Spire:MaskOfMadness","alterego_mod:RocketPunch"],"campfire_rested":1,"item_purchase_floors":[19,19,19],"current_hp_per_floor":[70,56,56,56,56,39,39,27,27,32,18,36,36,27,49,11,76,45,45,45,27,27,28,28,0,0],"gold":91,"neow_bonus":"THREE_ENEMY_KILL","is_daily":false,"chose_seed":false,"campfire_upgraded":2,"win_rate":0.0,"timestamp":1609599865,"path_taken":["M","?","?","?","M","E","R","M","T","M","M","?","?","M","R","BOSS","M","$","?","M","?","E","R","M"],"items_purchased_type":["Card","Relic","Card"],"build_version":"2020-12-22","purchased_purges":0,"victory":false,"max_hp_per_floor":[70,70,70,70,70,71,71,72,72,73,74,74,74,75,75,76,76,77,77,77,78,78,84,84,84,84],"card_choices":[{"not_picked":["alterego_mod:PresenceConcealment","alterego_mod:Mirror"],"picked":"alterego_mod:Cooking","floor":1},{"not_picked":["alterego_mod:Skirt","alterego_mod:PresenceConcealment"],"picked":"alterego_mod:Complex","floor":4},{"not_picked":["alterego_mod:Bloomers","alterego_mod:Pet"],"picked":"alterego_mod:SuperDuperMasochism","floor":5},{"not_picked":["alterego_mod:DestructionOfProperty","alterego_mod:GIGAMILK"],"picked":"alterego_mod:DeftHands","floor":6},{"not_picked":["alterego_mod:DeftHands","alterego_mod:DiscoLights"],"picked":"alterego_mod:1TonWallop","floor":8},{"not_picked":["alterego_mod:Rip","alterego_mod:DiscoLights"],"picked":"alterego_mod:Antipathy","floor":10},{"not_picked":["alterego_mod:Maid","alterego_mod:DeftHands"],"picked":"alterego_mod:Birthday","floor":11},{"not_picked":["alterego_mod:PerceptionDisorder","alterego_mod:DestructionOfProperty"],"picked":"alterego_mod:Nekomimi","floor":14},{"not_picked":["alterego_mod:ClassAdvantage","alterego_mod:Palingenesis"],"picked":"alterego_mod:Venus","floor":16},{"not_picked":["alterego_mod:HighServant","alterego_mod:Cushion"],"picked":"alterego_mod:Cooking+1","floor":18},{"not_picked":["alterego_mod:Bloomers","alterego_mod:BeGentle+1"],"picked":"alterego_mod:Pet+1","floor":21},{"not_picked":["alterego_mod:Schoolgirl","alterego_mod:Bunnysuit+1"],"picked":"alterego_mod:ChallengeComplete+1","floor":23}],"player_experience":241621,"relics_obtained":[{"floor":6,"key":"Shuriken"},{"floor":9,"key":"Dota2Spire:LinkenSphere"},{"floor":13,"key":"AT_ImmortalShieldbow"},{"floor":23,"key":"Dota2Spire:ArmletOfMordiggian"},{"floor":23,"key":"Dota2Spire:EyeOfSkadi"}],"event_choices":[{"damage_healed":0,"gold_gain":0,"player_choice":"Entered Light","damage_taken":14,"max_hp_gain":0,"max_hp_loss":0,"event_name":"Shining Light","floor":2,"gold_loss":0,"cards_upgraded":["alterego_mod:Strike","alterego_mod:Strike"]},{"damage_healed":0,"gold_gain":0,"player_choice":"Forge","damage_taken":0,"max_hp_gain":0,"max_hp_loss":0,"event_name":"Accursed Blacksmith","floor":3,"gold_loss":0,"cards_upgraded":["alterego_mod:BigMeatyClaws"]},{"damage_healed":18,"gold_gain":0,"player_choice":"Healed and dodged fight","damage_taken":0,"max_hp_gain":0,"max_hp_loss":0,"event_name":"Mushrooms","floor":12,"gold_loss":0,"cards_obtained":["Parasite"]},{"damage_healed":0,"gold_gain":0,"player_choice":"Opened","damage_taken":0,"relics_obtained":["HornCleat"],"max_hp_gain":0,"max_hp_loss":0,"event_name":"The Mausoleum","floor":20,"gold_loss":0},{"damage_healed":0,"gold_gain":0,"player_choice":"Obtain J.A.X.","damage_taken":0,"max_hp_gain":0,"max_hp_loss":0,"event_name":"Drug Dealer","floor":22,"gold_loss":0,"cards_obtained":["J.A.X."]}],"is_beta":false,"boss_relics":[{"not_picked":["Velvet Choker","Tiny House"],"picked":"Black Star"}],"items_purged_floors":[],"is_endless":false,"potions_floor_spawned":[1,6,8,10],"killed_by":"Snake Plant","ascension_level":0}}