{"host":"sc0o2qwpf9j16a4i","time":1609604470,"event":{"mods":["AchievementEnabler","BaseMod","BetterRewards","Block Reminder","Colored Map","Colored Powertips","Custom Start","Highlight Path","Minty Spire (QoL Compilation)","Relic Stats"],"gold_per_floor":[167,181,17,17,36,36,67,81,81,25,25,52,64,29,29,105,105,58,73,73,73,92,92,106,106,129,129,157,157,82,1,1,75,75,91,106,16,0,0,0],"floor_reached":39,"playtime":1389,"items_purged":[],"score":794,"play_id":"4e9207e3-be3a-46f9-9f83-cef3dea46435","local_time":"20210102182110","is_ascension_mode":true,"campfire_choices":[{"data":"Deadly Poison","floor":6,"key":"SMITH"},{"floor":11,"key":"REST"},{"data":"After Image","floor":15,"key":"SMITH"},{"floor":23,"key":"REST"},{"floor":25,"key":"REST"},{"floor":27,"key":"REST"},{"data":"Envenom","floor":32,"key":"SMITH"}],"circlet_count":0,"master_deck":["AscendersBane","Strike_G","Strike_G","Strike_G+1","Defend_G","Defend_G","Defend_G","Defend_G","Defend_G","Survivor","Neutralize","Caltrops","Deadly Poison+1","Dash","After Image+1","Deflect","PiercingWail","Riddle With Holes","Envenom+1","PiercingWail","Backflip","Noxious Fumes","Acrobatics+1","Infinite Blades","Ghostly","Ghostly","Ghostly","Blade Dance","Dagger Spray+1","Corpse Explosion","Terror","Dodge and Roll","Well Laid Plans"],"relics":["Tiny House","OrangePellets","Blue Candle","Sundial","Odd Mushroom","Sozu","Nilry\u0027s Codex","Strawberry","Molten Egg 2","Busted Crown","Red Mask"],"acts_visited":["Exordium","TheCity","TheBeyond"],"potions_floor_usage":[2,7,7,13,16],"damage_taken":[{"damage":0,"enemies":"Jaw Worm","floor":1,"turns":5},{"damage":7,"enemies":"Small Slimes","floor":2,"turns":3},{"damage":0,"enemies":"2 Louse","floor":5,"turns":4},{"damage":22,"enemies":"3 Sentries","floor":7,"turns":11},{"damage":8,"enemies":"Blue Slaver","floor":8,"turns":4},{"damage":14,"enemies":"The Mushroom Lair","floor":12,"turns":6},{"damage":1,"enemies":"3 Louse","floor":13,"turns":5},{"damage":35,"enemies":"The Guardian","floor":16,"turns":14},{"damage":23,"enemies":"2 Thieves","floor":18,"turns":5},{"damage":7,"enemies":"Chosen","floor":19,"turns":7},{"damage":0,"enemies":"Snecko","floor":22,"turns":6},{"damage":15,"enemies":"Cultist and Chosen","floor":24,"turns":7},{"damage":27,"enemies":"Book of Stabbing","floor":28,"turns":6},{"damage":26,"enemies":"Automaton","floor":33,"turns":11},{"damage":12,"enemies":"Orb Walker","floor":35,"turns":6},{"damage":1,"enemies":"3 Shapes","floor":36,"turns":8},{"damage":24,"enemies":"Transient","floor":39,"turns":3}],"seed_played":"5235032800490281128","potions_obtained":[{"floor":0,"key":"Swift Potion"},{"floor":1,"key":"Swift Potion"},{"floor":2,"key":"SkillPotion"},{"floor":13,"key":"SkillPotion"}],"is_trial":false,"path_per_floor":["M","M","$","?","M","R","E","M","T","$","R","?","M","?","R","B",null,"M","M","?","$","M","R","M","R","T","R","E","?","?","$","R","B",null,"M","M","$","?","M"],"character_chosen":"THE_SILENT","items_purchased":["OrangePellets","Block Potion","Blade Dance","Dagger Spray+1","Well Laid Plans"],"campfire_rested":4,"item_purchase_floors":[3,10,31,31,37],"current_hp_per_floor":[64,57,57,50,50,50,28,20,20,20,41,27,26,43,43,8,55,32,25,4,4,4,25,10,31,38,61,34,34,34,34,34,8,31,19,18,18,18,0,0],"gold":0,"neow_bonus":"BOSS_RELIC","is_daily":false,"chose_seed":false,"campfire_upgraded":3,"win_rate":0.0,"timestamp":1609604470,"path_taken":["M","M","$","?","M","R","E","M","T","$","R","?","M","?","R","BOSS","M","M","?","$","M","R","M","R","T","R","E","?","?","?","R","BOSS","M","M","$","?","M"],"items_purchased_type":["Relic","Potion","Card","Card","Card"],"build_version":"2020-12-22","purchased_purges":0,"victory":false,"max_hp_per_floor":[71,71,71,71,71,71,71,71,71,71,71,71,71,71,71,71,71,71,71,71,71,71,71,71,71,78,78,78,39,39,39,39,39,39,39,39,39,39,39,39],"relic_stats":{"Sozu":4,"OrangePellets":[8],"Busted Crown":4,"counters":[17,111],"Sundial":[8],"Blue Candle":[2],"obtain_stats":[{"Sozu":17,"OrangePellets":3,"Tiny House":0,"Busted Crown":34,"Sundial":9,"Nilry\u0027s Codex":20,"Blue Candle":7,"Strawberry":26,"Molten Egg 2":28,"Red Mask":38,"Odd Mushroom":12,"Ring of the Snake":0},{"Sozu":8,"OrangePellets":2,"Tiny House":0,"Busted Crown":14,"Sundial":5,"Nilry\u0027s Codex":10,"Blue Candle":4,"Strawberry":12,"Molten Egg 2":13,"Red Mask":16,"Odd Mushroom":6,"Ring of the Snake":0},{"Sozu":52,"OrangePellets":8,"Tiny House":0,"Busted Crown":94,"Sundial":27,"Nilry\u0027s Codex":64,"Blue Candle":23,"Strawberry":77,"Molten Egg 2":83,"Red Mask":108,"Odd Mushroom":33,"Ring of the Snake":0}]},"card_choices":[{"not_picked":["Outmaneuver","Escape Plan"],"picked":"Caltrops","floor":0},{"not_picked":["Backstab","Caltrops"],"picked":"Deadly Poison","floor":1},{"not_picked":["Bane","Skewer"],"picked":"Dash","floor":2},{"not_picked":["Heel Hook","Backflip","Reflex"],"picked":"SKIP","floor":5},{"not_picked":["PiercingWail","Poisoned Stab"],"picked":"After Image","floor":7},{"not_picked":["Finisher","Masterful Stab"],"picked":"Deflect","floor":8},{"not_picked":["Outmaneuver","Backflip"],"picked":"PiercingWail","floor":12},{"not_picked":["Finisher","Deflect"],"picked":"Riddle With Holes","floor":13},{"not_picked":["Die Die Die","Unload"],"picked":"Envenom","floor":16},{"not_picked":["Underhanded Strike","Outmaneuver"],"picked":"PiercingWail","floor":18},{"not_picked":["Acrobatics","Distraction"],"picked":"Backflip","floor":19},{"not_picked":["Underhanded Strike","Predator"],"picked":"Noxious Fumes","floor":22},{"not_picked":["Underhanded Strike","Tactician"],"picked":"Acrobatics+1","floor":24},{"not_picked":["Heel Hook+1","Underhanded Strike+1"],"picked":"Infinite Blades","floor":28},{"not_picked":["Doppelganger","After Image"],"picked":"Corpse Explosion","floor":33},{"not_picked":[],"picked":"Terror","floor":35},{"not_picked":[],"picked":"Dodge and Roll","floor":36}],"player_experience":508217,"relics_obtained":[{"floor":7,"key":"Blue Candle"},{"floor":9,"key":"Sundial"},{"floor":12,"key":"Odd Mushroom"},{"floor":20,"key":"Nilry\u0027s Codex"},{"floor":26,"key":"Strawberry"},{"floor":28,"key":"Molten Egg 2"}],"event_choices":[{"cards_removed":["Strike_G"],"damage_healed":0,"gold_gain":0,"player_choice":"Card Removal","damage_taken":7,"max_hp_gain":0,"max_hp_loss":0,"event_name":"Golden Wing","floor":4,"gold_loss":0},{"damage_healed":0,"gold_gain":0,"player_choice":"Fought Mushrooms","damage_taken":0,"max_hp_gain":0,"max_hp_loss":0,"event_name":"Mushrooms","floor":12,"gold_loss":0},{"damage_healed":17,"gold_gain":0,"player_choice":"Healed","damage_taken":0,"max_hp_gain":0,"max_hp_loss":0,"event_name":"The Cleric","floor":14,"gold_loss":35},{"damage_healed":0,"gold_gain":0,"player_choice":"Obtained Book","damage_taken":21,"max_hp_gain":0,"max_hp_loss":0,"event_name":"Cursed Tome","floor":20,"gold_loss":0},{"damage_healed":0,"gold_gain":0,"player_choice":"Became a Ghost","damage_taken":0,"max_hp_gain":0,"max_hp_loss":39,"event_name":"Ghosts","floor":29,"gold_loss":0,"cards_obtained":["Ghostly","Ghostly","Ghostly"]},{"cards_removed":["Strike_G"],"damage_healed":0,"gold_gain":0,"player_choice":"Gave Gold","damage_taken":0,"max_hp_gain":0,"max_hp_loss":0,"event_name":"Beggar","floor":30,"gold_loss":75},{"damage_healed":0,"gold_gain":0,"player_choice":"Paid","damage_taken":0,"relics_obtained":["Red Mask"],"max_hp_gain":0,"max_hp_loss":0,"event_name":"Tomb of Lord Red Mask","floor":38,"gold_loss":16}],"is_beta":false,"boss_relics":[{"not_picked":["Pandora\u0027s Box","Calling Bell"],"picked":"Sozu"},{"not_picked":["Velvet Choker","Empty Cage"],"picked":"Busted Crown"}],"items_purged_floors":[],"is_endless":false,"potions_floor_spawned":[1,2,13,18,22,35,36],"killed_by":"Transient","ascension_level":20}}