{"host":"na09lpbrez4gbfiz","time":1609549550,"event":{"mods":["Act Like it!","BaseMod","BetterRewards","Colored Map","Colored Powertips","DeckTracker","Googly Eyes","Highlight Path","Minty Spire (QoL Compilation)","Quick Restart","Spicy Shops","StSLib","SuperFastMode","Synergy Search"],"gold_per_floor":[143,119,119,119,69,89,89,122,133,133,133,207,221,23,38,38,142,142,159,171,171,11,11,11,110,125,174,189,54,84,84,118,118,118,118],"floor_reached":33,"playtime":822,"items_purged":["Strike_R","Decay"],"score":464,"play_id":"b63a186d-ac90-4424-8199-d68329f65987","local_time":"20210102020550","is_ascension_mode":true,"campfire_choices":[{"data":"Carnage","floor":6.0,"key":"SMITH"},{"floor":15.0,"key":"REST"},{"data":"Bludgeon","floor":23.0,"key":"SMITH"},{"data":"Demon Form","floor":30.0,"key":"SMITH"},{"data":"True Grit","floor":32,"key":"SMITH"}],"circlet_count":0,"master_deck":["AscendersBane","Strike_R+1","Strike_R","Defend_R","Defend_R","Defend_R+1","Defend_R+1","Bash+1","True Grit+1","Carnage+1","Feed","Bludgeon+1","Shrug It Off","Metallicize","Battle Trance+1","Demon Form+1"],"relics":["Black Star","The Courier","Whetstone","HornCleat","Art of War","Bronze Scales","Philosopher\u0027s Stone","Membership Card","CaptainsWheel","Bag of Preparation","Vajra","Sling","Oddly Smooth Stone","White Beast Statue","MealTicket","Tiny Chest"],"acts_visited":["Exordium","TheCity"],"potions_floor_usage":[33],"damage_taken":[{"damage":4.0,"enemies":"2 Louse","floor":1.0,"turns":5.0},{"damage":7.0,"enemies":"Small Slimes","floor":5.0,"turns":4.0},{"damage":19.0,"enemies":"3 Sentries","floor":7.0,"turns":8.0},{"damage":4.0,"enemies":"Jaw Worm","floor":8.0,"turns":2.0},{"damage":4.0,"enemies":"Exordium Wildlife","floor":12.0,"turns":3.0},{"damage":0.0,"enemies":"2 Fungi Beasts","floor":14.0,"turns":1.0},{"damage":14.0,"enemies":"The Guardian","floor":16.0,"turns":8.0},{"damage":6.0,"enemies":"Chosen","floor":18.0,"turns":2.0},{"damage":0.0,"enemies":"Spheric Guardian","floor":19.0,"turns":2.0},{"damage":0.0,"enemies":"Snake Plant","floor":25.0,"turns":2.0},{"damage":0.0,"enemies":"Centurion and Healer","floor":27.0,"turns":4.0},{"damage":20.0,"enemies":"Gremlin Leader","floor":29.0,"turns":5.0},{"damage":22,"enemies":"Slavers","floor":31,"turns":4},{"damage":44,"enemies":"Collector","floor":33,"turns":7}],"seed_played":"8214122401818907577","potions_obtained":[{"floor":7.0,"key":"AttackPotion"},{"floor":12.0,"key":"BlessingOfTheForge"},{"floor":19.0,"key":"Block Potion"},{"floor":31,"key":"DuplicationPotion"}],"is_trial":false,"path_per_floor":["M","?","?","?","M","R","E","M","T","T","?","M","$","M","R","B",null,"M","M","?","$","?","R","?","M","T","M","$","E","R","E","R","B"],"character_chosen":"IRONCLAD","items_purchased":["Bludgeon","Membership Card","CaptainsWheel","Metallicize","Vajra","Sling"],"campfire_rested":1,"item_purchase_floors":[13,21,21,21,28,28],"current_hp_per_floor":[62,68,52,45,45,38,38,19,18,18,18,18,17,17,17,42,28,72,66,66,66,66,66,66,66,66,66,69,69,52,52,33,33,0,0],"gold":118,"neow_bonus":"BOSS_RELIC","is_daily":false,"chose_seed":false,"campfire_upgraded":4,"win_rate":0.0,"timestamp":1609549550,"path_taken":["M","?","?","?","?","R","E","M","T","?","?","M","$","M","R","BOSS","M","M","?","$","?","R","?","?","T","M","?","E","R","E","R","BOSS"],"items_purchased_type":["Card","Relic","Relic","Card","Relic","Relic"],"build_version":"2020-12-22","purchased_purges":2,"victory":false,"max_hp_per_floor":[80,80,80,80,80,80,80,80,83,83,83,83,86,86,86,86,86,86,86,86,86,86,86,86,86,86,86,89,89,92,92,95,95,95,95],"card_choices":[{"not_picked":["Flex","Sword Boomerang"],"picked":"True Grit","floor":1.0},{"not_picked":["Perfected Strike","Infernal Blade"],"picked":"Carnage","floor":5.0},{"not_picked":["Burning Pact","Cleave"],"picked":"Feed","floor":7.0},{"not_picked":["Twin Strike","Headbutt","Perfected Strike"],"picked":"SKIP","floor":8.0},{"not_picked":["Shockwave","Pummel","Iron Wave"],"picked":"SKIP","floor":12.0},{"not_picked":["Twin Strike","Wild Strike","Warcry"],"picked":"SKIP","floor":14.0},{"not_picked":["Seeing Red","Shockwave","Body Slam"],"picked":"SKIP","floor":18.0},{"not_picked":["Reckless Charge","Thunderclap+1","Entrench"],"picked":"SKIP","floor":19.0},{"not_picked":["Seeing Red","Sword Boomerang+1"],"picked":"Battle Trance+1","floor":25.0},{"not_picked":["Fire Breathing","Heavy Blade+1","Evolve"],"picked":"SKIP","floor":27.0},{"not_picked":["Pummel","Disarm"],"picked":"Demon Form","floor":29.0},{"not_picked":["Evolve+1","Searing Blow","Heavy Blade"],"picked":"SKIP","floor":31}],"player_experience":258494,"relics_obtained":[{"floor":7.0,"key":"Whetstone"},{"floor":7.0,"key":"HornCleat"},{"floor":9.0,"key":"Art of War"},{"floor":10.0,"key":"Bronze Scales"},{"floor":26.0,"key":"Bag of Preparation"},{"floor":29.0,"key":"Oddly Smooth Stone"},{"floor":29.0,"key":"White Beast Statue"},{"floor":31,"key":"MealTicket"},{"floor":31,"key":"Tiny Chest"}],"event_choices":[{"damage_healed":0.0,"max_hp_gain":0.0,"max_hp_loss":0.0,"gold_gain":0.0,"event_name":"Shining Light","player_choice":"Entered Light","floor":2.0,"gold_loss":0.0,"damage_taken":16.0,"cards_upgraded":["Defend_R","Defend_R"]},{"damage_healed":0.0,"max_hp_gain":0.0,"max_hp_loss":0.0,"gold_gain":0.0,"event_name":"Scrap Ooze","player_choice":"Success","floor":3.0,"gold_loss":0.0,"damage_taken":7.0,"relics_obtained":["The Courier"]},{"cards_removed":["Strike_R"],"damage_healed":0.0,"max_hp_gain":0.0,"max_hp_loss":0.0,"gold_gain":0.0,"event_name":"The Cleric","player_choice":"Card Removal","floor":4.0,"gold_loss":50.0,"damage_taken":0.0},{"damage_healed":0.0,"max_hp_gain":0.0,"max_hp_loss":0.0,"gold_gain":74.0,"event_name":"Golden Wing","player_choice":"Gained Gold","floor":11.0,"gold_loss":0.0,"damage_taken":0.0},{"damage_healed":0.0,"max_hp_gain":0.0,"max_hp_loss":0.0,"gold_gain":0.0,"event_name":"The Library","player_choice":"Read","floor":20.0,"gold_loss":0.0,"damage_taken":0.0,"cards_obtained":["Shrug It Off"]},{"cards_removed":["Strike_R"],"damage_healed":0.0,"max_hp_gain":0.0,"max_hp_loss":0.0,"gold_gain":0.0,"event_name":"Back to Basics","player_choice":"Elegance","floor":22.0,"gold_loss":0.0,"damage_taken":0.0},{"damage_healed":0.0,"max_hp_gain":0.0,"max_hp_loss":0.0,"gold_gain":99.0,"event_name":"Nest","player_choice":"Stole From Cult","floor":24.0,"gold_loss":0.0,"damage_taken":0.0}],"is_beta":false,"boss_relics":[{"not_picked":["Velvet Choker","Cursed Key"],"picked":"Philosopher\u0027s Stone"}],"items_purged_floors":[13,28],"is_endless":false,"potions_floor_spawned":[7,12,19,25,27,31],"killed_by":"Collector","ascension_level":11}}