{"host":"yck2t2q3ro7hf56e","time":1609605899,"event":{"mods":["Act Like it!","Arknights The Spire","BaseMod","Custom Start","DNKmod","Friendly Minions","Hubris","Minty Spire (QoL Compilation)","Quick Restart","Rare Cards Sparkle","Replay The Spire","Slay the Relics Exporter","StSLib","The Construct","The Marked","Virulent Crown"],"gold_per_floor":[10010,10025,10043,10043,9430,9455,9455,9001,9049,9079,8620,8620,8620,8635,8635,8731,8831,8851,8851,8149,8166,8166,8191,8191,8217,8217,8228,8244,8244,8244,7415,7415,7433,7433,7538,7538,7554,7573,7589,7589,7499,7526,7526,7537,7537,7537,7569,7589,7599,6983,6983,6983,6983,6983,6400,6433,6433],"floor_reached":58,"playtime":5555,"items_purged":[],"score":1390,"play_id":"adb9bee6-9011-4cb8-8b2b-0bf5ebccd567","local_time":"20210102164459","is_ascension_mode":false,"campfire_choices":[{"floor":7,"key":"RECALL"},{"data":"Noxious Fumes","floor":13,"key":"SMITH"},{"data":"Deadly Poison","floor":15,"key":"SMITH"},{"data":"Replay:Bag of Tricks","floor":24,"key":"SMITH"},{"floor":34,"key":"DIG"},{"data":"Envenom","floor":43,"key":"SMITH"},{"data":"Infinite Blades","floor":46,"key":"SMITH"},{"data":"Infinite Blades","floor":54,"key":"SMITH"}],"circlet_count":0,"master_deck":["Defend_G","Defend_G","Defend_G","Defend_G","Defend_G","Survivor","Neutralize","Noxious Fumes+1","Envenom+1","Cloak And Dagger+1","Infinite Blades+1","Violence+1","Deadly Poison+1","Cloak And Dagger+1","Replay:Bag of Tricks+1","Bite","Bite+1","Bite","Bite","Bite","Backflip+1","Poisoned Stab","Caltrops","Envenom+1","Atom Bomb+1","Noxious Fumes+1","Infinite Blades+1","Bane","Bouncing Flask"],"relics":["Ring of the Snake","NeowsBlessing","TwistedFunnel","Happy Flower","Replay:WaspNest","ReplayTheSpireMod:Ninjato","ReplayFunnel","Snake Skull","Replay:Mystery Machine","hubris:TenFootPole","Guide Book","Omamori","Replay:Wanted Poster","Peace Pipe","Meat on the Bone","construct:BoolHorns","TheAbacus","Bronze Scales","Oddly Smooth Stone","hubris:Potato","Mercury Hourglass","Toolbox","Enchiridion","Question Card","Philosopher\u0027s Stone","Pet Ghost","Replay:Bottled Snecko","Dream Catcher","hubris:CuriousFeather","Bag of Preparation","hubris:EmptyBottle","hubris:SlimyHat","Durian","HandDrill","hubris:Spice"],"acts_visited":["Exordium","TheCity","TheBeyond","TheEnding"],"potions_floor_usage":[25,52,52,57,57,57,57],"damage_taken":[{"damage":0,"enemies":"Cultist","floor":1,"turns":1},{"damage":0,"enemies":"Jaw Worm","floor":2,"turns":1},{"damage":0,"enemies":"2 Louse","floor":3,"turns":1},{"damage":3,"enemies":"Lagavulin","floor":6,"turns":4},{"damage":3,"enemies":"Gremlin Nob","floor":10,"turns":4},{"damage":0,"enemies":"Looter","floor":14,"turns":2},{"damage":6,"enemies":"Fading Forest","floor":16,"turns":11},{"damage":0,"enemies":"Chosen","floor":18,"turns":3},{"damage":0,"enemies":"Spheric Guardian","floor":21,"turns":3},{"damage":13,"enemies":"Gremlin Leader","floor":23,"turns":4},{"damage":31,"enemies":"Slavers","floor":25,"turns":3},{"damage":0,"enemies":"Snake Plant","floor":27,"turns":2},{"damage":0,"enemies":"Snecko","floor":28,"turns":4},{"damage":0,"enemies":"Centurion and Healer","floor":33,"turns":3},{"damage":13,"enemies":"Automaton","floor":35,"turns":7},{"damage":0,"enemies":"3 Shapes","floor":37,"turns":2},{"damage":0,"enemies":"3 Darklings","floor":38,"turns":3},{"damage":0,"enemies":"Transient","floor":39,"turns":5},{"damage":0,"enemies":"R_Hoarder","floor":42,"turns":5},{"damage":0,"enemies":"4 Shapes","floor":44,"turns":3},{"damage":0,"enemies":"Giant Head","floor":47,"turns":4},{"damage":1,"enemies":"Maw","floor":48,"turns":4},{"damage":11,"enemies":"Jaw Worm Horde","floor":49,"turns":2},{"damage":24,"enemies":"Time Eater","floor":52,"turns":5},{"damage":12,"enemies":"Shield and Spear","floor":56,"turns":4},{"damage":56,"enemies":"The Heart","floor":57,"turns":5}],"seed_played":"4267171524784531608","potions_obtained":[{"floor":1,"key":"FearPotion"},{"floor":6,"key":"LiquidBronze"},{"floor":18,"key":"PowerPotion"},{"floor":25,"key":"CultistPotion"}],"is_trial":false,"path_per_floor":["M","M","M","?","$","E","R","$","T","E","$","?","R","M","R","B",null,"M","?","$","M","?","E","R","E","T","M","M","PTL","PTL","$","?","M","R","B",null,"M","M","M","?","?","E","R","M","T","R","E","M","M","$","R","B",null,"R","$","E","B",null],"character_chosen":"THE_SILENT","items_purchased":["TwistedFunnel","Infinite Blades","Happy Flower","Violence","Doom Potion","ReplayTheSpireMod:Ninjato","Deadly Poison","ReplayFunnel","hubris:TenFootPole","Guide Book","Omamori","Meat on the Bone","construct:BoolHorns","TheAbacus","hubris:Potato","Envenom","Mercury Hourglass","Toolbox","hubris:CuriousFeather","Bag of Preparation","hubris:EmptyBottle","hubris:SlimyHat","Durian","HandDrill"],"campfire_rested":0,"item_purchase_floors":[5,5,5,5,5,8,8,8,11,11,11,20,20,20,31,31,31,31,50,50,50,55,55,55],"current_hp_per_floor":[1000,1000,1000,1000,1000,997,997,997,997,994,994,994,994,994,994,995,1000,1000,1000,1000,1000,700,695,695,670,670,676,680,680,680,680,673,677,677,676,700,700,700,700,700,700,700,700,700,700,700,700,700,689,689,700,678,700,700,705,706,655],"gold":6433,"neow_bonus":"THREE_ENEMY_KILL","is_daily":false,"chose_seed":false,"campfire_upgraded":6,"win_rate":0.0,"timestamp":1609605899,"path_taken":["M","?","M","?","$","E","R","?","T","E","$","?","R","M","R","BOSS","M","?","$","?","?","E","R","E","T","M","M","PTL","PTL","?","?","M","R","BOSS","M","M","M","?","?","E","R","?","T","R","E","M","M","$","R","BOSS","R","$","E","BOSS"],"items_purchased_type":["Relic","Card","Relic","Card","Potion","Relic","Card","Relic","Relic","Relic","Relic","Relic","Relic","Relic","Relic","Card","Relic","Relic","Relic","Relic","Relic","Relic","Relic","Relic"],"build_version":"2020-12-22","purchased_purges":0,"victory":true,"max_hp_per_floor":[1000,1000,1000,1000,1000,1000,1000,1000,1000,1000,1000,1000,1000,1000,1000,1000,1000,1000,1000,1000,1000,700,700,700,700,700,700,700,700,700,700,700,700,700,700,700,700,700,700,700,700,700,700,700,700,700,700,700,700,700,700,700,700,700,705,713,713],"card_choices":[{"not_picked":["Finisher","Outmaneuver","Cloak And Dagger"],"picked":"SKIP","floor":1},{"not_picked":["Dagger Throw","Prepared"],"picked":"Noxious Fumes","floor":2},{"not_picked":["Dagger Spray","Flying Knee"],"picked":"Envenom","floor":3},{"not_picked":["Outmaneuver","Dagger Throw","Malaise"],"picked":"SKIP","floor":6},{"not_picked":["Quick Slash","Underhanded Strike"],"picked":"Cloak And Dagger","floor":10},{"not_picked":["Sucker Punch","Blade Dance","Hidden Blade"],"picked":"SKIP","floor":14},{"not_picked":["Malaise","Glass Knife"],"picked":"Replay:Bag of Tricks","floor":16},{"not_picked":["hubris:SlightOfHand","Flying Knee","Expertise"],"picked":"SKIP","floor":18},{"not_picked":["Slice","Escape Plan","Calculated Gamble"],"picked":"SKIP","floor":21},{"not_picked":["Cloak And Dagger","Flying Knee"],"picked":"Backflip+1","floor":23},{"not_picked":["Tactician","Reflex"],"picked":"Poisoned Stab","floor":25},{"not_picked":["Riddle With Holes","Bouncing Flask"],"picked":"Caltrops","floor":27},{"not_picked":["Unload","Tactician","Dash"],"picked":"SKIP","floor":28},{"not_picked":["PiercingWail+1","Quick Slash"],"picked":"Draining Mist","floor":33},{"not_picked":["Wraith Form v2","Venomology","Envenom"],"picked":"Atom Bomb","floor":35},{"not_picked":["Quick Slash","Underhanded Strike","Predator+1","Dodge and Roll"],"picked":"SKIP","floor":37},{"not_picked":["Eviscerate","Prepared+1","Distraction+1","Acrobatics"],"picked":"SKIP","floor":38},{"not_picked":["hubris:SlightOfHand+1","Quick Slash+1","Hidden Blade","Skewer"],"picked":"SKIP","floor":39},{"not_picked":["Atom Bomb","Reflex","Sucker Punch"],"picked":"Noxious Fumes+1","floor":42},{"not_picked":["Hidden Blade","Well Laid Plans+1","Quick Slash+1"],"picked":"Infinite Blades","floor":44},{"not_picked":["Dodge and Roll+1","ReplayTheSpireMod:Shiv Toss+1","Choke","Deadly Poison"],"picked":"SKIP","floor":47},{"not_picked":["Outmaneuver+1","Heel Hook+1","Blade Dance+1","Endless Agony"],"picked":"SKIP","floor":48},{"not_picked":["Choke","Slice","ReplayTheSpireMod:Speed Training","hubris:SlightOfHand"],"picked":"SKIP","floor":49},{"not_picked":["Prepared+1","Flying Knee","Distraction+1"],"picked":"Bane","floor":51},{"not_picked":["ReplayTheSpireMod:Scrap Shanks+1","Blur+1","hubris:Sniper"],"picked":"Bouncing Flask","floor":56}],"player_experience":142024,"relics_obtained":[{"floor":6,"key":"Replay:WaspNest"},{"floor":9,"key":"Snake Skull"},{"floor":10,"key":"Replay:Mystery Machine"},{"floor":23,"key":"Bronze Scales"},{"floor":25,"key":"Oddly Smooth Stone"},{"floor":32,"key":"Enchiridion"},{"floor":34,"key":"Question Card"},{"floor":42,"key":"Pet Ghost"},{"floor":45,"key":"Replay:Bottled Snecko"},{"floor":47,"key":"Dream Catcher"},{"floor":56,"key":"hubris:Spice"}],"event_choices":[{"damage_healed":0,"gold_gain":0,"player_choice":"Became a vampire","damage_taken":0,"max_hp_gain":0,"max_hp_loss":300,"event_name":"Vampires","floor":22,"gold_loss":0,"cards_obtained":["Bite","Bite","Bite","Bite","Bite"]},{"damage_healed":0,"gold_gain":0,"player_choice":"Obtained Book","damage_taken":16,"max_hp_gain":0,"max_hp_loss":0,"event_name":"Cursed Tome","floor":32,"gold_loss":0},{"damage_healed":0,"gold_gain":0,"player_choice":"Ignored","damage_taken":0,"max_hp_gain":0,"max_hp_loss":0,"event_name":"Tomb of Lord Red Mask","floor":40,"gold_loss":0},{"cards_removed":["Draining Mist"],"damage_healed":0,"gold_gain":0,"player_choice":"Upgrade and Remove","damage_taken":0,"max_hp_gain":0,"max_hp_loss":0,"event_name":"Designer","floor":41,"gold_loss":90,"cards_upgraded":["Atom Bomb"]}],"is_beta":false,"boss_relics":[{"not_picked":["construct:ClawGrip","SacredBark"],"picked":"Replay:Wanted Poster"},{"not_picked":["Kintsugi","hubris:Stopwatch"],"picked":"Philosopher\u0027s Stone"}],"items_purged_floors":[],"is_endless":false,"potions_floor_spawned":[1,6,10,18,21,25,33,42,44,48],"ascension_level":0}}