{"host":"s9mizfpm0ux1oq2e","time":1609607916,"event":{"mods":["Aspiration","BaseMod","Downfall","Minty Spire (QoL Compilation)","Permanent Neow","Replay The Spire","StSLib","SuperFastMode"],"gold_per_floor":[99,111,111,125,143,177,177,188,188,21,21,37,37,54,64,159,159,159,174,174,191,206,219,242,0,15,245,245,245,264,70,84,184,184,184,198,41,59,79,79,79,92,107,107,107,107,119,119,136,136],"floor_reached":51,"playtime":4537,"items_purged":["sneckomod:Strike","sneckomod:Strike","sneckomod:Defend"],"score":782,"play_id":"65b3b0c6-d67c-4241-ac95-325c8e17d50d","local_time":"25640103001836","is_ascension_mode":false,"campfire_choices":[{"data":"sneckomod:Strike","floor":1,"key":"PURGE"},{"data":"sneckomod:MorePower","floor":9,"key":"SMITH"},{"data":"sneckomod:SoulCleanse","floor":13,"key":"SMITH"},{"floor":18,"key":"DIG"},{"data":"sneckomod:Nope","floor":29,"key":"SMITH"},{"data":"sneckomod:DefensiveFlair","floor":35,"key":"SMITH"},{"data":"sneckomod:Restock","floor":40,"key":"SMITH"},{"data":"sneckomod:UnknownRarePower","floor":44,"key":"SMITH"}],"circlet_count":0,"master_deck":["sneckomod:Defend+1","sneckomod:TailWhip","sneckomod:SnekBite+1","sneckomod:Unknown+1","sneckomod:RainOfDice+1","sneckomod:Unknown2Cost","sneckomod:MorePower+1","sneckomod:UnknownClassGUARDIAN+1","sneckomod:Nope+1","sneckomod:UnknownUncommonPower+2","sneckomod:SoulCleanse+1","sneckomod:UnknownBlock+1","sneckomod:UnknownRareAttack+2","sneckomod:Unknown3Cost+1","sneckomod:UnlimitedRolls+1","sneckomod:UnknownStrength+1","Seek+1","sneckomod:UnknownRareSkill+1","sneckomod:UnknownRarePower+1","sneckomod:UnknownRareSkill+1","sneckomod:UnknownDexterity+1","sneckomod:UnknownUncommonPower+2","hexamod:SixthSeal","sneckomod:SnekBeam+1","sneckomod:SoulDraw","sneckomod:Unknown3Cost+1","sneckomod:UnknownUncommonSkill+2","sneckomod:UnknownUncommonPower+2","sneckomod:UnknownUncommonPower+1","sneckomod:DefensiveFlair+1","sneckomod:UnknownRarePower+1","sneckomod:Restock+1","sneckomod:Unknown3Cost+1","Escape Plan+1","sneckomod:SnekBeam+1","sneckomod:SnakeSap","sneckomod:UnknownX+1","sneckomod:SoulRoll+1","sneckomod:Mudshield","sneckomod:QuickMove+1","sneckomod:Unknown3Cost+1","sneckomod:TrashToTreasure","sneckomod:DiceBlock+1"],"relics":["sneckomod:SneckoSoul","Divine Protection","BranchBurnRelic","Coffee Dripper","Bag of Preparation","Nilry\u0027s Codex","Prayer Wheel","Toy Ornithopter","Medical Kit","Replay:Bronze Core","aspiration:Nostalgia","Replay:M_StaffOfTheSnake","Garlic","Boot"],"acts_visited":["Exordium","TheCity","TheBeyond"],"potions_floor_usage":[3,6,10,10,10,32,33,33,33,49,50],"damage_taken":[{"damage":0,"enemies":"Jaw Worm","floor":2,"turns":3},{"damage":0,"enemies":"Cultist","floor":4,"turns":3},{"damage":5,"enemies":"Small Slimes","floor":5,"turns":3},{"damage":21,"enemies":"Lagavulin","floor":6,"turns":4},{"damage":0,"enemies":"Exordium Wildlife","floor":8,"turns":3},{"damage":0,"enemies":"downfall:FleeingMerchant","floor":10,"turns":4},{"damage":5,"enemies":"Red Slaver","floor":12,"turns":2},{"damage":0,"enemies":"Gremlin Gang","floor":14,"turns":7},{"damage":0,"enemies":"Exordium Wildlife","floor":15,"turns":3},{"damage":23,"enemies":"downfall:Watcher","floor":16,"turns":9},{"damage":7,"enemies":"Spheric Guardian","floor":19,"turns":6},{"damage":8,"enemies":"Shelled Parasite and Fungi","floor":21,"turns":5},{"damage":0,"enemies":"Snake Plant","floor":22,"turns":4},{"damage":9,"enemies":"Cultist and Chosen","floor":23,"turns":6},{"damage":7,"enemies":"downfall:FleeingMerchant","floor":25,"turns":4},{"damage":5,"enemies":"Centurion and Healer","floor":26,"turns":5},{"damage":0,"enemies":"downfall:FleeingMerchant","floor":27,"turns":4},{"damage":26,"enemies":"Snake Plant","floor":30,"turns":6},{"damage":1,"enemies":"3 Cultists","floor":32,"turns":4},{"damage":40,"enemies":"downfall:Ironclad","floor":33,"turns":10},{"damage":58,"enemies":"3 Darklings","floor":36,"turns":6},{"damage":14,"enemies":"Orb Walker","floor":38,"turns":3},{"damage":17,"enemies":"Sphere and 2 Shapes","floor":39,"turns":4},{"damage":15,"enemies":"Jaw Worm Horde","floor":42,"turns":3},{"damage":16,"enemies":"Spire Growth","floor":43,"turns":5},{"damage":0,"enemies":"Sphere and 2 Shapes","floor":47,"turns":5},{"damage":14,"enemies":"Maw","floor":49,"turns":8},{"damage":0,"enemies":"downfall:Defect","floor":50,"turns":5}],"seed_played":"5467227228072491455","potions_obtained":[{"floor":3,"key":"Fruit Juice"},{"floor":3,"key":"SpeedPotion"},{"floor":3,"key":"DuplicationPotion"},{"floor":6,"key":"EssenceOfSteel"},{"floor":8,"key":"Adrenaline Potion"},{"floor":15,"key":"DuplicationPotion"},{"floor":16,"key":"Dexterity Potion"},{"floor":19,"key":"BlessingOfTheForge"},{"floor":39,"key":"Toxic Potion"},{"floor":43,"key":"PowerPotion"},{"floor":49,"key":"Fire Potion"}],"is_trial":false,"path_per_floor":["R","M","?","M","M","E","T","M","R","$","?","M","R","M","M","B",null,"R","M","?","M","M","M","T","$","M","$","?","R","M","$","M","B",null,"R","M","$","M","M","R","T","M","M","R","?","?","M","?","M","B",null],"character_chosen":"THE_SNECKO","items_purchased":["sneckomod:UnknownUncommonPower","Medical Kit","sneckomod:UnknownUncommonPower","sneckomod:UnknownUncommonPower","aspiration:Nostalgia"],"campfire_rested":0,"item_purchase_floors":[10,25,25,31,37],"current_hp_per_floor":[90,90,95,96,91,70,70,70,70,86,86,83,83,101,101,78,101,101,98,82,76,76,68,68,78,73,73,73,73,64,65,82,58,112,112,65,65,60,58,58,58,52,44,44,44,44,58,58,50,55],"gold":136,"neow_bonus":"UPGRADE_CARD","is_daily":false,"chose_seed":false,"campfire_upgraded":6,"win_rate":0.0,"timestamp":1609607916,"path_taken":["R","M","?","M","?","E","T","M","R","?","?","M","R","?","M","BOSS","R","M","?","M","M","M","T","$","M","$","?","R","?","$","M","BOSS","R","M","$","M","M","R","T","?","M","R","?","?","?","?","M","BOSS"],"items_purchased_type":["Card","Relic","Card","Card","Relic"],"build_version":"2020-12-22","purchased_purges":3,"victory":true,"max_hp_per_floor":[90,90,95,96,96,96,96,96,96,98,98,100,100,101,101,101,101,101,102,102,104,104,105,105,107,107,107,107,107,109,110,111,112,112,112,113,113,113,113,113,113,113,114,114,114,114,114,114,115,115],"card_choices":[{"not_picked":["sneckomod:UnknownX","sneckomod:UnknownBlock"],"picked":"sneckomod:RainOfDice","floor":2},{"not_picked":["sneckomod:MasterEye","sneckomod:Nope"],"picked":"sneckomod:Unknown2Cost","floor":4},{"not_picked":["sneckomod:UnknownCommonAttack","sneckomod:Rotation","sneckomod:QuickBite"],"picked":"SKIP","floor":5},{"not_picked":["sneckomod:QuickMove","sneckomod:IronFang","sneckomod:UnknownCommonAttack"],"picked":"SKIP","floor":6},{"not_picked":["sneckomod:UnknownX","sneckomod:UnknownBlock"],"picked":"sneckomod:MorePower","floor":8},{"not_picked":["sneckomod:Unknown+1","sneckomod:UnknownUncommonSkill+1"],"picked":"sneckomod:UnknownClassGUARDIAN+1","floor":10},{"not_picked":["sneckomod:UnknownCommonSkill","sneckomod:WideSting"],"picked":"sneckomod:Nope","floor":10},{"not_picked":["sneckomod:UnknownCommonSkill+1","sneckomod:UnknownWeak+1"],"picked":"sneckomod:UnknownBlock+1","floor":12},{"not_picked":["sneckomod:UnknownBlock","sneckomod:ImprovisedAttack"],"picked":"sneckomod:UnknownRareAttack","floor":12},{"not_picked":["sneckomod:UnknownClassSLIMEBOUND+1","sneckomod:UnknownVulnerable+1"],"picked":"sneckomod:Unknown3Cost+1","floor":14},{"not_picked":["sneckomod:UnknownCommonSkill","sneckomod:UnknownCommonAttack","sneckomod:DefensiveFlair"],"picked":"SKIP","floor":14},{"not_picked":["sneckomod:Unknown+1","sneckomod:UnknownWeak+1","sneckomod:UnknownClassBLUE+1"],"picked":"SKIP","floor":15},{"not_picked":["sneckomod:IronFang","sneckomod:Unknown1Cost","sneckomod:UnknownClassBLUE"],"picked":"SKIP","floor":15},{"not_picked":["sneckomod:UnknownRareAttack","sneckomod:SerpentMind"],"picked":"sneckomod:UnlimitedRolls","floor":16},{"not_picked":["sneckomod:UnknownStrike+1","sneckomod:UnknownEthereal+1"],"picked":"sneckomod:UnknownStrength+1","floor":19},{"not_picked":["sneckomod:QuickMove","sneckomod:UnknownClassGUARDIAN","sneckomod:SoulDraw"],"picked":"SKIP","floor":19},{"not_picked":["sneckomod:UnknownStrike+1","sneckomod:UnknownX+1"],"picked":"sneckomod:UnknownRareSkill+1","floor":21},{"not_picked":["sneckomod:UnknownEthereal","sneckomod:WideSting"],"picked":"sneckomod:UnknownRarePower","floor":21},{"not_picked":["sneckomod:SerpentIdol","sneckomod:UnknownCommonSkill+1","sneckomod:UnknownCommonAttack"],"picked":"SKIP","floor":21},{"not_picked":["sneckomod:UnknownClassRED+1","sneckomod:Unknown+1","sneckomod:UnknownExhaust+1"],"picked":"SKIP","floor":22},{"not_picked":["sneckomod:UnknownVulnerable","sneckomod:Unknown1Cost","sneckomod:UnknownClassGUARDIAN+1"],"picked":"SKIP","floor":22},{"not_picked":["sneckomod:PureSnecko+1","sneckomod:UnknownCommonAttack","sneckomod:UnknownWeak"],"picked":"SKIP","floor":22},{"not_picked":["sneckomod:UnknownClassSLIMEBOUND+1","sneckomod:UnknownClassBLUE+1"],"picked":"sneckomod:UnknownRareSkill+1","floor":23},{"not_picked":["sneckomod:Unknown1Cost+1","sneckomod:SoulDraw","sneckomod:DiceCrush"],"picked":"SKIP","floor":23},{"not_picked":["sneckomod:DiceCrush","sneckomod:PureSnecko+1","sneckomod:UnknownBlock"],"picked":"SKIP","floor":23},{"not_picked":["sneckomod:UnknownWeak+1","sneckomod:UnknownX+1"],"picked":"sneckomod:UnknownDexterity+1","floor":25},{"not_picked":["sneckomod:IronFang+1","sneckomod:ImprovisedAttack","sneckomod:DiceBlock"],"picked":"SKIP","floor":25},{"not_picked":["hexamod:SecondSeal","hexamod:FourthSeal"],"picked":"hexamod:SixthSeal","floor":26},{"not_picked":["sneckomod:UnknownCommonAttack","sneckomod:Unknown1Cost"],"picked":"sneckomod:SnekBeam+1","floor":26},{"not_picked":["sneckomod:WideSting+1","sneckomod:QuickBite","sneckomod:IronFang"],"picked":"SKIP","floor":26},{"not_picked":["sneckomod:UnknownClassHEXA_GHOST_PURPLE+1","sneckomod:UnknownClassGUARDIAN+1","sneckomod:Unknown1Cost+1"],"picked":"SKIP","floor":27},{"not_picked":["sneckomod:SoulExchange","sneckomod:Unknown1Cost","sneckomod:Nope"],"picked":"SKIP","floor":27},{"not_picked":["sneckomod:Unknown1Cost+1","sneckomod:Unknown0Cost+1"],"picked":"sneckomod:Unknown3Cost+1","floor":30},{"not_picked":["sneckomod:DangerNoodle","sneckomod:SoulRoll+1"],"picked":"sneckomod:UnknownUncommonSkill","floor":30},{"not_picked":["sneckomod:SoulRoll","sneckomod:Nope","sneckomod:UnknownExhaust"],"picked":"SKIP","floor":30},{"not_picked":["sneckomod:UnknownUncommonAttack+1","sneckomod:UnknownDexterity+1"],"picked":"sneckomod:UnknownUncommonPower+1","floor":32},{"not_picked":["sneckomod:UnlimitedRolls","sneckomod:UnknownClassBLUE"],"picked":"sneckomod:DefensiveFlair","floor":32},{"not_picked":["sneckomod:SoulRoll","sneckomod:UnknownClassGUARDIAN","sneckomod:UnknownStrike"],"picked":"SKIP","floor":32},{"not_picked":["sneckomod:Unknown1Cost+1","sneckomod:UnknownClassPURPLE+1"],"picked":"sneckomod:UnknownRarePower+1","floor":33},{"not_picked":["sneckomod:DangerNoodle","sneckomod:SoulExchange"],"picked":"sneckomod:Restock","floor":33},{"not_picked":["sneckomod:Unknown2Cost+1","sneckomod:UnknownClassRED+1"],"picked":"sneckomod:Unknown3Cost+1","floor":36},{"not_picked":["sneckomod:PureSnecko","sneckomod:UnknownClassGREEN","sneckomod:RainOfDice+1"],"picked":"SKIP","floor":36},{"not_picked":["sneckomod:UnknownUncommonSkill+1","sneckomod:DiceCrush+1","sneckomod:IronFang+1"],"picked":"SKIP","floor":36},{"not_picked":["sneckomod:UnknownEthereal","ClearTheMind+1"],"picked":"Escape Plan+1","floor":38},{"not_picked":["sneckomod:Unknown+1","sneckomod:UnknownClassTHE_CHAMP_GRAY+1","sneckomod:UnknownWeak+1"],"picked":"SKIP","floor":38},{"not_picked":["sneckomod:UnknownClassRED+1","sneckomod:QuickMove+1","Masterful Stab+1"],"picked":"SKIP","floor":38},{"not_picked":["sneckomod:Rotation","sneckomod:Unknown1Cost"],"picked":"sneckomod:SnekBeam+1","floor":39},{"not_picked":["Night Terror","JustLucky+1"],"picked":"sneckomod:SnakeSap","floor":39},{"not_picked":["sneckomod:UnknownClassSLIMEBOUND+1","sneckomod:UnknownCommonSkill+1","sneckomod:UnknownEthereal+1"],"picked":"SKIP","floor":39},{"not_picked":["sneckomod:UnknownClassHEXA_GHOST_PURPLE+1","sneckomod:UnknownClassPURPLE+1","sneckomod:UnknownCommonSkill+1"],"picked":"SKIP","floor":42},{"not_picked":["sneckomod:QuickBite","sneckomod:WideSting+1","sneckomod:UnknownUncommonSkill+1"],"picked":"SKIP","floor":42},{"not_picked":["sneckomod:CheapStock+1","sneckomod:QuickMove+1","Outmaneuver+1"],"picked":"SKIP","floor":42},{"not_picked":["sneckomod:Unknown0Cost+1","sneckomod:UnknownDexterity+1"],"picked":"sneckomod:UnknownX+1","floor":43},{"not_picked":["Masterful Stab","sneckomod:UnknownCommonSkill+1"],"picked":"sneckomod:SoulRoll+1","floor":43},{"not_picked":["sneckomod:Nope+1","sneckomod:Restock","Dagger Throw"],"picked":"SKIP","floor":43},{"not_picked":["sneckomod:UnknownBlock","sneckomod:UnknownVulnerable"],"picked":"sneckomod:Mudshield","floor":47},{"not_picked":["sneckomod:UnknownCommonAttack+1","sneckomod:DiceBlock"],"picked":"sneckomod:QuickMove+1","floor":47},{"not_picked":["sneckomod:Unknown0Cost+1","sneckomod:Unknown1Cost+1","sneckomod:UnknownX+1"],"picked":"SKIP","floor":47},{"not_picked":["sneckomod:UnknownClassPURPLE+1","sneckomod:UnknownBlock+1"],"picked":"sneckomod:Unknown3Cost+1","floor":49},{"not_picked":["sneckomod:SoulDraw+1","Flying Knee+1"],"picked":"sneckomod:TrashToTreasure","floor":49},{"not_picked":["sneckomod:SoulDraw+1","sneckomod:UnknownClassSLIMEBOUND"],"picked":"sneckomod:DiceBlock+1","floor":49}],"player_experience":165055,"relics_obtained":[{"floor":6,"key":"Divine Protection"},{"floor":7,"key":"Dead Branch"},{"floor":18,"key":"Bag of Preparation"},{"floor":20,"key":"Nilry\u0027s Codex"},{"floor":24,"key":"Toy Ornithopter"},{"floor":41,"key":"Garlic"},{"floor":45,"key":"Boot"}],"event_choices":[{"damage_healed":0,"gold_gain":0,"player_choice":"Got Potions","damage_taken":0,"max_hp_gain":0,"max_hp_loss":0,"event_name":"Lab","floor":3,"gold_loss":0},{"damage_healed":0,"gold_gain":0,"cards_transformed":["sneckomod:Defend"],"player_choice":"Transformed","damage_taken":0,"max_hp_gain":0,"max_hp_loss":0,"event_name":"Transmorgrifier","floor":11,"gold_loss":0,"cards_obtained":["sneckomod:SoulCleanse"]},{"damage_healed":0,"gold_gain":0,"cards_transformed":["sneckomod:Unknown"],"player_choice":"Transformed","damage_taken":0,"max_hp_gain":0,"max_hp_loss":0,"event_name":"Transmorgrifier","floor":28,"gold_loss":0,"cards_obtained":["sneckomod:SoulDraw"]},{"damage_healed":0,"gold_gain":0,"player_choice":"Ignored","damage_taken":0,"max_hp_gain":0,"max_hp_loss":0,"event_name":"Mysterious Sphere","floor":48,"gold_loss":0}],"is_beta":false,"boss_relics":[{"not_picked":["SacredBark","Kintsugi"],"picked":"Coffee Dripper"},{"not_picked":["Black Star","Empty Cage"],"picked":"Replay:Bronze Core"}],"items_purged_floors":[10,27,31],"is_endless":false,"potions_floor_spawned":[6,8,15,16,19,22,26,32,39,43,49],"ascension_level":0}}