{"host":"sum4dy402bbv9y4o","time":1609557549,"event":{"mods":["Aspiration","BaseMod","Conspire","Highlight Path","Minty Spire (QoL Compilation)","StSLib"],"gold_per_floor":[118,5,20,20,20,49,49,75,75,88,88,104,104,114,114,186,186,196,15,15,26,26,26,36,65,65,65,77,77,77],"floor_reached":29,"playtime":842,"items_purged":["Injury"],"score":556,"play_id":"7cb1beab-a2de-4986-b060-9ef2386e6a15","local_time":"20210102061909","is_ascension_mode":true,"campfire_choices":[{"data":"Dualcast","floor":7,"key":"SMITH"},{"data":"Zap","floor":11,"key":"SMITH"},{"data":"Beam Cell","floor":13,"key":"SMITH"},{"data":"Electrodynamics","floor":15,"key":"SMITH"},{"floor":23,"key":"REST"},{"floor":27,"key":"REST"}],"circlet_count":0,"master_deck":["AscendersBane","Strike_B","Strike_B","Strike_B","Strike_B","Defend_B","Defend_B","Defend_B","Defend_B","Zap+1","Dualcast+1","Streamline","Beam Cell+1","Gash","Auto Shields","Redo+1","Redo+1","Cold Snap+1","Electrodynamics+1","Conserve Battery+1","Glacier+1","Beam Cell+1","Gash+1","Capacitor+1","Chill+1","Cold Snap+1"],"relics":["Cracked Core","NeowsBlessing","Toxic Egg 2","DataDisk","Nunchaku","Molten Egg 2","aspiration:Stellarator","Ornamental Fan","conspire:BottledYoYo"],"acts_visited":["Exordium","TheCity"],"potions_floor_usage":[8,18,24,25,29],"damage_taken":[{"damage":0,"enemies":"2 Louse","floor":1,"turns":1},{"damage":0,"enemies":"conspire:RoseBush","floor":3,"turns":1},{"damage":0,"enemies":"Lagavulin","floor":6,"turns":1},{"damage":15,"enemies":"3 Sentries","floor":8,"turns":7},{"damage":0,"enemies":"Cultist","floor":10,"turns":2},{"damage":0,"enemies":"2 Fungi Beasts","floor":12,"turns":3},{"damage":7,"enemies":"conspire:2 RoseBushes","floor":14,"turns":3},{"damage":15,"enemies":"Slime Boss","floor":16,"turns":5},{"damage":6,"enemies":"2 Thieves","floor":18,"turns":2},{"damage":0,"enemies":"conspire:FuzzyDice","floor":21,"turns":3},{"damage":27,"enemies":"Snake Plant","floor":24,"turns":6},{"damage":17,"enemies":"Book of Stabbing","floor":25,"turns":6},{"damage":20,"enemies":"3 Cultists","floor":28,"turns":6},{"damage":16,"enemies":"Cultist and Chosen","floor":29,"turns":5}],"seed_played":"3635711841246399557","potions_obtained":[{"floor":3,"key":"DistilledChaos"},{"floor":8,"key":"FearPotion"},{"floor":12,"key":"SpeedPotion"},{"floor":14,"key":"SkillPotion"},{"floor":18,"key":"Swift Potion"},{"floor":25,"key":"Energy Potion"}],"is_trial":false,"path_per_floor":["M","$","M","?","?","E","R","E","T","M","R","M","R","M","R","B",null,"M","$","?","M","?","R","M","E","T","R","M","M"],"character_chosen":"DEFECT","items_purchased":["Beam Cell","Gash","Beam Cell+1","Gash+1"],"campfire_rested":2,"item_purchase_floors":[2,2,19,19],"current_hp_per_floor":[64,64,64,64,64,64,64,49,49,49,49,49,49,42,42,27,60,54,54,34,34,28,50,23,6,6,28,8,0,0],"gold":77,"neow_bonus":"THREE_ENEMY_KILL","is_daily":false,"chose_seed":false,"campfire_upgraded":4,"win_rate":0.0,"timestamp":1609557549,"path_taken":["M","$","M","?","?","E","R","E","T","M","R","M","R","M","R","BOSS","M","$","?","M","?","R","M","E","T","R","?","M"],"items_purchased_type":["Card","Card","Card","Card"],"build_version":"2020-12-22","purchased_purges":1,"victory":false,"max_hp_per_floor":[71,71,71,71,71,71,71,71,71,71,71,71,71,71,71,71,71,71,71,76,76,76,76,76,76,76,76,76,76,76],"card_choices":[{"not_picked":["Stack","conspire:SharedLibrary"],"picked":"Streamline","floor":1},{"not_picked":["Force Field","Streamline"],"picked":"Auto Shields","floor":3},{"not_picked":["FTL","Streamline"],"picked":"Redo+1","floor":6},{"not_picked":["Chaos+1","Rebound"],"picked":"Redo+1","floor":8},{"not_picked":["Compile Driver+1","Gash+1"],"picked":"Cold Snap+1","floor":10},{"not_picked":["Rebound+1","Steam+1"],"picked":"Electrodynamics","floor":12},{"not_picked":["Barrage+1","Hologram+1"],"picked":"Conserve Battery+1","floor":14},{"not_picked":["Rebound+1","Stack+1"],"picked":"Glacier+1","floor":18},{"not_picked":["Reinforced Body+1","Streamline+1"],"picked":"Capacitor+1","floor":21},{"not_picked":["Steam+1","Coolheaded+1"],"picked":"Chill+1","floor":24},{"not_picked":["Amplify+1","Gash+1"],"picked":"Cold Snap+1","floor":25},{"not_picked":["Force Field+1","Redo+1","Double Energy+1"],"picked":"SKIP","floor":28}],"player_experience":2874331,"relics_obtained":[{"floor":6,"key":"DataDisk"},{"floor":8,"key":"Nunchaku"},{"floor":9,"key":"Molten Egg 2"},{"floor":25,"key":"Ornamental Fan"},{"floor":26,"key":"conspire:BottledYoYo"}],"event_choices":[{"damage_healed":0,"gold_gain":0,"player_choice":"Fled","damage_taken":0,"max_hp_gain":0,"max_hp_loss":0,"event_name":"Scrap Ooze","floor":5,"gold_loss":0},{"damage_healed":0,"gold_gain":0,"player_choice":"Shed Blood","damage_taken":25,"max_hp_gain":5,"max_hp_loss":0,"event_name":"Forgotten Altar","floor":20,"gold_loss":0},{"damage_healed":0,"gold_gain":0,"player_choice":"","damage_taken":6,"max_hp_gain":0,"max_hp_loss":0,"event_name":"Knowing Skull","floor":22,"potions_obtained":[],"gold_loss":0,"cards_obtained":[]}],"is_beta":false,"boss_relics":[{"not_picked":["Busted Crown","conspire:SlowCooker"],"picked":"aspiration:Stellarator"}],"items_purged_floors":[19],"is_endless":false,"potions_floor_spawned":[3,8,12,14,18,25],"killed_by":"Cultist and Chosen","ascension_level":20}}