{"host":"n7ibbaht59lcm2b7","time":1609622128,"event":{"mods":["AchievementEnabler","Act Like it!","Ascension Unlocker","BaseMod","CapriCore","Challenge The Spire","Chen","Colored Map","Colored Powertips","Gensokyo","Highlight Path","Koishi","Marisa????????","Minty Spire (QoL Compilation)","Reimu??????","Remilia??????","Replay The Spire","StSLib","The Administrix","The Jungle","The Servant 0.9.4","Yuyuko","everything is the same but u backflip on backflip","slay the spire mod where everything is the same but ironclad has a cowboy hat"],"gold_per_floor":[607,258,378,495,612,612,299,46,162,272,384,384,155,16,129,244,364,484],"floor_reached":19,"playtime":974,"items_purged":["Strike_G","Strike_G","Defend_G","Replay:Hysterical Blindness"],"score":4633,"play_id":"02c4eb53-3cf2-4c46-85c9-2d12159f0f7d","local_time":"20210102211528","daily_mods":["challengethespire:Gold Difficulty","challengethespire:Boss Rush","Uncertain Future"],"is_ascension_mode":true,"campfire_choices":[],"circlet_count":0,"master_deck":["AscendersBane","Defend_G","Defend_G+1","Defend_G","Defend_G","Survivor+1","Neutralize+1","Deflect+1","Cloak And Dagger+1","Accuracy+1","Accuracy+1","Draining Mist+1","Blade Dance+1","Acrobatics+1","Prepared+1","ReplayTheSpireMod:Scrap Shanks+1","Calculated Gamble+1","Cloak And Dagger+1","Tools of the Trade+1","Footwork+1","Cloak And Dagger+1","Prepared+1","Prepared+1","Terror+1","A Thousand Cuts+1","Concentrate+1","Pot Of Greed+1","Pot Of Greed+1","Pot Of Greed+1","Blur+1","Tools of the Trade+1","Underhanded Strike+1","Blur+1","Deflect+1","Underhanded Strike+1","Eviscerate+1","Escape Plan+1","Underhanded Strike+1","Deflect+1"],"relics":["Ring of the Snake","The Courier","Molten Egg 2","Toxic Egg 2","Frozen Egg 2","Whetstone","Nunchaku","Replay:Drink Me","ReplayTheSpireMod:CursedCoin","Shuriken","Bird Faced Urn","Replay:Bottled Snecko","Grinning Jar","SacredBark","Membership Card","TheAbacus","StoneCalendar","Replay:Rubber Ducky","Orichalcum","War Paint"],"acts_visited":["Exordium"],"potions_floor_usage":[16,18,18],"damage_taken":[{"damage":0,"enemies":"The Guardian","floor":3,"turns":7},{"damage":0,"enemies":"Hexaghost","floor":4,"turns":6},{"damage":0,"enemies":"Slime Boss","floor":5,"turns":4},{"damage":18,"enemies":"Champ","floor":9,"turns":3},{"damage":0,"enemies":"Collector","floor":10,"turns":4},{"damage":0,"enemies":"Automaton","floor":11,"turns":4},{"damage":0,"enemies":"Awakened One","floor":15,"turns":5},{"damage":1,"enemies":"Time Eater","floor":16,"turns":7},{"damage":0,"enemies":"Donu and Deca","floor":17,"turns":5},{"damage":0,"enemies":"The Heart","floor":18,"turns":6}],"seed_played":"-4774602635091190551","potions_obtained":[{"floor":9,"key":"SpeedPotion"},{"floor":11,"key":"Death Potion"},{"floor":16,"key":"ZuzhouPotion:ReiMu"},{"floor":18,"key":"DuplicationPotion"}],"is_trial":true,"path_per_floor":["$","$","M","M","M","T","$","$","M","M","M","T","$","$","M","M","M","M",null],"character_chosen":"THE_SILENT","items_purchased":["Deflect+1","Cloak And Dagger+1","Accuracy+1","Accuracy+1","Draining Mist+1","Blade Dance+1","Acrobatics+1","Prepared+1","Tools of the Trade+1","Footwork+1","Cloak And Dagger+1","Prepared+1","ReplayTheSpireMod:CursedCoin","Terror+1","Shuriken","Membership Card","Tools of the Trade+1","Underhanded Strike+1","Flashbang","Blur+1","Deflect+1","Underhanded Strike+1","Adrenaline Potion","TheAbacus"],"campfire_rested":0,"item_purchase_floors":[1,1,2,2,2,2,2,2,7,7,7,8,8,8,8,13,13,13,13,14,14,14,14,14],"current_hp_per_floor":[59,59,59,59,59,50,50,50,32,42,50,50,50,50,50,49,50,50],"gold":484,"neow_bonus":"","is_daily":false,"chose_seed":false,"campfire_upgraded":0,"win_rate":0.0,"timestamp":1609622128,"path_taken":["$","$","M","M","M","T","$","$","M","M","M","T","$","$","M","M","M","M"],"items_purchased_type":["Card","Card","Card","Card","Card","Card","Card","Card","Card","Card","Card","Card","Relic","Card","Relic","Relic","Card","Card","Potion","Card","Card","Card","Potion","Relic"],"build_version":"2020-12-22","purchased_purges":4,"victory":true,"max_hp_per_floor":[66,66,66,66,66,50,50,50,50,50,50,50,50,50,50,50,50,50],"card_choices":[],"player_experience":1289593,"relics_obtained":[{"floor":4,"key":"Whetstone"},{"floor":5,"key":"Nunchaku"},{"floor":9,"key":"Bird Faced Urn"},{"floor":10,"key":"Replay:Bottled Snecko"},{"floor":11,"key":"Grinning Jar"},{"floor":15,"key":"StoneCalendar"},{"floor":16,"key":"Replay:Rubber Ducky"},{"floor":17,"key":"Orichalcum"},{"floor":18,"key":"War Paint"}],"event_choices":[],"is_beta":false,"boss_relics":[{"not_picked":["Runic Pyramid","Kintsugi"],"picked":"Replay:Drink Me"},{"not_picked":["Runic Dome","Snecko Scales"],"picked":"SacredBark"}],"items_purged_floors":[1,2,7,8],"is_endless":false,"potions_floor_spawned":[9,11,16,17,18],"ascension_level":15}}