{"host":"a1u4jo6xlg3w0wsm","time":1609574354,"event":{"mods":["BaseMod","Better Third Choice","DeckTracker","Downfall","Hermit","Hubris","Minty Spire (QoL Compilation)","Rare Cards Sparkle","Replay The Spire","StSLib"],"gold_per_floor":[110,33,33,33,33,33,64,79,131,131,131,131],"floor_reached":11,"playtime":424,"items_purged":["sneckomod:Bewildered"],"score":72,"play_id":"981fdfa7-0f52-452b-8622-ad93623762c5","local_time":"20210102205914","is_ascension_mode":true,"campfire_choices":[{"data":"Zap","floor":6,"key":"SMITH"}],"circlet_count":0,"master_deck":["Strike_B","Strike_B","Strike_B","Strike_B","Defend_B","Defend_B","Defend_B","Zap+1","Dualcast","Tempest","FIFO Queue+1","Ball Lightning","Burn","ReplayGash","Steam"],"relics":["Cracked Core","Regal Pillow","ReplayTheSpireMod:CursedCoin","ReplayTheSpireMod:Lightbulb","Peace Pipe","Dream Catcher"],"acts_visited":["Exordium"],"potions_floor_usage":[7,11,11],"damage_taken":[{"damage":1,"enemies":"2 Louse","floor":1,"turns":3},{"damage":21,"enemies":"3 Sentries","floor":7,"turns":6},{"damage":11,"enemies":"Jaw Worm","floor":8,"turns":3},{"damage":50,"enemies":"Gremlin Nob","floor":11,"turns":4}],"seed_played":"2900165093362357084","potions_obtained":[{"floor":1,"key":"SkillPotion"},{"floor":8,"key":"Explosive Potion"}],"is_trial":false,"path_per_floor":["M","$","?","?","?","R","E","M","T","$","E"],"character_chosen":"DEFECT","items_purchased":["ReplayTheSpireMod:CursedCoin","FIFO Queue+1","Ball Lightning","Fire Potion"],"campfire_rested":0,"item_purchase_floors":[2,2,2,2],"current_hp_per_floor":[74,74,74,67,67,67,46,35,35,35,0,0],"gold":131,"neow_bonus":"RANDOM_COMMON_RELIC","is_daily":false,"chose_seed":false,"campfire_upgraded":1,"win_rate":0.0,"timestamp":1609574354,"path_taken":["M","$","?","?","?","R","E","M","T","$","E"],"items_purchased_type":["Relic","Card","Card","Potion"],"build_version":"2020-12-13","purchased_purges":1,"victory":false,"max_hp_per_floor":[75,75,75,75,75,75,75,75,75,75,75,75],"card_choices":[{"not_picked":["ReplaySolidLightProjector","Leap"],"picked":"Tempest","floor":1},{"not_picked":["Streamline","Stack"],"picked":"ReplayGash","floor":7},{"not_picked":["Coolheaded","Barrage"],"picked":"Steam","floor":8}],"player_experience":280366,"relics_obtained":[{"floor":7,"key":"Peace Pipe"},{"floor":9,"key":"Dream Catcher"}],"event_choices":[{"damage_healed":74,"gold_gain":0,"player_choice":"Embrace Burn","damage_taken":0,"max_hp_gain":0,"max_hp_loss":75,"event_name":"betterThird:BetterShining","floor":3,"gold_loss":0},{"damage_healed":0,"gold_gain":0,"player_choice":"Relic ","damage_taken":7,"max_hp_gain":0,"max_hp_loss":0,"event_name":"betterThird:BetterScrap","floor":4,"gold_loss":0,"cards_obtained":["Impervious"]}],"is_beta":false,"boss_relics":[],"items_purged_floors":[2],"is_endless":false,"potions_floor_spawned":[1,8],"killed_by":"Gremlin Nob","ascension_level":1}}