{"host":"ymmeoa1x24ihslbm","time":1609620742,"event":{"mods":["AchievementEnabler","BaseMod","Colored Map","Colored Powertips","Defuse TimeMaze Blight","Highlight Path","Minty Spire (QoL Compilation)","Permanent Neow","Quick Restart","StSLib","Unceasing Turn Reminder"],"gold_per_floor":[14,34,34,34,49,80,80,93,144,154,154,166,201,213,225,338,350,374,397,508,435,427,472,495,507,519,531,555,567,595,620,632,739,751,774,308,328,338,15,15,46,46,72,86,111,128,128,145,145,145],"floor_reached":51,"playtime":2282,"items_purged":["Strike_P"],"score":1184,"play_id":"69b26bfb-2259-4acb-a73e-5ec12e57d363","local_time":"20210102215222","is_ascension_mode":true,"campfire_choices":[{"data":"Vigilance","floor":7.0,"key":"SMITH"},{"data":"Defend_P","floor":11.0,"key":"SMITH"},{"data":"FollowUp","floor":15.0,"key":"SMITH"},{"data":"Meditate","floor":25.0,"key":"SMITH"},{"data":"Devotion","floor":27.0,"key":"SMITH"},{"data":"Defend_P","floor":29.0,"key":"SMITH"},{"data":"Defend_P","floor":32,"key":"SMITH"},{"data":"Strike_P","floor":40,"key":"SMITH"},{"data":"Strike_P","floor":42,"key":"SMITH"},{"floor":49,"key":"RECALL"}],"circlet_count":0,"master_deck":["Strike_P+1","Strike_P+1","Defend_P+1","Defend_P+1","Defend_P+1","Eruption+1","Vigilance+1","SignatureMove+1","FollowUp+1","Consecrate+1","Meditate+1","FlurryOfBlows+1","Devotion+1","Pray+1","DeceiveReality+1","Judgement+1","ForeignInfluence+1","Thinking Ahead+1","Blind+1","Master of Strategy+1","Secret Technique+1"],"relics":["PureWater","Molten Egg 2","Vajra","MawBank","Coffee Dripper","Bag of Preparation","Bronze Scales","Toxic Egg 2","Happy Flower","Membership Card","Meat on the Bone","Lantern","PreservedInsect","Sundial"],"acts_visited":["Exordium","TheCity","TheBeyond"],"potions_floor_usage":[30,33,38,41,46,50,50],"damage_taken":[{"damage":2.0,"enemies":"Jaw Worm","floor":1.0,"turns":5.0},{"damage":0.0,"enemies":"2 Louse","floor":2.0,"turns":2.0},{"damage":0.0,"enemies":"Cultist","floor":5.0,"turns":2.0},{"damage":5.0,"enemies":"Gremlin Nob","floor":6.0,"turns":3.0},{"damage":0.0,"enemies":"Gremlin Gang","floor":8.0,"turns":1.0},{"damage":0.0,"enemies":"Red Slaver","floor":10.0,"turns":2.0},{"damage":0.0,"enemies":"Large Slime","floor":12.0,"turns":2.0},{"damage":2.0,"enemies":"3 Sentries","floor":13.0,"turns":3.0},{"damage":0.0,"enemies":"Slime Boss","floor":16.0,"turns":2.0},{"damage":0.0,"enemies":"2 Thieves","floor":18.0,"turns":1.0},{"damage":0.0,"enemies":"Shell Parasite","floor":19.0,"turns":2.0},{"damage":0.0,"enemies":"Gremlin Leader","floor":23.0,"turns":3.0},{"damage":0.0,"enemies":"Shelled Parasite and Fungi","floor":24.0,"turns":2.0},{"damage":0.0,"enemies":"Centurion and Healer","floor":28.0,"turns":1.0},{"damage":0,"enemies":"Sentry and Sphere","floor":30,"turns":3},{"damage":7,"enemies":"Chosen and Byrds","floor":31,"turns":3},{"damage":9,"enemies":"Automaton","floor":33,"turns":5},{"damage":6,"enemies":"3 Shapes","floor":35,"turns":7},{"damage":0,"enemies":"Orb Walker","floor":37,"turns":2},{"damage":5,"enemies":"Maw","floor":38,"turns":3},{"damage":0,"enemies":"Giant Head","floor":41,"turns":5},{"damage":0,"enemies":"4 Shapes","floor":44,"turns":2},{"damage":0,"enemies":"Nemesis","floor":45,"turns":1},{"damage":18,"enemies":"3 Darklings","floor":46,"turns":2},{"damage":0,"enemies":"Spire Growth","floor":48,"turns":2},{"damage":19,"enemies":"Awakened One","floor":50,"turns":11}],"seed_played":"6981729055719703536","potions_obtained":[{"floor":2.0,"key":"DistilledChaos"},{"floor":6.0,"key":"BottledMiracle"},{"floor":8.0,"key":"SkillPotion"},{"floor":16.0,"key":"DistilledChaos"},{"floor":22.0,"key":"SteroidPotion"},{"floor":24.0,"key":"BlessingOfTheForge"},{"floor":33,"key":"Ancient Potion"},{"floor":35,"key":"PowerPotion"},{"floor":44,"key":"Dexterity Potion"},{"floor":45,"key":"GamblersBrew"}],"is_trial":false,"path_per_floor":["M","M","?","?","M","E","R","M","T","M","R","M","E","$","R","B",null,"M","M","?","?","?","E","M","R","T","R","M","R","M","M","R","B",null,"M","$","M","M","$","R","E","R","T","M","E","M","?","M","R","B",null],"character_chosen":"WATCHER","items_purchased":["Happy Flower","ForeignInfluence+1","Thinking Ahead+1","Membership Card","Blind+1","Meat on the Bone"],"campfire_rested":0,"item_purchase_floors":[36,36,36,39,39,39],"current_hp_per_floor":[70,70,70,70,70,65,65,65,65,65,65,65,63,63,63,63,72,72,72,72,72,72,72,72,72,72,72,72,72,72,65,65,56,72,66,66,66,61,61,61,61,61,61,61,61,43,38,38,38,31],"gold":145,"neow_bonus":"REMOVE_TWO","is_daily":false,"chose_seed":false,"campfire_upgraded":9,"win_rate":0.0,"timestamp":1609620742,"path_taken":["M","M","?","?","?","E","R","M","T","?","R","M","E","?","R","BOSS","M","M","?","?","?","E","M","R","T","R","M","R","M","M","R","BOSS","M","$","?","M","?","R","E","R","T","M","E","?","?","M","R","BOSS"],"items_purchased_type":["Relic","Card","Card","Relic","Card","Relic"],"build_version":"2020-12-22","purchased_purges":1,"victory":true,"max_hp_per_floor":[72,72,72,72,72,72,72,72,72,72,72,72,72,72,72,72,72,72,72,72,72,72,72,72,72,72,72,72,72,72,72,72,72,72,72,72,72,72,72,72,72,72,72,72,72,72,72,72,72,72],"card_choices":[{"not_picked":["Consecrate","ClearTheMind"],"picked":"SignatureMove","floor":1.0},{"not_picked":["Adaptation","CutThroughFate"],"picked":"FollowUp","floor":2.0},{"not_picked":["FlyingSleeves","Weave","Crescendo"],"picked":"SKIP","floor":5.0},{"not_picked":["Evaluate","Prostrate"],"picked":"Consecrate+1","floor":6.0},{"not_picked":["CrushJoints+1","WreathOfFlame","EmptyFist+1"],"picked":"SKIP","floor":8.0},{"not_picked":["Consecrate+1","DeceiveReality"],"picked":"Meditate","floor":10.0},{"not_picked":["FollowUp+1","DeceiveReality","EmptyFist+1"],"picked":"SKIP","floor":12.0},{"not_picked":["ThirdEye","Alpha"],"picked":"FlurryOfBlows+1","floor":13.0},{"not_picked":["LessonLearned+1","Ragnarok+1"],"picked":"Devotion","floor":16.0},{"not_picked":["BowlingBash+1","Protect","LikeWater"],"picked":"SKIP","floor":18.0},{"not_picked":["EmptyBody","FollowUp+1"],"picked":"Pray+1","floor":19.0},{"not_picked":["Wish","Conclude+1","WindmillStrike+1"],"picked":"SKIP","floor":23.0},{"not_picked":["Consecrate+1","Prostrate","Adaptation"],"picked":"SKIP","floor":24.0},{"not_picked":["Halt+1","WindmillStrike+1"],"picked":"DeceiveReality+1","floor":28.0},{"not_picked":["Protect+1","Vengeance+1","PathToVictory+1"],"picked":"SKIP","floor":30},{"not_picked":["Protect+1","CarveReality+1","Conclude+1"],"picked":"SKIP","floor":31},{"not_picked":["DevaForm","Devotion"],"picked":"Judgement+1","floor":33},{"not_picked":["Pray+1","BowlingBash+1","EmptyBody+1"],"picked":"SKIP","floor":35},{"not_picked":["Adaptation","FollowUp+1","LikeWater"],"picked":"SKIP","floor":37},{"not_picked":["Crescendo+1","Adaptation","FearNoEvil+1"],"picked":"SKIP","floor":38},{"not_picked":["Consecrate+1","Adaptation+1","Wallop+1"],"picked":"SKIP","floor":41},{"not_picked":["WaveOfTheHand+1","Protect+1","Conclude+1"],"picked":"SKIP","floor":44},{"not_picked":["Wallop+1","BowlingBash+1","Judgement+1"],"picked":"SKIP","floor":45},{"not_picked":["Indignation+1","ForeignInfluence+1","EmptyBody+1"],"picked":"SKIP","floor":46},{"not_picked":["Jack Of All Trades+1","The Bomb+1"],"picked":"Master of Strategy+1","floor":47},{"not_picked":["Sadistic Nature","Violence+1"],"picked":"Secret Technique+1","floor":47},{"not_picked":["LikeWater+1","CrushJoints+1","WreathOfFlame+1"],"picked":"SKIP","floor":48}],"player_experience":689035,"relics_obtained":[{"floor":6.0,"key":"Molten Egg 2"},{"floor":9.0,"key":"Vajra"},{"floor":13.0,"key":"MawBank"},{"floor":23.0,"key":"Bronze Scales"},{"floor":26.0,"key":"Toxic Egg 2"},{"floor":41,"key":"Lantern"},{"floor":43,"key":"PreservedInsect"},{"floor":45,"key":"Sundial"}],"event_choices":[{"damage_healed":0.0,"max_hp_gain":0.0,"max_hp_loss":0.0,"gold_gain":0.0,"event_name":"Living Wall","player_choice":"Grow","floor":3.0,"gold_loss":0.0,"damage_taken":0.0,"cards_upgraded":["Eruption"]},{"damage_healed":0.0,"max_hp_gain":0.0,"max_hp_loss":0.0,"gold_gain":0.0,"event_name":"Accursed Blacksmith","player_choice":"Forge","floor":4.0,"gold_loss":0.0,"damage_taken":0.0,"cards_upgraded":["SignatureMove"]},{"damage_healed":0.0,"max_hp_gain":0.0,"max_hp_loss":0.0,"gold_gain":99.0,"event_name":"Nest","player_choice":"Stole From Cult","floor":20.0,"gold_loss":0.0,"damage_taken":0.0},{"damage_healed":0.0,"max_hp_gain":0.0,"max_hp_loss":0.0,"gold_gain":0.0,"event_name":"Addict","player_choice":"Obtained Relic","floor":21.0,"gold_loss":85.0,"damage_taken":0.0,"relics_obtained":["Bag of Preparation"]},{"damage_healed":0.0,"max_hp_gain":0.0,"max_hp_loss":0.0,"gold_gain":0.0,"event_name":"The Woman in Blue","player_choice":"Bought 1 Potion","floor":22.0,"gold_loss":0.0,"damage_taken":0.0},{"damage_healed":0,"gold_gain":0,"player_choice":"Memory 2","damage_taken":5,"max_hp_gain":0,"max_hp_loss":0,"event_name":"SensoryStone","floor":47,"gold_loss":0}],"is_beta":false,"boss_relics":[{"not_picked":["SacredBark","Runic Pyramid"],"picked":"Coffee Dripper"},{"not_picked":["Runic Dome","Velvet Choker","Pandora\u0027s Box"]}],"items_purged_floors":[36],"is_endless":false,"potions_floor_spawned":[2,6,8,16,18,24,33,35,44,45],"ascension_level":4}}