{"host":"3l94tha3a4jgu0q4","time":1609621729,"event":{"mods":["2.2 Compatiblity","AchievementEnabler","BaseMod","Colored Map","Colored Powertips","Highlight Path","Minty Spire (QoL Compilation)","Permanent Neow","StSLib","SuperFastMode"],"gold_per_floor":[117,136,61,61,75,104,120,155,155,105,105,105,105,5,5,104,104,120,120,45,45,45,45,78,78,378,404,424,457,469,488,488,591,591,602,602,615,335,335,335,361,141,167,194,194,205,215,235,235,235,235],"floor_reached":50,"playtime":2256,"items_purged":["Strike_P","Strike_P","Defend_P"],"score":946,"play_id":"67b74587-8032-44c3-8d0b-2422ab9e75e4","local_time":"20210102130849","is_ascension_mode":true,"campfire_choices":[{"floor":13.0,"key":"REST"},{"floor":15.0,"key":"REST"},{"data":"Evaluate","floor":23.0,"key":"SMITH"},{"data":"Vault","floor":32.0,"key":"SMITH"},{"data":"TalkToTheHand","floor":40.0,"key":"SMITH"},{"data":"Wallop","floor":45.0,"key":"SMITH"},{"data":"Pray","floor":49,"key":"SMITH"}],"circlet_count":0,"master_deck":["AscendersBane","Eruption+1","Vigilance","BattleHymn+1","Brilliance+1","Devotion+1","Evaluate+1","EmptyFist","Halt","EmptyMind","Vault+1","Protect+1","Prostrate","Wallop+1","Adaptation","TalkToTheHand+1","FollowUp","SpiritShield","Study+1","Pray+1","FlurryOfBlows","TalkToTheHand","FlurryOfBlows+1","Prostrate","LikeWater"],"relics":["Astrolabe","Bag of Preparation","PreservedInsect","Torii","Gremlin Horn","Runic Pyramid","Lantern","Bottled Flame","Old Coin","CloakClasp","Pocketwatch","VioletLotus","Damaru","Centennial Puzzle","Vajra","Orichalcum","Letter Opener"],"acts_visited":["Exordium","TheCity","TheBeyond"],"potions_floor_usage":[46],"damage_taken":[{"damage":0.0,"enemies":"2 Louse","floor":1.0,"turns":3.0},{"damage":9.0,"enemies":"Small Slimes","floor":2.0,"turns":5.0},{"damage":1.0,"enemies":"Jaw Worm","floor":5.0,"turns":3.0},{"damage":35.0,"enemies":"3 Sentries","floor":6.0,"turns":5.0},{"damage":2.0,"enemies":"Looter","floor":7.0,"turns":4.0},{"damage":2.0,"enemies":"Gremlin Nob","floor":8.0,"turns":3.0},{"damage":1.0,"enemies":"Hexaghost","floor":16.0,"turns":7.0},{"damage":7.0,"enemies":"Chosen","floor":18.0,"turns":4.0},{"damage":1.0,"enemies":"Book of Stabbing","floor":24.0,"turns":5.0},{"damage":1.0,"enemies":"Gremlin Leader","floor":27.0,"turns":4.0},{"damage":15.0,"enemies":"3 Byrds","floor":28.0,"turns":5.0},{"damage":13.0,"enemies":"Slavers","floor":29.0,"turns":4.0},{"damage":0.0,"enemies":"3 Cultists","floor":30.0,"turns":4.0},{"damage":7.0,"enemies":"Shelled Parasite and Fungi","floor":31.0,"turns":4.0},{"damage":16.0,"enemies":"Champ","floor":33.0,"turns":8.0},{"damage":0.0,"enemies":"3 Shapes","floor":35.0,"turns":3.0},{"damage":1.0,"enemies":"Orb Walker","floor":37.0,"turns":6.0},{"damage":12.0,"enemies":"Nemesis","floor":41.0,"turns":6.0},{"damage":1.0,"enemies":"Reptomancer","floor":44.0,"turns":5.0},{"damage":0,"enemies":"Writhing Mass","floor":46,"turns":5},{"damage":0,"enemies":"Transient","floor":47,"turns":6},{"damage":0,"enemies":"Spire Growth","floor":48,"turns":3},{"damage":55,"enemies":"Awakened One","floor":50,"turns":3}],"seed_played":"-3787753155673387113","potions_obtained":[{"floor":6.0,"key":"StancePotion"},{"floor":7.0,"key":"Block Potion"},{"floor":8.0,"key":"BottledMiracle"},{"floor":24.0,"key":"Strength Potion"},{"floor":33.0,"key":"Weak Potion"},{"floor":35.0,"key":"Swift Potion"},{"floor":46,"key":"ColorlessPotion"},{"floor":48,"key":"Block Potion"}],"is_trial":false,"path_per_floor":["M","M","$","?","M","E","M","E","T","?","?","?","R","$","R","B",null,"M","?","?","$","?","R","E","?","T","E","M","E","M","M","R","B",null,"M","?","M","$","?","R","E","$","T","E","R","M","M","M","R","B"],"character_chosen":"WATCHER","items_purchased":["Damaru","Vajra","TalkToTheHand"],"campfire_rested":2,"item_purchase_floors":[38,42,42],"current_hp_per_floor":[65,56,56,44,43,8,6,4,4,4,4,4,25,25,46,45,65,58,58,58,58,58,58,57,72,72,71,56,43,43,36,36,20,59,59,59,58,58,58,58,46,46,46,45,45,45,45,45,45,0,0],"gold":235,"neow_bonus":"BOSS_RELIC","is_daily":false,"chose_seed":false,"campfire_upgraded":5,"win_rate":0.0,"timestamp":1609621729,"path_taken":["M","M","$","?","M","E","M","E","T","?","?","?","R","$","R","BOSS","M","?","?","$","?","R","E","?","T","E","M","E","M","M","R","BOSS","M","?","M","$","?","R","E","$","T","E","R","M","M","?","R","BOSS"],"items_purchased_type":["Relic","Relic","Card"],"build_version":"2020-12-22","purchased_purges":3,"victory":false,"max_hp_per_floor":[72,72,72,72,72,72,72,72,72,72,72,72,72,72,72,72,72,72,72,72,72,72,72,72,72,72,72,72,72,72,72,72,72,72,72,72,72,72,72,72,72,72,72,72,72,72,72,72,72,72,72],"card_choices":[{"not_picked":["Prostrate","Swivel"],"picked":"Evaluate","floor":1.0},{"not_picked":["Evaluate","ThirdEye"],"picked":"EmptyFist","floor":2.0},{"not_picked":["Fasting2","Protect"],"picked":"Halt","floor":5.0},{"not_picked":["CutThroughFate","Weave","SashWhip"],"picked":"SKIP","floor":6.0},{"not_picked":["Swivel","Sanctity"],"picked":"EmptyMind","floor":7.0},{"not_picked":["Weave","Fasting2","SandsOfTime"],"picked":"SKIP","floor":8.0},{"not_picked":["LessonLearned","Scrawl"],"picked":"Vault","floor":16.0},{"not_picked":["Halt","FlyingSleeves"],"picked":"Protect+1","floor":18.0},{"not_picked":["Scrawl","LikeWater"],"picked":"Prostrate","floor":24.0},{"not_picked":["CutThroughFate","Alpha"],"picked":"Consecrate","floor":27.0},{"not_picked":["EmptyMind+1","ThirdEye"],"picked":"Wallop","floor":28.0},{"not_picked":["Wallop+1","LikeWater"],"picked":"Adaptation","floor":29.0},{"not_picked":["ThirdEye","Tantrum+1"],"picked":"TalkToTheHand","floor":30.0},{"not_picked":["CutThroughFate","PathToVictory"],"picked":"FollowUp","floor":31.0},{"not_picked":["Blasphemy","LessonLearned"],"picked":"SpiritShield","floor":33.0},{"not_picked":["SashWhip","JustLucky+1"],"picked":"Study+1","floor":35.0},{"not_picked":["Worship","CutThroughFate"],"picked":"Pray","floor":37.0},{"not_picked":["Evaluate","Collect"],"picked":"FlurryOfBlows","floor":41.0},{"not_picked":["CutThroughFate","FlyingSleeves+1","Study"],"picked":"SKIP","floor":44.0},{"not_picked":["FlyingSleeves","Crescendo"],"picked":"FlurryOfBlows+1","floor":46},{"not_picked":["CrushJoints","Fasting2"],"picked":"Prostrate","floor":47},{"not_picked":["EmptyFist","PathToVictory"],"picked":"LikeWater","floor":48}],"player_experience":1877757,"relics_obtained":[{"floor":6.0,"key":"PreservedInsect"},{"floor":8.0,"key":"Torii"},{"floor":9.0,"key":"Gremlin Horn"},{"floor":24.0,"key":"Bottled Flame"},{"floor":26.0,"key":"Old Coin"},{"floor":27.0,"key":"CloakClasp"},{"floor":29.0,"key":"Pocketwatch"},{"floor":41.0,"key":"Centennial Puzzle"},{"floor":43.0,"key":"Orichalcum"},{"floor":44.0,"key":"Letter Opener"}],"event_choices":[{"damage_healed":0.0,"max_hp_gain":0.0,"max_hp_loss":0.0,"gold_gain":0.0,"event_name":"Scrap Ooze","player_choice":"Success","floor":4.0,"gold_loss":0.0,"damage_taken":12.0,"relics_obtained":["Bag of Preparation"]},{"cards_removed":["Defend_P"],"damage_healed":0.0,"max_hp_gain":0.0,"max_hp_loss":0.0,"gold_gain":0.0,"event_name":"The Cleric","player_choice":"Card Removal","floor":10.0,"gold_loss":50.0,"damage_taken":0.0},{"damage_healed":0.0,"max_hp_gain":0.0,"max_hp_loss":0.0,"gold_gain":0.0,"event_name":"Living Wall","player_choice":"Grow","floor":11.0,"gold_loss":0.0,"damage_taken":0.0,"cards_upgraded":["Eruption"]},{"damage_healed":0.0,"max_hp_gain":0.0,"max_hp_loss":0.0,"gold_gain":0.0,"event_name":"Dead Adventurer","player_choice":"Searched \u00270\u0027 times","floor":12.0,"gold_loss":0.0,"damage_taken":0.0},{"damage_healed":0.0,"max_hp_gain":0.0,"max_hp_loss":0.0,"gold_gain":0.0,"event_name":"The Mausoleum","player_choice":"Opened","floor":19.0,"gold_loss":0.0,"damage_taken":0.0,"relics_obtained":["Lantern"]},{"cards_removed":["Defend_P"],"damage_healed":0.0,"max_hp_gain":0.0,"max_hp_loss":0.0,"gold_gain":0.0,"event_name":"Beggar","player_choice":"Gave Gold","floor":20.0,"gold_loss":75.0,"damage_taken":0.0},{"damage_healed":0.0,"max_hp_gain":0.0,"max_hp_loss":0.0,"gold_gain":0.0,"event_name":"Ghosts","player_choice":"Ignored","floor":22.0,"gold_loss":0.0,"damage_taken":0.0},{"damage_healed":24.0,"max_hp_gain":0.0,"max_hp_loss":0.0,"gold_gain":0.0,"event_name":"The Library","player_choice":"Heal","floor":25.0,"gold_loss":0.0,"damage_taken":0.0},{"cards_removed":["Consecrate"],"damage_healed":0.0,"max_hp_gain":0.0,"max_hp_loss":0.0,"gold_gain":0.0,"event_name":"Falling","player_choice":"Removed Attack","floor":36.0,"gold_loss":0.0,"damage_taken":0.0},{"damage_healed":0.0,"max_hp_gain":0.0,"max_hp_loss":0.0,"gold_gain":0.0,"event_name":"Tomb of Lord Red Mask","player_choice":"Ignored","floor":39.0,"gold_loss":0.0,"damage_taken":0.0}],"is_beta":false,"boss_relics":[{"not_picked":["Empty Cage","Philosopher\u0027s Stone"],"picked":"Runic Pyramid"},{"not_picked":["SlaversCollar","Black Star"],"picked":"VioletLotus"}],"items_purged_floors":[3,14,38],"is_endless":false,"potions_floor_spawned":[6,7,8,18,24,27,33,35,46,48],"killed_by":"Awakened One","ascension_level":12}}