{"host":"dl7h25vjpuplx29g","time":1609588726,"event":{"mods":["BaseMod","Colored Map","Minty Spire (QoL Compilation)"],"gold_per_floor":[210,210,35,55,20,50,50,81,129,129,141,141,171,191,191,266,266,282,295,305,305,60,60,60,90,90,90,90,90,124,58,58,133,133,151,165,165,176,191,226,226,206,206,240,240,255,305,315,315,315,315],"floor_reached":50,"playtime":5844,"items_purged":["Defend_P","Vengeance"],"score":973,"play_id":"4c4ecdea-680e-48e9-9330-3ebf07a6d339","local_time":"20210102205846","is_ascension_mode":true,"campfire_choices":[{"floor":10.0,"key":"REST"},{"data":"Adaptation","floor":12.0,"key":"SMITH"},{"floor":15.0,"key":"REST"},{"floor":23.0,"key":"REST"},{"data":"Worship","floor":27.0,"key":"SMITH"},{"data":"TalkToTheHand","floor":32.0,"key":"SMITH"},{"floor":41.0,"key":"REST"},{"floor":45.0,"key":"REST"},{"floor":49,"key":"RECALL"}],"circlet_count":0,"master_deck":["AscendersBane","Eruption+1","Vigilance","FlurryOfBlows","BowlingBash","Halt","BattleHymn","Tantrum+1","Sanctity","Adaptation+1","EmptyBody","LessonLearned","Adaptation","Worship+1","Devotion+1","ClearTheMind+1","TalkToTheHand+1","Meditate+1","WheelKick","Wallop+1","Devotion+1","Sanctity","Weave","InnerPeace+1","EmptyBody","Omniscience","Swivel+1","Protect","DeusExMachina","SignatureMove","TalkToTheHand"],"relics":["PureWater","Juzu Bracelet","Happy Flower","Strawberry","Whetstone","Gremlin Horn","Pandora\u0027s Box","Omamori","Yang","Dream Catcher","Bronze Scales","Cursed Key","PreservedInsect","MealTicket","Toy Ornithopter"],"acts_visited":["Exordium","TheCity","TheBeyond"],"potions_floor_usage":[50],"damage_taken":[{"damage":2.0,"enemies":"Cultist","floor":1.0,"turns":4.0},{"damage":4.0,"enemies":"2 Louse","floor":4.0,"turns":2.0},{"damage":12.0,"enemies":"3 Sentries","floor":6.0,"turns":4.0},{"damage":43.0,"enemies":"Lagavulin","floor":8.0,"turns":4.0},{"damage":8.0,"enemies":"Jaw Worm","floor":11.0,"turns":3.0},{"damage":2.0,"enemies":"3 Sentries","floor":13.0,"turns":4.0},{"damage":7.0,"enemies":"Looter","floor":14.0,"turns":3.0},{"damage":6.0,"enemies":"The Guardian","floor":16.0,"turns":7.0},{"damage":4.0,"enemies":"Spheric Guardian","floor":18.0,"turns":3.0},{"damage":4.0,"enemies":"Chosen","floor":19.0,"turns":3.0},{"damage":8.0,"enemies":"Snake Plant","floor":20.0,"turns":3.0},{"damage":7.0,"enemies":"Gremlin Leader","floor":25.0,"turns":5.0},{"damage":1.0,"enemies":"Book of Stabbing","floor":30.0,"turns":5.0},{"damage":28.0,"enemies":"Champ","floor":33.0,"turns":7.0},{"damage":6.0,"enemies":"3 Shapes","floor":35.0,"turns":3.0},{"damage":0.0,"enemies":"Orb Walker","floor":36.0,"turns":3.0},{"damage":23.0,"enemies":"Writhing Mass","floor":38.0,"turns":5.0},{"damage":0.0,"enemies":"3 Darklings","floor":39.0,"turns":4.0},{"damage":29.0,"enemies":"Reptomancer","floor":40.0,"turns":5.0},{"damage":26.0,"enemies":"Nemesis","floor":44.0,"turns":5.0},{"damage":17.0,"enemies":"Transient","floor":46.0,"turns":5.0},{"damage":0.0,"enemies":"Spire Growth","floor":48.0,"turns":4.0},{"damage":42,"enemies":"Donu and Deca","floor":50,"turns":4}],"seed_played":"6806960481076776942","potions_obtained":[{"floor":4.0,"key":"SpeedPotion"},{"floor":8.0,"key":"EssenceOfSteel"},{"floor":11.0,"key":"DistilledChaos"},{"floor":18.0,"key":"Dexterity Potion"},{"floor":19.0,"key":"Regen Potion"},{"floor":30.0,"key":"FearPotion"},{"floor":42.0,"key":"Regen Potion"},{"floor":44.0,"key":"Fire Potion"},{"floor":46.0,"key":"Strength Potion"}],"is_trial":false,"path_per_floor":["M","?","$","M","?","E","$","E","T","R","M","R","E","M","R","B",null,"M","M","M","?","$","R","?","E","T","R","$","?","E","?","R","B",null,"M","M","T","M","M","E","R","?","T","E","R","M","?","M","R","B"],"character_chosen":"WATCHER","items_purchased":["BowlingBash","Halt","Devotion"],"campfire_rested":5,"item_purchase_floors":[3,3,22],"current_hp_per_floor":[59,48,48,44,61,49,49,13,13,35,27,27,25,18,40,34,65,61,57,49,28,28,52,52,59,59,59,59,59,58,58,58,30,68,62,62,62,39,39,10,34,34,34,22,46,34,34,34,34,0,0],"gold":315,"neow_bonus":"HUNDRED_GOLD","is_daily":false,"chose_seed":false,"campfire_upgraded":3,"win_rate":0.0,"timestamp":1609588726,"path_taken":["M","?","$","M","?","E","?","E","T","R","M","R","E","M","R","BOSS","M","M","M","?","$","R","?","E","T","R","?","?","E","?","R","BOSS","M","M","?","M","M","E","R","?","T","E","R","M","?","M","R","BOSS"],"items_purchased_type":["Card","Card","Card"],"build_version":"2020-12-22","purchased_purges":2,"victory":false,"max_hp_per_floor":[68,68,68,68,68,68,68,75,75,75,75,75,75,75,75,75,75,75,75,75,80,80,80,80,80,80,80,80,80,80,80,80,80,80,80,80,80,80,80,80,80,80,80,80,80,80,80,80,80,80,80],"card_choices":[{"not_picked":["Evaluate","ThirdEye"],"picked":"FlurryOfBlows","floor":1.0},{"not_picked":["Wireheading","BowlingBash"],"picked":"BattleHymn","floor":4.0},{"not_picked":["Fasting2","Weave"],"picked":"Tantrum","floor":6.0},{"not_picked":["Halt","Pray"],"picked":"Sanctity","floor":8.0},{"not_picked":["BowlingBash","FlyingSleeves"],"picked":"Adaptation","floor":11.0},{"not_picked":["CrushJoints","JustLucky"],"picked":"Consecrate","floor":13.0},{"not_picked":["FlurryOfBlows","Consecrate"],"picked":"EmptyBody","floor":14.0},{"not_picked":["DeusExMachina","Omniscience"],"picked":"LessonLearned","floor":16.0},{"not_picked":["CrushJoints","BowlingBash"],"picked":"Meditate+1","floor":18.0},{"not_picked":["ClearTheMind","Crescendo+1"],"picked":"WheelKick","floor":19.0},{"not_picked":["PathToVictory","CutThroughFate"],"picked":"Wallop+1","floor":20.0},{"not_picked":["Worship+1","CarveReality"],"picked":"Sanctity","floor":25.0},{"not_picked":["CutThroughFate","Adaptation"],"picked":"EmptyBody","floor":30.0},{"not_picked":["Vault","ConjureBlade"],"picked":"Omniscience","floor":33.0},{"not_picked":["ForeignInfluence+1","Nirvana","BowlingBash+1"],"picked":"SKIP","floor":35.0},{"not_picked":["Pray","SashWhip","Consecrate"],"picked":"SKIP","floor":36.0},{"not_picked":["Consecrate+1","BowlingBash+1"],"picked":"Swivel+1","floor":38.0},{"not_picked":["Pray+1","FlyingSleeves"],"picked":"Protect","floor":39.0},{"not_picked":["Tantrum+1","SashWhip","BowlingBash"],"picked":"SKIP","floor":40.0},{"not_picked":["BowlingBash","Evaluate"],"picked":"DeusExMachina","floor":41.0},{"not_picked":["Evaluate","Tantrum+1"],"picked":"SignatureMove","floor":44.0},{"not_picked":["EmptyBody+1","Consecrate+1"],"picked":"TalkToTheHand","floor":46.0},{"not_picked":["ReachHeaven+1","CrushJoints+1","EmptyBody"],"picked":"SKIP","floor":48}],"player_experience":1465691,"relics_obtained":[{"floor":6.0,"key":"Happy Flower"},{"floor":8.0,"key":"Strawberry"},{"floor":9.0,"key":"Whetstone"},{"floor":13.0,"key":"Gremlin Horn"},{"floor":25.0,"key":"Omamori"},{"floor":26.0,"key":"Yang"},{"floor":30.0,"key":"Dream Catcher"},{"floor":40.0,"key":"PreservedInsect"},{"floor":43.0,"key":"MealTicket"},{"floor":44.0,"key":"Toy Ornithopter"}],"event_choices":[{"damage_healed":0.0,"max_hp_gain":0.0,"max_hp_loss":0.0,"gold_gain":0.0,"event_name":"Scrap Ooze","player_choice":"Success","floor":2.0,"gold_loss":0.0,"damage_taken":11.0,"relics_obtained":["Juzu Bracelet"]},{"damage_healed":17.0,"max_hp_gain":0.0,"max_hp_loss":0.0,"gold_gain":0.0,"event_name":"The Cleric","player_choice":"Healed","floor":5.0,"gold_loss":35.0,"damage_taken":0.0},{"damage_healed":0.0,"max_hp_gain":5.0,"max_hp_loss":0.0,"gold_gain":0.0,"event_name":"Forgotten Altar","player_choice":"Shed Blood","floor":21.0,"gold_loss":0.0,"damage_taken":26.0},{"damage_healed":0.0,"max_hp_gain":0.0,"max_hp_loss":0.0,"gold_gain":0.0,"event_name":"Ghosts","player_choice":"Ignored","floor":24.0,"gold_loss":0.0,"damage_taken":0.0},{"damage_healed":0.0,"max_hp_gain":0.0,"max_hp_loss":0.0,"gold_gain":0.0,"cards_transformed":["Consecrate","Vengeance"],"event_name":"Drug Dealer","player_choice":"Became Test Subject","floor":29.0,"gold_loss":0.0,"damage_taken":0.0,"cards_obtained":["Weave","InnerPeace"]},{"damage_healed":0.0,"max_hp_gain":0.0,"max_hp_loss":0.0,"gold_gain":0.0,"event_name":"WeMeetAgain","player_choice":"Paid Gold","floor":31.0,"gold_loss":66.0,"damage_taken":0.0,"relics_obtained":["Bronze Scales"]},{"damage_healed":0.0,"max_hp_gain":0.0,"max_hp_loss":0.0,"gold_gain":0.0,"event_name":"The Woman in Blue","player_choice":"Bought 1 Potion","floor":42.0,"gold_loss":0.0,"damage_taken":0.0},{"damage_healed":0.0,"max_hp_gain":0.0,"max_hp_loss":0.0,"gold_gain":50.0,"event_name":"Golden Shrine","player_choice":"Pray","floor":47.0,"gold_loss":0.0,"damage_taken":0.0}],"is_beta":false,"boss_relics":[{"not_picked":["Ectoplasm","Busted Crown"],"picked":"Pandora\u0027s Box"},{"not_picked":["Snecko Eye","Fusion Hammer"],"picked":"Cursed Key"}],"items_purged_floors":[3,22],"is_endless":false,"potions_floor_spawned":[4,8,11,18,19,30,38,44,46],"killed_by":"Donu and Deca","ascension_level":15}}