{"host":"7o30bgpqouqblh42","time":1609547675,"event":{"mods":["AchievementEnabler","Aspiration","BaseMod","Colored Map","Downfall","Highlight Path","Minty Spire (QoL Compilation)","StSLib","SuperFastMode"],"gold_per_floor":[99,111,211,222,57,57,57,68,68,99,99,109,34,19,34,34,34,34],"floor_reached":16,"playtime":883,"items_purged":[],"score":115,"play_id":"8c8570e6-e14a-41f8-89c5-2e7c1d429eaa","local_time":"20210101193435","is_ascension_mode":true,"campfire_choices":[{"floor":1,"key":"RECALL"},{"data":"Guardian:BaubleBeam","floor":9,"key":"SMITH"}],"circlet_count":0,"master_deck":["Guardian:Strike_Guardian","Guardian:Strike_Guardian","Guardian:Strike_Guardian","Guardian:Defend_Guardian","Guardian:Defend_Guardian","Guardian:Defend_Guardian","Guardian:CurlUp","Guardian:TwinSlam","Guardian:ShieldSpikes","Guardian:DonusPower","Guardian:GuardianWhirl","Guardian:Orbwalk","Guardian:BaubleBeam+1","Guardian:Preprogram","Injury","Guardian:ExploitGems","Guardian:Gem_Crimson"],"relics":["Guardian:ModeShifter","Vajra","Ginger","Art of War","Molten Egg 2","downfall:HeartBlessingRed"],"acts_visited":["Exordium"],"potions_floor_usage":[],"damage_taken":[{"damage":2,"enemies":"Small Slimes","floor":2,"turns":4},{"damage":1,"enemies":"Jaw Worm","floor":4,"turns":6},{"damage":5,"enemies":"downfall:FleeingMerchant","floor":5,"turns":4},{"damage":1,"enemies":"Cultist","floor":8,"turns":4},{"damage":15,"enemies":"Lagavulin","floor":10,"turns":7},{"damage":0,"enemies":"Blue Slaver","floor":12,"turns":2},{"damage":10,"enemies":"downfall:FleeingMerchant","floor":14,"turns":4},{"damage":10,"enemies":"Exordium Thugs","floor":15,"turns":3},{"damage":17,"enemies":"downfall:Ironclad","floor":16,"turns":2}],"seed_played":"-8854659483391796038","potions_obtained":[{"floor":12,"key":"SpeedPotion"},{"floor":15,"key":"Fire Potion"}],"is_trial":false,"path_per_floor":["R","M","?","M","$","?","T","M","R","E","?","M","R","$","M","B"],"character_chosen":"GUARDIAN","items_purchased":["Vajra"],"campfire_rested":0,"item_purchase_floors":[5],"current_hp_per_floor":[56,54,54,53,48,48,48,47,47,32,32,32,32,22,12,0,0,0],"gold":34,"neow_bonus":"REMOVE_TWO","is_daily":false,"chose_seed":false,"campfire_upgraded":1,"win_rate":0.0,"timestamp":1609547675,"path_taken":["R","M","?","M","$","?","T","?","R","E","?","M","R","?","M","BOSS"],"items_purchased_type":["Relic"],"build_version":"2020-12-22","purchased_purges":0,"victory":false,"max_hp_per_floor":[80,80,80,80,80,80,80,80,80,80,80,80,80,80,80,80,80,80],"card_choices":[{"not_picked":["Guardian:Gem_Green","Guardian:Suspension"],"picked":"Guardian:ShieldSpikes","floor":2},{"not_picked":["Guardian:Gem_Green","Guardian:PiercingHide"],"picked":"Guardian:DonusPower","floor":4},{"not_picked":["Guardian:SentryBeam","Guardian:Emergency"],"picked":"Guardian:GuardianWhirl","floor":5},{"not_picked":["Guardian:Reroute","Guardian:Gem_Purple"],"picked":"Guardian:Gem_Fragmented","floor":8},{"not_picked":["Guardian:Gem_Lightblue","Guardian:Gem_Cyan"],"picked":"Guardian:Preprogram","floor":10},{"not_picked":["Guardian:Emergency","Guardian:WalkerClaw+1"],"picked":"Guardian:ExploitGems","floor":12},{"not_picked":["Guardian:GuardianWhirl+1","Guardian:PrismaticBeam+1","Guardian:Gem_Lightblue"],"picked":"SKIP","floor":14},{"not_picked":["Guardian:ChargeUp","Guardian:Repulse"],"picked":"Guardian:Gem_Crimson","floor":15}],"player_experience":217625,"relics_obtained":[{"floor":7,"key":"Ginger"},{"floor":10,"key":"Art of War"}],"event_choices":[],"is_beta":false,"boss_relics":[],"items_purged_floors":[],"is_endless":false,"potions_floor_spawned":[12,15],"killed_by":"downfall:Ironclad","ascension_level":3}}