{"host":"qxkw9ao6n5n9izmz","time":1609595203,"event":{"mods":["BaseMod","Bestiary","Minty Spire (QoL Compilation)","StSLib"],"gold_per_floor":[119,119,32,32,57,97,111,136,136,161,174,215,215,215,215,346,346,359,359,349,31,67,106,106,141,168,181,181,202,216,247,247,247,247],"floor_reached":33,"playtime":1662,"items_purged":[],"score":466,"play_id":"ab7e0197-35a6-4717-91f4-6adceb8f4cb3","local_time":"20210102054643","is_ascension_mode":true,"campfire_choices":[{"data":"Static Discharge","floor":15,"key":"SMITH"},{"data":"Self Repair","floor":24,"key":"SMITH"},{"floor":32,"key":"RECALL"}],"circlet_count":0,"master_deck":["Strike_B","Strike_B","Strike_B","Defend_B","Defend_B","Defend_B","Zap","Dualcast","Beam Cell","Go for the Eyes","BootSequence","Static Discharge+1","Ball Lightning","Auto Shields","Self Repair+1","Coolheaded","Sweeping Beam","Rebound","Sweeping Beam","Machine Learning","CurseOfTheBell","Reinforced Body","Glacier+1","Lockon+1","Chaos","FTL","Sweeping Beam+1","Defragment+1","Glacier+1","Coolheaded","Ghostly","Ghostly","Ghostly","Ghostly","Ghostly","Coolheaded","Lockon","Coolheaded","Glacier","Aggregate+1"],"relics":["Coffee Dripper","Golden Idol","Gambling Chip","Odd Mushroom","CaptainsWheel","Blue Candle","Calling Bell","Orichalcum","Letter Opener","Prayer Wheel","Meat on the Bone","Red Mask","Thread and Needle","Sundial","Centennial Puzzle","Toxic Egg 2"],"acts_visited":["Exordium","TheCity"],"potions_floor_usage":[10,12,33,33,33],"damage_taken":[{"damage":1,"enemies":"2 Louse","floor":1,"turns":2},{"damage":0,"enemies":"Jaw Worm","floor":5,"turns":3},{"damage":45,"enemies":"Gremlin Nob","floor":6,"turns":6},{"damage":6,"enemies":"Cultist","floor":7,"turns":3},{"damage":13,"enemies":"The Mushroom Lair","floor":8,"turns":4},{"damage":0,"enemies":"3 Louse","floor":10,"turns":2},{"damage":0,"enemies":"Exordium Thugs","floor":11,"turns":4},{"damage":6,"enemies":"3 Sentries","floor":12,"turns":5},{"damage":25,"enemies":"Hexaghost","floor":16,"turns":5},{"damage":8,"enemies":"Shell Parasite","floor":18,"turns":4},{"damage":2,"enemies":"2 Thieves","floor":20,"turns":4},{"damage":11,"enemies":"Masked Bandits","floor":22,"turns":4},{"damage":23,"enemies":"Slavers","floor":23,"turns":4},{"damage":0,"enemies":"Gremlin Leader","floor":25,"turns":7},{"damage":0,"enemies":"Centurion and Healer","floor":27,"turns":6},{"damage":2,"enemies":"Snake Plant","floor":29,"turns":6},{"damage":10,"enemies":"Cultist and Chosen","floor":30,"turns":5},{"damage":5,"enemies":"Slavers","floor":31,"turns":6},{"damage":36,"enemies":"Automaton","floor":33,"turns":12}],"seed_played":"8469775973235839974","potions_obtained":[{"floor":7,"key":"Explosive Potion"},{"floor":8,"key":"Dexterity Potion"},{"floor":16,"key":"GamblersBrew"},{"floor":22,"key":"BlessingOfTheForge"},{"floor":23,"key":"Energy Potion"}],"is_trial":false,"path_per_floor":["M","?","$","?","M","E","M","?","T","M","M","E","?","?","R","B",null,"M","?","M","$","?","E","R","E","T","M","?","M","M","E","R","B"],"character_chosen":"DEFECT","items_purchased":["Go for the Eyes","BootSequence","Meat on the Bone","FTL"],"campfire_rested":0,"item_purchase_floors":[3,3,21,21],"current_hp_per_floor":[74,67,67,67,67,22,16,3,3,10,17,18,41,41,41,23,69,68,68,69,69,58,42,42,52,52,62,34,34,34,34,34,0,0],"gold":247,"neow_bonus":"BOSS_RELIC","is_daily":false,"chose_seed":false,"campfire_upgraded":2,"win_rate":0.0,"timestamp":1609595203,"path_taken":["M","?","$","?","M","E","M","?","T","?","?","E","?","?","R","BOSS","M","?","M","$","?","E","R","E","T","M","?","M","?","E","R","BOSS"],"items_purchased_type":["Card","Card","Relic","Card"],"build_version":"2020-12-22","purchased_purges":0,"victory":false,"max_hp_per_floor":[75,75,75,69,69,69,69,69,69,69,69,69,69,69,69,69,69,69,69,69,69,69,69,69,69,69,69,34,34,34,34,34,34,34],"card_choices":[{"not_picked":["Stack","Rebound"],"picked":"Beam Cell","floor":1},{"not_picked":["Leap","Steam"],"picked":"Static Discharge","floor":5},{"not_picked":["Consume","Gash"],"picked":"Ball Lightning","floor":6},{"not_picked":["Chill","Aggregate"],"picked":"Auto Shields","floor":7},{"not_picked":["Defragment","Barrage"],"picked":"Self Repair","floor":8},{"not_picked":["Stack","Beam Cell"],"picked":"Coolheaded","floor":10},{"not_picked":["Barrage","Redo"],"picked":"Sweeping Beam","floor":11},{"not_picked":["Turbo","Tempest"],"picked":"Rebound","floor":12},{"not_picked":["Thunder Strike","Reboot"],"picked":"Machine Learning","floor":16},{"not_picked":["Rip and Tear+1","Compile Driver"],"picked":"Reinforced Body","floor":18},{"not_picked":["Rebound","Go for the Eyes"],"picked":"Glacier+1","floor":18},{"not_picked":["Aggregate","Barrage"],"picked":"Lockon+1","floor":20},{"not_picked":["BootSequence","Turbo"],"picked":"Chaos","floor":20},{"not_picked":["Compile Driver","Beam Cell"],"picked":"Sweeping Beam+1","floor":22},{"not_picked":["Turbo","White Noise"],"picked":"Defragment+1","floor":23},{"not_picked":["Machine Learning","Barrage"],"picked":"Glacier+1","floor":25},{"not_picked":["Gash","Redo"],"picked":"Coolheaded","floor":27},{"not_picked":["Gash","Double Energy+1","Leap"],"picked":"SKIP","floor":27},{"not_picked":["Turbo","Stack"],"picked":"Coolheaded","floor":29},{"not_picked":["Chaos","Melter"],"picked":"Lockon","floor":29},{"not_picked":["Scrape+1","Streamline"],"picked":"Coolheaded","floor":30},{"not_picked":["Redo","Aggregate"],"picked":"Glacier","floor":30},{"not_picked":["Go for the Eyes+1","Melter"],"picked":"Aggregate+1","floor":31}],"player_experience":225156,"relics_obtained":[{"floor":6,"key":"Gambling Chip"},{"floor":8,"key":"Odd Mushroom"},{"floor":9,"key":"CaptainsWheel"},{"floor":12,"key":"Blue Candle"},{"floor":17,"key":"Orichalcum"},{"floor":17,"key":"Letter Opener"},{"floor":17,"key":"Prayer Wheel"},{"floor":22,"key":"Red Mask"},{"floor":23,"key":"Thread and Needle"},{"floor":25,"key":"Sundial"},{"floor":26,"key":"Centennial Puzzle"},{"floor":31,"key":"Toxic Egg 2"}],"event_choices":[{"cards_removed":["Defend_B"],"damage_healed":0,"gold_gain":0,"player_choice":"Card Removal","damage_taken":7,"max_hp_gain":0,"max_hp_loss":0,"event_name":"Golden Wing","floor":2,"gold_loss":0},{"damage_healed":0,"gold_gain":0,"player_choice":"Lose Max HP","damage_taken":0,"relics_obtained":["Golden Idol"],"max_hp_gain":0,"max_hp_loss":6,"event_name":"Golden Idol","floor":4,"gold_loss":0},{"damage_healed":0,"gold_gain":0,"player_choice":"Fought Mushrooms","damage_taken":0,"max_hp_gain":0,"max_hp_loss":0,"event_name":"Mushrooms","floor":8,"gold_loss":0},{"damage_healed":23,"gold_gain":0,"player_choice":"Banana","damage_taken":0,"max_hp_gain":0,"max_hp_loss":0,"event_name":"Big Fish","floor":13,"gold_loss":0},{"damage_healed":0,"gold_gain":0,"cards_transformed":["Strike_B"],"player_choice":"Transformed","damage_taken":0,"max_hp_gain":0,"max_hp_loss":0,"event_name":"Transmorgrifier","floor":14,"gold_loss":0,"cards_obtained":["Sweeping Beam"]},{"damage_healed":0,"gold_gain":0,"player_choice":"Ignored","damage_taken":0,"max_hp_gain":0,"max_hp_loss":0,"event_name":"Beggar","floor":19,"gold_loss":0},{"damage_healed":0,"gold_gain":0,"player_choice":"Fought Bandits","damage_taken":0,"max_hp_gain":0,"max_hp_loss":0,"event_name":"Masked Bandits","floor":22,"gold_loss":0},{"damage_healed":0,"gold_gain":0,"player_choice":"Became a Ghost","damage_taken":0,"max_hp_gain":0,"max_hp_loss":35,"event_name":"Ghosts","floor":28,"gold_loss":0,"cards_obtained":["Ghostly","Ghostly","Ghostly","Ghostly","Ghostly"]}],"is_beta":false,"boss_relics":[{"not_picked":["Philosopher\u0027s Stone","Sozu"],"picked":"Calling Bell"}],"items_purged_floors":[],"is_endless":false,"potions_floor_spawned":[7,8,16,22,23,27,29],"killed_by":"Automaton","ascension_level":3}}