{"host":"p08oqmr389b4tgxi","time":1609549629,"event":{"mods":["Act Like it!","Arknights The Spire","BaseMod","Colored Powertips","Friendly Minions","Gensokyo","Hermit","Minty Spire (QoL Compilation)","Pale of the Ancients","Relic Stats","StSLib","The Alterego","The Marked","UnlockEverythingMod","Yakumo Yukari mod"],"gold_per_floor":[117,134,134,148,168,168,168,168],"floor_reached":7,"playtime":232,"items_purged":[],"score":43,"play_id":"6150b9ad-34d6-43ca-acb3-8b7bdb3bc546","local_time":"20210102090709","is_ascension_mode":false,"campfire_choices":[{"data":"ats:Automatic Cover","floor":6,"key":"SMITH"}],"circlet_count":0,"master_deck":["ats:Strike C","ats:Strike G","ats:Strike S","ats:Strike V","ats:Armor Crushing Shot","ats:Defend","ats:Defend","ats:Defend","ats:Defend","ats:Emotion Absorption","ats:Dogmatic Field","ats:Red Shift","ats:Thorns","ats:Automatic Cover+1"],"relics":["ats:Sanity"],"acts_visited":["Exordium"],"potions_floor_usage":[],"damage_taken":[{"damage":10.0,"enemies":"Cultist","floor":1.0,"turns":4.0},{"damage":17.0,"enemies":"2 Louse","floor":2.0,"turns":8.0},{"damage":5.0,"enemies":"Small Slimes","floor":4.0,"turns":6.0},{"damage":5,"enemies":"2 Fungi Beasts","floor":5,"turns":4},{"damage":0,"enemies":"Gremlin Nob","floor":7,"turns":1}],"seed_played":"5107258335769099589","potions_obtained":[],"is_trial":false,"path_per_floor":["M","M","?","M","M","R","E"],"character_chosen":"DOCTOR_CLASS","items_purchased":[],"campfire_rested":0,"item_purchase_floors":[],"current_hp_per_floor":[62,45,50,45,40,40,40,40],"gold":168,"neow_bonus":"ONE_RANDOM_RARE_CARD","is_daily":false,"chose_seed":false,"campfire_upgraded":1,"win_rate":0.0,"timestamp":1609549629,"path_taken":["M","M","?","M","M","R","E"],"items_purchased_type":[],"build_version":"2020-12-22","purchased_purges":0,"victory":false,"max_hp_per_floor":[72,72,77,77,77,77,77,77],"relic_stats":{"counters":[5,23],"obtain_stats":[{"ats:Sanity":0},{"ats:Sanity":0},{"ats:Sanity":0}]},"card_choices":[{"not_picked":["ats:Flexible Camouflage","ats:Cat Scratch"],"picked":"ats:Red Shift","floor":1.0},{"not_picked":["ats:Leaping Hammer","ats:Powerful Strike"],"picked":"ats:Thorns","floor":2.0},{"not_picked":["ats:Hammer On","ats:Flexible Camouflage","ats:LN2 Cannon"],"picked":"SKIP","floor":4.0},{"not_picked":["ats:Directed Diagnosis","ats:Consecutive Shot Auto"],"picked":"ats:Automatic Cover","floor":5}],"player_experience":9787,"relics_obtained":[],"event_choices":[{"damage_healed":0.0,"max_hp_gain":5.0,"max_hp_loss":0.0,"gold_gain":0.0,"event_name":"Big Fish","player_choice":"Donut","floor":3.0,"gold_loss":0.0,"damage_taken":0.0}],"is_beta":false,"boss_relics":[],"items_purged_floors":[],"is_endless":false,"potions_floor_spawned":[],"killed_by":"Gremlin Nob","ascension_level":0}}