{"host":"iml8x8es9od4zowg","time":1609584770,"event":{"mods":["2.2 Compatiblity","BaseMod","Marisa£¨Ùöéë¡¡Øª×âÞÞ£©","Minty Spire (QoL Compilation)","StSLib","Td1madao Mod","The Jungle","¡¼?Úª?ø«¡½REMEMod"],"gold_per_floor":[110,128,143,89,104,135,135,135,135,168,182,107,107,7,7,109,109,128,128,3,3,3,36,36,66,66,66,66,66,66,86,86,86,86],"floor_reached":33,"playtime":1881,"items_purged":["Strike_MRS","Strike_MRS","Strike_MRS"],"score":289,"play_id":"76be2145-7fbb-492d-90b3-ec4b95cdcc57","local_time":"20210102195250","is_ascension_mode":false,"campfire_choices":[{"data":"UpSweep","floor":8,"key":"SMITH"},{"floor":15,"key":"RECALL"},{"floor":24,"key":"REST"},{"floor":29,"key":"REST"},{"floor":32,"key":"REST"}],"circlet_count":0,"master_deck":["Defend_MRS","Defend_MRS","Defend_MRS","Defend_MRS","MasterSpark","UpSweep+1","REME_ACTH+1","ChargeUpSpray","Acceleration","OortCloud","DeepEcoloBomb","PowerUp","LuminesStrike","MaximisePower","CollectingQuirk","PowerUp","MagicAbsorber","Shame","ChargingUp+1","AlicesGift+1"],"relics":["MiniHakkero","REME_ComplimentaryCards","NeowsBlessing","HornCleat","Juzu Bracelet","Singing Bowl","Potion Belt","REME_DuelDisc","Unceasing Top","Lantern","Bag of Marbles","Bottled Lightning","Enchiridion"],"acts_visited":["Exordium","TheCity"],"potions_floor_usage":[6,10,23],"damage_taken":[{"damage":0,"enemies":"Cultist","floor":1,"turns":1},{"damage":0,"enemies":"2 Louse","floor":2,"turns":1},{"damage":0,"enemies":"Small Slimes","floor":3,"turns":1},{"damage":7,"enemies":"3 Louse","floor":5,"turns":3},{"damage":19,"enemies":"Gremlin Nob","floor":6,"turns":4},{"damage":12,"enemies":"Lagavulin","floor":10,"turns":4},{"damage":7,"enemies":"Exordium Wildlife","floor":11,"turns":3},{"damage":17,"enemies":"Slime Boss","floor":16,"turns":7},{"damage":18,"enemies":"2 Thieves","floor":18,"turns":2},{"damage":23,"enemies":"Slavers","floor":23,"turns":3},{"damage":16,"enemies":"Gremlin Leader","floor":25,"turns":3},{"damage":0,"enemies":"3 Byrds","floor":31,"turns":2},{"damage":103,"enemies":"Automaton","floor":33,"turns":8}],"seed_played":"-3252560321861099978","potions_obtained":[{"floor":2,"key":"LiquidMemories"},{"floor":3,"key":"Regen Potion"},{"floor":10,"key":"CultistPotion"},{"floor":23,"key":"FairyPotion"},{"floor":25,"key":"CultistPotion"},{"floor":31,"key":"Explosive Potion"}],"is_trial":false,"path_per_floor":["M","M","M","?","M","E","?","R","T","E","M","$","?","$","R","B",null,"M","?","$","?","?","E","R","E","T","?","?","R","?","M","R","B"],"character_chosen":"MARISA","items_purchased":[],"campfire_rested":3,"item_purchase_floors":[],"current_hp_per_floor":[75,75,75,75,68,49,49,49,49,49,42,42,67,67,67,50,75,57,57,57,57,43,20,44,28,28,12,12,36,30,32,56,0,0],"gold":86,"neow_bonus":"THREE_ENEMY_KILL","is_daily":false,"chose_seed":false,"campfire_upgraded":1,"win_rate":0.0,"timestamp":1609584770,"path_taken":["M","?","M","?","M","E","?","R","T","E","M","?","?","$","R","BOSS","M","?","$","?","?","E","R","E","T","?","?","R","?","M","R","BOSS"],"items_purchased_type":[],"build_version":"2020-12-22","purchased_purges":3,"victory":false,"max_hp_per_floor":[75,75,75,75,75,75,75,75,75,75,75,75,75,75,75,75,75,75,75,75,75,80,80,80,80,80,80,80,80,80,82,82,82,82],"card_choices":[{"not_picked":["ManaConvection","PowerUp"],"picked":"ChargeUpSpray","floor":1},{"not_picked":["SporeBomb","ShootTheMoon"],"picked":"Acceleration","floor":2},{"not_picked":["NonDirectionalLaser","MilkyWay"],"picked":"OortCloud","floor":3},{"not_picked":["WitchOfGreed","Robbery"],"picked":"DeepEcoloBomb","floor":5},{"not_picked":["WitchLeyline","WitchOfGreed"],"picked":"PowerUp","floor":6},{"not_picked":["WitchLeyline","SporeBomb"],"picked":"LuminesStrike","floor":10},{"not_picked":["Acceleration","WitchLeyline"],"picked":"MaximisePower","floor":11},{"not_picked":["MaximisePower","BigCrunch"],"picked":"CollectingQuirk","floor":16},{"not_picked":["SprinkleStarSeal+1","PropBag+1"],"picked":"PowerUp","floor":18},{"not_picked":["LuminesStrike","OrrerysSun"],"picked":"ChargingUp+1","floor":23},{"not_picked":["DC","EventHorizon+1"],"picked":"AlicesGift+1","floor":25},{"not_picked":["SporeBomb","AsteroidBelt","MysteriousBeam"],"picked":"Singing Bowl","floor":31}],"player_experience":491684,"relics_obtained":[{"floor":6,"key":"Juzu Bracelet"},{"floor":9,"key":"Singing Bowl"},{"floor":10,"key":"Potion Belt"},{"floor":23,"key":"Lantern"},{"floor":25,"key":"Bag of Marbles"},{"floor":26,"key":"Bottled Lightning"},{"floor":27,"key":"Enchiridion"}],"event_choices":[{"damage_healed":0,"gold_gain":0,"player_choice":"Paid Gold","damage_taken":0,"relics_obtained":["HornCleat"],"max_hp_gain":0,"max_hp_loss":0,"event_name":"WeMeetAgain","floor":4,"gold_loss":54},{"damage_healed":0,"gold_gain":0,"player_choice":"Upgraded","damage_taken":0,"max_hp_gain":0,"max_hp_loss":0,"event_name":"Upgrade Shrine","floor":7,"gold_loss":0,"cards_upgraded":["REME_ACTH"]},{"damage_healed":25,"gold_gain":0,"player_choice":"Banana","damage_taken":0,"max_hp_gain":0,"max_hp_loss":0,"event_name":"Big Fish","floor":13,"gold_loss":0},{"damage_healed":0,"gold_gain":0,"player_choice":"Read","damage_taken":0,"max_hp_gain":0,"max_hp_loss":0,"event_name":"The Library","floor":19,"gold_loss":0,"cards_obtained":["MagicAbsorber"]},{"damage_healed":0,"gold_gain":0,"player_choice":"Stole Relic","damage_taken":0,"relics_obtained":["Unceasing Top"],"max_hp_gain":0,"max_hp_loss":0,"event_name":"Addict","floor":21,"gold_loss":0,"cards_obtained":["Shame"]},{"damage_healed":0,"gold_gain":0,"player_choice":"Shed Blood","damage_taken":19,"max_hp_gain":5,"max_hp_loss":0,"event_name":"Forgotten Altar","floor":22,"gold_loss":0},{"damage_healed":0,"gold_gain":0,"player_choice":"Obtained Book","damage_taken":16,"max_hp_gain":0,"max_hp_loss":0,"event_name":"Cursed Tome","floor":27,"gold_loss":0},{"cards_removed":["Strike_MRS"],"damage_healed":0,"gold_gain":0,"player_choice":"Purged","damage_taken":0,"max_hp_gain":0,"max_hp_loss":0,"event_name":"Purifier","floor":28,"gold_loss":0},{"damage_healed":0,"gold_gain":0,"player_choice":"","damage_taken":6,"max_hp_gain":0,"max_hp_loss":0,"event_name":"Knowing Skull","floor":30,"potions_obtained":[],"gold_loss":0,"cards_obtained":[]}],"is_beta":false,"boss_relics":[{"not_picked":["Velvet Choker","Philosopher\u0027s Stone"],"picked":"REME_DuelDisc"}],"items_purged_floors":[12,14,20],"is_endless":false,"potions_floor_spawned":[2,3,10,23,25,31],"killed_by":"Automaton","ascension_level":0}}