{"host":"5f8ute538gzudddu","time":1609621492,"event":{"mods":["BaseMod","Highlight Path","Minty Spire (QoL Compilation)","Relic Stats","StSLib"],"gold_per_floor":[110,110,35,46,57,85,85,111,160,160,190,249,275,288,288,363,363,383,308,324,239,239,253,287,303,303,333,346,346,375,54,54,129,129,147,161,173,219,109,140,15,30,30,62,88,125,165,177,189,201,213,225,237,8,36,36],"floor_reached":57,"playtime":2982,"items_purged":["Regret","Strike_P","Strike_P"],"score":3082,"play_id":"848bb640-1530-475f-8f61-b628deee0e87","local_time":"20210102130452","is_ascension_mode":true,"campfire_choices":[{"data":"Eruption","floor":7.0,"key":"SMITH"},{"data":"SandsOfTime","floor":10.0,"key":"SMITH"},{"data":"EmptyMind","floor":15.0,"key":"SMITH"},{"data":"BowlingBash","floor":29.0,"key":"SMITH"},{"data":"MentalFortress","floor":32.0,"key":"SMITH"},{"floor":49.0,"key":"RECALL"},{"data":"Strike_P+1","floor":53.0,"key":"PURGE"}],"circlet_count":0,"master_deck":["AscendersBane","Strike_P+1","Defend_P+1","Defend_P+1","Eruption+1","Vigilance+1","ThirdEye+1","ThirdEye+1","SandsOfTime+1","EmptyMind+1","Tantrum","DevaForm+1","Meditate+1","BowlingBash+1","SpiritShield+1","CutThroughFate+1","Tantrum+1","MentalFortress+1","LessonLearned+1","EmptyFist+1","ClearTheMind+1","Protect+1","WaveOfTheHand+1","Panacea","MentalFortress+1"],"relics":["Coffee Dripper","Gremlin Horn","PreservedInsect","Singing Bowl","Akabeko","Omamori","Regal Pillow","Black Star","Vajra","Juzu Bracelet","Incense Burner","Bird Faced Urn","Pen Nib","Molten Egg 2","War Paint","Tiny Chest","Blood Vial","Fusion Hammer","CloakClasp","Dream Catcher","StrikeDummy","Lizard Tail","Toy Ornithopter","MealTicket","MawBank","Peace Pipe","Pocketwatch","Question Card","Bag of Preparation","White Beast Statue","Bottled Lightning"],"acts_visited":["Exordium","TheCity","TheBeyond","TheEnding"],"potions_floor_usage":[56],"damage_taken":[{"damage":0.0,"enemies":"2 Louse","floor":1.0,"turns":4.0},{"damage":0.0,"enemies":"Jaw Worm","floor":4.0,"turns":4.0},{"damage":1.0,"enemies":"Small Slimes","floor":5.0,"turns":5.0},{"damage":16.0,"enemies":"3 Sentries","floor":6.0,"turns":10.0},{"damage":0.0,"enemies":"Gremlin Nob","floor":8.0,"turns":2.0},{"damage":0.0,"enemies":"Lagavulin","floor":11.0,"turns":3.0},{"damage":0.0,"enemies":"Gremlin Nob","floor":12.0,"turns":3.0},{"damage":5.0,"enemies":"Blue Slaver","floor":14.0,"turns":3.0},{"damage":15.0,"enemies":"Slime Boss","floor":16.0,"turns":8.0},{"damage":1.0,"enemies":"3 Byrds","floor":18.0,"turns":4.0},{"damage":0.0,"enemies":"Chosen","floor":20.0,"turns":2.0},{"damage":30.0,"enemies":"Shelled Parasite and Fungi","floor":23.0,"turns":3.0},{"damage":4.0,"enemies":"Book of Stabbing","floor":24.0,"turns":3.0},{"damage":3.0,"enemies":"Centurion and Healer","floor":25.0,"turns":4.0},{"damage":5.0,"enemies":"Slavers","floor":27.0,"turns":3.0},{"damage":0.0,"enemies":"Sentry and Sphere","floor":28.0,"turns":2.0},{"damage":0.0,"enemies":"Book of Stabbing","floor":30.0,"turns":2.0},{"damage":16.0,"enemies":"Champ","floor":33.0,"turns":8.0},{"damage":0.0,"enemies":"3 Darklings","floor":35.0,"turns":4.0},{"damage":0.0,"enemies":"Orb Walker","floor":36.0,"turns":2.0},{"damage":22.0,"enemies":"Writhing Mass","floor":37.0,"turns":5.0},{"damage":11.0,"enemies":"2 Orb Walkers","floor":38.0,"turns":4.0},{"damage":9.0,"enemies":"Nemesis","floor":40.0,"turns":3.0},{"damage":1.0,"enemies":"4 Shapes","floor":42.0,"turns":4.0},{"damage":10.0,"enemies":"Giant Head","floor":44.0,"turns":5.0},{"damage":0.0,"enemies":"Mind Bloom Boss Battle","floor":46.0,"turns":9.0},{"damage":0.0,"enemies":"Reptomancer","floor":47.0,"turns":4.0},{"damage":21.0,"enemies":"Time Eater","floor":50.0,"turns":14.0},{"damage":6.0,"enemies":"Donu and Deca","floor":51.0,"turns":9.0},{"damage":23.0,"enemies":"Shield and Spear","floor":55.0,"turns":6.0},{"damage":75,"enemies":"The Heart","floor":56,"turns":12}],"seed_played":"-5284003177047739983","potions_obtained":[{"floor":5.0,"key":"Dexterity Potion"},{"floor":12.0,"key":"SneckoOil"},{"floor":16.0,"key":"SmokeBomb"},{"floor":18.0,"key":"Strength Potion"},{"floor":20.0,"key":"Dexterity Potion"},{"floor":25.0,"key":"Explosive Potion"},{"floor":27.0,"key":"ColorlessPotion"},{"floor":33.0,"key":"SpeedPotion"},{"floor":36.0,"key":"Energy Potion"},{"floor":37.0,"key":"Swift Potion"},{"floor":44.0,"key":"Dexterity Potion"}],"is_trial":false,"path_per_floor":["M","?","$","M","M","E","R","E","T","R","E","?","T","M","R","B",null,"M","?","M","?","?","M","E","M","T","E","M","R","E","$","R","B",null,"M","M","M","?","?","E","$","M","T","E","T","?","E","?","R","B","B",null,"R","$","E","B",null],"character_chosen":"WATCHER","items_purchased":["Tantrum+1","Block Potion","MentalFortress","MentalFortress","Bag of Preparation"],"campfire_rested":0,"item_purchase_floors":[31,31,31,54,54],"current_hp_per_floor":[61,61,61,61,60,44,44,46,46,46,46,46,46,43,43,28,61,62,62,62,62,62,34,32,29,29,24,24,24,26,26,26,14,64,70,74,58,53,53,50,50,55,55,51,51,59,65,62,62,52,52,82,82,92,71,9],"gold":36,"neow_bonus":"BOSS_RELIC","is_daily":false,"chose_seed":false,"campfire_upgraded":5,"win_rate":0.0,"timestamp":1609621492,"path_taken":["M","?","$","M","M","E","R","E","T","R","E","?","?","M","R","BOSS","M","?","M","?","?","M","E","M","T","E","M","R","E","?","R","BOSS","M","M","M","?","?","E","$","M","T","E","?","?","E","?","R","BOSS","BOSS","R","$","E","BOSS"],"items_purchased_type":["Card","Potion","Card","Card","Relic"],"build_version":"2020-12-22","purchased_purges":3,"victory":true,"max_hp_per_floor":[68,68,68,68,68,68,68,70,70,70,70,70,70,72,72,72,72,74,74,74,74,74,76,78,78,78,78,78,78,80,80,80,80,80,82,84,84,86,86,86,86,86,86,86,86,88,90,92,92,92,92,92,92,92,94,94],"relic_stats":{"Regal Pillow":0,"Gremlin Horn":[27,27],"Singing Bowl":26,"counters":[31,154],"PreservedInsect":520,"Pen Nib":[21],"Juzu Bracelet":1,"CloakClasp":[227],"Bag of Preparation":[4],"War Paint":["Defend_P","Meditate"],"MawBank":108,"Question Card":3,"Blood Vial":26,"Peace Pipe":1,"Dream Catcher":0,"Lizard Tail":0,"Bird Faced Urn":[42],"Tiny Chest":1,"MealTicket":10,"Black Star":7,"obtain_stats":[{"Regal Pillow":12,"Gremlin Horn":2,"Singing Bowl":8,"Vajra":21,"Juzu Bracelet":22,"Incense Burner":24,"CloakClasp":38,"Bag of Preparation":54,"Blood Vial":30,"Dream Catcher":40,"Lizard Tail":43,"Tiny Chest":30,"MealTicket":44,"Fusion Hammer":34,"PreservedInsect":6,"Pen Nib":26,"Omamori":11,"War Paint":27,"MawBank":45,"Question Card":47,"Akabeko":9,"White Beast Statue":55,"Peace Pipe":46,"Bird Faced Urn":24,"Molten Egg 2":27,"Coffee Dripper":0,"Black Star":17,"Bottled Lightning":55,"PureWater":0,"StrikeDummy":40,"Toy Ornithopter":44,"Pocketwatch":47},{"Regal Pillow":7,"Gremlin Horn":1,"Singing Bowl":5,"Vajra":11,"Juzu Bracelet":11,"Incense Burner":13,"CloakClasp":22,"Bag of Preparation":29,"Blood Vial":17,"Dream Catcher":23,"Lizard Tail":24,"Tiny Chest":17,"MealTicket":25,"Fusion Hammer":18,"PreservedInsect":4,"Pen Nib":14,"Omamori":6,"War Paint":15,"MawBank":25,"Question Card":27,"Akabeko":5,"White Beast Statue":30,"Peace Pipe":26,"Bird Faced Urn":13,"Molten Egg 2":15,"Coffee Dripper":0,"Black Star":9,"Bottled Lightning":30,"PureWater":0,"StrikeDummy":23,"Toy Ornithopter":25,"Pocketwatch":27},{"Regal Pillow":31,"Gremlin Horn":4,"Singing Bowl":25,"Vajra":48,"Juzu Bracelet":48,"Incense Burner":54,"CloakClasp":88,"Bag of Preparation":136,"Blood Vial":65,"Dream Catcher":91,"Lizard Tail":95,"Tiny Chest":65,"MealTicket":100,"Fusion Hammer":73,"PreservedInsect":23,"Pen Nib":58,"Omamori":28,"War Paint":61,"MawBank":100,"Question Card":113,"Akabeko":25,"White Beast Statue":142,"Peace Pipe":109,"Bird Faced Urn":54,"Molten Egg 2":61,"Coffee Dripper":0,"Black Star":42,"Bottled Lightning":142,"PureWater":0,"StrikeDummy":91,"Toy Ornithopter":100,"Pocketwatch":113}],"Toy Ornithopter":10,"Pocketwatch":[25]},"card_choices":[{"not_picked":["CrushJoints","Prostrate"],"picked":"ThirdEye","floor":1.0},{"not_picked":["Sanctity","JustLucky"],"picked":"ThirdEye","floor":4.0},{"not_picked":["Evaluate","CarveReality"],"picked":"SandsOfTime","floor":5.0},{"not_picked":["Study","Halt","Protect"],"picked":"SKIP","floor":6.0},{"not_picked":["MasterReality","Wireheading","ThirdEye"],"picked":"Singing Bowl","floor":8.0},{"not_picked":["MasterReality","Protect"],"picked":"EmptyMind","floor":11.0},{"not_picked":["Protect","Halt"],"picked":"Tantrum","floor":12.0},{"not_picked":["Perseverance","BowlingBash","Prostrate"],"picked":"Singing Bowl","floor":14.0},{"not_picked":["Devotion","Wish"],"picked":"DevaForm","floor":16.0},{"not_picked":["Pray","Consecrate","Indignation"],"picked":"Singing Bowl","floor":18.0},{"not_picked":["ThirdEye","Halt"],"picked":"Meditate","floor":20.0},{"not_picked":["Consecrate","Evaluate","Crescendo"],"picked":"Singing Bowl","floor":23.0},{"not_picked":["BowlingBash","DeceiveReality","Crescendo"],"picked":"Singing Bowl","floor":24.0},{"not_picked":["ClearTheMind","Protect"],"picked":"BowlingBash","floor":25.0},{"not_picked":["PathToVictory","FlyingSleeves+1"],"picked":"SpiritShield","floor":27.0},{"not_picked":["FollowUp+1","Crescendo"],"picked":"CutThroughFate+1","floor":28.0},{"not_picked":["Crescendo","EmptyBody","FlyingSleeves+1"],"picked":"Singing Bowl","floor":30.0},{"not_picked":["Judgement","Ragnarok+1"],"picked":"LessonLearned+1","floor":33.0},{"not_picked":["Prostrate+1","SashWhip+1","FollowUp+1"],"picked":"Singing Bowl","floor":35.0},{"not_picked":["FollowUp+1","EmptyBody+1","PathToVictory"],"picked":"Singing Bowl","floor":36.0},{"not_picked":["Tantrum+1","CarveReality+1"],"picked":"EmptyFist+1","floor":37.0},{"not_picked":["CrushJoints+1","Prostrate","JustLucky+1"],"picked":"Singing Bowl","floor":38.0},{"not_picked":["EmptyBody","SignatureMove+1"],"picked":"ClearTheMind+1","floor":40.0},{"not_picked":["Indignation","LessonLearned+1"],"picked":"Protect+1","floor":42.0},{"not_picked":["Nirvana","ClearTheMind"],"picked":"WaveOfTheHand","floor":44.0},{"not_picked":["Evaluate","WreathOfFlame","Indignation"],"picked":"Singing Bowl","floor":46.0},{"not_picked":["CrushJoints+1","SpiritShield","SignatureMove+1"],"picked":"Singing Bowl","floor":47.0},{"not_picked":["Forethought","Mind Blast+1","Flash of Steel+1","Bandage Up"],"picked":"Singing Bowl","floor":48.0},{"not_picked":["Panache","Chrysalis","Mayhem"],"picked":"Panacea","floor":48.0},{"not_picked":["Sanctity","Evaluate","Pray","Blasphemy"],"picked":"Singing Bowl","floor":55.0}],"player_experience":934133,"relics_obtained":[{"floor":6.0,"key":"PreservedInsect"},{"floor":8.0,"key":"Singing Bowl"},{"floor":9.0,"key":"Akabeko"},{"floor":11.0,"key":"Omamori"},{"floor":12.0,"key":"Regal Pillow"},{"floor":24.0,"key":"Incense Burner"},{"floor":24.0,"key":"Bird Faced Urn"},{"floor":26.0,"key":"Pen Nib"},{"floor":27.0,"key":"Molten Egg 2"},{"floor":27.0,"key":"War Paint"},{"floor":30.0,"key":"Tiny Chest"},{"floor":30.0,"key":"Blood Vial"},{"floor":38.0,"key":"CloakClasp"},{"floor":40.0,"key":"Dream Catcher"},{"floor":40.0,"key":"StrikeDummy"},{"floor":43.0,"key":"Lizard Tail"},{"floor":44.0,"key":"Toy Ornithopter"},{"floor":44.0,"key":"MealTicket"},{"floor":45.0,"key":"MawBank"},{"floor":46.0,"key":"Peace Pipe"},{"floor":47.0,"key":"Pocketwatch"},{"floor":47.0,"key":"Question Card"},{"floor":55.0,"key":"White Beast Statue"},{"floor":55.0,"key":"Bottled Lightning"}],"event_choices":[{"damage_healed":0.0,"max_hp_gain":0.0,"max_hp_loss":0.0,"gold_gain":0.0,"event_name":"Big Fish","player_choice":"Box","floor":2.0,"gold_loss":0.0,"damage_taken":0.0,"relics_obtained":["Gremlin Horn"],"cards_obtained":["Regret"]},{"damage_healed":0.0,"max_hp_gain":0.0,"max_hp_loss":0.0,"gold_gain":30.0,"event_name":"Dead Adventurer","player_choice":"Searched \u00272\u0027 times","floor":12.0,"gold_loss":0.0,"damage_taken":0.0},{"cards_removed":["Defend_P"],"damage_healed":0.0,"max_hp_gain":0.0,"max_hp_loss":0.0,"gold_gain":0.0,"event_name":"Beggar","player_choice":"Gave Gold","floor":19.0,"gold_loss":75.0,"damage_taken":0.0},{"damage_healed":0.0,"max_hp_gain":0.0,"max_hp_loss":0.0,"gold_gain":0.0,"event_name":"Addict","player_choice":"Obtained Relic","floor":21.0,"gold_loss":85.0,"damage_taken":0.0,"relics_obtained":["Vajra"]},{"damage_healed":0.0,"max_hp_gain":0.0,"max_hp_loss":0.0,"gold_gain":0.0,"event_name":"The Mausoleum","player_choice":"Opened","floor":22.0,"gold_loss":0.0,"damage_taken":0.0,"relics_obtained":["Juzu Bracelet"],"cards_obtained":["Writhe"]},{"damage_healed":0.0,"max_hp_gain":0.0,"max_hp_loss":0.0,"gold_gain":0.0,"event_name":"Mysterious Sphere","player_choice":"Fight","floor":38.0,"gold_loss":0.0,"damage_taken":0.0},{"cards_removed":["Defend_P"],"damage_healed":0.0,"max_hp_gain":0.0,"max_hp_loss":0.0,"gold_gain":0.0,"event_name":"Designer","player_choice":"Upgrade and Remove","floor":39.0,"gold_loss":110.0,"damage_taken":0.0,"cards_upgraded":["Defend_P"]},{"damage_healed":0.0,"max_hp_gain":0.0,"max_hp_loss":0.0,"gold_gain":0.0,"event_name":"MindBloom","player_choice":"Fight","floor":46.0,"gold_loss":0.0,"damage_taken":0.0},{"damage_healed":0.0,"max_hp_gain":0.0,"max_hp_loss":0.0,"gold_gain":0.0,"event_name":"SensoryStone","player_choice":"Memory 2","floor":48.0,"gold_loss":0.0,"damage_taken":5.0}],"is_beta":false,"boss_relics":[{"not_picked":["Ectoplasm","Sozu"],"picked":"Black Star"},{"not_picked":["Runic Pyramid","Philosopher\u0027s Stone"],"picked":"Fusion Hammer"}],"items_purged_floors":[3,31,41],"is_endless":false,"potions_floor_spawned":[5,12,16,18,20,25,27,33,36,37,44,46],"ascension_level":20}}