{"host":"i19jjmeqmvseha12","time":1609563210,"event":{"mods":["BaseMod","Colored Powertips","Dota2Spire","Minty Spire (QoL Compilation)","Replay The Spire","StSLib","The Cursed"],"gold_per_floor":[110,56,70,70,90,90,36,36,86,86,118,134,148,167,167,268,268,278,187,187,38,54,54,54],"floor_reached":23,"playtime":801,"items_purged":[],"score":216,"play_id":"2daadac3-2378-46f3-9461-d135a7d58069","local_time":"20210101205330","is_ascension_mode":false,"campfire_choices":[{"data":"ClearTheMind","floor":6,"key":"SMITH"},{"floor":10,"key":"REST"},{"floor":15,"key":"REST"}],"circlet_count":0,"master_deck":["Strike_P","Strike_P","Strike_P","Strike_P","Defend_P","Defend_P","Defend_P","Defend_P","Eruption+1","Vigilance","ClearTheMind+1","BattleHymn+1","Consecrate+1","Indignation","FlurryOfBlows","FlurryOfBlows","FlurryOfBlows","Alpha","CurseOfTheBell","Crescendo+1","ReplayTheSpireMod:Private Reserves"],"relics":["PureWater","Dota2Spire:MagicBottle","Ancient Tea Set","Calling Bell","Replay:Rubber Ducky","White Beast Statue","Girya","Replay:Baseball"],"acts_visited":["Exordium","TheCity"],"potions_floor_usage":[23,23,23],"damage_taken":[{"damage":7,"enemies":"Cultist","floor":1,"turns":3},{"damage":5,"enemies":"Small Slimes","floor":3,"turns":3},{"damage":3,"enemies":"Jaw Worm","floor":5,"turns":2},{"damage":0,"enemies":"Lagavulin","floor":11,"turns":4},{"damage":16,"enemies":"Exordium Wildlife","floor":12,"turns":3},{"damage":2,"enemies":"Blue Slaver","floor":13,"turns":2},{"damage":8,"enemies":"3 Louse","floor":14,"turns":2},{"damage":29,"enemies":"Fading Forest","floor":16,"turns":11},{"damage":22,"enemies":"2 Thieves","floor":18,"turns":3},{"damage":20,"enemies":"Shell Parasite","floor":22,"turns":3},{"damage":50,"enemies":"Replay:Snechameleon","floor":23,"turns":5}],"seed_played":"-4643007370023699127","potions_obtained":[{"floor":13,"key":"Fire Potion"},{"floor":14,"key":"LifebloodPotion"},{"floor":18,"key":"Dota2Spire:HealingSalve"}],"is_trial":false,"path_per_floor":["M","$","M","?","M","R","$","?","T","R","E","M","M","M","R","B",null,"M","$","?","$","M","E"],"character_chosen":"WATCHER","items_purchased":["BattleHymn+1","FlurryOfBlows","ReplayTheSpireMod:Private Reserves","Replay:Baseball"],"campfire_rested":2,"item_purchase_floors":[2,7,19,21],"current_hp_per_floor":[72,72,67,51,48,48,48,48,48,71,71,55,53,45,68,49,79,57,57,57,57,37,0,0],"gold":54,"neow_bonus":"TEN_PERCENT_HP_BONUS","is_daily":false,"chose_seed":false,"campfire_upgraded":1,"win_rate":0.0,"timestamp":1609563210,"path_taken":["M","$","?","?","M","R","$","?","T","R","E","M","?","M","R","BOSS","M","$","?","$","M","E"],"items_purchased_type":["Card","Card","Card","Relic"],"build_version":"2020-12-22","purchased_purges":0,"victory":false,"max_hp_per_floor":[79,79,79,79,79,79,79,79,79,79,79,79,79,79,79,79,79,79,79,79,79,79,79,79],"card_choices":[{"not_picked":["DeceiveReality","Replay:Cycle"],"picked":"ClearTheMind","floor":1},{"not_picked":["BattleHymn","Replay:ManipulateFuture"],"picked":"Consecrate","floor":3},{"not_picked":["Halt","Nirvana"],"picked":"Indignation","floor":5},{"not_picked":["Perseverance","Indignation","EmptyBody"],"picked":"SKIP","floor":11},{"not_picked":["Study","TalkToTheHand","JustLucky"],"picked":"SKIP","floor":12},{"not_picked":["Prostrate","Protect"],"picked":"FlurryOfBlows","floor":13},{"not_picked":["Replay:Vibes","Omniscience"],"picked":"FlurryOfBlows","floor":14},{"not_picked":["Blasphemy","Replay:AllIn"],"picked":"Alpha","floor":16},{"not_picked":["EmptyFist","InnerPeace"],"picked":"Crescendo+1","floor":18},{"not_picked":["SignatureMove","EmptyBody","Replay:BluntJabs+1"],"picked":"SKIP","floor":22}],"player_experience":132545,"relics_obtained":[{"floor":9,"key":"Dota2Spire:MagicBottle"},{"floor":11,"key":"Ancient Tea Set"},{"floor":17,"key":"Replay:Rubber Ducky"},{"floor":17,"key":"White Beast Statue"},{"floor":17,"key":"Girya"}],"event_choices":[{"damage_healed":0,"gold_gain":0,"player_choice":"Entered Light","damage_taken":16,"max_hp_gain":0,"max_hp_loss":0,"event_name":"Shining Light","floor":4,"gold_loss":0,"cards_upgraded":["Consecrate","Eruption"]},{"damage_healed":0,"gold_gain":0,"player_choice":"Ignored","damage_taken":0,"max_hp_gain":0,"max_hp_loss":0,"event_name":"Golden Idol","floor":8,"gold_loss":0}],"is_beta":false,"boss_relics":[{"not_picked":["Astrolabe","VioletLotus"],"picked":"Calling Bell"}],"items_purged_floors":[],"is_endless":false,"potions_floor_spawned":[13,14,18,22],"killed_by":"Replay:Snechameleon","ascension_level":0}}