{"host":"52zmxm0oht7x0uft","time":1609597777,"event":{"mods":["AchievementEnabler","BaseMod","Colored Map","Minty Spire (QoL Compilation)","Quick Restart"],"gold_per_floor":[116,116,132,144,69,97,97,130,176,176,194,194,214,228,228,328,328,342,242,258,133,147,147,147,147,147,147,162,12,12,12,12],"floor_reached":31,"playtime":1070,"items_purged":["Strike_B","Strike_B","Strike_B","Defend_B"],"score":282,"play_id":"a64d93c0-35a4-4bfb-b475-d994b96b5a05","local_time":"20210102152937","is_ascension_mode":true,"campfire_choices":[{"data":"Zap","floor":7,"key":"SMITH"},{"floor":15,"key":"REST"},{"floor":23,"key":"REST"},{"floor":27,"key":"REST"},{"floor":30,"key":"REST"}],"circlet_count":0,"master_deck":["Defend_B","Defend_B","Defend_B","Zap+1","Dualcast","Cold Snap","Tempest","Capacitor","Melter","Auto Shields","White Noise+1"],"relics":["Cracked Core","White Beast Statue","Centennial Puzzle","Vajra","SacredBark","Enchiridion","Orichalcum","Blue Candle"],"acts_visited":["Exordium","TheCity"],"potions_floor_usage":[11,16,18,22,28,31,31],"damage_taken":[{"damage":0,"enemies":"Small Slimes","floor":1,"turns":3},{"damage":0,"enemies":"Cultist","floor":3,"turns":3},{"damage":2,"enemies":"Jaw Worm","floor":4,"turns":4},{"damage":29,"enemies":"3 Sentries","floor":6,"turns":7},{"damage":37,"enemies":"Gremlin Nob","floor":8,"turns":5},{"damage":8,"enemies":"Blue Slaver","floor":11,"turns":3},{"damage":2,"enemies":"Red Slaver","floor":13,"turns":3},{"damage":10,"enemies":"2 Fungi Beasts","floor":14,"turns":3},{"damage":6,"enemies":"Slime Boss","floor":16,"turns":7},{"damage":35,"enemies":"3 Byrds","floor":18,"turns":6},{"damage":4,"enemies":"Spheric Guardian","floor":20,"turns":3},{"damage":31,"enemies":"3 Cultists","floor":22,"turns":6},{"damage":34,"enemies":"Chosen and Byrds","floor":28,"turns":5},{"damage":36,"enemies":"Book of Stabbing","floor":31,"turns":5}],"seed_played":"-467806473703592633","potions_obtained":[{"floor":3,"key":"Weak Potion"},{"floor":4,"key":"Regen Potion"},{"floor":8,"key":"Block Potion"},{"floor":10,"key":"LiquidBronze"},{"floor":11,"key":"LiquidBronze"},{"floor":14,"key":"PowerPotion"},{"floor":16,"key":"Fire Potion"},{"floor":18,"key":"GamblersBrew"},{"floor":22,"key":"Fire Potion"},{"floor":28,"key":"PotionOfCapacity"}],"is_trial":false,"path_per_floor":["M","?","M","M","$","E","R","E","T","?","M","?","M","M","R","B",null,"M","$","M","$","M","R","?","T","T","R","M","$","R","E"],"character_chosen":"DEFECT","items_purchased":[],"campfire_rested":4,"item_purchase_floors":[],"current_hp_per_floor":[82,82,82,80,80,51,51,14,14,14,15,15,13,3,27,21,82,47,47,43,43,12,36,20,20,20,44,10,10,34,0,0],"gold":12,"neow_bonus":"TEN_PERCENT_HP_BONUS","is_daily":false,"chose_seed":false,"campfire_upgraded":1,"win_rate":0.0,"timestamp":1609597777,"path_taken":["M","?","M","?","$","E","R","E","T","?","?","?","M","?","R","BOSS","M","?","?","$","M","R","?","?","T","R","M","$","R","E"],"items_purchased_type":[],"build_version":"2020-12-22","purchased_purges":4,"victory":false,"max_hp_per_floor":[82,82,82,82,82,82,82,82,82,82,82,82,82,82,82,82,82,82,82,82,82,82,82,82,82,82,82,82,82,82,82,82],"card_choices":[{"not_picked":["Lockon","Compile Driver"],"picked":"Cold Snap","floor":1},{"not_picked":["Coolheaded","Turbo","Steam"],"picked":"SKIP","floor":3},{"not_picked":["Reinforced Body","Gash"],"picked":"Tempest","floor":4},{"not_picked":["Conserve Battery","Hologram","Compile Driver"],"picked":"SKIP","floor":6},{"not_picked":["Rebound","Coolheaded"],"picked":"Capacitor","floor":8},{"not_picked":["Steam","Undo"],"picked":"Melter","floor":11},{"not_picked":["Tempest","Gash","Lockon"],"picked":"SKIP","floor":13},{"not_picked":["Undo","Storm","Streamline"],"picked":"SKIP","floor":14},{"not_picked":["Undo","Storm","Streamline"],"picked":"SKIP","floor":14},{"not_picked":["Steam+1","Turbo+1"],"picked":"Auto Shields","floor":18},{"not_picked":["Compile Driver","Ball Lightning","Coolheaded"],"picked":"SKIP","floor":20},{"not_picked":["Compile Driver+1","Darkness"],"picked":"White Noise+1","floor":22},{"not_picked":["Hologram+1","Blizzard","Beam Cell"],"picked":"SKIP","floor":28}],"player_experience":357252,"relics_obtained":[{"floor":6,"key":"White Beast Statue"},{"floor":8,"key":"Centennial Puzzle"},{"floor":9,"key":"Vajra"},{"floor":24,"key":"Enchiridion"},{"floor":25,"key":"Orichalcum"},{"floor":26,"key":"Blue Candle"}],"event_choices":[{"cards_removed":["Strike_B"],"damage_healed":0,"gold_gain":0,"player_choice":"Offered Basic","damage_taken":0,"max_hp_gain":0,"max_hp_loss":0,"event_name":"Bonfire Elementals","floor":2,"gold_loss":0},{"damage_healed":0,"gold_gain":0,"player_choice":"Got Potions","damage_taken":0,"max_hp_gain":0,"max_hp_loss":0,"event_name":"Lab","floor":10,"gold_loss":0},{"damage_healed":0,"gold_gain":0,"player_choice":"Bought 0 Potions","damage_taken":0,"max_hp_gain":0,"max_hp_loss":0,"event_name":"The Woman in Blue","floor":12,"gold_loss":0},{"damage_healed":0,"gold_gain":0,"player_choice":"Obtained Book","damage_taken":16,"max_hp_gain":0,"max_hp_loss":0,"event_name":"Cursed Tome","floor":24,"gold_loss":0}],"is_beta":false,"boss_relics":[{"not_picked":["Pandora\u0027s Box","Coffee Dripper"],"picked":"SacredBark"}],"items_purged_floors":[5,19,21,29],"is_endless":false,"potions_floor_spawned":[3,4,8,11,13,14,16,18,20,22,28],"killed_by":"Book of Stabbing","ascension_level":3}}