{"host":"0rxdudjy6rylha1k","time":1609603936,"event":{"mods":["Aspiration","BaseMod","Colored Map","Colored Powertips","Downfall","Highlight Path","Hubris","Minty Spire (QoL Compilation)","StSLib"],"gold_per_floor":[99,118,103,119,26,26,26,26,36,36,36,82,7,36,49,152,152,77,94,94,114,114,114,114,214,230,230,265,190,200,300,312,312,312,312],"floor_reached":33,"playtime":4321,"items_purged":[],"score":374,"play_id":"c17cc5c5-9fce-48ab-8d92-4d2d5dfbe734","local_time":"20210102091216","is_ascension_mode":true,"campfire_choices":[{"floor":1.0,"key":"RECALL"},{"data":"hexamod:Float","floor":6.0,"key":"SMITH"},{"data":"hexamod:CrushingStance","floor":10.0,"key":"SMITH"},{"data":"hexamod:HeatMetal","floor":13.0,"key":"SMITH"},{"data":"hexamod:ParanormalForm","floor":18.0,"key":"SMITH"},{"data":"hexamod:NecessarySacrifice","floor":23.0,"key":"SMITH"},{"data":"hexamod:ThermalTransfer","floor":27.0,"key":"SMITH"},{"data":"hexamod:ThermalTransfer","floor":29.0,"key":"SMITH"}],"circlet_count":0,"master_deck":["hexamod:Strike","hexamod:Strike","hexamod:Strike","hexamod:Strike","hexamod:Defend","hexamod:Defend","hexamod:Defend","hexamod:Defend","hexamod:Sear","hexamod:Float+1","hexamod:CrushingStance+1","hexamod:StepThrough","hexamod:HeatMetal+1","hexamod:NecessarySacrifice+1","hexamod:AdvancingGuard","hexamod:Firestarter","hexamod:AdvancingGuard","hexamod:ThermalTransfer+1","hexamod:CrushingStance","hexamod:ParanormalForm+1","hexamod:RecurringNightmare","hexamod:SpectersWail","hexamod:ThermalTransfer+1","hexamod:PhantomFireball","hexamod:FourthSeal","hexamod:SecondSeal","hexamod:Incineration"],"relics":["hexamod:SpiritBrand","aspiration:ChemicalBlood","downfall:HeartBlessingRed","Pen Nib","aspiration:SecretTechniqueScroll","downfall:HeartBlessingBlue","hubris:BottledHeart","hubris:Towel","Oddly Smooth Stone","downfall:GremlinWheel","Bottled Tornado","downfall:HeartBlessingGreen","hubris:Teleporter","Kunai"],"acts_visited":["Exordium","TheCity"],"potions_floor_usage":[],"damage_taken":[{"damage":0.0,"enemies":"Small Slimes","floor":2.0,"turns":3.0},{"damage":0.0,"enemies":"downfall:FleeingMerchant","floor":3.0,"turns":4.0},{"damage":0.0,"enemies":"Cultist","floor":4.0,"turns":3.0},{"damage":0.0,"enemies":"downfall:FleeingMerchant","floor":5.0,"turns":4.0},{"damage":1.0,"enemies":"Jaw Worm","floor":9.0,"turns":2.0},{"damage":20.0,"enemies":"Lagavulin","floor":14.0,"turns":6.0},{"damage":16.0,"enemies":"Exordium Wildlife","floor":15.0,"turns":3.0},{"damage":6.0,"enemies":"downfall:Watcher","floor":16.0,"turns":6.0},{"damage":6.0,"enemies":"Shell Parasite","floor":19.0,"turns":5.0},{"damage":0.0,"enemies":"Snecko","floor":21.0,"turns":3.0},{"damage":0.0,"enemies":"Snecko","floor":25.0,"turns":3.0},{"damage":0.0,"enemies":"Snake Plant","floor":26.0,"turns":4.0},{"damage":0.0,"enemies":"Book of Stabbing","floor":28.0,"turns":6.0},{"damage":0.0,"enemies":"Cultist and Chosen","floor":30.0,"turns":6.0},{"damage":0.0,"enemies":"Colosseum Nobs","floor":31.0,"turns":5.0},{"damage":0.0,"enemies":"3 Cultists","floor":32.0,"turns":1.0},{"damage":2,"enemies":"downfall:Silent","floor":33,"turns":4}],"seed_played":"424719215494001490","potions_obtained":[{"floor":4.0,"key":"Weak Potion"},{"floor":9.0,"key":"champ:CounterPotion"},{"floor":15.0,"key":"PowerPotion"},{"floor":16.0,"key":"sneckomod:MuddlingPotion"},{"floor":21.0,"key":"DistilledChaos"},{"floor":21.0,"key":"Slimebound:ThreeZeroPotion"},{"floor":26.0,"key":"Swift Potion"},{"floor":31.0,"key":"SmokeBomb"},{"floor":32.0,"key":"LiquidBronze"}],"is_trial":false,"path_per_floor":["R","M","$","M","$","R","T","?","M","R","?","T","R","E","M","B",null,"R","M","?","M","?","R","T","?","M","R","E","R","M","?","M","B"],"character_chosen":"THE_SPIRIT","items_purchased":["hexamod:AdvancingGuard","hexamod:Firestarter"],"campfire_rested":0,"item_purchase_floors":[5,5],"current_hp_per_floor":[63,63,63,63,63,63,63,63,62,62,62,62,62,42,26,20,58,68,62,1,1,1,1,1,1,1,1,1,1,1,1,1,0,0,0],"gold":312,"neow_bonus":"ONE_RANDOM_RARE_CARD","is_daily":false,"chose_seed":false,"campfire_upgraded":7,"win_rate":0.0,"timestamp":1609603936,"path_taken":["R","M","$","M","$","R","T","?","?","R","?","?","R","E","M","BOSS","R","M","?","M","?","R","T","?","M","R","E","R","?","?","M","BOSS"],"items_purchased_type":["Card","Card"],"build_version":"2020-12-22","purchased_purges":0,"victory":false,"max_hp_per_floor":[70,70,70,70,70,70,70,70,70,70,70,70,70,70,70,70,70,80,80,1,1,1,1,1,1,1,1,1,1,1,1,1,1,1,1],"card_choices":[{"not_picked":["hexamod:ShieldOfDarkness","hexamod:InspiringFlames"],"picked":"hexamod:StepThrough","floor":2.0},{"not_picked":["hexamod:SoulSteal","hexamod:Hexaguard","hexamod:InspiringFlames"],"picked":"SKIP","floor":3.0},{"not_picked":["hexamod:SuperheatedStrike","hexamod:RecurringNightmare"],"picked":"hexamod:HeatMetal","floor":4.0},{"not_picked":["hexamod:SpectralAdrenaline","hexamod:ShieldOfDarkness"],"picked":"hexamod:NecessarySacrifice","floor":5.0},{"not_picked":["hexamod:NightmareGuise","hexamod:FastForward"],"picked":"hexamod:AdvancingGuard","floor":9.0},{"not_picked":["hexamod:BacktrackSmack","hexamod:Incineration"],"picked":"hexamod:ThermalTransfer","floor":14.0},{"not_picked":["hexamod:PowerFromBeyond","hexamod:AdvancingGuard"],"picked":"hexamod:CrushingStance","floor":15.0},{"not_picked":["hexamod:ApocalypticArmor","hexamod:GiftsFromTheDead"],"picked":"hexamod:ParanormalForm","floor":16.0},{"not_picked":["hexamod:SwordOfDarkness+1","hexamod:FastForward"],"picked":"hexamod:RecurringNightmare","floor":19.0},{"not_picked":["hexamod:HauntingEcho+1","hexamod:Again"],"picked":"hexamod:SpectersWail","floor":21.0},{"not_picked":["hexamod:RainOfEmbers","hexamod:HauntingEcho+1"],"picked":"hexamod:ThermalTransfer","floor":26.0},{"not_picked":["hexamod:NightmareGuise","hexamod:GhostLash"],"picked":"hexamod:PhantomFireball","floor":28.0},{"not_picked":["hexamod:NightmareStrike","hexamod:FastForward"],"picked":"hexamod:FourthSeal","floor":30.0},{"not_picked":["hexamod:ThermalTransfer","hexamod:PhantomFireball"],"picked":"hexamod:SecondSeal","floor":31.0},{"not_picked":["hexamod:FastForward","hexamod:SkipABeat"],"picked":"hexamod:Incineration","floor":32.0}],"player_experience":2440784,"relics_obtained":[{"floor":12.0,"key":"aspiration:ChemicalBlood"},{"floor":14.0,"key":"Pen Nib"},{"floor":24.0,"key":"Oddly Smooth Stone"},{"floor":25.0,"key":"downfall:GremlinWheel"},{"floor":28.0,"key":"Bottled Tornado"},{"floor":31.0,"key":"hubris:Teleporter"},{"floor":31.0,"key":"Kunai"}],"event_choices":[{"damage_healed":0.0,"max_hp_gain":0.0,"max_hp_loss":0.0,"gold_gain":0.0,"event_name":"Purifier","player_choice":"Ignored","floor":8.0,"gold_loss":0.0,"damage_taken":0.0}],"is_beta":false,"boss_relics":[{"not_picked":["Pandora\u0027s Box","Empty Cage"],"picked":"aspiration:SecretTechniqueScroll"}],"items_purged_floors":[],"is_endless":false,"potions_floor_spawned":[4,9,14,16,21,26,32],"killed_by":"downfall:Silent","ascension_level":6}}