{"host":"kjehzzhcyp0nyrrl","time":1609602521,"event":{"mods":["AchievementEnabler","BaseMod","Custom Start","Hermit","Keyboard Shortcuts","Koishi","Minty Spire (QoL Compilation)","StSLib","SuperFastMode","The Dragon Tamer","The Gatherer","everything is the same but u backflip on backflip"],"gold_per_floor":[111,127,137,60,77,77,77,77,123,123,135,135,152,163,163,262,262,274,255,255,255,255,255,272,272,299,299,313,323,248,265,265,367,367,386,129,146,165,185,185,217,235,235,235,255,269,269,279,279,279,279],"floor_reached":50,"playtime":1284,"items_purged":["Bite","Defend_G"],"score":572,"play_id":"1fcd02ed-75aa-4ace-a15d-78e5aa1c069c","local_time":"20210103004841","is_ascension_mode":false,"campfire_choices":[{"data":"Bouncing Flask","floor":6,"key":"SMITH"},{"data":"Noxious Fumes","floor":12,"key":"SMITH"},{"data":"Bane","floor":15,"key":"SMITH"},{"data":"Footwork","floor":23,"key":"SMITH"},{"floor":25,"key":"REST"},{"data":"Noxious Fumes","floor":27,"key":"SMITH"},{"data":"Leg Sweep","floor":32,"key":"SMITH"},{"floor":40,"key":"RECALL"},{"floor":44,"key":"REST"},{"floor":47,"key":"REST"},{"floor":49,"key":"REST"}],"circlet_count":0,"master_deck":["Defend_G","Defend_G","Defend_G+1","Defend_G","Survivor","Neutralize","Poisoned Stab","Deadly Poison","PiercingWail","Bouncing Flask+1","Noxious Fumes+1","Bane+1","Noxious Fumes+1","Footwork+1","Prepared+1","Bite","Bite","Bite","Bite","Caltrops+1","Leg Sweep+1","Backflip+1","Noxious Fumes","Crippling Poison","Catalyst+1","Parasite","Footwork"],"relics":["Ring of the Snake","Bag of Preparation","Toy Ornithopter","Black Star","CultistMask","Bronze Scales","Fusion Hammer","TwistedFunnel","Dream Catcher","Shuriken","Kunai"],"acts_visited":["Exordium","TheCity","TheBeyond"],"potions_floor_usage":[5,14,19,33,38,42,46],"damage_taken":[{"damage":0,"enemies":"Small Slimes","floor":1,"turns":3},{"damage":0,"enemies":"2 Louse","floor":2,"turns":2},{"damage":1,"enemies":"Cultist","floor":3,"turns":3},{"damage":13,"enemies":"Gremlin Gang","floor":5,"turns":5},{"damage":0,"enemies":"Blue Slaver","floor":11,"turns":4},{"damage":1,"enemies":"Exordium Wildlife","floor":13,"turns":3},{"damage":15,"enemies":"Lots of Slimes","floor":14,"turns":4},{"damage":0,"enemies":"The Guardian","floor":16,"turns":8},{"damage":10,"enemies":"Spheric Guardian","floor":18,"turns":3},{"damage":20,"enemies":"2 Thieves","floor":19,"turns":4},{"damage":28,"enemies":"Shelled Parasite and Fungi","floor":24,"turns":8},{"damage":14,"enemies":"Cultist and Chosen","floor":28,"turns":6},{"damage":6,"enemies":"Centurion and Healer","floor":29,"turns":6},{"damage":3,"enemies":"Snake Plant","floor":31,"turns":4},{"damage":33,"enemies":"Collector","floor":33,"turns":10},{"damage":16,"enemies":"3 Darklings","floor":35,"turns":5},{"damage":6,"enemies":"Orb Walker","floor":37,"turns":4},{"damage":5,"enemies":"Jaw Worm Horde","floor":38,"turns":4},{"damage":13,"enemies":"Writhing Mass","floor":39,"turns":5},{"damage":42,"enemies":"Giant Head","floor":41,"turns":9},{"damage":28,"enemies":"Transient","floor":42,"turns":5},{"damage":15,"enemies":"Spire Growth","floor":45,"turns":6},{"damage":0,"enemies":"Jaw Worm Horde","floor":46,"turns":4},{"damage":16,"enemies":"Writhing Mass","floor":48,"turns":4},{"damage":43,"enemies":"Awakened One","floor":50,"turns":3}],"seed_played":"3670557011551631500","potions_obtained":[{"floor":1,"key":"CunningPotion"},{"floor":2,"key":"ColorlessPotion"},{"floor":5,"key":"Swift Potion"},{"floor":14,"key":"Swift Potion"},{"floor":18,"key":"Block Potion"},{"floor":24,"key":"DuplicationPotion"},{"floor":31,"key":"LiquidMemories"},{"floor":35,"key":"ColorlessPotion"},{"floor":42,"key":"GamblersBrew"},{"floor":46,"key":"DuplicationPotion"}],"is_trial":false,"path_per_floor":["M","M","M","$","M","R","?","?","T","?","M","R","M","M","R","B",null,"M","M","?","?","?","R","M","R","T","R","M","M","$","M","R","B",null,"M","$","M","M","M","R","E","M","T","R","M","M","R","M","R","B"],"character_chosen":"THE_SILENT","items_purchased":["Noxious Fumes","TwistedFunnel"],"campfire_rested":4,"item_purchase_floors":[4,36],"current_hp_per_floor":[70,70,69,69,56,56,61,54,54,39,39,39,38,28,28,28,75,65,50,36,36,36,36,24,40,40,40,36,38,38,39,39,23,56,48,48,46,54,45,45,18,7,7,23,12,21,37,21,37,0,0],"gold":279,"neow_bonus":"THREE_CARDS","is_daily":false,"chose_seed":false,"campfire_upgraded":6,"win_rate":0.0,"timestamp":1609602521,"path_taken":["M","M","M","$","M","R","?","?","T","?","M","R","M","M","R","BOSS","M","M","?","?","?","R","M","R","T","R","M","M","$","M","R","BOSS","M","$","M","M","M","R","E","M","T","R","M","M","R","M","R","BOSS"],"items_purchased_type":["Card","Relic"],"build_version":"2020-12-22","purchased_purges":2,"victory":false,"max_hp_per_floor":[70,70,70,70,70,70,75,75,75,75,75,75,75,75,75,75,75,75,75,80,56,56,56,56,56,56,56,56,56,56,56,56,56,56,56,56,56,56,56,56,56,56,56,56,56,56,56,56,56,56,56],"card_choices":[{"not_picked":["Expertise","Blur"],"picked":"Poisoned Stab","floor":0},{"not_picked":["Infinite Blades","Acrobatics"],"picked":"Deadly Poison","floor":1},{"not_picked":["Slice","Expertise"],"picked":"PiercingWail","floor":2},{"not_picked":["Poisoned Stab","Flying Knee"],"picked":"Bouncing Flask","floor":3},{"not_picked":["Blur","Finisher"],"picked":"Bane","floor":5},{"not_picked":["Quick Slash","Masterful Stab","PiercingWail"],"picked":"SKIP","floor":11},{"not_picked":["Outmaneuver","Concentrate"],"picked":"Noxious Fumes","floor":13},{"not_picked":["Deflect","Poisoned Stab"],"picked":"Footwork","floor":14},{"not_picked":["Dagger Spray","Poisoned Stab"],"picked":"Prepared+1","floor":18},{"not_picked":["Outmaneuver+1","Prepared","Poisoned Stab"],"picked":"SKIP","floor":19},{"not_picked":["PiercingWail","Dash","Sucker Punch"],"picked":"SKIP","floor":24},{"not_picked":["Concentrate","Flying Knee","Underhanded Strike"],"picked":"SKIP","floor":28},{"not_picked":["Cloak And Dagger+1","Flechettes"],"picked":"Caltrops+1","floor":29},{"not_picked":["Cloak And Dagger","Bane"],"picked":"Leg Sweep","floor":31},{"not_picked":["Dodge and Roll+1","Flying Knee","Underhanded Strike+1"],"picked":"SKIP","floor":35},{"not_picked":["Dagger Throw+1","Flechettes+1"],"picked":"Backflip+1","floor":37},{"not_picked":["Infinite Blades+1","Tools of the Trade"],"picked":"Noxious Fumes","floor":38},{"not_picked":["Bouncing Flask+1","Dagger Throw","Distraction+1"],"picked":"SKIP","floor":39},{"not_picked":["Finisher","Distraction","Bouncing Flask"],"picked":"SKIP","floor":41},{"not_picked":["Flying Knee+1","Bane+1","Choke+1"],"picked":"SKIP","floor":42},{"not_picked":["Sucker Punch","Setup+1"],"picked":"Crippling Poison","floor":44},{"not_picked":["Calculated Gamble+1","Masterful Stab+1"],"picked":"Catalyst+1","floor":45},{"not_picked":["Concentrate+1","Poisoned Stab+1","Deflect+1"],"picked":"SKIP","floor":46},{"not_picked":["Skewer+1","Distraction+1","Slice"],"picked":"SKIP","floor":48},{"not_picked":["Underhanded Strike+1","Infinite Blades+1"],"picked":"Footwork","floor":49}],"player_experience":386692,"relics_obtained":[{"floor":9,"key":"Toy Ornithopter"},{"floor":26,"key":"Bronze Scales"},{"floor":41,"key":"Dream Catcher"},{"floor":41,"key":"Shuriken"},{"floor":43,"key":"Kunai"}],"event_choices":[{"damage_healed":0,"gold_gain":0,"player_choice":"Donut","damage_taken":0,"max_hp_gain":5,"max_hp_loss":0,"event_name":"Big Fish","floor":7,"gold_loss":0},{"damage_healed":0,"gold_gain":0,"player_choice":"Success","damage_taken":7,"relics_obtained":["Bag of Preparation"],"max_hp_gain":0,"max_hp_loss":0,"event_name":"Scrap Ooze","floor":8,"gold_loss":0},{"damage_healed":0,"gold_gain":0,"player_choice":"Entered Light","damage_taken":15,"max_hp_gain":0,"max_hp_loss":0,"event_name":"Shining Light","floor":10,"gold_loss":0,"cards_upgraded":["Defend_G","Strike_G"]},{"damage_healed":0,"gold_gain":0,"player_choice":"Shed Blood","damage_taken":19,"max_hp_gain":5,"max_hp_loss":0,"event_name":"Forgotten Altar","floor":20,"gold_loss":0},{"damage_healed":0,"gold_gain":0,"player_choice":"Became a vampire","damage_taken":0,"max_hp_gain":0,"max_hp_loss":24,"event_name":"Vampires","floor":21,"gold_loss":0,"cards_obtained":["Bite","Bite","Bite","Bite","Bite"]},{"damage_healed":0,"gold_gain":0,"player_choice":"Trade","damage_taken":0,"relics_obtained":["CultistMask"],"max_hp_gain":0,"max_hp_loss":0,"event_name":"FaceTrader","floor":22,"gold_loss":0}],"is_beta":false,"boss_relics":[{"not_picked":["SacredBark","Runic Pyramid"],"picked":"Black Star"},{"not_picked":["HoveringKite","Tiny House"],"picked":"Fusion Hammer"}],"items_purged_floors":[30,36],"is_endless":false,"potions_floor_spawned":[1,2,5,14,18,24,29,31,35,37,42,46],"killed_by":"Awakened One","ascension_level":0}}