{"host":"bf9sa99gaumonoeu","time":1609549965,"event":{"mods":["AchievementEnabler","Act Like it!","BaseMod","Colored Map","Colored Powertips","Downfall","Friendly Minions","Gensokyo","Hallownest","Hermit","Jorbs\u0027s Wanderer Trilogy","Lobotomy","Marisa????????","Minty Spire (QoL Compilation)","Remilia??????","Replay The Spire","Shop Mod","StSLib","The Animator","The Bug Knight","The Cursed","The Disciple","The Hierophant","The Jungle","The Senshi","The Servant 0.9.4"],"gold_per_floor":[114,131,131,149,166,181,131,157,157,176,203,223,223,241,241,344,344,355,374,4,19,34,34,52,81,106,133,133,148,164,164,164,267,267,280,297,297,2,48,48,48,48],"floor_reached":41,"playtime":4692,"items_purged":["hermit:Defend_Hermit","hermit:Quickdraw"],"score":474,"play_id":"ee14f048-af89-45b8-bcdd-ee728125bfd5","local_time":"20210101231245","is_ascension_mode":false,"campfire_choices":[{"data":"hermit:Dive","floor":13,"key":"SMITH"},{"data":"hermit:BlackWind","floor":15,"key":"SMITH"},{"data":"hermit:FatalDesire","floor":23,"key":"SMITH"},{"floor":32,"key":"REST"}],"circlet_count":0,"master_deck":["hermit:Strike_Hermit","hermit:Strike_Hermit","hermit:Strike_Hermit","hermit:Defend_Hermit+1","hermit:Defend_Hermit","hermit:Defend_Hermit+1","hermit:Snapshot","hermit:Covet","hermit:Deadeye","hermit:HoleUp","hermit:Ricochet","hermit:Ricochet","hermit:BlackWind+1","hermit:Dive+1","hermit:Reprieve","hermit:Spite","hermit:GhostlyPresence","hermit:FatalDesire+1","hermit:BodyArmor+1","hermit:Horror","hermit:Spite+1","hermit:WideOpen+1","hermit:Shortfuse","Slimebound:Icky","hermit:Scavenge","hermit:BigShot+1","RitualDagger","hermit:Dissolve","hermit:Dive+1","hermit:BlackWind+1","hermit:Determination","hermit:HeroicBravado","hermit:Roughhouse"],"relics":["hermit:Momento","War Paint","Sundial","Juzu Bracelet","Cursed Key","Medical Kit","Ancient Tea Set","Bronze Scales","hermit:RyeStalk","Orichalcum","ReplayTheSpireMod:DimensionalGlitch","CatCart"],"acts_visited":["Exordium","TheCity","TheBeyond"],"potions_floor_usage":[8,11,25,25,29,33,33,39,39,39],"damage_taken":[{"damage":2,"enemies":"Small Slimes","floor":1,"turns":3},{"damage":1,"enemies":"Cultist","floor":2,"turns":3},{"damage":0,"enemies":"2 Louse","floor":4,"turns":5},{"damage":2,"enemies":"Blue Slaver","floor":5,"turns":3},{"damage":5,"enemies":"Looter","floor":6,"turns":3},{"damage":11,"enemies":"Gremlin Nob","floor":8,"turns":4},{"damage":1,"enemies":"3 Louse","floor":10,"turns":2},{"damage":0,"enemies":"Lagavulin","floor":11,"turns":5},{"damage":11,"enemies":"Gremlin Gang","floor":12,"turns":5},{"damage":0,"enemies":"Large Slime","floor":14,"turns":5},{"damage":38,"enemies":"Hexaghost","floor":16,"turns":12},{"damage":3,"enemies":"3 Byrds","floor":18,"turns":6},{"damage":5,"enemies":"Chosen","floor":19,"turns":7},{"damage":11,"enemies":"Sentry and Sphere","floor":21,"turns":7},{"damage":3,"enemies":"Snecko","floor":22,"turns":4},{"damage":10,"enemies":"Shelled Parasite and Fungi","floor":24,"turns":5},{"damage":4,"enemies":"HollowMod:Nosk","floor":25,"turns":4},{"damage":12,"enemies":"Replay:Snechameleon","floor":27,"turns":4},{"damage":2,"enemies":"Centurion and Healer","floor":29,"turns":4},{"damage":5,"enemies":"Snecko","floor":30,"turns":4},{"damage":17,"enemies":"Collector","floor":33,"turns":11},{"damage":16,"enemies":"3 Shapes","floor":35,"turns":5},{"damage":7,"enemies":"3 Darklings","floor":36,"turns":6},{"damage":58,"enemies":"Orin","floor":39,"turns":10},{"damage":19,"enemies":"Sphere and 2 Shapes","floor":41,"turns":3}],"seed_played":"-843504589834761635","potions_obtained":[{"floor":1,"key":"DistilledChaos"},{"floor":2,"key":"sneckomod:MuddlingPotion"},{"floor":8,"key":"Strength Potion"},{"floor":11,"key":"SneckoOil"},{"floor":16,"key":"BlessingOfTheForge"},{"floor":22,"key":"Block Potion"},{"floor":25,"key":"Block Potion"},{"floor":27,"key":"Dexterity Potion"},{"floor":30,"key":"hermit:BlackBile"},{"floor":33,"key":"PowerPotion"},{"floor":35,"key":"LifebloodPotion"},{"floor":36,"key":"FearPotion"}],"is_trial":false,"path_per_floor":["M","M","?","M","M","M","?","E","T","M","E","M","R","M","R","B",null,"M","M","$","M","M","R","M","E","T","E","?","M","M","?","R","B",null,"M","M","?","$","?","$","M"],"character_chosen":"HERMIT","items_purchased":["Medical Kit","Ancient Tea Set","hermit:Determination","hermit:HeroicBravado"],"campfire_rested":1,"item_purchase_floors":[20,20,38,38],"current_hp_per_floor":[80,79,79,79,77,72,72,61,61,60,60,53,53,57,57,19,82,82,78,78,71,68,68,58,54,54,42,42,48,43,37,61,52,82,66,63,63,63,9,9,0,0],"gold":48,"neow_bonus":"TEN_PERCENT_HP_BONUS","is_daily":false,"chose_seed":false,"campfire_upgraded":3,"win_rate":0.0,"timestamp":1609549965,"path_taken":["M","M","?","M","M","?","?","E","T","M","E","M","R","M","R","BOSS","M","M","$","M","M","R","M","E","T","E","?","M","M","?","R","BOSS","M","M","?","$","?","$","M"],"items_purchased_type":["Relic","Relic","Card","Card"],"build_version":"2020-12-22","purchased_purges":2,"victory":false,"max_hp_per_floor":[82,82,82,82,82,82,82,82,82,82,82,82,82,82,82,82,82,82,82,82,82,82,82,82,82,82,82,82,82,82,82,82,82,82,82,82,82,82,82,82,82,82],"card_choices":[{"not_picked":["hermit:Glare","hermit:SprayPray"],"picked":"hermit:Deadeye","floor":1},{"not_picked":["hermit:HighCaliber","hermit:Deadeye"],"picked":"hermit:HoleUp","floor":2},{"not_picked":["hermit:TrackingShot","hermit:ItchyTrigger"],"picked":"hermit:Ricochet","floor":4},{"not_picked":["hermit:Maintenance","hermit:Misfire"],"picked":"hermit:Ricochet","floor":5},{"not_picked":["hermit:HighCaliber","hermit:Headshot"],"picked":"hermit:Quickdraw","floor":6},{"not_picked":["hermit:Manifest","hermit:TakeCover"],"picked":"hermit:BlackWind","floor":8},{"not_picked":["hermit:CalledShot","hermit:DeadMansHand"],"picked":"hermit:Dive","floor":10},{"not_picked":["hermit:ItchyTrigger","hermit:Snipe"],"picked":"hermit:Reprieve","floor":11},{"not_picked":["hermit:SprayPray","hermit:Ricochet"],"picked":"hermit:Spite","floor":12},{"not_picked":["hermit:CalledShot","hermit:TakeCover"],"picked":"hermit:GhostlyPresence","floor":14},{"not_picked":["hermit:Gambit","hermit:HighNoon"],"picked":"hermit:FatalDesire","floor":16},{"not_picked":["hermit:WideOpen+1","hermit:Glare+1"],"picked":"hermit:BodyArmor+1","floor":18},{"not_picked":["hermit:NoHoldsBarred","hermit:ItchyTrigger"],"picked":"hermit:Horror","floor":19},{"not_picked":["hermit:Quickdraw","hermit:Feint"],"picked":"hermit:Spite+1","floor":21},{"not_picked":["hermit:FullyLoaded","hermit:Coalescence"],"picked":"hermit:WideOpen+1","floor":22},{"not_picked":["hermit:Quickdraw","hermit:Headshot","hermit:Reprieve"],"picked":"SKIP","floor":24},{"not_picked":["hermit:HoleUp","hermit:Manifest"],"picked":"hermit:Shortfuse","floor":25},{"not_picked":["hermit:Vantage","hermit:Manifest","hermit:Ricochet"],"picked":"SKIP","floor":27},{"not_picked":["hermit:Dive","hermit:LowProfile+1"],"picked":"hermit:Scavenge","floor":29},{"not_picked":["hermit:Maintenance+1","hermit:Deadeye"],"picked":"hermit:BigShot+1","floor":30},{"not_picked":["hermit:HighNoon","hermit:EternalForm"],"picked":"hermit:Dissolve","floor":33},{"not_picked":["hermit:DeadMansHand","hermit:Snipe"],"picked":"hermit:Dive+1","floor":35},{"not_picked":["hermit:Ricochet","hermit:Roulette","hermit:TakeCover"],"picked":"SKIP","floor":36},{"not_picked":["hermit:Glare+1","hermit:Snipe+1"],"picked":"hermit:Roughhouse","floor":39}],"player_experience":677833,"relics_obtained":[{"floor":8,"key":"War Paint"},{"floor":9,"key":"Sundial"},{"floor":11,"key":"Juzu Bracelet"},{"floor":25,"key":"Bronze Scales"},{"floor":26,"key":"hermit:RyeStalk"},{"floor":27,"key":"Orichalcum"},{"floor":39,"key":"CatCart"}],"event_choices":[{"cards_removed":["hermit:Strike_Hermit"],"damage_healed":0,"gold_gain":0,"player_choice":"Purged","damage_taken":0,"max_hp_gain":0,"max_hp_loss":0,"event_name":"Purifier","floor":3,"gold_loss":0},{"damage_healed":0,"gold_gain":0,"player_choice":"Left Gold","damage_taken":0,"max_hp_gain":0,"max_hp_loss":0,"event_name":"World of Goop","floor":7,"gold_loss":50},{"damage_healed":0,"gold_gain":0,"player_choice":"Joined the Cult","damage_taken":6,"max_hp_gain":0,"max_hp_loss":0,"event_name":"Nest","floor":31,"gold_loss":0,"cards_obtained":["RitualDagger"]},{"damage_healed":0,"gold_gain":0,"player_choice":"Copied","damage_taken":0,"max_hp_gain":0,"max_hp_loss":0,"event_name":"Duplicator","floor":37,"gold_loss":0,"cards_obtained":["hermit:BlackWind"]},{"damage_healed":0,"gold_gain":0,"player_choice":"Fight","damage_taken":0,"max_hp_gain":0,"max_hp_loss":0,"event_name":"OrinTheCat","floor":39,"gold_loss":0}],"is_beta":false,"boss_relics":[{"not_picked":["hermit:ClaspedLocket","Replay:Drink Me"],"picked":"Cursed Key"},{"not_picked":["Astrolabe","Tiny House"],"picked":"ReplayTheSpireMod:DimensionalGlitch"}],"items_purged_floors":[20,38],"is_endless":false,"potions_floor_spawned":[1,2,8,11,16,22,25,27,30,33,35,36],"killed_by":"Sphere and 2 Shapes","ascension_level":0}}