{"host":"j6locglyv7e0c0tm","time":1609550712,"event":{"mods":["BaseMod","Better Altar","Better Match","Better Note","Better Sensory Stone","Better Skull","Better Third Choice","Better Vampires","BetterRewards","Card Forge","Colored Powertips","Custom Start","DeckTracker","Downfall","Googly Eyes","Hermit","Highlight Path","Jorbs\u0027s Wanderer Trilogy","Marked Mod","Minty Spire (QoL Compilation)","Relic Stats","Replay The Spire","Shade Mod","Shop Mod","StSLib","Swap Starting Deck Mod","The Runesmith","TheFirefly"],"gold_per_floor":[115,130,130,140,150,150,150],"floor_reached":6,"playtime":577,"items_purged":["Strike_P"],"score":38,"play_id":"17eba16c-6842-48e8-8f66-1e82480c44d4","local_time":"20210102122512","is_ascension_mode":false,"campfire_choices":[],"circlet_count":0,"master_deck":["Strike_P","Strike_P","Strike_P","Defend_P","Defend_P","Defend_P","Defend_P","Eruption","Vigilance","Specialist","MarkedMod:GracefulMovements","MarkedMod:GentlePulse","ClearTheMind+1","ReachHeaven","WindmillStrike","Collect","MarkedMod:Acupuncture","SandsOfTime","Crescendo"],"relics":["Hammer of Thor","Seething Fire","Anvil of the Gods","TungstenRod","Ornamental Fan","BargainBundle","Replay:M_StaffOfTheSnake"],"acts_visited":["Exordium"],"potions_floor_usage":[6],"damage_taken":[{"damage":5,"enemies":"Small Slimes","floor":1,"turns":4},{"damage":1,"enemies":"2 Louse","floor":2,"turns":3},{"damage":6,"enemies":"Cultist","floor":4,"turns":3},{"damage":5,"enemies":"Large Slime","floor":5,"turns":7},{"damage":23,"enemies":"Lagavulin","floor":6,"turns":2}],"seed_played":"8166685623036706219","potions_obtained":[],"is_trial":false,"path_per_floor":["M","M","?","M","M","E"],"character_chosen":"WATCHER","items_purchased":["TungstenRod","Ornamental Fan","BargainBundle","EssenceOfSteel","BlessingOfTheForge","LifebloodPotion","Specialist","MarkedMod:GracefulMovements","MarkedMod:GentlePulse","ClearTheMind+1","ReachHeaven","WindmillStrike","Collect"],"campfire_rested":0,"item_purchase_floors":[0,0,0,0,0,0,0,0,0,0,0,0,0],"current_hp_per_floor":[33,32,32,26,21,0,0],"gold":150,"neow_bonus":"","is_daily":false,"chose_seed":false,"campfire_upgraded":0,"win_rate":0.0,"timestamp":1609550712,"path_taken":["M","M","?","M","M","E"],"items_purchased_type":["Relic","Relic","Relic","Potion","Potion","Potion","Card","Card","Card","Card","Card","Card","Card"],"build_version":"2020-12-22","purchased_purges":1,"victory":false,"max_hp_per_floor":[72,72,72,72,72,72,72],"relic_stats":{"counters":[93,501],"Ornamental Fan":[16],"obtain_stats":[{"Divine Protection":7,"Gremlin Horn":25,"thefirefly:TimeCapsule":43,"CeramicFish":48,"Vajra":0,"Hammer of Thor":0,"Ring of Searing":4,"Blood Vial":0,"Centennial Puzzle":26,"Sundial":9,"Iron Hammer":12,"Kunai":17,"MerchantsRug":19,"Pear":0,"ReplayTheSpireMod:CursedCoin":4,"ReplayTheSpireMod:Ring of Addiction":4,"Replay:Grab Bag":17,"Replay:Ancient Bell":17,"War Paint":44,"Question Card":6,"WarpedTongs":7,"SlaversCollar":17,"Replay:Baseball":11,"Anvil of the Gods":0,"Onion Ring":13,"ReplayTheSpireMod:TigerMarble":17,"Abe\u0027s Treasure":34,"Darkstone Periapt":17,"Singing Bowl":26,"thefirefly:LongRangeScanner":7,"SacredBark":17,"Blue Doll":23,"Juzu Bracelet":37,"Replay:Multitool":17,"Replay:Mystery Machine":0,"PrismaticShard":3,"Smiling Mask":26,"Cursed Key":17,"Pet Ghost":9,"ClockworkSouvenir":0,"Chameleon Ring":4,"Matryoshka":0,"thefirefly:RepairArm":11,"Gambling Chip":22,"Red Mask":37,"thefirefly:StealthSystem":0,"Runesmith:Nanobots":30,"Lee\u0027s Waffle":0,"BargainBundle":0,"Replay:M_StaffOfTheSnake":3,"NeowsBlessing":0,"Quantum Egg":0,"Guide Book":19,"Replay:WaspNest":21,"Omamori":0,"Seething Fire":0,"White Beast Statue":4,"thefirefly:UpgradedSystem":17,"Calling Bell":17,"Pondfish Scales":17,"Busted Crown":17,"Ornamental Fan":0,"ChewingGum":17,"Art of War":19,"Garlic":9,"Bottled Lightning":32,"TungstenRod":0},{"Divine Protection":38,"Gremlin Horn":26,"thefirefly:TimeCapsule":51,"CeramicFish":54,"Vajra":77,"Hammer of Thor":0,"Ring of Searing":17,"Blood Vial":77,"Centennial Puzzle":42,"Sundial":38,"Iron Hammer":63,"Kunai":22,"MerchantsRug":85,"Pear":56,"ReplayTheSpireMod:CursedCoin":58,"ReplayTheSpireMod:Ring of Addiction":17,"Replay:Grab Bag":40,"Replay:Ancient Bell":22,"War Paint":52,"Question Card":4,"WarpedTongs":60,"SlaversCollar":40,"Replay:Baseball":11,"Anvil of the Gods":0,"Onion Ring":83,"ReplayTheSpireMod:TigerMarble":40,"Abe\u0027s Treasure":30,"Darkstone Periapt":40,"Singing Bowl":70,"thefirefly:LongRangeScanner":10,"SacredBark":65,"Blue Doll":70,"Juzu Bracelet":32,"Replay:Multitool":40,"Replay:Mystery Machine":15,"PrismaticShard":17,"Smiling Mask":26,"Cursed Key":84,"Pet Ghost":10,"ClockworkSouvenir":77,"Chameleon Ring":17,"Matryoshka":56,"thefirefly:RepairArm":19,"Gambling Chip":41,"Red Mask":47,"thefirefly:StealthSystem":0,"Runesmith:Nanobots":43,"Lee\u0027s Waffle":56,"BargainBundle":88,"Replay:M_StaffOfTheSnake":90,"NeowsBlessing":5,"Quantum Egg":35,"Guide Book":85,"Replay:WaspNest":68,"Omamori":35,"Seething Fire":0,"White Beast Statue":17,"thefirefly:UpgradedSystem":13,"Calling Bell":40,"Pondfish Scales":22,"Busted Crown":40,"Ornamental Fan":88,"ChewingGum":40,"Art of War":14,"Garlic":61,"Bottled Lightning":44,"TungstenRod":88},{"Divine Protection":230,"Gremlin Horn":163,"thefirefly:TimeCapsule":305,"CeramicFish":332,"Vajra":441,"Hammer of Thor":0,"Ring of Searing":105,"Blood Vial":441,"Centennial Puzzle":251,"Sundial":230,"Iron Hammer":372,"Kunai":134,"MerchantsRug":471,"Pear":348,"ReplayTheSpireMod:CursedCoin":354,"ReplayTheSpireMod:Ring of Addiction":105,"Replay:Grab Bag":243,"Replay:Ancient Bell":134,"War Paint":315,"Question Card":25,"WarpedTongs":361,"SlaversCollar":243,"Replay:Baseball":60,"Anvil of the Gods":0,"Onion Ring":457,"ReplayTheSpireMod:TigerMarble":243,"Abe\u0027s Treasure":191,"Darkstone Periapt":243,"Singing Bowl":408,"thefirefly:LongRangeScanner":55,"SacredBark":387,"Blue Doll":408,"Juzu Bracelet":203,"Replay:Multitool":243,"Replay:Mystery Machine":95,"PrismaticShard":105,"Smiling Mask":163,"Cursed Key":468,"Pet Ghost":55,"ClockworkSouvenir":441,"Chameleon Ring":105,"Matryoshka":348,"thefirefly:RepairArm":112,"Gambling Chip":247,"Red Mask":279,"thefirefly:StealthSystem":0,"Runesmith:Nanobots":257,"Lee\u0027s Waffle":348,"BargainBundle":482,"Replay:M_StaffOfTheSnake":489,"NeowsBlessing":30,"Quantum Egg":216,"Guide Book":471,"Replay:WaspNest":399,"Omamori":216,"Seething Fire":0,"White Beast Statue":105,"thefirefly:UpgradedSystem":82,"Calling Bell":243,"Pondfish Scales":134,"Busted Crown":243,"Ornamental Fan":482,"ChewingGum":243,"Art of War":90,"Garlic":364,"Bottled Lightning":261,"TungstenRod":482}],"TungstenRod":7},"card_choices":[{"not_picked":["FlurryOfBlows","ClearTheMind"],"picked":"MarkedMod:Acupuncture","floor":1},{"not_picked":["SashWhip","Worship","SignatureMove"],"picked":"SKIP","floor":2},{"not_picked":["Replay:Anticipation","Protect"],"picked":"SandsOfTime","floor":4},{"not_picked":["CrushJoints","TalkToTheHand"],"picked":"Crescendo","floor":5}],"player_experience":808761,"relics_obtained":[],"event_choices":[],"is_beta":false,"boss_relics":[],"items_purged_floors":[0],"is_endless":false,"potions_floor_spawned":[5],"killed_by":"Lagavulin","ascension_level":0}}