{"host":"sav7uxregyirlf69","time":1609555001,"event":{"mods":["AchievementEnabler","BaseMod","Colored Map","DeckTracker","Keyboard Shortcuts","Minty Spire (QoL Compilation)","READ ME - Guardian Mod","StSLib","SuperFastMode"],"gold_per_floor":[117,192,24,35,50,50,70,70,70,101,101,112,112,137,137,232,232,250,300,300,318,332,332,65,65,65,65,105,119,119,119,119,119,119],"floor_reached":33,"playtime":484,"items_purged":["Strike_R"],"score":530,"play_id":"76d4e0d3-3290-45bd-a9cc-aedcce24c1df","local_time":"20210102113641","is_ascension_mode":true,"campfire_choices":[{"data":"Uppercut","floor":6,"key":"SMITH"},{"data":"Shockwave","floor":11,"key":"SMITH"},{"data":"Disarm","floor":15,"key":"SMITH"},{"data":"Limit Break","floor":23,"key":"SMITH"},{"data":"True Grit","floor":25,"key":"SMITH"},{"floor":30,"key":"REST"},{"data":"Flex","floor":32,"key":"SMITH"}],"circlet_count":0,"master_deck":["AscendersBane","Strike_R","Strike_R","Strike_R","Strike_R","Defend_R","Defend_R","Defend_R","Defend_R","Bash","Shockwave+1","Uppercut+1","Shrug It Off","Offering","Disarm+1","Limit Break+1","Flex+1","Power Through","True Grit+1","Burning Pact"],"relics":["Burning Blood","Art of War","Red Skull","Boot","Singing Bowl","Bloody Idol","SacredBark","PreservedInsect","Gremlin Horn","MutagenicStrength","Charon\u0027s Ashes"],"acts_visited":["Exordium","TheCity"],"potions_floor_usage":[7,18,28,28,33],"damage_taken":[{"damage":9,"enemies":"Jaw Worm","floor":1,"turns":4},{"damage":7,"enemies":"2 Louse","floor":4,"turns":3},{"damage":1,"enemies":"Small Slimes","floor":5,"turns":4},{"damage":3,"enemies":"Looter","floor":7,"turns":4},{"damage":26,"enemies":"Gremlin Nob","floor":10,"turns":4},{"damage":6,"enemies":"2 Fungi Beasts","floor":12,"turns":3},{"damage":10,"enemies":"Blue Slaver","floor":14,"turns":3},{"damage":34,"enemies":"Hexaghost","floor":16,"turns":11},{"damage":23,"enemies":"2 Thieves","floor":18,"turns":4},{"damage":14,"enemies":"Chosen","floor":21,"turns":4},{"damage":11,"enemies":"Centurion and Healer","floor":22,"turns":6},{"damage":13,"enemies":"Book of Stabbing","floor":28,"turns":5},{"damage":43,"enemies":"Shelled Parasite and Fungi","floor":29,"turns":7},{"damage":61,"enemies":"Collector","floor":33,"turns":7}],"seed_played":"-6977358534689653469","potions_obtained":[{"floor":4,"key":"AttackPotion"},{"floor":5,"key":"Regen Potion"},{"floor":7,"key":"Explosive Potion"},{"floor":18,"key":"BlessingOfTheForge"},{"floor":29,"key":"Swift Potion"}],"is_trial":false,"path_per_floor":["M","?","$","M","M","R","M","?","T","E","R","M","?","M","R","B",null,"M","?","?","M","M","R","$","R","T","?","E","M","R","?","R","B"],"character_chosen":"IRONCLAD","items_purchased":["Red Skull","True Grit","PreservedInsect"],"campfire_rested":1,"item_purchase_floors":[3,24,24],"current_hp_per_floor":[65,54,54,53,58,58,61,61,61,41,41,41,41,39,39,11,55,40,40,40,32,27,27,27,27,27,27,54,19,41,41,41,0,0],"gold":119,"neow_bonus":"RANDOM_COMMON_RELIC","is_daily":false,"chose_seed":false,"campfire_upgraded":6,"win_rate":0.0,"timestamp":1609555001,"path_taken":["M","?","$","M","M","R","M","?","T","E","R","M","?","M","R","BOSS","M","?","?","M","M","R","$","R","T","?","E","M","R","?","R","BOSS"],"items_purchased_type":["Relic","Card","Relic"],"build_version":"2020-12-22","purchased_purges":1,"victory":false,"max_hp_per_floor":[75,75,75,75,75,75,75,75,75,75,75,75,68,70,70,70,70,72,72,72,72,72,72,72,72,72,72,72,74,74,74,74,74,74],"card_choices":[{"not_picked":["Twin Strike","Anger"],"picked":"Shockwave","floor":1},{"not_picked":["Flex","Dropkick"],"picked":"Uppercut","floor":4},{"not_picked":["Intimidate","Headbutt"],"picked":"Shrug It Off","floor":5},{"not_picked":["Sever Soul","Armaments","Warcry"],"picked":"SKIP","floor":7},{"not_picked":["Searing Blow","Carnage"],"picked":"Offering","floor":10},{"not_picked":["Clothesline","Second Wind"],"picked":"Disarm","floor":12},{"not_picked":["Infernal Blade","Anger","Cleave"],"picked":"Singing Bowl","floor":14},{"not_picked":["Feed","Berserk"],"picked":"Limit Break","floor":16},{"not_picked":["Armaments","Hemokinesis","Combust"],"picked":"Singing Bowl","floor":18},{"not_picked":["Cleave","Clash"],"picked":"Flex","floor":21},{"not_picked":["Cleave","Sentinel"],"picked":"Power Through","floor":22},{"not_picked":["Shrug It Off","Twin Strike"],"picked":"Burning Pact","floor":28},{"not_picked":["Clothesline","Warcry","Cleave"],"picked":"Singing Bowl","floor":29}],"player_experience":1105713,"relics_obtained":[{"floor":9,"key":"Boot"},{"floor":10,"key":"Singing Bowl"},{"floor":26,"key":"Gremlin Horn"},{"floor":28,"key":"Charon\u0027s Ashes"}],"event_choices":[{"damage_healed":0,"gold_gain":75,"player_choice":"Gather Gold","damage_taken":11,"max_hp_gain":0,"max_hp_loss":0,"event_name":"World of Goop","floor":2,"gold_loss":0},{"damage_healed":0,"gold_gain":0,"player_choice":"Leave","damage_taken":0,"max_hp_gain":0,"max_hp_loss":0,"event_name":"The Cleric","floor":8,"gold_loss":0},{"damage_healed":0,"gold_gain":0,"player_choice":"Lose Max HP","damage_taken":0,"relics_obtained":["Golden Idol"],"max_hp_gain":0,"max_hp_loss":7,"event_name":"Golden Idol","floor":13,"gold_loss":0},{"damage_healed":0,"gold_gain":50,"player_choice":"Stole From Cult","damage_taken":0,"max_hp_gain":0,"max_hp_loss":0,"event_name":"Nest","floor":19,"gold_loss":0},{"damage_healed":0,"gold_gain":0,"player_choice":"Ignored","damage_taken":0,"max_hp_gain":0,"max_hp_loss":0,"event_name":"Ghosts","floor":20,"gold_loss":0},{"damage_healed":0,"gold_gain":0,"player_choice":"Inject Mutagens","damage_taken":0,"relics_obtained":["MutagenicStrength"],"max_hp_gain":0,"max_hp_loss":0,"event_name":"Drug Dealer","floor":27,"gold_loss":0},{"damage_healed":0,"gold_gain":0,"player_choice":"Gave Idol","damage_taken":0,"relics_obtained":["Bloody Idol"],"max_hp_gain":0,"max_hp_loss":0,"event_name":"Forgotten Altar","floor":31,"relics_lost":["Golden Idol"],"gold_loss":0}],"is_beta":false,"boss_relics":[{"not_picked":["Tiny House","Mark of Pain"],"picked":"SacredBark"}],"items_purged_floors":[24],"is_endless":false,"potions_floor_spawned":[4,5,7,14,16,18,22,29],"killed_by":"Collector","ascension_level":20}}