{"host":"xu0zbcebhy6w9mdv","time":1609560886,"event":{"mods":["AchievementEnabler","Act Like it!","Aspiration","BaseMod","Better Match","Better Third Choice","BetterRewards","Colored Powertips","Downfall","Duelist Mod","Friendly Minions","Gensokyo","Hallownest","Hubris","Infinite Spire","Marisa????????","Minty Spire (QoL Compilation)","Potionbrewer","Quick Restart","READ ME - Guardian Mod","READ ME - Snecko Mod","Rare Cards Sparkle","Replay The Spire","Shop Mod","StSLib","The Animator","The Blackbeard","The Bug Knight","The Cursed","The Hierophant","The Necromancer","The Runesmith","The Servant 0.9.4"],"gold_per_floor":[136,156,256,26,50,50,83,83,109,139,164,205,224,224,224,309,309,327,327,327,344,363,363,394,414,414,455,455,496,268,183,183,267,267,294,488,521,521,0,0,24,24,98,132,159,159,186,222,222,232],"floor_reached":51,"playtime":2799,"items_purged":["Injury","TheCursedMod:Dregs"],"score":1632,"play_id":"1dea15c5-c74a-4978-9c27-dc6b2493a17d","local_time":"20210101231446","is_ascension_mode":true,"campfire_choices":[{"data":"Mayhem","floor":6,"key":"SMITH"},{"data":"theDuelist:SliferSky","floor":8,"key":"SMITH"},{"floor":15,"key":"REST"},{"data":"theDuelist:CyberDragonSieger","floor":23,"key":"SMITH"},{"floor":28,"key":"REST"},{"floor":32,"key":"REST"},{"floor":40,"key":"REST"},{"data":"theDuelist:CyberDragonCore","floor":40,"key":"SMITH"},{"data":"theDuelist:LordD","floor":42,"key":"SMITH"},{"floor":49,"key":"REST"},{"floor":49,"key":"DIG"}],"circlet_count":0,"master_deck":["theDuelist:CoralDragon","theDuelist:CaveDragon","theDuelist:CastleWalls","infinitespire:Fortify","theDuelist:Sparks","theDuelist:TailSwipe","theDuelist:ThreateningRoar","theDuelist:ArmageddonDragonEmp","theDuelist:SpiralSpearStrike","theDuelist:LordD+1","AscendersBane","theDuelist:LesserDragon","theDuelist:MaskedDragon","theDuelist:CastleWalls","theDuelist:YamataDragon","theDuelist:DragonMastery+1","theDuelist:LesserDragon","theDuelist:AncientPixieDragon","theDuelist:CyberDragonSieger+1","Mayhem+1","theDuelist:Sparks","theDuelist:BabyDragon","theDuelist:SliferSky+1","theDuelist:CyberDragonCore+1","theDuelist:MirageDragon","theDuelist:MetalDragon","Injury","theDuelist:CaveDragon"],"relics":["theDuelist:MillenniumPuzzle","theDuelist:CardPoolRelic","theDuelist:CardPoolBasicRelic","theDuelist:BoosterPackPoolRelic","theDuelist:CardPoolAddRelic","theDuelist:CardPoolMinusRelic","theDuelist:CardPoolSaveRelic","theDuelist:CardPoolOptionsRelic","hubris:IronBody","Vajra","theDuelist:DuelistOrichalcum","theDuelist:DuelistUrn","Centennial Puzzle","Replay:Bandana","hubris:Metronome","CultistMask","Replay:Ancient Bell","Anchor","theDuelist:DragonRelicC","theDuelist:DragonRelicB","animator:Buoy","Darkstone Periapt","Magic Flower","hubris:MysteriousPyramids","Shovel","Replay:Baseball","Philosopher\u0027s Stone","infinitespire:Magic Flask","Red Mask","Ornamental Fan","Replay:Mystery Machine"],"acts_visited":["Exordium","TheCity","TheBeyond"],"potions_floor_usage":[12,24,27,33,44,44,50,50],"damage_taken":[{"damage":8,"enemies":"2 Louse","floor":1,"turns":5},{"damage":1,"enemies":"Cultist","floor":2,"turns":4},{"damage":6,"enemies":"Lagavulin","floor":7,"turns":4},{"damage":14,"enemies":"Gremlin Nob","floor":10,"turns":3},{"damage":13,"enemies":"infinitespire:Voidling","floor":11,"turns":2},{"damage":7,"enemies":"HollowMod:MossKnight","floor":12,"turns":5},{"damage":2,"enemies":"Looter","floor":13,"turns":2},{"damage":10,"enemies":"The Guardian","floor":16,"turns":8},{"damage":0,"enemies":"3 Byrds","floor":18,"turns":7},{"damage":0,"enemies":"Shell Parasite","floor":21,"turns":5},{"damage":7,"enemies":"Cultist and Chosen","floor":22,"turns":6},{"damage":29,"enemies":"Nightmare","floor":24,"turns":8},{"damage":11,"enemies":"Centurion and Healer","floor":25,"turns":5},{"damage":49,"enemies":"Gremlin Leader","floor":27,"turns":7},{"damage":8,"enemies":"HollowMod:Nosk","floor":29,"turns":6},{"damage":1,"enemies":"Champ","floor":33,"turns":7},{"damage":6,"enemies":"3 Shapes","floor":35,"turns":8},{"damage":23,"enemies":"Mind Bloom Boss Battle","floor":37,"turns":6},{"damage":0,"enemies":"Orb Walker","floor":41,"turns":4},{"damage":0,"enemies":"Jaw Worm Horde","floor":44,"turns":5},{"damage":0,"enemies":"Maw","floor":45,"turns":4},{"damage":24,"enemies":"Sphere and 2 Shapes","floor":47,"turns":5},{"damage":10,"enemies":"3 Darklings","floor":48,"turns":3},{"damage":20,"enemies":"Donu and Deca","floor":50,"turns":9}],"seed_played":"6655594397320334711","potions_obtained":[{"floor":1,"key":"SteroidPotion"},{"floor":7,"key":"Death Potion"},{"floor":22,"key":"theDuelist:OrbBottle"},{"floor":24,"key":"SkillPotion"},{"floor":27,"key":"theDuelist:VampireVial"},{"floor":33,"key":"potionbrewer:EndurancePotion"},{"floor":37,"key":"theDuelist:WaterBottle"},{"floor":47,"key":"theDuelist:BottledKuriboh"},{"floor":48,"key":"Fire Potion"}],"is_trial":false,"path_per_floor":["M","M","?","$","T","R","E","R","T","E","M","E","M","?","R","B",null,"M","AVR","?","M","M","R","NM","M","T","E","R","E","$","?","R","B",null,"M","?","?","?","?","R","M","R","T","M","M","?","M","M","R","B",null],"character_chosen":"THE_DUELIST","items_purchased":["theDuelist:SliferSky","Mayhem","Vajra","theDuelist:SpiralSpearStrike","theDuelist:DragonMastery"],"campfire_rested":5,"item_purchase_floors":[0,0,4,4,30],"current_hp_per_floor":[87,86,86,86,86,86,80,80,80,66,53,50,48,48,81,73,102,110,110,110,111,104,104,83,74,74,28,61,59,59,59,92,97,108,108,81,64,64,64,97,103,103,103,106,109,82,67,60,93,85],"gold":232,"neow_bonus":"","is_daily":false,"chose_seed":false,"campfire_upgraded":5,"win_rate":0.0,"timestamp":1609560886,"path_taken":["M","M","?","$","?","R","E","R","T","E","M","E","?","?","R","BOSS","M","AVR","?","M","?","R","NM","M","T","E","R","E","$","?","R","BOSS","M","?","?","?","?","R","M","R","T","M","M","?","M","M","R","BOSS"],"items_purchased_type":["Card","Card","Relic","Card","Card"],"build_version":"2020-12-22","purchased_purges":2,"victory":true,"max_hp_per_floor":[111,111,111,111,111,111,111,111,111,111,111,111,111,111,111,111,111,111,111,111,111,111,111,111,111,111,111,111,111,111,111,111,111,111,111,111,111,111,111,111,111,111,111,111,111,111,111,111,111,111],"card_choices":[{"not_picked":["theDuelist:Beatraptor","theDuelist:MegafleetDragon","theDuelist:LordD","theDuelist:BusterDrake","theDuelist:FiendSkull"],"picked":"SKIP","floor":1},{"not_picked":["theDuelist:Pyrorex","theDuelist:SphereChaos","theDuelist:BusterDrake","theDuelist:CyberValley","theDuelist:BlackBrachios"],"picked":"SKIP","floor":2},{"not_picked":["theDuelist:ThreateningRoar","theDuelist:SphereChaos","theDuelist:LeviaDragon","theDuelist:Freezadon","theDuelist:SnowDragon"],"picked":"SKIP","floor":7},{"not_picked":["theDuelist:TwinHeadedFire","theDuelist:ScrapIronScarecrow","theDuelist:LavaDragon","theDuelist:SphereChaos"],"picked":"theDuelist:ThreateningRoar","floor":10},{"not_picked":["theDuelist:TwinBarrelDragon","theDuelist:CurseDragon","theDuelist:BlackPtera","theDuelist:BlackBrachios"],"picked":"theDuelist:MaskedDragon","floor":11},{"not_picked":["theDuelist:TornadoDragon","theDuelist:RedHeadedOni","theDuelist:RedDragonArchfiend","theDuelist:ArmedDragon5"],"picked":"theDuelist:MetalDragon","floor":12},{"not_picked":["theDuelist:TwinBarrelDragon","theDuelist:BusterDrake","theDuelist:ViceDragon","theDuelist:DefenseZone","theDuelist:DragonPiper"],"picked":"SKIP","floor":13},{"not_picked":["Sickly","hexamod:Haunted"],"picked":"TheCursedMod:Dregs","floor":17},{"not_picked":["infinitespire:Pacifist","hubris:Wrath"],"picked":"Injury","floor":17},{"not_picked":["CommonCold","hubris:Wrath"],"picked":"Injury","floor":17},{"not_picked":["theDuelist:Vandalgyon","theDuelist:CyberDragonCore","theDuelist:BarrelDragon+1","theDuelist:ArmedDragon5"],"picked":"theDuelist:CyberDragonSieger","floor":18},{"not_picked":["theDuelist:GiantRex","theDuelist:RedDragonArchfiend+1","theDuelist:VolcanicEruption","theDuelist:ArtifactIgnition+1"],"picked":"theDuelist:CoralDragon","floor":21},{"not_picked":["theDuelist:WaterDragonCluster+1","theDuelist:EvilMind","theDuelist:Dracocension","theDuelist:AncientRules","theDuelist:DarkstormDragon"],"picked":"SKIP","floor":22},{"not_picked":["theDuelist:Beatraptor","theDuelist:RedRisingDragon","theDuelist:AncientPixieDragon","theDuelist:EvilMind"],"picked":"theDuelist:LordD","floor":24},{"not_picked":["theDuelist:Hinotama","theDuelist:LightningDarts","theDuelist:BlockGolem+1","theDuelist:PurplePainOni","theDuelist:ShardGreed"],"picked":"SKIP","floor":25},{"not_picked":["theDuelist:BlackPtera","theDuelist:BabyDragon","theDuelist:AquaDolphin","theDuelist:DragonRavine"],"picked":"theDuelist:MirageDragon","floor":27},{"not_picked":["theDuelist:DarkHorus","theDuelist:CurseDragon+1","theDuelist:BlackStego+1","theDuelist:Beatraptor","theDuelist:Kabazauls"],"picked":"SKIP","floor":29},{"not_picked":["theDuelist:SurvivalFittest","theDuelist:Lancephorhynchus","theDuelist:DragonMastery","theDuelist:BusterBladerDDS"],"picked":"theDuelist:TailSwipe","floor":33},{"not_picked":["theDuelist:FiendSkull","theDuelist:GravityLash+1"],"picked":"theDuelist:ArmageddonDragonEmp","floor":35},{"not_picked":["theDuelist:MadSwordBeast+1","theDuelist:CurseDragon","theDuelist:Duoterion","theDuelist:CyberDragonCore","theDuelist:CyberDragonSieger+1"],"picked":"SKIP","floor":41},{"not_picked":["theDuelist:BattleguardKing","theDuelist:BigFire","theDuelist:LightningDarts","theDuelist:Raigeki","theDuelist:RainbowOverdragon"],"picked":"SKIP","floor":44},{"not_picked":["theDuelist:BattleguardKing","theDuelist:BigFire+1","theDuelist:Hinotama+1","theDuelist:RainbowOverdragon","theDuelist:LightningDarts+2"],"picked":"SKIP","floor":45},{"not_picked":["infinitespire:DeathsTouch","infinitespire:FinalStrike"],"picked":"infinitespire:Fortify","floor":46},{"not_picked":["theDuelist:Beatraptor","theDuelist:Anthrosaurus","theDuelist:CyberDinosaur","theDuelist:Earthquake+1"],"picked":"theDuelist:AncientPixieDragon","floor":47},{"not_picked":["theDuelist:SauropodBrachion","theDuelist:HazyFlameHydra","theDuelist:Babycerasaurus","theDuelist:Anthrosaurus","theDuelist:Lancephorhynchus"],"picked":"SKIP","floor":48}],"player_experience":518316,"relics_obtained":[{"floor":5,"key":"theDuelist:DuelistOrichalcum"},{"floor":7,"key":"theDuelist:DuelistUrn"},{"floor":9,"key":"Centennial Puzzle"},{"floor":10,"key":"Replay:Bandana"},{"floor":12,"key":"hubris:Metronome"},{"floor":24,"key":"Darkstone Periapt"},{"floor":26,"key":"Magic Flower"},{"floor":27,"key":"hubris:MysteriousPyramids"},{"floor":29,"key":"Shovel"},{"floor":37,"key":"infinitespire:Magic Flask"},{"floor":43,"key":"Ornamental Fan"},{"floor":49,"key":"Replay:Mystery Machine"}],"event_choices":[{"damage_healed":0,"gold_gain":100,"player_choice":"Pray","damage_taken":0,"max_hp_gain":0,"max_hp_loss":0,"event_name":"Golden Shrine","floor":3,"gold_loss":0},{"damage_healed":0,"gold_gain":0,"player_choice":"Trade","damage_taken":0,"relics_obtained":["CultistMask"],"max_hp_gain":0,"max_hp_loss":0,"event_name":"FaceTrader","floor":14,"gold_loss":0},{"damage_healed":0,"gold_gain":0,"player_choice":"Read","damage_taken":0,"max_hp_gain":0,"max_hp_loss":0,"event_name":"The Library","floor":20,"gold_loss":0,"cards_obtained":["theDuelist:CyberDragonCore"]},{"damage_healed":0,"gold_gain":0,"player_choice":"Obtained Relic","damage_taken":0,"relics_obtained":["Replay:Baseball"],"max_hp_gain":0,"max_hp_loss":0,"event_name":"Addict","floor":31,"gold_loss":85},{"damage_healed":0,"gold_gain":0,"player_choice":"Fight","damage_taken":0,"max_hp_gain":0,"max_hp_loss":0,"event_name":"MindBloom","floor":37,"gold_loss":0},{"damage_healed":0,"gold_gain":0,"player_choice":"Paid","damage_taken":0,"relics_obtained":["Red Mask"],"max_hp_gain":0,"max_hp_loss":0,"event_name":"Tomb of Lord Red Mask","floor":39,"gold_loss":521}],"is_beta":false,"boss_relics":[{"not_picked":["theDuelist:HauntedRelic","Runic Cube"],"picked":"Replay:Ancient Bell"},{"not_picked":["War Paint","Simple Rune"],"picked":"Anchor"},{"not_picked":["Pantograph","infinitespire:Eraser"],"picked":"theDuelist:DragonRelicC"},{"not_picked":["hubris:64BitClover","Replay:Arrowhead"],"picked":"theDuelist:DragonRelicB"},{"not_picked":["hubris:CrackedHourglass","Fusion Hammer"],"picked":"Philosopher\u0027s Stone"}],"items_purged_floors":[19,30],"is_endless":false,"potions_floor_spawned":[1,7,10,22,24,27,33,37,47,48],"ascension_level":13}}