{"host":"xcuflocadasoaqda","time":1609620437,"event":{"mods":["BaseMod","Bestiary","Filter the Spire","Minty Spire (QoL Compilation)","Relic Stats"],"gold_per_floor":[114,114,125,53,53,73,89,39,121,132,132,84,98,98,98,198,198,209,58,58,58,68,68,83,83,158,158,83,8,8,28,28,132,132,149,149,163,63,8,8,33,43,43,59,59,59,111,0,0,0,0],"floor_reached":50,"playtime":633,"items_purged":["Strike_R+1","Defend_R+1"],"score":510,"play_id":"6b7068a7-49cf-45e1-9cdd-a9048cfa8010","local_time":"20210102144717","is_ascension_mode":false,"campfire_choices":[{"data":"Whirlwind","floor":11.0,"key":"SMITH"},{"data":"Flex","floor":15.0,"key":"SMITH"},{"data":"Limit Break","floor":23.0,"key":"SMITH"},{"data":"Spot Weakness","floor":25.0,"key":"SMITH"},{"data":"Bash","floor":32.0,"key":"SMITH"},{"floor":40.0,"key":"REST"},{"floor":46,"key":"REST"},{"floor":49,"key":"REST"}],"circlet_count":0,"master_deck":["Strike_R+1","Strike_R+1","Defend_R+1","Bash+1","Whirlwind+1","Flex+1","Limit Break+1","Disarm+1"],"relics":["Black Blood","NeowsBlessing","Self Forming Clay","Brimstone","Meat on the Bone","MutagenicStrength","Philosopher\u0027s Stone","Boot","Darkstone Periapt","Bronze Scales","Bird Faced Urn","Red Mask"],"acts_visited":["Exordium","TheCity","TheBeyond"],"potions_floor_usage":[50],"damage_taken":[{"damage":0.0,"enemies":"2 Louse","floor":1.0,"turns":1.0},{"damage":0.0,"enemies":"Jaw Worm","floor":3.0,"turns":1.0},{"damage":0.0,"enemies":"Cultist","floor":6.0,"turns":1.0},{"damage":26.0,"enemies":"Blue Slaver","floor":7.0,"turns":4.0},{"damage":12.0,"enemies":"Looter","floor":10.0,"turns":3.0},{"damage":7.0,"enemies":"3 Louse","floor":13.0,"turns":2.0},{"damage":46.0,"enemies":"The Guardian","floor":16.0,"turns":8.0},{"damage":24.0,"enemies":"2 Thieves","floor":18.0,"turns":3.0},{"damage":4.0,"enemies":"3 Byrds","floor":21.0,"turns":2.0},{"damage":21.0,"enemies":"Snake Plant","floor":22.0,"turns":3.0},{"damage":13.0,"enemies":"Centurion and Healer","floor":24.0,"turns":3.0},{"damage":0.0,"enemies":"3 Cultists","floor":31.0,"turns":2.0},{"damage":47.0,"enemies":"Automaton","floor":33.0,"turns":6.0},{"damage":24.0,"enemies":"3 Shapes","floor":35.0,"turns":1.0},{"damage":17.0,"enemies":"Orb Walker","floor":37.0,"turns":2.0},{"damage":0.0,"enemies":"Reptomancer","floor":41.0,"turns":3.0},{"damage":0.0,"enemies":"3 Darklings","floor":42.0,"turns":1.0},{"damage":28,"enemies":"Maw","floor":44,"turns":3},{"damage":26,"enemies":"2 Orb Walkers","floor":47,"turns":2},{"damage":88,"enemies":"Awakened One","floor":50,"turns":5}],"seed_played":"4851657237617522696","potions_obtained":[{"floor":5.0,"key":"SmokeBomb"},{"floor":5.0,"key":"LiquidBronze"},{"floor":5.0,"key":"Fire Potion"},{"floor":33.0,"key":"Regen Potion"},{"floor":35.0,"key":"EssenceOfSteel"},{"floor":47,"key":"SmokeBomb"}],"is_trial":false,"path_per_floor":["M","?","M","$","?","M","M","?","T","M","R","$","M","?","R","B",null,"M","$","?","M","M","R","M","R","T","?","?","$","?","M","R","B",null,"M","?","M","$","?","R","E","M","T","M","$","R","?","?","R","B"],"character_chosen":"IRONCLAD","items_purchased":["Whirlwind","Flex","Brimstone"],"campfire_rested":3,"item_purchase_floors":[4,12,19],"current_hp_per_floor":[80,80,80,80,80,80,60,60,60,54,54,54,53,53,53,13,80,68,68,68,76,67,67,66,66,66,66,66,66,66,78,78,55,80,68,68,63,63,63,80,80,80,80,64,64,80,66,66,80,0,0],"gold":0,"neow_bonus":"THREE_ENEMY_KILL","is_daily":false,"chose_seed":false,"campfire_upgraded":5,"win_rate":0.0,"timestamp":1609620437,"path_taken":["M","?","M","$","?","M","?","?","T","M","R","$","M","?","R","BOSS","M","$","?","M","M","R","M","R","T","?","?","$","?","?","R","BOSS","M","?","M","$","?","R","E","M","T","?","?","R","?","?","R","BOSS"],"items_purchased_type":["Card","Card","Relic"],"build_version":"2020-12-22","purchased_purges":2,"victory":false,"max_hp_per_floor":[80,80,80,80,80,80,80,80,80,80,80,80,80,80,80,80,80,80,80,80,80,80,80,80,80,80,80,80,80,80,80,80,80,80,80,80,80,80,80,80,80,80,80,80,80,80,80,80,80,80,80],"relic_stats":{"Darkstone Periapt":0,"counters":[20,56],"Self Forming Clay":[108],"Bronze Scales":[29],"Bird Faced Urn":[0],"Black Blood":144,"Boot":[0],"obtain_stats":[{"Darkstone Periapt":41,"NeowsBlessing":0,"Self Forming Clay":9,"Black Blood":17,"Boot":39,"Burning Blood":0,"Brimstone":19,"MutagenicStrength":27,"Bronze Scales":43,"Bird Faced Urn":47,"Philosopher\u0027s Stone":34,"Red Mask":48,"Meat on the Bone":26},{"Darkstone Periapt":16,"NeowsBlessing":0,"Self Forming Clay":4,"Black Blood":7,"Boot":15,"Burning Blood":0,"Brimstone":8,"MutagenicStrength":11,"Bronze Scales":17,"Bird Faced Urn":19,"Philosopher\u0027s Stone":13,"Red Mask":19,"Meat on the Bone":11},{"Darkstone Periapt":45,"NeowsBlessing":0,"Self Forming Clay":7,"Black Blood":20,"Boot":42,"Burning Blood":0,"Brimstone":23,"MutagenicStrength":31,"Bronze Scales":46,"Bird Faced Urn":51,"Philosopher\u0027s Stone":39,"Red Mask":51,"Meat on the Bone":31}],"Meat on the Bone":12},"card_choices":[{"not_picked":["Body Slam","Clash"],"picked":"Spot Weakness","floor":7.0},{"not_picked":["Offering","Exhume"],"picked":"Limit Break","floor":16.0},{"not_picked":["Sword Boomerang","Clothesline+1"],"picked":"Disarm+1","floor":44}],"player_experience":1866272,"relics_obtained":[{"floor":9.0,"key":"Self Forming Clay"},{"floor":26.0,"key":"Meat on the Bone"},{"floor":41.0,"key":"Darkstone Periapt"},{"floor":43,"key":"Bronze Scales"},{"floor":47,"key":"Bird Faced Urn"}],"event_choices":[{"cards_removed":["Defend_R"],"damage_healed":0.0,"max_hp_gain":0.0,"max_hp_loss":0.0,"gold_gain":0.0,"event_name":"Living Wall","player_choice":"Forget","floor":2.0,"gold_loss":0.0,"damage_taken":0.0},{"damage_healed":0.0,"max_hp_gain":0.0,"max_hp_loss":0.0,"gold_gain":0.0,"event_name":"Lab","player_choice":"Got Potions","floor":5.0,"gold_loss":0.0,"damage_taken":0.0},{"cards_removed":["Defend_R"],"damage_healed":0.0,"max_hp_gain":0.0,"max_hp_loss":0.0,"gold_gain":0.0,"event_name":"The Cleric","player_choice":"Card Removal","floor":8.0,"gold_loss":50.0,"damage_taken":0.0},{"damage_healed":0.0,"max_hp_gain":0.0,"max_hp_loss":0.0,"gold_gain":0.0,"event_name":"Liars Game","player_choice":"Ignored","floor":14.0,"gold_loss":0.0,"damage_taken":0.0},{"damage_healed":0.0,"max_hp_gain":0.0,"max_hp_loss":0.0,"gold_gain":0.0,"event_name":"Back to Basics","player_choice":"Simplicity","floor":20.0,"gold_loss":0.0,"damage_taken":0.0,"cards_upgraded":["Strike_R","Strike_R","Strike_R","Strike_R","Strike_R","Defend_R","Defend_R"]},{"damage_healed":0.0,"max_hp_gain":0.0,"max_hp_loss":0.0,"gold_gain":0.0,"event_name":"Drug Dealer","player_choice":"Inject Mutagens","floor":27.0,"gold_loss":0.0,"damage_taken":0.0,"relics_obtained":["MutagenicStrength"]},{"cards_removed":["Strike_R"],"damage_healed":0.0,"max_hp_gain":0.0,"max_hp_loss":0.0,"gold_gain":0.0,"event_name":"Beggar","player_choice":"Gave Gold","floor":28.0,"gold_loss":75.0,"damage_taken":0.0},{"cards_removed":["Strike_R"],"damage_healed":0.0,"max_hp_gain":0.0,"max_hp_loss":0.0,"gold_gain":0.0,"event_name":"Bonfire Elementals","player_choice":"Offered Basic","floor":30.0,"gold_loss":0.0,"damage_taken":0.0},{"cards_removed":["Spot Weakness"],"damage_healed":0.0,"max_hp_gain":0.0,"max_hp_loss":0.0,"gold_gain":0.0,"event_name":"Falling","player_choice":"Removed Skill","floor":36.0,"gold_loss":0.0,"damage_taken":0.0},{"damage_healed":0.0,"max_hp_gain":0.0,"max_hp_loss":0.0,"gold_gain":0.0,"event_name":"WeMeetAgain","player_choice":"Paid Gold","floor":39.0,"gold_loss":55.0,"damage_taken":0.0,"relics_obtained":["Boot"]},{"damage_healed":0,"gold_gain":0,"player_choice":"Fight","damage_taken":0,"max_hp_gain":0,"max_hp_loss":0,"event_name":"Mysterious Sphere","floor":47,"gold_loss":0},{"damage_healed":0,"gold_gain":0,"player_choice":"Paid","damage_taken":0,"relics_obtained":["Red Mask"],"max_hp_gain":0,"max_hp_loss":0,"event_name":"Tomb of Lord Red Mask","floor":48,"gold_loss":111}],"is_beta":false,"boss_relics":[{"not_picked":["Runic Cube","SacredBark"],"picked":"Black Blood"},{"not_picked":["Runic Pyramid","Cursed Key"],"picked":"Philosopher\u0027s Stone"}],"items_purged_floors":[29,38],"is_endless":false,"potions_floor_spawned":[7,21,33,35,42,47],"killed_by":"Awakened One","ascension_level":0}}