{"host":"p7j7o00jacnw7qzt","time":1609555802,"event":{"mods":["BaseMod","Colored Map","Colored Powertips","DeckTracker","Highlight Path","Minty Spire (QoL Compilation)","Relic Stats"],"gold_per_floor":[115,40,40,0,0,0,13,13,13,33,68,68,93,113,113,187,187,202,202,221,271,271,271],"floor_reached":22,"playtime":865,"items_purged":[],"score":384,"play_id":"0ba823b8-02af-4713-a73b-6c9568f7802d","local_time":"20210101215002","is_ascension_mode":true,"campfire_choices":[{"data":"Defend_G","floor":6.0,"key":"PURGE"},{"data":"Strike_G","floor":8.0,"key":"PURGE"},{"data":"Strike_G","floor":15.0,"key":"PURGE"}],"circlet_count":0,"master_deck":["AscendersBane","Defend_G","Defend_G","Defend_G","Defend_G","Survivor","Neutralize","Blade Dance","Underhanded Strike","Tactician","Grand Finale","Footwork","Dagger Throw","Wraith Form v2","Prepared"],"relics":["Ring of the Snake","NeowsBlessing","Snake Skull","Peace Pipe","Orichalcum","PreservedInsect","Darkstone Periapt","Empty Cage"],"acts_visited":["Exordium","TheCity"],"potions_floor_usage":[],"damage_taken":[{"damage":0.0,"enemies":"Cultist","floor":1.0,"turns":1.0},{"damage":0.0,"enemies":"2 Louse","floor":7.0,"turns":1.0},{"damage":0.0,"enemies":"Jaw Worm","floor":10.0,"turns":1.0},{"damage":13.0,"enemies":"3 Sentries","floor":11.0,"turns":10.0},{"damage":5.0,"enemies":"Gremlin Nob","floor":13.0,"turns":3.0},{"damage":4.0,"enemies":"Red Slaver","floor":14.0,"turns":3.0},{"damage":24.0,"enemies":"The Guardian","floor":16.0,"turns":16.0},{"damage":8.0,"enemies":"3 Byrds","floor":18.0,"turns":6.0},{"damage":15.0,"enemies":"2 Thieves","floor":20.0,"turns":4.0},{"damage":7,"enemies":"Shelled Parasite and Fungi","floor":22,"turns":1}],"seed_played":"-4550302775345115877","potions_obtained":[{"floor":7.0,"key":"SkillPotion"},{"floor":10.0,"key":"FearPotion"},{"floor":14.0,"key":"SteroidPotion"},{"floor":16.0,"key":"SteroidPotion"}],"is_trial":false,"path_per_floor":["M","?","?","$","?","R","M","R","T","M","E","?","E","M","R","B",null,"M","?","M","?","M"],"character_chosen":"THE_SILENT","items_purchased":["Well Laid Plans"],"campfire_rested":0,"item_purchase_floors":[4],"current_hp_per_floor":[59,59,48,48,48,48,48,48,48,48,35,35,30,26,26,2,50,42,24,9,2,0,0],"gold":271,"neow_bonus":"THREE_ENEMY_KILL","is_daily":false,"chose_seed":false,"campfire_upgraded":0,"win_rate":0.0,"timestamp":1609555802,"path_taken":["M","?","?","$","?","R","M","R","T","?","E","?","E","M","R","BOSS","M","?","M","?","?"],"items_purchased_type":["Card"],"build_version":"2020-12-22","purchased_purges":0,"victory":false,"max_hp_per_floor":[66,66,66,66,66,66,66,66,66,66,66,66,66,66,66,66,66,66,71,71,71,71,71],"relic_stats":{"Peace Pipe":3,"Darkstone Periapt":0,"counters":[10,46],"Snake Skull":[0],"PreservedInsect":22,"Orichalcum":[108],"obtain_stats":[{"Peace Pipe":5,"Darkstone Periapt":13,"NeowsBlessing":0,"Snake Skull":3,"PreservedInsect":11,"Orichalcum":9,"Empty Cage":17,"Ring of the Snake":0},{"Peace Pipe":1,"Darkstone Periapt":5,"NeowsBlessing":0,"Snake Skull":1,"PreservedInsect":4,"Orichalcum":2,"Empty Cage":7,"Ring of the Snake":0},{"Peace Pipe":1,"Darkstone Periapt":16,"NeowsBlessing":0,"Snake Skull":1,"PreservedInsect":13,"Orichalcum":2,"Empty Cage":35,"Ring of the Snake":0}],"Ring of the Snake":[20]},"card_choices":[{"not_picked":["Slice","Endless Agony","Bane"],"picked":"SKIP","floor":1.0},{"not_picked":["Deadly Poison","Distraction"],"picked":"Blade Dance","floor":7.0},{"not_picked":["PiercingWail","Dodge and Roll"],"picked":"Underhanded Strike","floor":10.0},{"not_picked":["Quick Slash","Underhanded Strike"],"picked":"Tactician","floor":11.0},{"not_picked":["Night Terror","Dodge and Roll"],"picked":"Dagger Throw","floor":13.0},{"not_picked":["Underhanded Strike","Cloak And Dagger","Backstab"],"picked":"SKIP","floor":14.0},{"not_picked":["Grand Finale","Bullet Time"],"picked":"Wraith Form v2","floor":16.0},{"not_picked":["Dagger Spray","Concentrate","Flying Knee+1"],"picked":"SKIP","floor":18.0},{"not_picked":["Deadly Poison","Slice"],"picked":"Prepared","floor":20.0}],"player_experience":914561,"relics_obtained":[{"floor":9.0,"key":"Orichalcum"},{"floor":11.0,"key":"PreservedInsect"},{"floor":13.0,"key":"Darkstone Periapt"}],"event_choices":[{"cards_removed":["Strike_G"],"damage_healed":0.0,"max_hp_gain":0.0,"max_hp_loss":0.0,"gold_gain":0.0,"event_name":"The Cleric","player_choice":"Card Removal","floor":2.0,"gold_loss":75.0,"damage_taken":0.0},{"damage_healed":0.0,"max_hp_gain":0.0,"max_hp_loss":0.0,"gold_gain":0.0,"event_name":"Scrap Ooze","player_choice":"Success","floor":3.0,"gold_loss":0.0,"damage_taken":11.0,"relics_obtained":["Snake Skull"]},{"cards_removed":["Well Laid Plans"],"damage_healed":0.0,"max_hp_gain":0.0,"max_hp_loss":0.0,"gold_gain":0.0,"event_name":"WeMeetAgain","player_choice":"Gave Card","floor":5.0,"gold_loss":0.0,"damage_taken":0.0,"relics_obtained":["Peace Pipe"]},{"damage_healed":0.0,"max_hp_gain":0.0,"max_hp_loss":0.0,"gold_gain":0.0,"event_name":"Match and Keep!","player_choice":"2 cards matched","floor":12.0,"gold_loss":0.0,"damage_taken":0.0,"cards_obtained":["Grand Finale","Footwork"]},{"damage_healed":0.0,"max_hp_gain":5.0,"max_hp_loss":0.0,"gold_gain":0.0,"event_name":"Forgotten Altar","player_choice":"Shed Blood","floor":19.0,"gold_loss":0.0,"damage_taken":23.0},{"damage_healed":0,"gold_gain":50,"player_choice":"Touch","damage_taken":7,"max_hp_gain":0,"max_hp_loss":0,"event_name":"FaceTrader","floor":21,"gold_loss":0}],"is_beta":false,"boss_relics":[{"not_picked":["Velvet Choker","Ring of the Serpent"],"picked":"Empty Cage"}],"items_purged_floors":[],"is_endless":false,"potions_floor_spawned":[7,10,14,16],"killed_by":"Shelled Parasite and Fungi","ascension_level":20}}