{"host":"7sy3dyg71hje4mzx","time":1609594786,"event":{"mods":["BaseMod","Marisa????????","Minty Spire (QoL Compilation)","StSLib"],"gold_per_floor":[214,214,229,243,263,296,296,312,335,335,353,353,112,135,135,234,234,249,249,317,329,340,340,358,385,439,499,517,182,182,232,232,332,332,344,394,115,135,145,145,171,185,212,0,12,12,62,72,72,72,72],"floor_reached":50,"playtime":2766,"items_purged":[],"score":573,"play_id":"af8d4399-1ae3-4451-86a6-fabf6c50fcf3","local_time":"20210103003946","is_ascension_mode":false,"campfire_choices":[{"floor":7,"key":"REST"},{"data":"MilkyWay","floor":10,"key":"SMITH"},{"floor":15,"key":"REST"},{"floor":23,"key":"REST"},{"floor":30,"key":"REST"},{"floor":32,"key":"REST"},{"floor":40,"key":"REST"},{"floor":49,"key":"REST"}],"circlet_count":0,"master_deck":["Strike_MRS","Strike_MRS","Strike_MRS","Defend_MRS","Defend_MRS","Defend_MRS","Defend_MRS","MasterSpark","UpSweep","MilkyWay+1","EnergyFlow","DC","MysteriousBeam+1","RefractionSpark+1","Occultation","MilkyWay","Parasite","Parasite","MaximisePower","RefractionSpark+1","DragonMeteor","MagicAbsorber","MysteriousBeam","MachineGunSpark","PowerUp","SuperPerseids","MagicChant+1","LuminesStrike","MasterSpark","StarDustReverie","OortCloud+1","Trip","PowerUp","EnergyFlow","BlazeAway+1","EnergyFlow+1","MilkyWay+1","DarkMatter"],"relics":["MiniHakkero","Vajra","Whetstone","Pen Nib","Bottled Lightning","ShroomBag","RampagingMagicTools","SsserpentHead","Regal Pillow","SimpleLauncher","ExperimentalFamiliar","Oddly Smooth Stone","Blood Vial","Boot","Red Mask","Mercury Hourglass"],"acts_visited":["Exordium","TheCity","TheBeyond"],"potions_floor_usage":[18,25,25,28,28,33,50,50],"damage_taken":[{"damage":2,"enemies":"Small Slimes","floor":1,"turns":4},{"damage":5,"enemies":"Cultist","floor":3,"turns":4},{"damage":1,"enemies":"Jaw Worm","floor":4,"turns":4},{"damage":0,"enemies":"Looter","floor":5,"turns":3},{"damage":20,"enemies":"Gremlin Nob","floor":6,"turns":4},{"damage":8,"enemies":"3 Louse","floor":8,"turns":2},{"damage":3,"enemies":"Red Slaver","floor":11,"turns":4},{"damage":5,"enemies":"The Mushroom Lair","floor":14,"turns":4},{"damage":52,"enemies":"The Guardian","floor":16,"turns":8},{"damage":16,"enemies":"3 Byrds","floor":18,"turns":5},{"damage":0,"enemies":"Spheric Guardian","floor":20,"turns":2},{"damage":12,"enemies":"Cultist and Chosen","floor":21,"turns":4},{"damage":26,"enemies":"Snake Plant","floor":22,"turns":4},{"damage":22,"enemies":"Shelled Parasite and Fungi","floor":24,"turns":5},{"damage":19,"enemies":"Gremlin Leader","floor":25,"turns":4},{"damage":12,"enemies":"Chosen and Byrds","floor":27,"turns":4},{"damage":7,"enemies":"3 Cultists","floor":28,"turns":4},{"damage":69,"enemies":"Collector","floor":33,"turns":8},{"damage":16,"enemies":"3 Darklings","floor":35,"turns":3},{"damage":5,"enemies":"3 Shapes","floor":38,"turns":3},{"damage":14,"enemies":"Jaw Worm Horde","floor":39,"turns":3},{"damage":21,"enemies":"Giant Head","floor":41,"turns":6},{"damage":26,"enemies":"3 Darklings","floor":42,"turns":4},{"damage":18,"enemies":"Spire Growth","floor":45,"turns":3},{"damage":9,"enemies":"Maw","floor":48,"turns":7},{"damage":79,"enemies":"Time Eater","floor":50,"turns":8}],"seed_played":"8425913858575329354","potions_obtained":[{"floor":5,"key":"GamblersBrew"},{"floor":11,"key":"GamblersBrew"},{"floor":14,"key":"Block Potion"},{"floor":18,"key":"Explosive Potion"},{"floor":27,"key":"Weak Potion"},{"floor":28,"key":"AttackPotion"},{"floor":35,"key":"Weak Potion"},{"floor":39,"key":"SkillPotion"},{"floor":45,"key":"FearPotion"},{"floor":47,"key":"FairyPotion"},{"floor":47,"key":"AttackPotion"}],"is_trial":false,"path_per_floor":["M","?","M","M","M","E","R","M","T","R","M","?","$","?","R","B",null,"M","?","M","M","M","R","M","E","T","M","M","$","R","?","R","B",null,"M","?","$","M","M","R","E","M","T","?","M","$","?","M","R","B"],"character_chosen":"MARISA","items_purchased":["Bottled Lightning","SimpleLauncher","LuminesStrike","Oddly Smooth Stone","PowerUp","EnergyFlow"],"campfire_rested":7,"item_purchase_floors":[13,29,29,37,37,37],"current_hp_per_floor":[73,73,68,67,67,47,69,61,61,61,58,51,51,46,68,20,75,61,61,61,53,29,51,33,18,18,6,1,1,38,38,75,10,75,59,54,54,49,37,74,55,33,33,33,17,17,17,10,47,0,0],"gold":72,"neow_bonus":"HUNDRED_GOLD","is_daily":false,"chose_seed":false,"campfire_upgraded":1,"win_rate":0.0,"timestamp":1609594786,"path_taken":["M","?","M","M","?","E","R","M","T","R","M","?","$","?","R","BOSS","M","?","?","M","M","R","M","E","T","?","M","$","R","?","R","BOSS","M","?","$","M","M","R","E","M","T","?","M","$","?","M","R","BOSS"],"items_purchased_type":["Relic","Relic","Card","Relic","Card","Card"],"build_version":"2020-12-22","purchased_purges":0,"victory":false,"max_hp_per_floor":[75,75,75,75,75,75,75,75,75,75,75,75,75,75,75,75,75,75,75,75,75,75,75,75,75,75,75,75,75,75,75,75,75,75,75,75,75,75,75,75,75,75,75,75,75,75,75,75,75,75,75],"card_choices":[{"not_picked":["ShootingEcho","DC"],"picked":"MilkyWay","floor":1},{"not_picked":["MilkyWay","ShootingEcho"],"picked":"EnergyFlow","floor":3},{"not_picked":["6A","UnstableBomb"],"picked":"DC","floor":4},{"not_picked":["CollectingQuirk","EventHorizon"],"picked":"MysteriousBeam","floor":5},{"not_picked":["AsteroidBelt","Acceleration"],"picked":"RefractionSpark","floor":6},{"not_picked":["DC","WitchOfGreed"],"picked":"Occultation","floor":8},{"not_picked":["WitchLeyline","SprinkleStarSeal"],"picked":"MilkyWay","floor":11},{"not_picked":["AbsoluteMagnitude","TreasureHunter"],"picked":"MaximisePower","floor":16},{"not_picked":["DoubleSpark","EnergyRecoil"],"picked":"RefractionSpark+1","floor":18},{"not_picked":["StarBarrage","GrandCross"],"picked":"DragonMeteor","floor":20},{"not_picked":["RefractionSpark","WitchLeyline+1"],"picked":"MagicAbsorber","floor":21},{"not_picked":["GasGiant","MeteoricShower"],"picked":"MysteriousBeam","floor":22},{"not_picked":["GrandCross+1","GalacticHalo"],"picked":"MachineGunSpark","floor":24},{"not_picked":["NonDirectionalLaser","DC"],"picked":"PowerUp","floor":25},{"not_picked":["GravityBeat+1","StarDustReverie"],"picked":"SuperPerseids","floor":27},{"not_picked":["Acceleration+1","LuminesStrike"],"picked":"MagicChant+1","floor":28},{"not_picked":["AbsoluteMagnitude","CollectingQuirk"],"picked":"StarDustReverie","floor":33},{"not_picked":["SporeBomb","Acceleration+1"],"picked":"OortCloud+1","floor":35},{"not_picked":["Jack Of All Trades","Impatience"],"picked":"Trip","floor":36},{"not_picked":["MilkyWay","DoubleSpark+1"],"picked":"BlazeAway+1","floor":38},{"not_picked":["AsteroidBelt","ShootingEcho","DC+1"],"picked":"SKIP","floor":39},{"not_picked":["AsteroidBelt+1","SatelliteIllusion"],"picked":"EnergyFlow+1","floor":41},{"not_picked":["MilkyWay","Acceleration+1","GalacticHalo"],"picked":"SKIP","floor":42},{"not_picked":["WitchLeyline","PowerUp"],"picked":"MilkyWay+1","floor":45},{"not_picked":["AsteroidBelt","Robbery+1"],"picked":"DarkMatter","floor":48}],"player_experience":134154,"relics_obtained":[{"floor":6,"key":"Vajra"},{"floor":9,"key":"Whetstone"},{"floor":14,"key":"ShroomBag"},{"floor":25,"key":"Regal Pillow"},{"floor":41,"key":"Blood Vial"},{"floor":43,"key":"Boot"}],"event_choices":[{"cards_removed":["Strike_MRS"],"damage_healed":0,"gold_gain":0,"player_choice":"Purged","damage_taken":0,"max_hp_gain":0,"max_hp_loss":0,"event_name":"Purifier","floor":2,"gold_loss":0},{"damage_healed":0,"gold_gain":0,"player_choice":"Success","damage_taken":7,"relics_obtained":["Pen Nib"],"max_hp_gain":0,"max_hp_loss":0,"event_name":"Scrap Ooze","floor":12,"gold_loss":0},{"damage_healed":0,"gold_gain":0,"player_choice":"Fought Mushrooms","damage_taken":0,"max_hp_gain":0,"max_hp_loss":0,"event_name":"Mushrooms_MRS","floor":14,"gold_loss":0},{"damage_healed":0,"gold_gain":0,"player_choice":"Trade","damage_taken":0,"relics_obtained":["SsserpentHead"],"max_hp_gain":0,"max_hp_loss":0,"event_name":"FaceTrader","floor":19,"gold_loss":0},{"damage_healed":0,"gold_gain":0,"player_choice":"1 cards matched","damage_taken":0,"max_hp_gain":0,"max_hp_loss":0,"event_name":"Match and Keep!","floor":31,"gold_loss":0,"cards_obtained":["MasterSpark"]},{"damage_healed":0,"gold_gain":0,"player_choice":"Memory 2","damage_taken":5,"max_hp_gain":0,"max_hp_loss":0,"event_name":"SensoryStone","floor":36,"gold_loss":0},{"damage_healed":0,"gold_gain":0,"player_choice":"Paid","damage_taken":0,"relics_obtained":["Red Mask"],"max_hp_gain":0,"max_hp_loss":0,"event_name":"Tomb of Lord Red Mask","floor":44,"gold_loss":262},{"damage_healed":0,"gold_gain":0,"player_choice":"Got Potions","damage_taken":0,"max_hp_gain":0,"max_hp_loss":0,"event_name":"Lab","floor":47,"gold_loss":0}],"is_beta":false,"boss_relics":[{"not_picked":["Ectoplasm","Coffee Dripper"],"picked":"RampagingMagicTools"},{"not_picked":["SacredBark","SlaversCollar"],"picked":"ExperimentalFamiliar"}],"items_purged_floors":[],"is_endless":false,"potions_floor_spawned":[5,11,14,18,24,27,28,35,39,45],"killed_by":"Time Eater","ascension_level":0}}