{"host":"1c52r9kaxdyo25eq","time":1609623434,"event":{"mods":["AchievementEnabler","BaseMod","Minty Spire (QoL Compilation)","Rare Cards Sparkle","SuperFastMode","everything is the same but u backflip on backflip"],"gold_per_floor":[113,38,52,52,127,155,169,169,169,181,195,207,218,229,229,303,303,323,323,333,353,28,53,53,53,53,64,82,94,53,70,70,148,148,162,182,82,95,114,114,114,114,114,114,132,143,155,184,184,184,184],"floor_reached":50,"playtime":2378,"items_purged":["Bullet Time","Flechettes"],"score":1158,"play_id":"d51f23a7-2b3b-4258-b5a6-075dc8fbb8f5","local_time":"20210103063714","is_ascension_mode":true,"campfire_choices":[{"floor":8.0,"key":"REST"},{"data":"Caltrops","floor":15.0,"key":"SMITH"},{"floor":25.0,"key":"REST"},{"data":"Prepared","floor":32.0,"key":"SMITH"},{"data":"Tactician","floor":40.0,"key":"SMITH"},{"data":"Tactician","floor":42.0,"key":"SMITH"},{"data":"Well Laid Plans","floor":44.0,"key":"SMITH"},{"floor":49.0,"key":"RECALL"}],"circlet_count":0,"master_deck":["AscendersBane","Survivor+1","Neutralize","Quick Slash","Backflip","Tactician+1","Acrobatics","Caltrops+1","Noxious Fumes","Corpse Explosion","Crippling Poison","Heel Hook","Reflex","Heel Hook","Dagger Throw","Poisoned Stab","Underhanded Strike","Underhanded Strike","Reflex","Prepared+1","Acrobatics","Tactician+1","Well Laid Plans+1","CurseOfTheBell","Grand Finale","Decay","Tactician+1","Prepared+1"],"relics":["Ring of the Snake","NeowsBlessing","Matryoshka","Lantern","Meat on the Bone","Pandora\u0027s Box","Paper Crane","Sling","Centennial Puzzle","PreservedInsect","MealTicket","Calling Bell","Tiny Chest","Shuriken","Dead Branch","Torii"],"acts_visited":["Exordium","TheCity","TheBeyond"],"potions_floor_usage":[50],"damage_taken":[{"damage":0.0,"enemies":"Small Slimes","floor":1.0,"turns":1.0},{"damage":0.0,"enemies":"2 Louse","floor":3.0,"turns":1.0},{"damage":0.0,"enemies":"Lagavulin","floor":6.0,"turns":1.0},{"damage":9.0,"enemies":"Cultist","floor":7.0,"turns":6.0},{"damage":6.0,"enemies":"2 Fungi Beasts","floor":10.0,"turns":5.0},{"damage":5.0,"enemies":"Lots of Slimes","floor":11.0,"turns":8.0},{"damage":8.0,"enemies":"Looter","floor":12.0,"turns":4.0},{"damage":1.0,"enemies":"Red Slaver","floor":13.0,"turns":3.0},{"damage":0.0,"enemies":"Blue Slaver","floor":14.0,"turns":4.0},{"damage":27.0,"enemies":"Hexaghost","floor":16.0,"turns":9.0},{"damage":21.0,"enemies":"3 Byrds","floor":18.0,"turns":2.0},{"damage":21.0,"enemies":"Spheric Guardian","floor":20.0,"turns":5.0},{"damage":10.0,"enemies":"Centurion and Healer","floor":21.0,"turns":4.0},{"damage":22.0,"enemies":"Gremlin Leader","floor":23.0,"turns":6.0},{"damage":17.0,"enemies":"Cultist and Chosen","floor":27.0,"turns":5.0},{"damage":0.0,"enemies":"3 Cultists","floor":28.0,"turns":2.0},{"damage":2.0,"enemies":"Chosen and Byrds","floor":29.0,"turns":3.0},{"damage":0.0,"enemies":"Snecko","floor":31.0,"turns":3.0},{"damage":40.0,"enemies":"Champ","floor":33.0,"turns":8.0},{"damage":9.0,"enemies":"3 Shapes","floor":35.0,"turns":5.0},{"damage":21.0,"enemies":"Orb Walker","floor":36.0,"turns":3.0},{"damage":26.0,"enemies":"Writhing Mass","floor":38.0,"turns":4.0},{"damage":17.0,"enemies":"Spire Growth","floor":39.0,"turns":3.0},{"damage":2.0,"enemies":"Maw","floor":45.0,"turns":4.0},{"damage":9.0,"enemies":"Writhing Mass","floor":46.0,"turns":4.0},{"damage":6.0,"enemies":"Transient","floor":47.0,"turns":6.0},{"damage":35.0,"enemies":"Reptomancer","floor":48.0,"turns":4.0},{"damage":15,"enemies":"Awakened One","floor":50,"turns":6}],"seed_played":"1787046945309476613","potions_obtained":[{"floor":6.0,"key":"GhostInAJar"},{"floor":11.0,"key":"LiquidBronze"},{"floor":12.0,"key":"AttackPotion"},{"floor":16.0,"key":"SkillPotion"},{"floor":21.0,"key":"Energy Potion"},{"floor":28.0,"key":"Fire Potion"},{"floor":29.0,"key":"Dexterity Potion"},{"floor":33.0,"key":"Block Potion"},{"floor":35.0,"key":"DuplicationPotion"},{"floor":36.0,"key":"Swift Potion"},{"floor":47.0,"key":"Weak Potion"},{"floor":48.0,"key":"Dexterity Potion"}],"is_trial":false,"path_per_floor":["M","?","M","?","?","E","M","R","T","M","M","M","M","M","R","B",null,"M","?","M","M","$","E","?","R","T","M","M","M","$","M","R","B",null,"M","M","$","M","M","R","?","R","T","R","M","M","M","E","R","B"],"character_chosen":"THE_SILENT","items_purchased":["CunningPotion","Sling","Well Laid Plans"],"campfire_rested":2,"item_purchase_floors":[22,22,30],"current_hp_per_floor":[59,59,59,39,28,28,19,38,38,44,39,43,42,42,42,27,56,35,35,26,28,28,18,18,37,37,32,44,42,57,57,57,29,57,48,39,54,40,35,35,35,35,35,35,45,36,42,19,19,4,4],"gold":184,"neow_bonus":"THREE_ENEMY_KILL","is_daily":false,"chose_seed":false,"campfire_upgraded":5,"win_rate":0.0,"timestamp":1609623434,"path_taken":["M","?","M","?","?","E","M","R","T","M","M","M","M","M","R","BOSS","M","?","?","M","$","E","?","R","T","M","?","M","$","M","R","BOSS","M","M","$","M","M","R","?","R","T","R","M","M","?","E","R","BOSS"],"items_purchased_type":["Potion","Relic","Card"],"build_version":"2020-12-22","purchased_purges":2,"victory":false,"max_hp_per_floor":[66,66,66,66,66,66,66,66,66,66,66,66,66,66,66,66,66,66,66,66,66,66,66,66,66,66,66,66,66,66,66,66,66,66,66,66,66,66,66,66,66,66,66,66,66,66,66,66,66,66,66],"card_choices":[{"not_picked":["Slice","Dagger Spray"],"picked":"Quick Slash","floor":1.0},{"not_picked":["Deadly Poison","Dash"],"picked":"Backflip","floor":3.0},{"not_picked":["Escape Plan","Flechettes"],"picked":"Tactician","floor":6.0},{"not_picked":["Dagger Spray","Dagger Throw","Cloak And Dagger"],"picked":"SKIP","floor":7.0},{"not_picked":["Backflip","Outmaneuver"],"picked":"Acrobatics","floor":10.0},{"not_picked":["Dodge and Roll","After Image","Slice"],"picked":"SKIP","floor":11.0},{"not_picked":["Cloak And Dagger","Prepared"],"picked":"Flechettes","floor":12.0},{"not_picked":["Tactician","PiercingWail"],"picked":"Caltrops","floor":13.0},{"not_picked":["Dagger Spray","Blade Dance"],"picked":"Noxious Fumes","floor":14.0},{"not_picked":["After Image","Envenom"],"picked":"Corpse Explosion","floor":16.0},{"not_picked":["Expertise","Dash"],"picked":"Reflex","floor":18.0},{"not_picked":["Underhanded Strike","Catalyst"],"picked":"Prepared","floor":20.0},{"not_picked":["Setup","Outmaneuver+1"],"picked":"Acrobatics","floor":21.0},{"not_picked":["Blade Dance+1","Envenom","Predator"],"picked":"SKIP","floor":23.0},{"not_picked":["Underhanded Strike","Concentrate","Cloak And Dagger+1"],"picked":"SKIP","floor":27.0},{"not_picked":["Deadly Poison","Underhanded Strike","Cloak And Dagger+1"],"picked":"SKIP","floor":28.0},{"not_picked":["Slice+1","PiercingWail","Outmaneuver"],"picked":"SKIP","floor":29.0},{"not_picked":["Quick Slash+1","PiercingWail","Slice"],"picked":"SKIP","floor":31.0},{"not_picked":["Choke","Skewer+1","Deadly Poison"],"picked":"SKIP","floor":35.0},{"not_picked":["Flying Knee","Blade Dance+1"],"picked":"Grand Finale","floor":36.0},{"not_picked":["Dash","Flying Knee","PiercingWail"],"picked":"SKIP","floor":38.0},{"not_picked":["Poisoned Stab+1","Quick Slash+1","Finisher"],"picked":"SKIP","floor":39.0},{"not_picked":["Backstab","Predator+1"],"picked":"Tactician+1","floor":45.0},{"not_picked":["PiercingWail+1","Blade Dance","Deflect"],"picked":"SKIP","floor":46.0},{"not_picked":["Dodge and Roll","PiercingWail+1","Bane+1"],"picked":"SKIP","floor":47.0},{"not_picked":["Sucker Punch","Dagger Throw"],"picked":"Prepared+1","floor":48.0}],"player_experience":540243,"relics_obtained":[{"floor":6.0,"key":"Matryoshka"},{"floor":9.0,"key":"Lantern"},{"floor":9.0,"key":"Meat on the Bone"},{"floor":23.0,"key":"Centennial Puzzle"},{"floor":26.0,"key":"PreservedInsect"},{"floor":26.0,"key":"MealTicket"},{"floor":34.0,"key":"Tiny Chest"},{"floor":34.0,"key":"Shuriken"},{"floor":34.0,"key":"Dead Branch"},{"floor":48.0,"key":"Torii"}],"event_choices":[{"cards_removed":["Strike_G"],"damage_healed":0.0,"max_hp_gain":0.0,"max_hp_loss":0.0,"gold_gain":0.0,"event_name":"The Cleric","player_choice":"Card Removal","floor":2.0,"gold_loss":75.0,"damage_taken":0.0},{"damage_healed":0.0,"max_hp_gain":0.0,"max_hp_loss":0.0,"gold_gain":0.0,"event_name":"Shining Light","player_choice":"Entered Light","floor":4.0,"gold_loss":0.0,"damage_taken":20.0,"cards_upgraded":["Defend_G","Survivor"]},{"damage_healed":0.0,"max_hp_gain":0.0,"max_hp_loss":0.0,"gold_gain":75.0,"event_name":"World of Goop","player_choice":"Gather Gold","floor":5.0,"gold_loss":0.0,"damage_taken":11.0},{"damage_healed":0.0,"max_hp_gain":0.0,"max_hp_loss":0.0,"gold_gain":0.0,"event_name":"WeMeetAgain","player_choice":"Gave Potion","floor":19.0,"gold_loss":0.0,"damage_taken":0.0,"relics_obtained":["Paper Crane"]},{"damage_healed":0.0,"max_hp_gain":0.0,"max_hp_loss":0.0,"gold_gain":0.0,"event_name":"Duplicator","player_choice":"Copied","floor":24.0,"gold_loss":0.0,"damage_taken":0.0,"cards_obtained":["Tactician"]},{"damage_healed":0.0,"max_hp_gain":0.0,"max_hp_loss":0.0,"gold_gain":0.0,"event_name":"Wheel of Change","player_choice":"Cursed","floor":41.0,"gold_loss":0.0,"damage_taken":0.0,"cards_obtained":["Decay"]}],"is_beta":false,"boss_relics":[{"not_picked":["Ectoplasm","Snecko Eye"],"picked":"Pandora\u0027s Box"},{"not_picked":["Runic Dome","Velvet Choker"],"picked":"Calling Bell"}],"items_purged_floors":[22,37],"is_endless":false,"potions_floor_spawned":[6,11,12,13,14,16,21,28,29,33,35,36,39,47,48],"killed_by":"Awakened One","ascension_level":20}}