{"host":"vhvm1b4sel61ztfv","time":1609631502,"event":{"mods":["BaseMod","BetterRewards","Displayed Cursed Tome","Minty Spire (QoL Compilation)","Replay The Spire","StSLib","The Blue Laboratory"],"gold_per_floor":[117,130,22,22,97,97,111,111,188,199,199,226,240,250,250,355,355,368,387,327,327,327],"floor_reached":21,"playtime":1549,"items_purged":[],"score":281,"play_id":"a789b15b-11eb-4bb3-b638-aa0b746d27b8","local_time":"20210102185142","is_ascension_mode":false,"campfire_choices":[{"data":"White Noise","floor":6,"key":"SMITH"},{"floor":8,"key":"REST"},{"floor":11,"key":"REST"},{"floor":15,"key":"REST"}],"circlet_count":0,"master_deck":["Strike_B","Strike_B","Strike_B","Strike_B","Defend_B","Defend_B","Defend_B","Defend_B","Zap","Dualcast","Amnesia","Storm","Streamline","White Noise+1","Mayhem","Loop","Ball Lightning","Panic Button+1","Ball Lightning","Aggregate+1","White Noise+1","Conserve Battery+1","Thunder Strike"],"relics":["Cracked Core","Orrery","Toxic Egg 2","Shuriken","Busted Crown"],"acts_visited":["TheCity"],"potions_floor_usage":[7,13,16,19],"damage_taken":[{"damage":7,"enemies":"2 Louse","floor":1,"turns":3},{"damage":6,"enemies":"Jaw Worm","floor":2,"turns":3},{"damage":9,"enemies":"Small Slimes","floor":7,"turns":4},{"damage":15,"enemies":"Looter","floor":10,"turns":3},{"damage":26,"enemies":"Lagavulin","floor":12,"turns":4},{"damage":0,"enemies":"Gremlin Gang","floor":13,"turns":4},{"damage":0,"enemies":"Large Slime","floor":14,"turns":4},{"damage":36,"enemies":"The Guardian","floor":16,"turns":7},{"damage":30,"enemies":"Shell Parasite","floor":18,"turns":4},{"damage":41,"enemies":"2 Thieves","floor":19,"turns":5},{"damage":0,"enemies":"3 Cultists","floor":21,"turns":1}],"seed_played":"280626181900366195","potions_obtained":[{"floor":7,"key":"Strength Potion"},{"floor":10,"key":"SteroidPotion"},{"floor":12,"key":"FocusPotion"},{"floor":19,"key":"FocusPotion"}],"is_trial":false,"path_per_floor":["M","M","$","?","?","R","M","R","T","M","R","E","M","M","R","B",null,"M","M","?","M"],"character_chosen":"DEFECT","items_purchased":["Storm","Orrery","Mayhem","Panic Button+1","DuplicationPotion"],"campfire_rested":3,"item_purchase_floors":[0,0,0,3,3],"current_hp_per_floor":[46,40,40,65,54,54,45,67,67,52,74,48,48,48,70,34,75,45,4,4,4,4],"gold":327,"neow_bonus":"","is_daily":false,"chose_seed":false,"campfire_upgraded":1,"win_rate":0.0,"timestamp":1609631502,"path_taken":["M","M","$","?","?","R","M","R","T","M","R","E","M","M","R","BOSS","M","M","?","M"],"items_purchased_type":["Card","Relic","Card","Card","Potion"],"build_version":"2020-12-22","purchased_purges":0,"victory":false,"max_hp_per_floor":[75,75,75,75,75,75,75,75,75,75,75,75,75,75,75,75,75,75,75,75,75,75],"card_choices":[{"not_picked":["Leap","Turbo"],"picked":"Streamline","floor":0},{"not_picked":["Cold Snap","Steam"],"picked":"White Noise","floor":0},{"not_picked":["Reprogram","Conserve Battery"],"picked":"Loop","floor":1},{"not_picked":["Streamline","Compile Driver"],"picked":"Ball Lightning","floor":2},{"not_picked":["Reinforced Body","All For One"],"picked":"Ball Lightning","floor":7},{"not_picked":["ReplayTheSpireMod:Repulse+1","Coolheaded+1"],"picked":"Aggregate+1","floor":10},{"not_picked":["Streamline","FTL","Steam+1"],"picked":"SKIP","floor":12},{"not_picked":["Consume+1","Genetic Algorithm+1"],"picked":"White Noise+1","floor":13},{"not_picked":["Panic Button+1","Sweeping Beam"],"picked":"Conserve Battery+1","floor":14},{"not_picked":["ReplayTheSpireMod:Omega Cannon","Amplify+1"],"picked":"Thunder Strike","floor":16},{"not_picked":["Hologram+1"],"picked":"SKIP","floor":18},{"not_picked":["Hologram+1"],"picked":"SKIP","floor":19}],"player_experience":106820,"relics_obtained":[{"floor":9,"key":"Toxic Egg 2"},{"floor":12,"key":"Shuriken"}],"event_choices":[{"damage_healed":25,"gold_gain":0,"player_choice":"Banana","damage_taken":0,"max_hp_gain":0,"max_hp_loss":0,"event_name":"Big Fish","floor":4,"gold_loss":0},{"damage_healed":0,"gold_gain":75,"player_choice":"Gather Gold","damage_taken":11,"max_hp_gain":0,"max_hp_loss":0,"event_name":"World of Goop","floor":5,"gold_loss":0}],"is_beta":false,"boss_relics":[{"not_picked":["Sozu","Snecko Eye"],"picked":"Busted Crown"}],"items_purged_floors":[],"is_endless":false,"potions_floor_spawned":[7,10,12,19],"killed_by":"3 Cultists","ascension_level":0}}