{"host":"9sqwgc7o3s0c6ttp","time":1609577243,"event":{"mods":["AchievementEnabler","Act Like it!","Arknights The Spire","Aspiration","BaseMod","CapriCore","Colored Map","Colored Powertips","Dota2Spire","Friendly Minions","Gensokyo","GungeonMod","HololiveMod","Infinite Spire","Minty Spire (QoL Compilation)","Pale of the Ancients","Replay The Spire","StSLib","Waifu the Spire","WarShipGirlsR/??á´Ò³R mod"],"gold_per_floor":[118,118,132,132,142,142,169,169,193,205,230,255,282,294,306,318,318],"floor_reached":16,"playtime":318,"items_purged":[],"score":117,"play_id":"af683d5b-9d2c-4624-b899-17914873cb16","local_time":"20210102174723","is_ascension_mode":true,"campfire_choices":[{"data":"ats:Overload","floor":6,"key":"SMITH"},{"data":"ats:Blood Oath","floor":8,"key":"SMITH"},{"data":"ats:Emotion Absorption","floor":15,"key":"SMITH"}],"circlet_count":0,"master_deck":["ats:Strike C","ats:Strike G","ats:Strike S","ats:Strike V","ats:Armor Crushing Shot","ats:Defend","ats:Defend","ats:Defend","ats:Emotion Absorption+1","ats:Leaping Hammer+1","ats:Overload+1","ats:Blood Oath+1","ats:Thermite Blade","ats:Revitalization"],"relics":["ats:Sanity","NeowsBlessing","ats:Originium","Smiling Mask","MawBank","Blue Doll"],"acts_visited":["Exordium"],"potions_floor_usage":[7],"damage_taken":[{"damage":0,"enemies":"2 Louse","floor":1,"turns":1},{"damage":0,"enemies":"Jaw Worm","floor":3,"turns":1},{"damage":0,"enemies":"Small Slimes","floor":5,"turns":1},{"damage":21,"enemies":"Lagavulin","floor":7,"turns":5},{"damage":0,"enemies":"Exordium Wildlife","floor":11,"turns":3},{"damage":16,"enemies":"Large Slime","floor":12,"turns":3},{"damage":19,"enemies":"3 Louse","floor":13,"turns":3},{"damage":53,"enemies":"Hexaghost","floor":16,"turns":9}],"seed_played":"1079607337811802677","potions_obtained":[{"floor":5,"key":"BlessingOfTheForge"},{"floor":11,"key":"ats:Emergency Sanity Potion"},{"floor":13,"key":"Dota2Spire:Clarity"}],"is_trial":false,"path_per_floor":["M","?","M","?","M","R","E","R","T","?","M","M","M","?","R","B"],"character_chosen":"DOCTOR_CLASS","items_purchased":[],"campfire_rested":0,"item_purchase_floors":[],"current_hp_per_floor":[72,72,72,72,72,72,56,56,56,49,54,43,29,29,29,0,0],"gold":318,"neow_bonus":"THREE_ENEMY_KILL","is_daily":false,"chose_seed":false,"campfire_upgraded":3,"win_rate":0.0,"timestamp":1609577243,"path_taken":["M","?","M","?","M","R","E","R","T","?","M","?","M","?","R","BOSS"],"items_purchased_type":[],"build_version":"2020-12-22","purchased_purges":0,"victory":false,"max_hp_per_floor":[72,72,72,72,72,72,72,72,72,72,72,72,72,72,72,72,72],"card_choices":[{"not_picked":["ats:Ignite","ats:Thorns"],"picked":"ats:Leaping Hammer","floor":1},{"not_picked":["ats:Leaping Hammer","ats:Powerful Strike"],"picked":"ats:Overload","floor":3},{"not_picked":["ats:Sword Rain","ats:Sunburst"],"picked":"ats:Blood Oath","floor":5},{"not_picked":["ats:Explosion Area Strengthen","ats:Burning Ground","ats:Guardian Obelisk"],"picked":"SKIP","floor":7},{"not_picked":["ats:Defend Order","ats:Neurotoxin"],"picked":"ats:Thermite Blade","floor":11},{"not_picked":["ats:Hammer On","ats:Guardian Obelisk"],"picked":"ats:Revitalization","floor":12},{"not_picked":["ats:Hammer On","ats:Ignite","ats:Flexible Camouflage"],"picked":"SKIP","floor":13}],"player_experience":349635,"relics_obtained":[{"floor":7,"key":"ats:Originium"},{"floor":7,"key":"Smiling Mask"},{"floor":9,"key":"MawBank"}],"event_choices":[{"cards_removed":["ats:Defend"],"damage_healed":0,"gold_gain":0,"player_choice":"Card Removal","damage_taken":7,"max_hp_gain":0,"max_hp_loss":0,"event_name":"Golden Wing","floor":10,"gold_loss":0},{"damage_healed":0,"gold_gain":0,"player_choice":"Searched \u00271\u0027 times","damage_taken":0,"relics_obtained":["Blue Doll"],"max_hp_gain":0,"max_hp_loss":0,"event_name":"Dead Adventurer","floor":14,"gold_loss":0}],"is_beta":false,"boss_relics":[],"items_purged_floors":[],"is_endless":false,"potions_floor_spawned":[5,11,13],"killed_by":"Hexaghost","ascension_level":3}}