{"host":"m6h67kf6cz80m3yv","time":1609551522,"event":{"mods":["Bartender","BaseMod","Better Third Choice","BetterRewards","CatGirl Mod","Colored Powertips","Downfall","Duelist Mod","Hermit","Marisa????????","Minty Spire (QoL Compilation)","Prisma Mod","Quick Restart","Shade Mod","Shop Mod","StSLib","SuperFastMode","The Dragon Tamer","The Marked","The Servant 0.9.4"],"gold_per_floor":[112,112,125,145,164,194,38,70,70,70,104,179,179,211,211,306,306,318,19,38,50,50,81,81,96,96,128,47,47,78,91,91,192,192,211,230,230,230],"floor_reached":37,"playtime":1699,"items_purged":[],"score":716,"play_id":"364f64d2-6c63-44d6-ad26-58aa078c6e97","local_time":"20210101233842","is_ascension_mode":true,"campfire_choices":[{"data":"theMarked:HeritageOfTheMarked","floor":10,"key":"SMITH"},{"floor":15,"key":"REST"},{"data":"theMarked:HeritageOfTheMarked","floor":24,"key":"SMITH"},{"floor":29,"key":"REST"},{"data":"Forethought","floor":32,"key":"SMITH"}],"circlet_count":0,"master_deck":["theMarked:Strike","theMarked:Strike","theMarked:Strike","theMarked:Strike","theMarked:Defend","theMarked:Defend","theMarked:Defend","theMarked:SoldierOfQuellstein+1","Flash of Steel","theMarked:Parkour","theMarked:ElectricStrings","theMarked:HeritageOfTheMarked+1","theMarked:Aftermath","theMarked:HeritageOfTheMarked+1","theMarked:ThrowWeapon+1","theMarked:TakeOffHeels+1","theMarked:HeightenedSenses+1","theMarked:Improvise+1","theMarked:ResourceFulStrike+1","theMarked:MysticalArsenal","theMarked:WastefulAttack+1","Writhe","theMarked:GodGivenPower+1","theMarked:DeterminationOfTheMarked","Forethought+1","theMarked:WardOff+1","theMarked:StartUp+1","theMarked:Vacuum+1","theMarked:ParalyzingBlade"],"relics":["theMarked:ArtifactOfAir","theMarked:VonisonLock","Anchor","Chemical X","Orichalcum","Juzu Bracelet","Molten Egg 2","Potion Belt","Astrolabe","HornCleat","Nunchaku","Lantern","theMarked:SecretDocuments","InkBottle","Ancient Tea Set","theMarked:Eyepatch"],"acts_visited":["Exordium","TheCity","TheBeyond"],"potions_floor_usage":[14,16,30,37],"damage_taken":[{"damage":1,"enemies":"Small Slimes","floor":1,"turns":3},{"damage":0,"enemies":"Cultist","floor":3,"turns":3},{"damage":1,"enemies":"2 Louse","floor":4,"turns":3},{"damage":4,"enemies":"2 Fungi Beasts","floor":5,"turns":3},{"damage":0,"enemies":"Lagavulin","floor":6,"turns":6},{"damage":3,"enemies":"3 Sentries","floor":8,"turns":6},{"damage":0,"enemies":"Gremlin Nob","floor":11,"turns":4},{"damage":9,"enemies":"3 Sentries","floor":14,"turns":6},{"damage":32,"enemies":"The Guardian","floor":16,"turns":7},{"damage":0,"enemies":"3 Byrds","floor":18,"turns":5},{"damage":0,"enemies":"Chosen","floor":20,"turns":3},{"damage":6,"enemies":"Shelled Parasite and Fungi","floor":21,"turns":4},{"damage":0,"enemies":"theDuelist:KaibaA2","floor":23,"turns":3},{"damage":6,"enemies":"Chosen and Byrds","floor":25,"turns":6},{"damage":7,"enemies":"Book of Stabbing","floor":27,"turns":3},{"damage":14,"enemies":"Gremlin Leader","floor":30,"turns":4},{"damage":8,"enemies":"Centurion and Healer","floor":31,"turns":4},{"damage":36,"enemies":"Automaton","floor":33,"turns":7},{"damage":25,"enemies":"3 Darklings","floor":35,"turns":6},{"damage":14,"enemies":"Orb Walker","floor":36,"turns":4},{"damage":43,"enemies":"2 Orb Walkers","floor":37,"turns":4}],"seed_played":"819921010612293300","potions_obtained":[{"floor":3,"key":"theMarked:ChargePotion"},{"floor":6,"key":"Regen Potion"},{"floor":11,"key":"champ:CounterPotion"},{"floor":16,"key":"Explosive Potion"},{"floor":20,"key":"LiquidBronze"},{"floor":21,"key":"SkillPotion"},{"floor":33,"key":"Strength Potion"}],"is_trial":false,"path_per_floor":["M","?","M","M","M","E","$","E","T","R","E","?","?","E","R","B",null,"M","$","M","M","?","E","R","M","T","E","$","R","E","M","R","B",null,"M","M","?"],"character_chosen":"THE_DEFAULT","items_purchased":["Flash of Steel","Chemical X","theMarked:MysticalArsenal","HornCleat","Forethought"],"campfire_rested":2,"item_purchase_floors":[0,7,19,19,28],"current_hp_per_floor":[56,56,56,55,51,51,51,48,48,48,48,37,37,40,61,29,70,70,70,70,64,64,64,64,58,58,51,51,70,56,48,48,12,70,45,31,0,0],"gold":230,"neow_bonus":"","is_daily":false,"chose_seed":false,"campfire_upgraded":3,"win_rate":0.0,"timestamp":1609551522,"path_taken":["M","?","M","?","M","E","$","E","T","R","E","?","?","E","R","BOSS","M","$","M","M","?","E","R","M","T","E","$","R","E","M","R","BOSS","M","M","?"],"items_purchased_type":["Card","Relic","Card","Relic","Card"],"build_version":"2020-12-22","purchased_purges":0,"victory":false,"max_hp_per_floor":[70,70,70,70,70,70,70,70,70,70,70,70,70,70,70,70,70,70,70,70,70,70,70,70,70,70,70,70,70,70,70,70,70,70,70,70,70,70],"card_choices":[{"not_picked":["theMarked:LightningStrikesTwice","theMarked:Parkour"],"picked":"theMarked:Polarize","floor":1},{"not_picked":["theMarked:WastefulAttack","theMarked:TwofoldDefense"],"picked":"theMarked:Parkour","floor":3},{"not_picked":["theMarked:DispelDoubt","theMarked:Aftermath"],"picked":"theMarked:ElectricStrings","floor":4},{"not_picked":["theMarked:ElectricStrings","theMarked:WastefulAttack"],"picked":"theMarked:HeritageOfTheMarked","floor":5},{"not_picked":["theMarked:MaelstromOfLightning","theMarked:Parry","theMarked:WastefulDefense"],"picked":"SKIP","floor":6},{"not_picked":["theMarked:Parry","theMarked:ChainLightning"],"picked":"theMarked:Aftermath","floor":8},{"not_picked":["theMarked:ChannelForce","theMarked:ContemptForTheProud+1","theMarked:TwofoldDefense"],"picked":"SKIP","floor":11},{"not_picked":["theMarked:Seal","theMarked:Improvise"],"picked":"theMarked:HeritageOfTheMarked","floor":14},{"not_picked":["theMarked:Vacuum+1","theMarked:BindingBlade"],"picked":"theMarked:ThrowWeapon+1","floor":16},{"not_picked":["theMarked:WastefulDefense","theMarked:ContemptForTheProud+1"],"picked":"theMarked:ResourceFulStrike+1","floor":18},{"not_picked":["theMarked:TakeCover","theMarked:SwordAndMagic+1"],"picked":"theMarked:WastefulAttack+1","floor":20},{"not_picked":["theMarked:Improvise","theMarked:WastefulDefense","theMarked:Overcharge+1"],"picked":"SKIP","floor":21},{"not_picked":["theMarked:Parry","theMarked:ResourceFulStrike+1"],"picked":"theMarked:GodGivenPower+1","floor":23},{"not_picked":["theMarked:TakeCover","theMarked:ResourceFulStrike+1","theMarked:Overcharge"],"picked":"SKIP","floor":25},{"not_picked":["theMarked:EternalStudent","theMarked:Aftermath"],"picked":"theMarked:DeterminationOfTheMarked","floor":27},{"not_picked":["theMarked:HeightenedSenses","theMarked:ElectricStrings+1"],"picked":"theMarked:WardOff+1","floor":30},{"not_picked":["theMarked:Panic+1","theMarked:WardOff"],"picked":"theMarked:StartUp+1","floor":31},{"not_picked":["theMarked:FavorableWinds","theMarked:SummonStrength"],"picked":"theMarked:Vacuum+1","floor":33},{"not_picked":["theMarked:Parry+1","theMarked:WastefulDefense","theMarked:Overcharge+1"],"picked":"SKIP","floor":35},{"not_picked":["theMarked:Parkour+1","theMarked:EmpowerWeapon"],"picked":"theMarked:ParalyzingBlade","floor":36}],"player_experience":324650,"relics_obtained":[{"floor":6,"key":"Anchor"},{"floor":8,"key":"Orichalcum"},{"floor":9,"key":"Juzu Bracelet"},{"floor":11,"key":"Molten Egg 2"},{"floor":14,"key":"Potion Belt"},{"floor":23,"key":"Lantern"},{"floor":26,"key":"theMarked:SecretDocuments"},{"floor":27,"key":"InkBottle"},{"floor":30,"key":"Ancient Tea Set"}],"event_choices":[{"damage_healed":0,"gold_gain":0,"player_choice":"Forge","damage_taken":0,"max_hp_gain":0,"max_hp_loss":0,"event_name":"Accursed Blacksmith","floor":2,"gold_loss":0,"cards_upgraded":["theMarked:SoldierOfQuellstein"]},{"damage_healed":0,"gold_gain":75,"player_choice":"Gold","damage_taken":11,"max_hp_gain":0,"max_hp_loss":0,"event_name":"betterThird:BetterGoop","floor":12,"gold_loss":0},{"damage_healed":0,"gold_gain":0,"player_choice":"Ignored","damage_taken":0,"max_hp_gain":0,"max_hp_loss":0,"event_name":"Golden Wing","floor":13,"gold_loss":0},{"damage_healed":0,"gold_gain":0,"player_choice":"Opened","damage_taken":0,"relics_obtained":["Nunchaku"],"max_hp_gain":0,"max_hp_loss":0,"event_name":"The Mausoleum","floor":22,"gold_loss":0,"cards_obtained":["Writhe"]},{"damage_healed":0,"gold_gain":0,"player_choice":"Fight","damage_taken":0,"max_hp_gain":0,"max_hp_loss":0,"event_name":"Mysterious Sphere","floor":37,"gold_loss":0}],"is_beta":false,"boss_relics":[{"not_picked":["Calling Bell","Coffee Dripper"],"picked":"Astrolabe"},{"not_picked":["Velvet Choker","Empty Cage"],"picked":"theMarked:Eyepatch"}],"items_purged_floors":[],"is_endless":false,"potions_floor_spawned":[3,6,11,16,20,21,33],"killed_by":"2 Orb Walkers","ascension_level":1}}