{"host":"sum4dy402bbv9y4o","time":1609607671,"event":{"mods":["Aspiration","BaseMod","Conspire","Highlight Path","Minty Spire (QoL Compilation)","StSLib"],"gold_per_floor":[116,116,135,135,146,146,178,178,178,178,191,191,191,32,32,106,106,123,23,37,37,87,87,102,102,102],"floor_reached":25,"playtime":744,"items_purged":["Defend_R","Spot Weakness"],"score":423,"play_id":"8fa412dc-d7f7-45e9-b043-3d503a7fc23b","local_time":"20210102201431","is_ascension_mode":true,"campfire_choices":[{"data":"Rage","floor":6,"key":"SMITH"},{"data":"Disarm","floor":8,"key":"SMITH"},{"data":"Cleave","floor":10,"key":"SMITH"},{"data":"Body Slam","floor":15,"key":"SMITH"},{"floor":23,"key":"REST"}],"circlet_count":0,"master_deck":["AscendersBane","Bash+1","Spot Weakness","Rage+1","Clothesline","Cleave+1","Disarm+1","True Grit","Shrug It Off","Body Slam+1","Dropkick","Dark Embrace","Pommel Strike","conspire:Charge","conspire:HitWhereItHurts","Pommel Strike","Thunderclap","Rage","Bite","Bite","Bite","Bite","Bite"],"relics":["Burning Blood","Pear","StrikeDummy","conspire:TopHat","Pandora\u0027s Box"],"acts_visited":["Exordium","TheCity"],"potions_floor_usage":[7,16],"damage_taken":[{"damage":7,"enemies":"Small Slimes","floor":1,"turns":4},{"damage":6,"enemies":"2 Louse","floor":3,"turns":3},{"damage":9,"enemies":"Jaw Worm","floor":5,"turns":4},{"damage":36,"enemies":"Gremlin Nob","floor":7,"turns":6},{"damage":9,"enemies":"Looter","floor":11,"turns":3},{"damage":4,"enemies":"Hexaghost","floor":16,"turns":9},{"damage":39,"enemies":"3 Byrds","floor":18,"turns":5},{"damage":29,"enemies":"Shell Parasite","floor":20,"turns":4},{"damage":17,"enemies":"Centurion and Healer","floor":24,"turns":6},{"damage":54,"enemies":"Chosen and Byrds","floor":25,"turns":7}],"seed_played":"58485228966717372","potions_obtained":[{"floor":5,"key":"Block Potion"},{"floor":7,"key":"ColorlessPotion"},{"floor":18,"key":"FearPotion"},{"floor":20,"key":"CultistPotion"}],"is_trial":false,"path_per_floor":["M","?","M","?","M","R","E","R","T","R","M","?","T","$","R","B",null,"M","$","M","?","?","R","M","M"],"character_chosen":"IRONCLAD","items_purchased":["Shrug It Off","Body Slam"],"campfire_rested":1,"item_purchase_floors":[14,14],"current_hp_per_floor":[67,72,72,72,69,69,49,49,49,49,46,19,19,19,19,21,73,40,40,17,17,17,35,36,0,0],"gold":102,"neow_bonus":"THREE_CARDS","is_daily":false,"chose_seed":false,"campfire_upgraded":4,"win_rate":0.0,"timestamp":1609607671,"path_taken":["M","?","M","?","M","R","E","R","T","R","M","?","?","$","R","BOSS","M","$","M","?","?","R","M","M"],"items_purchased_type":["Card","Card"],"build_version":"2020-12-22","purchased_purges":2,"victory":false,"max_hp_per_floor":[75,80,80,80,80,80,90,90,90,90,90,90,90,90,90,90,90,90,90,90,62,62,62,62,62,62],"card_choices":[{"not_picked":["Clothesline","True Grit"],"picked":"Spot Weakness","floor":0},{"not_picked":["Heavy Blade","Dropkick"],"picked":"Rage","floor":1},{"not_picked":["Warcry","Thunderclap"],"picked":"Clothesline","floor":3},{"not_picked":["Havoc","Searing Blow"],"picked":"Cleave","floor":5},{"not_picked":["Thunderclap","Entrench"],"picked":"Disarm","floor":7},{"not_picked":["Thunderclap","Second Wind"],"picked":"True Grit","floor":11},{"not_picked":["Perfected Strike","Armaments","Warcry"],"picked":"SKIP","floor":18},{"not_picked":["Spot Weakness","Bloodletting"],"picked":"Rage","floor":20},{"not_picked":["Shrug It Off","Perfected Strike","Double Tap"],"picked":"SKIP","floor":24}],"player_experience":2890381,"relics_obtained":[{"floor":7,"key":"Pear"},{"floor":9,"key":"StrikeDummy"},{"floor":13,"key":"conspire:TopHat"}],"event_choices":[{"damage_healed":0,"gold_gain":0,"player_choice":"Donut","damage_taken":0,"max_hp_gain":5,"max_hp_loss":0,"event_name":"Big Fish","floor":2,"gold_loss":0},{"damage_healed":0,"gold_gain":0,"player_choice":"Ignored","damage_taken":0,"max_hp_gain":0,"max_hp_loss":0,"event_name":"Golden Idol","floor":4,"gold_loss":0},{"damage_healed":0,"gold_gain":0,"player_choice":"Entered Light","damage_taken":27,"max_hp_gain":0,"max_hp_loss":0,"event_name":"Shining Light","floor":12,"gold_loss":0,"cards_upgraded":["Strike_R","Bash"]},{"damage_healed":0,"gold_gain":0,"player_choice":"Became a vampire","damage_taken":0,"max_hp_gain":0,"max_hp_loss":28,"event_name":"Vampires","floor":21,"gold_loss":0,"cards_obtained":["Bite","Bite","Bite","Bite","Bite"]},{"damage_healed":0,"gold_gain":50,"player_choice":"Stole From Cult","damage_taken":0,"max_hp_gain":0,"max_hp_loss":0,"event_name":"Nest","floor":22,"gold_loss":0}],"is_beta":false,"boss_relics":[{"not_picked":["aspiration:PoetsPen","conspire:RoyalGoblet"],"picked":"Pandora\u0027s Box"}],"items_purged_floors":[14,19],"is_endless":false,"potions_floor_spawned":[5,7,18,20],"killed_by":"Chosen and Byrds","ascension_level":20}}