{"host":"7cp3z5w0tcrrm8ys","time":1609590537,"event":{"mods":["AchievementEnabler","BaseMod","DeckTracker","Minty Spire (QoL Compilation)","StSLib","SuperFastMode"],"gold_per_floor":[110,110,260,336,346,378,378,378,431,431,441,470,490,515,515,592,592,612,632,632,56,74,100,100,115,184,184,184,204,231,244,244,321,321,335,335,335,360,376,376,406,3,81,81,115,46,46,57,57,57,57],"floor_reached":52,"playtime":1637,"items_purged":["Strike_R"],"score":2432,"play_id":"46531893-97de-4e41-8ecb-6a444931e9e3","local_time":"20210102212857","is_ascension_mode":true,"campfire_choices":[{"data":"Bash","floor":8.0,"key":"SMITH"},{"data":"Flame Barrier","floor":10.0,"key":"SMITH"},{"data":"Body Slam","floor":15.0,"key":"SMITH"},{"floor":24.0,"key":"REST"},{"floor":28.0,"key":"REST"},{"data":"Sentinel","floor":32.0,"key":"SMITH"},{"floor":40.0,"key":"REST"},{"data":"Panacea","floor":44,"key":"SMITH"},{"data":"Sentinel","floor":47,"key":"SMITH"},{"floor":49,"key":"REST"}],"circlet_count":0,"master_deck":["AscendersBane","Strike_R","Strike_R","Strike_R","Strike_R","Defend_R","Defend_R","Defend_R","Defend_R","Bash+1","Cleave+1","Second Wind+1","Flame Barrier+1","Dark Embrace+1","Body Slam+1","Corruption+1","Brutality+1","Combust+1","Heavy Blade+1","Panacea+1","Berserk+1","Pommel Strike","Dark Embrace+1","Power Through","Flame Barrier","Sentinel+1","Barricade+1","Sentinel+1","Evolve+1"],"relics":["Burning Blood","NeowsBlessing","Mummified Hand","Juzu Bracelet","Red Skull","Frozen Egg 2","Oddly Smooth Stone","Runic Cube","Lee\u0027s Waffle","Potion Belt","Unceasing Top","Kunai","Strawberry","SacredBark","Thread and Needle","Dead Branch","MawBank","Membership Card","Bag of Marbles","The Courier","Pantograph","Centennial Puzzle"],"acts_visited":["Exordium","TheCity","TheBeyond"],"potions_floor_usage":[42,45,50,51,51],"damage_taken":[{"damage":0.0,"enemies":"Jaw Worm","floor":1.0,"turns":1.0},{"damage":0.0,"enemies":"Small Slimes","floor":5.0,"turns":2.0},{"damage":0.0,"enemies":"3 Sentries","floor":6.0,"turns":2.0},{"damage":1.0,"enemies":"2 Louse","floor":11.0,"turns":2.0},{"damage":8.0,"enemies":"Gremlin Nob","floor":12.0,"turns":3.0},{"damage":11.0,"enemies":"Red Slaver","floor":13.0,"turns":5.0},{"damage":30.0,"enemies":"Lagavulin","floor":14.0,"turns":7.0},{"damage":0.0,"enemies":"Slime Boss","floor":16.0,"turns":8.0},{"damage":19.0,"enemies":"2 Thieves","floor":18.0,"turns":4.0},{"damage":21.0,"enemies":"Shell Parasite","floor":19.0,"turns":4.0},{"damage":17.0,"enemies":"3 Cultists","floor":22.0,"turns":4.0},{"damage":29.0,"enemies":"Book of Stabbing","floor":23.0,"turns":4.0},{"damage":36.0,"enemies":"Centurion and Healer","floor":25.0,"turns":6.0},{"damage":27.0,"enemies":"Snake Plant","floor":29.0,"turns":3.0},{"damage":1.0,"enemies":"Gremlin Leader","floor":30.0,"turns":2.0},{"damage":2.0,"enemies":"Snecko","floor":31.0,"turns":3.0},{"damage":33.0,"enemies":"Champ","floor":33.0,"turns":7.0},{"damage":23.0,"enemies":"3 Shapes","floor":35.0,"turns":3.0},{"damage":6.0,"enemies":"Mind Bloom Boss Battle","floor":38.0,"turns":4.0},{"damage":6.0,"enemies":"3 Darklings","floor":39.0,"turns":4.0},{"damage":5.0,"enemies":"Reptomancer","floor":41.0,"turns":2.0},{"damage":0,"enemies":"Giant Head","floor":45,"turns":1},{"damage":20,"enemies":"Transient","floor":48,"turns":6},{"damage":5,"enemies":"Donu and Deca","floor":50,"turns":3},{"damage":9,"enemies":"Time Eater","floor":51,"turns":5}],"seed_played":"808647035675003252","potions_obtained":[{"floor":6.0,"key":"SneckoOil"},{"floor":11.0,"key":"FearPotion"},{"floor":13.0,"key":"CultistPotion"},{"floor":14.0,"key":"ColorlessPotion"},{"floor":19.0,"key":"ElixirPotion"},{"floor":25.0,"key":"Block Potion"},{"floor":29.0,"key":"Ancient Potion"},{"floor":31.0,"key":"SpeedPotion"},{"floor":35.0,"key":"Swift Potion"},{"floor":41.0,"key":"Energy Potion"},{"floor":48,"key":"PowerPotion"}],"is_trial":false,"path_per_floor":["M","?","?","T","M","E","?","R","T","R","M","E","M","E","R","B",null,"M","M","?","$","M","E","R","M","T","?","R","M","E","M","R","B",null,"M","?","T","?","M","R","E","$","T","R","E","$","R","M","R","B","B",null],"character_chosen":"IRONCLAD","items_purchased":["Panacea","Lee\u0027s Waffle","Berserk+1","Potion Belt","Membership Card","Fruit Juice","DistilledChaos","Bag of Marbles","SkillPotion","Centennial Puzzle"],"campfire_rested":4,"item_purchase_floors":[21,21,21,21,42,42,42,42,42,46],"current_hp_per_floor":[74,74,74,74,75,75,75,75,75,75,75,73,68,44,44,50,69,56,41,41,82,71,48,72,42,42,42,66,45,57,61,61,34,75,58,58,58,58,58,83,84,94,94,94,95,95,95,81,95,95,92],"gold":57,"neow_bonus":"THREE_ENEMY_KILL","is_daily":false,"chose_seed":false,"campfire_upgraded":6,"win_rate":0.0,"timestamp":1609590537,"path_taken":["M","?","?","?","M","E","?","R","T","R","M","E","M","E","R","BOSS","M","M","?","$","M","E","R","M","T","?","R","M","E","M","R","BOSS","M","?","?","?","M","R","E","$","T","R","E","?","R","M","R","BOSS","BOSS"],"items_purchased_type":["Card","Relic","Card","Relic","Relic","Potion","Potion","Relic","Potion","Relic"],"build_version":"2020-12-22","purchased_purges":1,"victory":true,"max_hp_per_floor":[75,75,75,75,75,75,75,75,75,75,75,75,75,75,75,75,75,75,75,75,82,82,82,82,82,82,82,82,82,89,89,89,89,89,89,85,85,85,85,85,85,95,95,95,95,95,95,95,95,95,95],"card_choices":[{"not_picked":["Armaments","Thunderclap"],"picked":"Cleave","floor":1.0},{"not_picked":["Burning Pact","Feel No Pain"],"picked":"Second Wind","floor":5.0},{"not_picked":["Sever Soul","Shrug It Off"],"picked":"Flame Barrier","floor":6.0},{"not_picked":["Iron Wave","Rage","True Grit"],"picked":"SKIP","floor":11.0},{"not_picked":["Reckless Charge","Body Slam"],"picked":"Dark Embrace+1","floor":12.0},{"not_picked":["Clash","True Grit"],"picked":"Body Slam","floor":13.0},{"not_picked":["Pummel","Clothesline"],"picked":"Corruption+1","floor":14.0},{"not_picked":["Corruption+1","Limit Break"],"picked":"Brutality+1","floor":16.0},{"not_picked":["Dropkick+1","Iron Wave"],"picked":"Combust+1","floor":18.0},{"not_picked":["Armaments","Anger"],"picked":"Heavy Blade+1","floor":19.0},{"not_picked":["Sword Boomerang","Searing Blow"],"picked":"Pommel Strike","floor":22.0},{"not_picked":["Uppercut","Spot Weakness"],"picked":"Dark Embrace+1","floor":23.0},{"not_picked":["Headbutt+1","Immolate"],"picked":"Power Through","floor":25.0},{"not_picked":["Warcry","Whirlwind"],"picked":"Sentinel","floor":29.0},{"not_picked":["Thunderclap","Juggernaut+1","Anger"],"picked":"SKIP","floor":30.0},{"not_picked":["Blood for Blood","Pommel Strike","Flex"],"picked":"SKIP","floor":31.0},{"not_picked":["Offering","Feed"],"picked":"Barricade+1","floor":33.0},{"not_picked":["Clash","Body Slam","Thunderclap"],"picked":"SKIP","floor":35.0},{"not_picked":["True Grit","Armaments"],"picked":"Sentinel","floor":38.0},{"not_picked":["Heavy Blade","Blood for Blood+1"],"picked":"Evolve+1","floor":39.0},{"not_picked":["Rage","Iron Wave+1","Double Tap"],"picked":"SKIP","floor":41.0},{"not_picked":["Sword Boomerang","Shockwave","Second Wind"],"picked":"SKIP","floor":45},{"not_picked":["Hemokinesis+1","Headbutt+1","Rampage"],"picked":"SKIP","floor":48}],"player_experience":795064,"relics_obtained":[{"floor":4.0,"key":"Mummified Hand"},{"floor":6.0,"key":"Juzu Bracelet"},{"floor":9.0,"key":"Red Skull"},{"floor":12.0,"key":"Frozen Egg 2"},{"floor":14.0,"key":"Oddly Smooth Stone"},{"floor":23.0,"key":"Unceasing Top"},{"floor":26.0,"key":"Kunai"},{"floor":30.0,"key":"Strawberry"},{"floor":37.0,"key":"Thread and Needle"},{"floor":38.0,"key":"Dead Branch"},{"floor":41.0,"key":"MawBank"},{"floor":43,"key":"The Courier"},{"floor":45,"key":"Pantograph"}],"event_choices":[{"damage_healed":0.0,"max_hp_gain":0.0,"max_hp_loss":0.0,"gold_gain":0.0,"event_name":"Living Wall","player_choice":"Grow","floor":2.0,"gold_loss":0.0,"damage_taken":0.0,"cards_upgraded":["Cleave"]},{"damage_healed":0.0,"max_hp_gain":0.0,"max_hp_loss":0.0,"gold_gain":150.0,"event_name":"Liars Game","player_choice":"AGREE","floor":3.0,"gold_loss":0.0,"damage_taken":0.0,"cards_obtained":["Doubt"]},{"cards_removed":["Doubt"],"damage_healed":0.0,"max_hp_gain":0.0,"max_hp_loss":0.0,"gold_gain":0.0,"event_name":"Purifier","player_choice":"Purged","floor":7.0,"gold_loss":0.0,"damage_taken":0.0},{"damage_healed":0.0,"max_hp_gain":0.0,"max_hp_loss":0.0,"gold_gain":0.0,"event_name":"Upgrade Shrine","player_choice":"Upgraded","floor":20.0,"gold_loss":0.0,"damage_taken":0.0,"cards_upgraded":["Second Wind"]},{"damage_healed":0.0,"max_hp_gain":0.0,"max_hp_loss":0.0,"gold_gain":0.0,"event_name":"The Library","player_choice":"Read","floor":27.0,"gold_loss":0.0,"damage_taken":0.0,"cards_obtained":["Flame Barrier"]},{"damage_healed":0.0,"max_hp_gain":0.0,"max_hp_loss":4.0,"gold_gain":0.0,"event_name":"Winding Halls","player_choice":"Max HP","floor":36.0,"gold_loss":0.0,"damage_taken":0.0},{"damage_healed":0.0,"max_hp_gain":0.0,"max_hp_loss":0.0,"gold_gain":0.0,"event_name":"MindBloom","player_choice":"Fight","floor":38.0,"gold_loss":0.0,"damage_taken":0.0}],"is_beta":false,"boss_relics":[{"not_picked":["Coffee Dripper","Runic Dome"],"picked":"Runic Cube"},{"not_picked":["Black Star","Empty Cage"],"picked":"SacredBark"}],"items_purged_floors":[42],"is_endless":false,"potions_floor_spawned":[6,11,13,14,19,25,29,31,35,41,48],"ascension_level":20}}