{"host":"5dk97cf2ubw2v967","time":1609581904,"event":{"mods":["AlwaysNeverKeys","BaseMod","Better Altar","Better Vampires","Block Reminder","Colored Powertips","Downfall","Googly Eyes","Highlight Path","Minty Spire (QoL Compilation)","Permanent Neow","Potion Indicator Mod","Quick Restart","Relic Filter","Relic Stats","Say the Spire","Spicy Shops","StSLib","Waifu the Spire","everything is the same but u backflip on backflip"],"gold_per_floor":[118,43,56,68,13,44,44,127,127,187,187,200,225,225,225,301,301,320,245,245,20,20,20,20],"floor_reached":23,"playtime":951,"items_purged":["Defend_R","Strike_R","Strike_R"],"score":410,"play_id":"178d820c-253d-4cc8-95f9-60bbc2cf2b85","local_time":"20210102100504","is_ascension_mode":true,"campfire_choices":[{"data":"Dark Embrace","floor":7,"key":"SMITH"},{"floor":11,"key":"REST"},{"floor":15,"key":"REST"}],"circlet_count":0,"master_deck":["AscendersBane","Strike_R","Defend_R","Defend_R","Defend_R+1","Bash","Disarm","Dark Embrace+1","Intimidate","Feel No Pain","Pummel+1","Sword Boomerang+1","Carnage+1","Carnage+1","Ghostly Armor","Uppercut+1","Intimidate","Juggernaut","Dark Embrace","RitualDagger+1"],"relics":["Burning Blood","FossilizedHelix","Molten Egg 2","Tiny House","Dream Catcher","Bird Faced Urn","Unceasing Top","Pen Nib","Runic Pyramid"],"acts_visited":["Exordium","TheCity"],"potions_floor_usage":[10,13,23,23],"damage_taken":[{"damage":0,"enemies":"Jaw Worm","floor":1,"turns":3},{"damage":0,"enemies":"Small Slimes","floor":3,"turns":4},{"damage":1,"enemies":"2 Louse","floor":4,"turns":4},{"damage":16,"enemies":"3 Sentries","floor":6,"turns":12},{"damage":47,"enemies":"Gremlin Nob","floor":8,"turns":6},{"damage":0,"enemies":"Gremlin Nob","floor":10,"turns":3},{"damage":0,"enemies":"Blue Slaver","floor":12,"turns":2},{"damage":16,"enemies":"Lagavulin","floor":13,"turns":7},{"damage":38,"enemies":"Hexaghost","floor":16,"turns":10},{"damage":0,"enemies":"Chosen","floor":18,"turns":5},{"damage":30,"enemies":"Gremlin Leader","floor":23,"turns":7}],"seed_played":"4565220878625654838","potions_obtained":[{"floor":6,"key":"Fire Potion"},{"floor":8,"key":"Fire Potion"},{"floor":10,"key":"SkillPotion"},{"floor":16,"key":"AttackPotion"}],"is_trial":false,"path_per_floor":["M","$","M","M","$","E","R","E","T","?","R","M","E","?","R","B",null,"M","?","?","$","?","E"],"character_chosen":"IRONCLAD","items_purchased":["Feel No Pain"],"campfire_rested":2,"item_purchase_floors":[5],"current_hp_per_floor":[68,68,68,68,68,58,58,22,22,28,49,55,49,38,59,31,63,73,73,73,73,67,43,43],"gold":20,"neow_bonus":"ONE_RARE_RELIC","is_daily":false,"chose_seed":false,"campfire_upgraded":1,"win_rate":0.0,"timestamp":1609581904,"path_taken":["M","$","M","M","$","E","R","E","T","?","R","M","E","?","R","BOSS","M","?","?","$","?","E"],"items_purchased_type":["Card"],"build_version":"2020-12-22","purchased_purges":3,"victory":false,"max_hp_per_floor":[68,68,68,68,68,68,68,73,73,73,73,73,73,73,73,73,73,73,73,73,73,73,73,73],"relic_stats":{"Dream Catcher":2,"counters":[11,63],"Bird Faced Urn":[20],"Pen Nib":[3],"obtain_stats":[{"Dream Catcher":9,"Tiny House":8,"Bird Faced Urn":10,"Molten Egg 2":6,"Pen Nib":14,"Burning Blood":0,"FossilizedHelix":0,"Unceasing Top":13,"Runic Pyramid":17},{"Dream Catcher":5,"Tiny House":5,"Bird Faced Urn":6,"Molten Egg 2":4,"Pen Nib":8,"Burning Blood":0,"FossilizedHelix":0,"Unceasing Top":8,"Runic Pyramid":9},{"Dream Catcher":29,"Tiny House":29,"Bird Faced Urn":32,"Molten Egg 2":23,"Pen Nib":41,"Burning Blood":0,"FossilizedHelix":0,"Unceasing Top":41,"Runic Pyramid":51}],"Burning Blood":41,"Unceasing Top":[0]},"card_choices":[{"not_picked":["Headbutt","Hemokinesis"],"picked":"Disarm","floor":1},{"not_picked":["Havoc","Heavy Blade"],"picked":"Dark Embrace","floor":3},{"not_picked":["Ghostly Armor","Evolve"],"picked":"Intimidate","floor":4},{"not_picked":["Searing Blow+1","Carnage+1"],"picked":"Pummel+1","floor":6},{"not_picked":["Warcry","Cleave+1"],"picked":"Sword Boomerang+1","floor":8},{"not_picked":["Pommel Strike+1","Hemokinesis+1"],"picked":"Carnage+1","floor":10},{"not_picked":["Body Slam+1","Headbutt+1"],"picked":"Carnage+1","floor":11},{"not_picked":["Limit Break","Blood for Blood+1"],"picked":"Ghostly Armor","floor":12},{"not_picked":["Clothesline+1","Headbutt+1"],"picked":"Uppercut+1","floor":13},{"not_picked":["Carnage+1","Heavy Blade+1"],"picked":"Intimidate","floor":15},{"not_picked":["Barricade","Impervious"],"picked":"Juggernaut","floor":16},{"not_picked":["Clash+1","Hemokinesis+1"],"picked":"Dark Embrace","floor":18}],"player_experience":1280028,"relics_obtained":[{"floor":6,"key":"Molten Egg 2"},{"floor":8,"key":"Tiny House"},{"floor":9,"key":"Dream Catcher"},{"floor":10,"key":"Bird Faced Urn"},{"floor":13,"key":"Unceasing Top"}],"event_choices":[{"damage_healed":0,"gold_gain":30,"player_choice":"Searched \u00272\u0027 times","damage_taken":0,"max_hp_gain":0,"max_hp_loss":0,"event_name":"Dead Adventurer","floor":10,"gold_loss":0},{"damage_healed":0,"gold_gain":0,"player_choice":"Success","damage_taken":11,"relics_obtained":["Pen Nib"],"max_hp_gain":0,"max_hp_loss":0,"event_name":"Scrap Ooze","floor":14,"gold_loss":0},{"cards_removed":["Strike_R"],"damage_healed":0,"gold_gain":0,"player_choice":"Gave Gold","damage_taken":0,"max_hp_gain":0,"max_hp_loss":0,"event_name":"Beggar","floor":19,"gold_loss":75},{"cards_removed":["Strike_R"],"damage_healed":0,"gold_gain":0,"player_choice":"Elegance","damage_taken":0,"max_hp_gain":0,"max_hp_loss":0,"event_name":"Back to Basics","floor":20,"gold_loss":0},{"damage_healed":0,"gold_gain":0,"player_choice":"Joined the Cult","damage_taken":6,"max_hp_gain":0,"max_hp_loss":0,"event_name":"Nest","floor":22,"gold_loss":0,"cards_obtained":["RitualDagger"]}],"is_beta":false,"boss_relics":[{"not_picked":["Velvet Choker","Empty Cage"],"picked":"Runic Pyramid"}],"items_purged_floors":[2,21,21],"is_endless":false,"potions_floor_spawned":[6,8,10,16,18],"killed_by":"Gremlin Leader","ascension_level":20}}