{"host":"6fh0uvaoh3e0g6do","time":1609556927,"event":{"mods":["AchievementEnabler","BaseMod","Downfall","Minty Spire (QoL Compilation)","Replay The Spire","StSLib","The Cursed"],"gold_per_floor":[20,20,34,34,50,80,90,90,90,103,103,115,133,148,148,244,244,244,244,85,85,85,85,85,85,85,85,85,10,10,10,10,10,10,10,10,10,10],"floor_reached":37,"playtime":2142,"items_purged":["Searing Blow"],"score":398,"play_id":"ed8ac684-2a79-4d61-abaa-4a5253037431","local_time":"20210101200847","is_ascension_mode":false,"campfire_choices":[{"data":"Spot Weakness","floor":8.0,"key":"SMITH"},{"data":"ReplayTheSpireMod:LeadingStrike","floor":8.0,"key":"SMITH"},{"data":"Bludgeon","floor":23.0,"key":"SMITH"},{"data":"Replay:SS_hec_1","floor":23.0,"key":"SMITH"}],"circlet_count":0,"master_deck":["Strike_R","Strike_R","Strike_R+1","Strike_R","Strike_R","Defend_R+1","Defend_R","Defend_R","Defend_R","Cleave","Impervious","ReplayTheSpireMod:LeadingStrike+1","Armaments","Twin Strike","Spot Weakness+1","Twin Strike","Twin Strike+1","Bludgeon+1","Headbutt","Life Link+1","Life Link","expansioncontent:QuickStudy","Magnetism+1","Replay:SS_hec_1+1","Sword Boomerang","Sword Boomerang","Headbutt+1","Clash+1","Feed","Cleave+1"],"relics":["Burning Blood","Replay:Arrowhead","Pear","Iron Hammer","Replay:Multitool","Ectoplasm","ReplayTheSpireMod:ShopPack","Red Mask","Centennial Puzzle","Replay:Baseball","Enchiridion","Ooze Armor"],"acts_visited":["Exordium","TheCity","TheBeyond"],"potions_floor_usage":[33,33,35,37],"damage_taken":[{"damage":3.0,"enemies":"2 Louse","floor":1.0,"turns":3.0},{"damage":5.0,"enemies":"Cultist","floor":3.0,"turns":4.0},{"damage":0.0,"enemies":"Small Slimes","floor":5.0,"turns":2.0},{"damage":38.0,"enemies":"Gremlin Nob","floor":6.0,"turns":6.0},{"damage":19.0,"enemies":"Exordium Wildlife","floor":7.0,"turns":6.0},{"damage":2.0,"enemies":"Looter","floor":10.0,"turns":2.0},{"damage":9.0,"enemies":"2 Fungi Beasts","floor":12.0,"turns":3.0},{"damage":8.0,"enemies":"Red Slaver","floor":14.0,"turns":3.0},{"damage":44.0,"enemies":"Hexaghost","floor":16.0,"turns":8.0},{"damage":10.0,"enemies":"Chosen","floor":18.0,"turns":3.0},{"damage":0.0,"enemies":"Spheric Guardian","floor":19.0,"turns":3.0},{"damage":10.0,"enemies":"Masked Bandits","floor":21.0,"turns":5.0},{"damage":18.0,"enemies":"Snake Plant","floor":24.0,"turns":3.0},{"damage":40.0,"enemies":"3 Cultists","floor":25.0,"turns":6.0},{"damage":9.0,"enemies":"Centurion and Healer","floor":28.0,"turns":3.0},{"damage":6.0,"enemies":"Cultist and Chosen","floor":30.0,"turns":3.0},{"damage":72,"enemies":"Automaton","floor":33,"turns":8},{"damage":17,"enemies":"3 Shapes","floor":35,"turns":3},{"damage":110,"enemies":"Awakened One","floor":37,"turns":7}],"seed_played":"2992107846072644415","potions_obtained":[{"floor":1.0,"key":"Ancient Potion"},{"floor":7.0,"key":"Weak Potion"},{"floor":12.0,"key":"PowerPotion"},{"floor":16.0,"key":"Weak Potion"},{"floor":24.0,"key":"Languid Potion"},{"floor":25.0,"key":"Slimebound:ThreeZeroPotion"},{"floor":30.0,"key":"Fire Potion"},{"floor":33,"key":"SteroidPotion"},{"floor":35,"key":"Strength Potion"}],"is_trial":false,"path_per_floor":["M","?","M","?","M","E","M","R","T","M","?","M","?","M","R","B",null,"M","M","$","?","?","R","M","M","T","R","M","$","M","?","R","B",null,"M","?","B"],"character_chosen":"IRONCLAD","items_purchased":["Life Link","ReplayTheSpireMod:ShopPack"],"campfire_rested":0,"item_purchase_floors":[20,20],"current_hp_per_floor":[80,80,80,64,70,48,35,35,35,39,44,41,41,39,67,29,95,91,95,95,91,91,91,79,45,45,73,70,70,70,54,82,16,95,84,84,0,0],"gold":10,"neow_bonus":"ONE_RARE_RELIC","is_daily":false,"chose_seed":false,"campfire_upgraded":4,"win_rate":0.0,"timestamp":1609556927,"path_taken":["M","?","?","?","M","E","M","R","T","M","?","M","?","M","R","BOSS","M","M","$","?","?","R","M","?","T","R","?","?","M","?","R","BOSS","M","?","BOSS"],"items_purchased_type":["Card","Relic"],"build_version":"2020-12-22","purchased_purges":1,"victory":false,"max_hp_per_floor":[80,80,80,80,80,90,90,90,90,90,95,95,95,95,95,95,95,95,95,95,95,95,95,95,95,95,95,95,95,95,95,95,95,95,95,95,95,95],"card_choices":[{"not_picked":["Feel No Pain","Iron Wave"],"picked":"Cleave","floor":1.0},{"not_picked":["Clothesline","Power Through"],"picked":"ReplayTheSpireMod:LeadingStrike","floor":3.0},{"not_picked":["Dropkick","Flex"],"picked":"Armaments","floor":5.0},{"not_picked":["Headbutt","Shrug It Off"],"picked":"Twin Strike","floor":6.0},{"not_picked":["Bludgeon","Flex"],"picked":"Spot Weakness","floor":7.0},{"not_picked":["Ghostly Armor","Cleave"],"picked":"Twin Strike","floor":10.0},{"not_picked":["Blood for Blood","Anger"],"picked":"Searing Blow","floor":12.0},{"not_picked":["Hemokinesis","Dual Wield"],"picked":"Twin Strike","floor":13.0},{"not_picked":["Flame Barrier","Heavy Blade","Clothesline"],"picked":"SKIP","floor":14.0},{"not_picked":["Juggernaut","Offering"],"picked":"Bludgeon","floor":16.0},{"not_picked":["Iron Wave","Flame Barrier"],"picked":"Headbutt","floor":18.0},{"not_picked":["Flex","Shockwave"],"picked":"Life Link","floor":19.0},{"not_picked":["Violence","Magnetism"],"picked":"expansioncontent:QuickStudy","floor":20.0},{"not_picked":["Replay:Sssssssssshield","ReplayTheSpireMod:Trickstab"],"picked":"Magnetism","floor":20.0},{"not_picked":["Apotheosis","Replay:SS_hec_4"],"picked":"Replay:SS_hec_1","floor":20.0},{"not_picked":["Hemokinesis","Uppercut"],"picked":"Sword Boomerang","floor":21.0},{"not_picked":["ReplayTheSpireMod:Corrosion Curse+1","Flex+1"],"picked":"Sword Boomerang","floor":24.0},{"not_picked":["Thunderclap","ReplayTheSpireMod:Corrosion Curse+1","Clothesline"],"picked":"SKIP","floor":25.0},{"not_picked":["True Grit","Warcry"],"picked":"Headbutt+1","floor":28.0},{"not_picked":["Dropkick","Sever Soul"],"picked":"Clash+1","floor":30.0},{"not_picked":["Reaper","Eclipse"],"picked":"Feed","floor":33},{"not_picked":["Flex","Flame Barrier+1"],"picked":"Cleave+1","floor":35}],"player_experience":7796,"relics_obtained":[{"floor":6.0,"key":"Pear"},{"floor":9.0,"key":"Iron Hammer"},{"floor":13.0,"key":"Replay:Multitool"},{"floor":21.0,"key":"Red Mask"},{"floor":26.0,"key":"Replay:Baseball"},{"floor":31,"key":"Enchiridion"}],"event_choices":[{"damage_healed":0.0,"max_hp_gain":0.0,"max_hp_loss":0.0,"gold_gain":0.0,"cards_transformed":["Bash"],"event_name":"Transmorgrifier","player_choice":"Transformed","floor":2.0,"gold_loss":0.0,"damage_taken":0.0,"cards_obtained":["Impervious"]},{"damage_healed":0.0,"max_hp_gain":0.0,"max_hp_loss":0.0,"gold_gain":0.0,"event_name":"Shining Light","player_choice":"Entered Light","floor":4.0,"gold_loss":0.0,"damage_taken":16.0,"cards_upgraded":["Defend_R","Strike_R"]},{"damage_healed":0.0,"max_hp_gain":5.0,"max_hp_loss":0.0,"gold_gain":0.0,"event_name":"Big Fish","player_choice":"Donut","floor":11.0,"gold_loss":0.0,"damage_taken":0.0},{"damage_healed":0.0,"max_hp_gain":0.0,"max_hp_loss":0.0,"gold_gain":0.0,"event_name":"Masked Bandits","player_choice":"Fought Bandits","floor":21.0,"gold_loss":0.0,"damage_taken":0.0},{"damage_healed":0.0,"max_hp_gain":0.0,"max_hp_loss":0.0,"gold_gain":0.0,"event_name":"WeMeetAgain","player_choice":"Gave Potion","floor":22.0,"gold_loss":0.0,"damage_taken":0.0,"relics_obtained":["Centennial Puzzle"]},{"damage_healed":0,"gold_gain":0,"player_choice":"Obtained Book","damage_taken":16,"max_hp_gain":0,"max_hp_loss":0,"event_name":"Cursed Tome","floor":31,"gold_loss":0},{"damage_healed":0,"gold_gain":0,"player_choice":"Took Portal","damage_taken":0,"max_hp_gain":0,"max_hp_loss":0,"event_name":"SecretPortal","floor":36,"gold_loss":0}],"is_beta":false,"boss_relics":[{"not_picked":["Philosopher\u0027s Stone","SacredBark"],"picked":"Ectoplasm"},{"not_picked":["Replay:Ancient Bell","Painkiller Herb"],"picked":"Ooze Armor"}],"items_purged_floors":[29],"is_endless":false,"potions_floor_spawned":[1,7,12,16,24,25,30,33,35],"killed_by":"Awakened One","ascension_level":0}}