{"host":"u3zhfyeznnb1kiy1","time":1609556214,"event":{"mods":["BaseMod","Colored Map","Colored Powertips","Downfall","GifTheSpireLib","Highlight Path","Minty Spire (QoL Compilation)","StSLib"],"gold_per_floor":[99,118,134,44,63,98,98,129,141,153,187,37,57,88,103,207,207,132,145,163,163,180,180,180,506,180,209,209,226,501,526,538,637,637,637,650,460,476,162,210,210,240,240,240,250,278,291,322,338,338,338,364,22,22,22],"floor_reached":56,"playtime":5495,"items_purged":["Parasite","Slimebound:Defend_Slimebound","Slimebound:Defend_Slimebound","Slimebound:Tackle","Slimebound:Defend_Slimebound"],"score":1614,"play_id":"671aadce-f9b6-4319-9d80-8dc018dd48da","local_time":"20210101215654","is_ascension_mode":true,"campfire_choices":[{"floor":1,"key":"RECALL"},{"floor":12,"key":"DIG"},{"data":"Slimebound:RallyTheTroops","floor":18,"key":"SMITH"},{"data":"Writhe","floor":23,"key":"PURGE"},{"data":"Slimebound:SelfFormingGoo","floor":28,"key":"SMITH"},{"data":"Regret","floor":35,"key":"PURGE"},{"data":"Slimebound:Split","floor":43,"key":"SMITH"},{"floor":54,"key":"DIG"}],"circlet_count":0,"master_deck":["Slimebound:Defend_Slimebound","Slimebound:Split+1","Slimebound:CorrosiveSpit","Slimebound:SlimeSpikes","Slimebound:DisruptingSlam","Slimebound:RallyTheTroops+1","Slimebound:SplitLeeching","Slimebound:SplitMire","Slimebound:OozeBath","Slimebound:Nibble","Slimebound:LeechEnergy","Slimebound:SelfFormingGoo+1","Slimebound:RejuvenatingLick","Slimebound:OneTwoCombo","Slimebound:SplitSpecialist","Slimebound:SplitBruiser+1","Slimebound:LeechingTouch","Slimebound:SpikyOuterGoop+1","Slimebound:RallyTheTroops","Slimebound:SplitAcid","expansioncontent:DashGenerateEvil","Slimebound:SlimeSpikes","Slimebound:LeadByExample","Slimebound:SplitBruiser","Slimebound:RallyTheTroops","Slimebound:MinionMaster","Slimebound:MinionMaster+1","Slimebound:Replication+1","Slimebound:SplitBruiser+1","Slimebound:Repurpose","Slimebound:SlimeBrawl+1","Slimebound:RejuvenatingLick+1","Mayhem","Slimebound:Recycling","Slimebound:SplitMire+1","Slimebound:Recollect+1","Slimebound:SpikyOuterGoop","Apotheosis"],"relics":["Slimebound:AbsorbEndCombat","Shovel","Shuriken","Question Card","Lantern","downfall:HeartBlessingRed","downfall:HeartBlessingGreen","Toy Ornithopter","Peace Pipe","Slimebound:TarBlob","downfall:HeartBlessingBlue","Bag of Preparation","HornCleat","Old Coin","Pear","Orichalcum","Astrolabe","ClockworkSouvenir","Sundial","Du-Vu Doll","Bottled Lightning","Oddly Smooth Stone","downfall:TeleportStone","Gremlin Horn","Mango","Bottled Tornado","Letter Opener"],"acts_visited":["Exordium","TheCity","TheBeyond","TheEnding"],"potions_floor_usage":[6,11,16,25,27,37,40,55,55,55],"damage_taken":[{"damage":6,"enemies":"Cultist","floor":2,"turns":4},{"damage":7,"enemies":"Small Slimes","floor":3,"turns":3},{"damage":4,"enemies":"downfall:FleeingMerchant","floor":4,"turns":4},{"damage":6,"enemies":"Jaw Worm","floor":5,"turns":3},{"damage":14,"enemies":"Gremlin Nob","floor":6,"turns":4},{"damage":26,"enemies":"Lagavulin","floor":8,"turns":8},{"damage":13,"enemies":"Lots of Slimes","floor":9,"turns":3},{"damage":13,"enemies":"Blue Slaver","floor":10,"turns":3},{"damage":25,"enemies":"3 Sentries","floor":11,"turns":9},{"damage":12,"enemies":"Red Slaver","floor":13,"turns":2},{"damage":15,"enemies":"Lagavulin","floor":14,"turns":5},{"damage":14,"enemies":"Blue Slaver","floor":15,"turns":2},{"damage":41,"enemies":"downfall:Silent","floor":16,"turns":8},{"damage":26,"enemies":"Chosen","floor":19,"turns":3},{"damage":18,"enemies":"Chosen and Byrds","floor":20,"turns":4},{"damage":32,"enemies":"Snake Plant","floor":22,"turns":3},{"damage":25,"enemies":"Gremlin Leader","floor":25,"turns":4},{"damage":30,"enemies":"downfall:FleeingMerchant","floor":26,"turns":4},{"damage":23,"enemies":"Slavers","floor":27,"turns":4},{"damage":18,"enemies":"Snecko","floor":29,"turns":4},{"damage":33,"enemies":"Gremlin Leader","floor":31,"turns":4},{"damage":25,"enemies":"Centurion and Healer","floor":32,"turns":3},{"damage":37,"enemies":"downfall:Defect","floor":33,"turns":6},{"damage":34,"enemies":"3 Darklings","floor":36,"turns":3},{"damage":30,"enemies":"downfall:FleeingMerchant","floor":37,"turns":3},{"damage":34,"enemies":"3 Shapes","floor":38,"turns":3},{"damage":21,"enemies":"2 Orb Walkers","floor":40,"turns":4},{"damage":18,"enemies":"Reptomancer","floor":42,"turns":5},{"damage":36,"enemies":"Sphere and 2 Shapes","floor":45,"turns":2},{"damage":54,"enemies":"Giant Head","floor":46,"turns":4},{"damage":35,"enemies":"4 Shapes","floor":47,"turns":2},{"damage":45,"enemies":"Nemesis","floor":48,"turns":4},{"damage":30,"enemies":"Jaw Worm Horde","floor":49,"turns":2},{"damage":100,"enemies":"downfall:Ironclad","floor":50,"turns":5},{"damage":98,"enemies":"downfall:CharBossMerchant","floor":52,"turns":5},{"damage":173,"enemies":"downfall:NeowBoss","floor":55,"turns":25}],"seed_played":"3131612753284787417","potions_obtained":[{"floor":2,"key":"Swift Potion"},{"floor":3,"key":"Energy Potion"},{"floor":8,"key":"Explosive Potion"},{"floor":10,"key":"Slimebound:SlimedPotion"},{"floor":15,"key":"Ancient Potion"},{"floor":16,"key":"Swift Potion"},{"floor":25,"key":"Block Potion"},{"floor":29,"key":"hexamod:EctoCoolerPotion"},{"floor":38,"key":"FearPotion"},{"floor":42,"key":"Swift Potion"},{"floor":52,"key":"AttackPotion"}],"is_trial":false,"path_per_floor":["R","M","M","$","M","E","T","E","M","M","E","R","M","E","M","B",null,"R","M","M","?","M","R","T","E","$","E","R","M","?","E","M","B",null,"R","M","$","M","$","?","T","E","R","?","M","E","M","E","M","B",null,"E","$","R","B",null],"character_chosen":"SLIMEBOUND","items_purchased":["Slimebound:SplitAcid","expansioncontent:DashGenerateEvil","ClockworkSouvenir","Sundial","Mayhem","Apotheosis"],"campfire_rested":0,"item_purchase_floors":[26,26,37,37,39,53],"current_hp_per_floor":[60,60,60,57,57,53,53,49,48,51,50,50,52,57,49,47,57,67,65,67,67,55,55,55,67,65,77,77,77,77,73,77,77,77,77,75,77,67,67,75,75,77,77,77,67,73,70,78,86,77,91,71,71,71,91],"gold":22,"neow_bonus":"ONE_RARE_RELIC","is_daily":false,"chose_seed":false,"campfire_upgraded":3,"win_rate":0.0,"timestamp":1609556214,"path_taken":["R","M","M","$","M","E","T","E","M","?","E","R","M","E","M","BOSS","R","M","M","?","M","R","T","E","$","E","R","M","?","E","M","BOSS","R","M","?","?","$","?","T","E","R","?","M","E","M","E","M","BOSS","E","$","R","BOSS"],"items_purchased_type":["Card","Card","Relic","Relic","Card","Card"],"build_version":"2020-12-22","purchased_purges":5,"victory":true,"max_hp_per_floor":[60,60,60,57,57,57,57,57,57,57,57,57,57,57,57,57,57,67,67,67,67,67,67,67,67,67,77,77,77,77,77,77,77,77,77,77,77,77,77,77,77,77,77,77,77,77,77,91,91,91,91,91,91,91,91],"card_choices":[{"not_picked":["Slimebound:RollThrough","Slimebound:Chomp"],"picked":"Slimebound:SlimeSpikes","floor":2},{"not_picked":["Slimebound:HungryTackle","Slimebound:PressTheAttack"],"picked":"Slimebound:DisruptingSlam","floor":3},{"not_picked":["Slimebound:FormOfPuddle","Slimebound:RollThrough"],"picked":"Slimebound:RallyTheTroops","floor":4},{"not_picked":["Slimebound:GrowthPunch","Slimebound:SplitAcid"],"picked":"Slimebound:SplitLeeching","floor":5},{"not_picked":["Slimebound:BestDefense","Slimebound:RainOfGoop","Slimebound:GoopTackle"],"picked":"SKIP","floor":6},{"not_picked":["Slimebound:Schlurp","Slimebound:FirmFortitude"],"picked":"Slimebound:SplitMire","floor":8},{"not_picked":["Slimebound:Schlurp","Slimebound:GoopSpray","Slimebound:RollThrough","Slimebound:ViciousTackle"],"picked":"SKIP","floor":9},{"not_picked":["Slimebound:LeechingTouch","Slimebound:ViciousTackle","Slimebound:Schlurp"],"picked":"Slimebound:OozeBath","floor":10},{"not_picked":["Slimebound:Prepare","Slimebound:CheckThePlaybook","Slimebound:LivingWall"],"picked":"Slimebound:Nibble","floor":11},{"not_picked":["Slimebound:SplitAcid","Slimebound:PressTheAttack","Slimebound:RollThrough"],"picked":"Slimebound:LeechEnergy","floor":13},{"not_picked":["Slimebound:SplitBruiser","Slimebound:HauntingLick","Slimebound:Recollect"],"picked":"Slimebound:SelfFormingGoo","floor":14},{"not_picked":["Slimebound:SlimeSpikes","Slimebound:Schlurp","Slimebound:GoopSpray"],"picked":"Slimebound:RejuvenatingLick","floor":15},{"not_picked":["Slimebound:WasteNot","Slimebound:TagTeam","Slimebound:SelfFormingGoo"],"picked":"Slimebound:OneTwoCombo","floor":16},{"not_picked":["Slimebound:SplitAcid+1","Slimebound:Schlurp+1","Slimebound:GoopSpray+1"],"picked":"Slimebound:SplitSpecialist","floor":19},{"not_picked":["Slimebound:FinishingTackle","Slimebound:FlameTackle+1","Slimebound:Schlurp"],"picked":"Slimebound:SplitBruiser+1","floor":20},{"not_picked":["Slimebound:Schlurp+1","Slimebound:TongueLash","Slimebound:ViciousTackle"],"picked":"Slimebound:LeechingTouch","floor":22},{"not_picked":["Slimebound:LeechEnergy","Slimebound:PrepareCrush","Slimebound:Replication+1"],"picked":"Slimebound:SpikyOuterGoop+1","floor":25},{"not_picked":["Slimebound:Prepare","Slimebound:AcidTongue","Slimebound:Chomp+1"],"picked":"Slimebound:RallyTheTroops","floor":26},{"not_picked":["Slimebound:MegaLick","Slimebound:DisruptingSlam","Slimebound:LeechingTouch"],"picked":"Slimebound:SlimeSpikes","floor":27},{"not_picked":["Slimebound:SplitSpecialist","Slimebound:FormOfPuddle","Slimebound:SpikyOuterGoop"],"picked":"Slimebound:LeadByExample","floor":29},{"not_picked":["Slimebound:RollThrough","Slimebound:GoopSpray","Slimebound:MegaLick"],"picked":"Slimebound:SplitBruiser","floor":31},{"not_picked":["Slimebound:SplitBruiser","Slimebound:FinishingTackle","Slimebound:LeechEnergy"],"picked":"Slimebound:RallyTheTroops","floor":32},{"not_picked":["Slimebound:MassFeed","Slimebound:SelfFormingGoo","Slimebound:Recycling"],"picked":"Slimebound:MinionMaster","floor":33},{"not_picked":["Slimebound:Dissolve","Slimebound:Grow","Slimebound:FinishingTackle"],"picked":"Slimebound:Repurpose","floor":36},{"not_picked":["Slimebound:Prepare+1","Slimebound:Grow","Slimebound:PressTheAttack"],"picked":"Slimebound:SlimeBrawl+1","floor":37},{"not_picked":["Slimebound:GrowthPunch+1","Slimebound:LeechingTouch","Slimebound:RallyTheTroops"],"picked":"Slimebound:RejuvenatingLick+1","floor":38},{"not_picked":["Slimebound:SplitBruiser+1","Slimebound:LeechingTouch+1","Slimebound:Grow"],"picked":"Slimebound:Recycling","floor":42},{"not_picked":["Slimebound:GoopSpray+1","Slimebound:SamplingLick","Slimebound:Chomp+1","Slimebound:Equalize"],"picked":"SKIP","floor":45},{"not_picked":["Slimebound:RollThrough","Slimebound:LeadByExample+1","Slimebound:SplitSpecialist"],"picked":"Slimebound:SplitMire+1","floor":46},{"not_picked":["Slimebound:ComboTackle+1","Slimebound:RollThrough","Slimebound:SlimeSpikes"],"picked":"Slimebound:Recollect+1","floor":47},{"not_picked":["Slimebound:CheckThePlaybook","Slimebound:SplitBruiser","Slimebound:SplitLeeching","Slimebound:GrowthPunch"],"picked":"SKIP","floor":48},{"not_picked":["Slimebound:SplitMire","Slimebound:TongueLash","Slimebound:ComboTackle+1","Slimebound:LeechingTouch"],"picked":"SKIP","floor":49},{"not_picked":["Slimebound:GrowthPunch","Slimebound:Grow","Slimebound:LivingWall"],"picked":"Slimebound:SpikyOuterGoop","floor":52}],"player_experience":1213264,"relics_obtained":[{"floor":6,"key":"Shuriken"},{"floor":8,"key":"Question Card"},{"floor":11,"key":"Lantern"},{"floor":12,"key":"Toy Ornithopter"},{"floor":14,"key":"Peace Pipe"},{"floor":24,"key":"HornCleat"},{"floor":25,"key":"Old Coin"},{"floor":27,"key":"Pear"},{"floor":31,"key":"Orichalcum"},{"floor":40,"key":"Du-Vu Doll"},{"floor":41,"key":"Bottled Lightning"},{"floor":42,"key":"Oddly Smooth Stone"},{"floor":46,"key":"Gremlin Horn"},{"floor":48,"key":"Mango"},{"floor":52,"key":"Bottled Tornado"},{"floor":54,"key":"Letter Opener"}],"event_choices":[{"damage_healed":0,"gold_gain":0,"player_choice":"Fight","damage_taken":0,"max_hp_gain":0,"max_hp_loss":0,"event_name":"Mysterious Sphere","floor":40,"gold_loss":0}],"is_beta":false,"boss_relics":[{"not_picked":["SlaversCollar","Black Star"],"picked":"Slimebound:TarBlob"},{"not_picked":["Fusion Hammer","Calling Bell"],"picked":"Astrolabe"}],"items_purged_floors":[4,26,37,39,53],"is_endless":false,"potions_floor_spawned":[2,3,8,10,15,16,19,25,29,33,38,42,49,52],"ascension_level":2}}