{"host":"rolltorest","time":1609619056,"event":{"mods":["BaseMod","Minty Spire (QoL Compilation)","Relic Stats","Robot Space Explorer","Slay the Relics Exporter","StSLib"],"gold_per_floor":[111,111,127,127,142,171,189,189,189,217,10,10,23,23,23,128,128,146,165,165,9,24,52,327,337,364,378,378,405,421,258,258,362,362,381,381,381,281,297,297,18,49,76,76,0,16,42,104,116,128,140,152,86,114,114,114],"floor_reached":55,"playtime":2317,"items_purged":["Regret","RobotSpaceExplorer:Strike","RobotSpaceExplorer:Strike"],"score":985,"play_id":"051c652d-6f04-466c-b107-98e6cda47b3a","local_time":"20210102122416","is_ascension_mode":true,"campfire_choices":[{"data":"RobotSpaceExplorer:Electropulse","floor":8,"key":"SMITH"},{"data":"RobotSpaceExplorer:Multitool","floor":12,"key":"SMITH"},{"data":"RobotSpaceExplorer:PlasmaMissile","floor":15,"key":"SMITH"},{"floor":28,"key":"REST"},{"floor":32,"key":"REST"},{"data":"RobotSpaceExplorer:Accelerator","floor":40,"key":"SMITH"},{"floor":49,"key":"RECALL"},{"data":"RobotSpaceExplorer:PowerCollector","floor":52,"key":"SMITH"}],"circlet_count":0,"master_deck":["RobotSpaceExplorer:Strike","RobotSpaceExplorer:Defend","RobotSpaceExplorer:Defend+1","RobotSpaceExplorer:Defend","RobotSpaceExplorer:Defend+1","RobotSpaceExplorer:Scan","RobotSpaceExplorer:MiniLasers","RobotSpaceExplorer:ShockMissile+1","RobotSpaceExplorer:FrostMissile","RobotSpaceExplorer:Electropulse+1","RobotSpaceExplorer:Electroshield","RobotSpaceExplorer:ScrapMissile","RobotSpaceExplorer:PlasmaMissile+1","RobotSpaceExplorer:Multitool+1","RobotSpaceExplorer:GearShield","RobotSpaceExplorer:Comet","RobotSpaceExplorer:IronShell+1","RobotSpaceExplorer:DoubleFind","RobotSpaceExplorer:MiniBoosters","Good Instincts","RobotSpaceExplorer:Accelerator+1","RobotSpaceExplorer:DualCore+1","Trip","RobotSpaceExplorer:Smokescreen+1","RobotSpaceExplorer:Explosion","RobotSpaceExplorer:PowerCollector+1","RobotSpaceExplorer:DoubleBlock","RobotSpaceExplorer:TrailblazerForm"],"relics":["RobotSpaceExplorer:RoboCore","Bag of Preparation","Matryoshka","Gambling Chip","Vajra","Darkstone Periapt","Runic Pyramid","MutagenicStrength","Happy Flower","Sundial","MealTicket","War Paint","Strawberry","Velvet Choker","ClockworkSouvenir","Blue Candle","Red Mask","MawBank","TungstenRod","Akabeko"],"acts_visited":["Exordium","TheCity","TheBeyond","TheEnding"],"potions_floor_usage":[7,16,23,54,54,55,55,55],"damage_taken":[{"damage":0,"enemies":"2 Louse","floor":1,"turns":2},{"damage":0,"enemies":"Cultist","floor":3,"turns":3},{"damage":0,"enemies":"Jaw Worm","floor":5,"turns":3},{"damage":22,"enemies":"Gremlin Nob","floor":6,"turns":5},{"damage":8,"enemies":"Red Slaver","floor":7,"turns":2},{"damage":15,"enemies":"3 Sentries","floor":10,"turns":6},{"damage":0,"enemies":"Lots of Slimes","floor":13,"turns":1},{"damage":23,"enemies":"Hexaghost","floor":16,"turns":13},{"damage":0,"enemies":"Chosen","floor":18,"turns":5},{"damage":0,"enemies":"Spheric Guardian","floor":19,"turns":3},{"damage":0,"enemies":"Snecko","floor":22,"turns":4},{"damage":0,"enemies":"Slavers","floor":23,"turns":2},{"damage":32,"enemies":"Snake Plant","floor":25,"turns":5},{"damage":17,"enemies":"Shelled Parasite and Fungi","floor":27,"turns":4},{"damage":20,"enemies":"Book of Stabbing","floor":29,"turns":7},{"damage":14,"enemies":"Snecko","floor":30,"turns":5},{"damage":43,"enemies":"Automaton","floor":33,"turns":11},{"damage":5,"enemies":"Orb Walker","floor":35,"turns":2},{"damage":0,"enemies":"3 Shapes","floor":39,"turns":3},{"damage":5,"enemies":"Reptomancer","floor":42,"turns":5},{"damage":7,"enemies":"Jaw Worm Horde","floor":46,"turns":5},{"damage":24,"enemies":"Giant Head","floor":47,"turns":10},{"damage":0,"enemies":"Mind Bloom Boss Battle","floor":48,"turns":3},{"damage":46,"enemies":"Donu and Deca","floor":50,"turns":9},{"damage":47,"enemies":"Shield and Spear","floor":54,"turns":7},{"damage":38,"enemies":"The Heart","floor":55,"turns":3}],"seed_played":"-149840782894300719","potions_obtained":[{"floor":4,"key":"Regen Potion"},{"floor":4,"key":"Fire Potion"},{"floor":4,"key":"FearPotion"},{"floor":5,"key":"RobotSpaceExplorer:LiquidFusion"},{"floor":10,"key":"Swift Potion"},{"floor":25,"key":"Explosive Potion"},{"floor":27,"key":"LiquidBronze"},{"floor":30,"key":"DuplicationPotion"},{"floor":54,"key":"SkillPotion"}],"is_trial":false,"path_per_floor":["M","?","M","?","M","E","M","R","T","E","$","R","M","T","R","B",null,"M","M","?","$","M","E","?","M","T","M","R","E","M","$","R","B",null,"M","?","?","$","M","R","$","E","T","$","?","M","E","?","R","B",null,"R","$","E","B"],"character_chosen":"RobotSpaceExplorer","items_purchased":["RobotSpaceExplorer:PlasmaMissile","RobotSpaceExplorer:Multitool","Happy Flower","Good Instincts","ClockworkSouvenir","RobotSpaceExplorer:DoubleBlock"],"campfire_rested":2,"item_purchase_floors":[11,11,21,31,41,53],"current_hp_per_floor":[75,75,75,75,75,53,45,45,45,30,30,30,30,30,30,7,58,58,58,58,58,58,58,64,32,32,15,39,26,12,27,53,10,69,64,64,64,79,79,79,88,83,83,88,88,81,57,57,57,11,69,69,84,37,0,0],"gold":114,"neow_bonus":"ONE_RANDOM_RARE_CARD","is_daily":false,"chose_seed":false,"campfire_upgraded":5,"win_rate":0.0,"timestamp":1609619056,"path_taken":["M","?","?","?","M","E","?","R","T","E","$","R","?","?","R","BOSS","M","?","?","$","M","E","?","M","T","?","R","E","M","$","R","BOSS","M","?","?","$","M","R","$","E","T","?","?","?","E","?","R","BOSS","R","$","E","BOSS"],"items_purchased_type":["Card","Card","Relic","Card","Relic","Card"],"build_version":"2020-12-18","purchased_purges":3,"victory":false,"max_hp_per_floor":[75,75,75,75,75,75,75,75,75,75,75,75,75,75,75,75,75,75,75,75,75,75,75,81,81,81,81,81,88,88,88,88,88,88,88,88,88,88,88,88,88,88,88,88,88,88,88,88,88,88,88,88,88,88,88,88],"relic_stats":{"Darkstone Periapt":6,"Happy Flower":[28],"counters":[26,128],"Sundial":[8],"Gambling Chip":[24],"Blue Candle":[0],"MealTicket":59,"Bag of Preparation":[44],"War Paint":["RobotSpaceExplorer:Defend","RobotSpaceExplorer:Defend"],"MawBank":72,"obtain_stats":[{"Darkstone Periapt":14,"Happy Flower":21,"Blue Candle":42,"Vajra":14,"Velvet Choker":34,"RobotSpaceExplorer:RoboCore":0,"Bag of Preparation":6,"War Paint":26,"MawBank":47,"Akabeko":54,"ClockworkSouvenir":41,"Matryoshka":9,"Sundial":23,"Gambling Chip":10,"MutagenicStrength":20,"Strawberry":29,"MealTicket":26,"Red Mask":45,"TungstenRod":48,"Runic Pyramid":17},{"Darkstone Periapt":7,"Happy Flower":10,"Blue Candle":20,"Vajra":7,"Velvet Choker":17,"RobotSpaceExplorer:RoboCore":0,"Bag of Preparation":4,"War Paint":13,"MawBank":22,"Akabeko":25,"ClockworkSouvenir":19,"Matryoshka":5,"Sundial":12,"Gambling Chip":6,"MutagenicStrength":10,"Strawberry":15,"MealTicket":13,"Red Mask":20,"TungstenRod":23,"Runic Pyramid":8},{"Darkstone Periapt":22,"Happy Flower":43,"Blue Candle":91,"Vajra":22,"Velvet Choker":81,"RobotSpaceExplorer:RoboCore":0,"Bag of Preparation":13,"War Paint":54,"MawBank":106,"Akabeko":125,"ClockworkSouvenir":86,"Matryoshka":15,"Sundial":49,"Gambling Chip":21,"MutagenicStrength":43,"Strawberry":65,"MealTicket":54,"Red Mask":91,"TungstenRod":109,"Runic Pyramid":35}],"TungstenRod":23},"card_choices":[{"not_picked":["RobotSpaceExplorer:Ammunition","RobotSpaceExplorer:FranticSearch","RobotSpaceExplorer:Reload"],"picked":"SKIP","floor":1},{"not_picked":["RobotSpaceExplorer:IronShell","RobotSpaceExplorer:ImprovisedAttack"],"picked":"RobotSpaceExplorer:FrostMissile","floor":3},{"not_picked":["RobotSpaceExplorer:Counterblock","RobotSpaceExplorer:SurgingShield"],"picked":"RobotSpaceExplorer:Electropulse","floor":5},{"not_picked":["RobotSpaceExplorer:Discharger","RobotSpaceExplorer:FreezingShield"],"picked":"RobotSpaceExplorer:Electroshield","floor":6},{"not_picked":["RobotSpaceExplorer:MiniDrones","RobotSpaceExplorer:SlimeMissile"],"picked":"RobotSpaceExplorer:ScrapMissile","floor":7},{"not_picked":["RobotSpaceExplorer:PowerCollector","RobotSpaceExplorer:SurgingShield","RobotSpaceExplorer:SwiftStep"],"picked":"SKIP","floor":10},{"not_picked":["RobotSpaceExplorer:ScrapMissile","RobotSpaceExplorer:GlueShot"],"picked":"RobotSpaceExplorer:GearShield","floor":13},{"not_picked":["RobotSpaceExplorer:ChargingLaser","RobotSpaceExplorer:Wormhole"],"picked":"RobotSpaceExplorer:Comet","floor":16},{"not_picked":["RobotSpaceExplorer:MetalStrike","RobotSpaceExplorer:Ammunition"],"picked":"RobotSpaceExplorer:IronShell+1","floor":18},{"not_picked":["RobotSpaceExplorer:SurgingShield","RobotSpaceExplorer:StunGrenade","RobotSpaceExplorer:Reload"],"picked":"SKIP","floor":19},{"not_picked":["RobotSpaceExplorer:SwiftStep+1","RobotSpaceExplorer:IronShell","RobotSpaceExplorer:GlueSpray"],"picked":"SKIP","floor":22},{"not_picked":["RobotSpaceExplorer:MiniDrones","RobotSpaceExplorer:RigExplosive","RobotSpaceExplorer:Jetpack"],"picked":"SKIP","floor":23},{"not_picked":["RobotSpaceExplorer:ScrapToss","RobotSpaceExplorer:Electroshield"],"picked":"RobotSpaceExplorer:DoubleFind","floor":25},{"not_picked":["RobotSpaceExplorer:SlimeMissile","RobotSpaceExplorer:FreezeRay"],"picked":"RobotSpaceExplorer:MiniBoosters","floor":27},{"not_picked":["RobotSpaceExplorer:FreezingShield","RobotSpaceExplorer:ImprovisedAttack","RobotSpaceExplorer:SelfCleaning"],"picked":"SKIP","floor":29},{"not_picked":["RobotSpaceExplorer:Probe","RobotSpaceExplorer:Electroshield","RobotSpaceExplorer:MetalStrike"],"picked":"SKIP","floor":30},{"not_picked":["RobotSpaceExplorer:Comet","RobotSpaceExplorer:Autoloader"],"picked":"RobotSpaceExplorer:Accelerator","floor":33},{"not_picked":["RobotSpaceExplorer:Pulsar","RobotSpaceExplorer:SlimeMissile+1"],"picked":"RobotSpaceExplorer:DualCore+1","floor":35},{"not_picked":["Discovery","Bandage Up"],"picked":"Trip","floor":36},{"not_picked":["RobotSpaceExplorer:Ammunition","RobotSpaceExplorer:Blitz","RobotSpaceExplorer:MetalStrike"],"picked":"SKIP","floor":39},{"not_picked":["RobotSpaceExplorer:StunGrenade+1","RobotSpaceExplorer:FranticSearch+1"],"picked":"RobotSpaceExplorer:Smokescreen+1","floor":42},{"not_picked":["RobotSpaceExplorer:Calculate","RobotSpaceExplorer:FrostMissile"],"picked":"RobotSpaceExplorer:Explosion","floor":46},{"not_picked":["RobotSpaceExplorer:StunGrenade","RobotSpaceExplorer:FranticSearch+1","RobotSpaceExplorer:Ammunition"],"picked":"SKIP","floor":47},{"not_picked":["RobotSpaceExplorer:SlimeMissile","RobotSpaceExplorer:Pulsar+1"],"picked":"RobotSpaceExplorer:PowerCollector","floor":48},{"not_picked":["RobotSpaceExplorer:FreezeRay","RobotSpaceExplorer:Smokescreen+1"],"picked":"RobotSpaceExplorer:TrailblazerForm","floor":54}],"player_experience":1738426,"relics_obtained":[{"floor":6,"key":"Bag of Preparation"},{"floor":9,"key":"Matryoshka"},{"floor":10,"key":"Gambling Chip"},{"floor":14,"key":"Vajra"},{"floor":14,"key":"Darkstone Periapt"},{"floor":23,"key":"Sundial"},{"floor":26,"key":"MealTicket"},{"floor":26,"key":"War Paint"},{"floor":29,"key":"Strawberry"},{"floor":42,"key":"Blue Candle"},{"floor":47,"key":"MawBank"},{"floor":48,"key":"TungstenRod"},{"floor":54,"key":"Akabeko"}],"event_choices":[{"damage_healed":0,"gold_gain":0,"player_choice":"Upgraded","damage_taken":0,"max_hp_gain":0,"max_hp_loss":0,"event_name":"Upgrade Shrine","floor":2,"gold_loss":0,"cards_upgraded":["RobotSpaceExplorer:ShockMissile"]},{"damage_healed":0,"gold_gain":0,"player_choice":"Got Potions","damage_taken":0,"max_hp_gain":0,"max_hp_loss":0,"event_name":"Lab","floor":4,"gold_loss":0},{"damage_healed":0,"gold_gain":0,"player_choice":"Inject Mutagens","damage_taken":0,"relics_obtained":["MutagenicStrength"],"max_hp_gain":0,"max_hp_loss":0,"event_name":"Drug Dealer","floor":20,"gold_loss":0},{"damage_healed":0,"gold_gain":275,"player_choice":"Desecrate","damage_taken":0,"max_hp_gain":0,"max_hp_loss":0,"event_name":"Golden Shrine","floor":24,"gold_loss":0,"cards_obtained":["Regret"]},{"damage_healed":0,"gold_gain":0,"player_choice":"Memory 1","damage_taken":0,"max_hp_gain":0,"max_hp_loss":0,"event_name":"SensoryStone","floor":36,"gold_loss":0},{"cards_removed":["RobotSpaceExplorer:Strike"],"damage_healed":0,"gold_gain":0,"player_choice":"Removed Attack","damage_taken":0,"max_hp_gain":0,"max_hp_loss":0,"event_name":"Falling","floor":37,"gold_loss":0},{"damage_healed":0,"gold_gain":0,"player_choice":"Paid","damage_taken":0,"relics_obtained":["Red Mask"],"max_hp_gain":0,"max_hp_loss":0,"event_name":"Tomb of Lord Red Mask","floor":45,"gold_loss":76},{"damage_healed":0,"gold_gain":0,"player_choice":"Fight","damage_taken":0,"max_hp_gain":0,"max_hp_loss":0,"event_name":"MindBloom","floor":48,"gold_loss":0}],"is_beta":true,"boss_relics":[{"not_picked":["RobotSpaceExplorer:Reprocessor","SlaversCollar"],"picked":"Runic Pyramid"},{"not_picked":["SacredBark","Snecko Eye"],"picked":"Velvet Choker"}],"items_purged_floors":[31,38,41],"is_endless":false,"potions_floor_spawned":[5,6,10,13,25,27,30,33,47,54],"killed_by":"The Heart","ascension_level":5}}