{"host":"bczg3e1yq3rp3pkk","time":1609602304,"event":{"mods":["BaseMod","Hermit","Marisa£®ÏF”Í°°ƒß¿Ì…≥£©","Minty Spire (QoL Compilation)","Quick Restart","Replay The Spire","StSLib","The Runesmith","The Servant 0.9.4","vexMod"],"gold_per_floor":[112,127,145,164,182,182,209,209,209,228,228,228,239,253,253,355,355,370,370,18,38,52,52,67,67,67,67,84,134,147,157,157,157,157],"floor_reached":33,"playtime":1691,"items_purged":[],"score":255,"play_id":"3538331b-a2f1-463a-90f6-cb5718be694b","local_time":"20210102234504","is_ascension_mode":false,"campfire_choices":[{"data":"hermit:Showdown","floor":6.0,"key":"SMITH"},{"data":"hermit:HighCaliber","floor":12.0,"key":"SMITH"},{"floor":15.0,"key":"REST"},{"data":"hermit:Maintenance","floor":23.0,"key":"SMITH"},{"data":"hermit:FullyLoaded","floor":25.0,"key":"SMITH"},{"data":"hermit:HeroicBravado","floor":27.0,"key":"SMITH"},{"floor":32.0,"key":"DIG"}],"circlet_count":0,"master_deck":["hermit:Strike_Hermit","hermit:Strike_Hermit","hermit:Strike_Hermit","hermit:Strike_Hermit","hermit:Defend_Hermit","hermit:Defend_Hermit","hermit:Defend_Hermit","hermit:Snapshot+1","hermit:Covet","hermit:HighCaliber+1","hermit:Showdown+1","hermit:FullyLoaded+1","hermit:Shortfuse+1","hermit:BodyArmor","hermit:Glare","hermit:Brawl","hermit:Coalescence","hermit:HeroicBravado+1","hermit:Showdown","hermit:Shortfuse","hermit:Maintenance+1","hermit:Determination","hermit:Desperado"],"relics":["hermit:Momento","Centennial Puzzle","Letter Opener","Busted Crown","hermit:Spyglass","Smiling Mask","Matryoshka"],"acts_visited":["Exordium","TheCity"],"potions_floor_usage":[33,33],"damage_taken":[{"damage":3.0,"enemies":"Small Slimes","floor":1.0,"turns":3.0},{"damage":1.0,"enemies":"Cultist","floor":2.0,"turns":3.0},{"damage":6.0,"enemies":"2 Louse","floor":3.0,"turns":2.0},{"damage":4.0,"enemies":"Blue Slaver","floor":4.0,"turns":3.0},{"damage":6.0,"enemies":"3 Louse","floor":5.0,"turns":2.0},{"damage":17.0,"enemies":"3 Sentries","floor":7.0,"turns":6.0},{"damage":3.0,"enemies":"Exordium Thugs","floor":10.0,"turns":3.0},{"damage":3.0,"enemies":"Lots of Slimes","floor":13.0,"turns":3.0},{"damage":6.0,"enemies":"3 Louse","floor":14.0,"turns":3.0},{"damage":35.0,"enemies":"Hexaghost","floor":16.0,"turns":10.0},{"damage":11.0,"enemies":"Spheric Guardian","floor":18.0,"turns":4.0},{"damage":1.0,"enemies":"Chosen","floor":21.0,"turns":4.0},{"damage":2.0,"enemies":"Centurion and Healer","floor":22.0,"turns":6.0},{"damage":7.0,"enemies":"3 Cultists","floor":24.0,"turns":5.0},{"damage":6.0,"enemies":"Cultist and Chosen","floor":28.0,"turns":4.0},{"damage":14.0,"enemies":"Shelled Parasite and Fungi","floor":30.0,"turns":4.0},{"damage":21.0,"enemies":"Snake Plant","floor":31.0,"turns":3.0},{"damage":13,"enemies":"Pondfish","floor":33,"turns":4}],"seed_played":"891996080271615663","potions_obtained":[{"floor":1.0,"key":"Reflective Coating"},{"floor":4.0,"key":"Energy Potion"},{"floor":10.0,"key":"SpeedPotion"},{"floor":14.0,"key":"Block Potion"},{"floor":18.0,"key":"DuplicationPotion"},{"floor":24.0,"key":"Reflective Coating"}],"is_trial":false,"path_per_floor":["M","M","M","M","M","R","E","?","T","M","?","R","M","M","R","B",null,"M","?","$","M","M","R","M","R","T","R","M","?","M","M","R","B"],"character_chosen":"HERMIT","items_purchased":["hermit:Showdown","hermit:Shortfuse","hermit:Spyglass"],"campfire_rested":1,"item_purchase_floors":[20,20,20],"current_hp_per_floor":[72,71,65,61,55,55,38,38,38,35,28,28,25,19,41,6,75,64,64,64,63,61,61,54,54,54,54,48,48,34,13,13,0,0],"gold":157,"neow_bonus":"UPGRADE_CARD","is_daily":false,"chose_seed":false,"campfire_upgraded":5,"win_rate":0.0,"timestamp":1609602304,"path_taken":["M","M","M","M","M","R","E","?","T","?","?","R","M","M","R","BOSS","M","?","$","M","M","R","M","R","T","R","M","?","M","?","R","BOSS"],"items_purchased_type":["Card","Card","Relic"],"build_version":"2020-12-22","purchased_purges":0,"victory":false,"max_hp_per_floor":[75,75,75,75,75,75,75,75,75,75,75,75,75,75,75,75,75,75,75,75,75,75,75,75,75,75,75,75,75,75,75,75,75,75],"card_choices":[{"not_picked":["hermit:GhostlyPresence","hermit:Snipe"],"picked":"hermit:HighCaliber","floor":1.0},{"not_picked":["hermit:WideOpen","hermit:Determination"],"picked":"hermit:Showdown","floor":2.0},{"not_picked":["hermit:Deadeye","hermit:Malice"],"picked":"hermit:FullyLoaded","floor":3.0},{"not_picked":["hermit:CursedWeapon","hermit:Headshot"],"picked":"hermit:Shortfuse","floor":4.0},{"not_picked":["hermit:Gestalt","hermit:TrackingShot"],"picked":"hermit:BodyArmor","floor":5.0},{"not_picked":["hermit:SprayPray","hermit:Determination","hermit:Manifest"],"picked":"SKIP","floor":7.0},{"not_picked":["hermit:Horror","hermit:CalledShot"],"picked":"hermit:Glare","floor":10.0},{"not_picked":["hermit:Malice","hermit:BodyArmor"],"picked":"hermit:Brawl","floor":13.0},{"not_picked":["hermit:CalledShot","hermit:Dive"],"picked":"hermit:Coalescence","floor":14.0},{"not_picked":["hermit:Magnum","hermit:Reprieve"],"picked":"hermit:HeroicBravado","floor":16.0},{"not_picked":["hermit:Roulette"],"picked":"SKIP","floor":18.0},{"not_picked":["hermit:Vantage"],"picked":"SKIP","floor":21.0},{"not_picked":[],"picked":"hermit:Maintenance","floor":22.0},{"not_picked":["hermit:BigShot+1"],"picked":"SKIP","floor":24.0},{"not_picked":[],"picked":"hermit:Determination","floor":28.0},{"not_picked":["hermit:Glare"],"picked":"SKIP","floor":30.0},{"not_picked":[],"picked":"hermit:Desperado","floor":31.0}],"player_experience":320562,"relics_obtained":[{"floor":7.0,"key":"Centennial Puzzle"},{"floor":9.0,"key":"Letter Opener"},{"floor":26.0,"key":"Smiling Mask"},{"floor":32.0,"key":"Matryoshka"}],"event_choices":[{"damage_healed":0.0,"max_hp_gain":0.0,"max_hp_loss":0.0,"gold_gain":0.0,"event_name":"Upgrade Shrine","player_choice":"Upgraded","floor":8.0,"gold_loss":0.0,"damage_taken":0.0,"cards_upgraded":["hermit:Shortfuse"]},{"cards_removed":["hermit:Defend_Hermit"],"damage_healed":0.0,"max_hp_gain":0.0,"max_hp_loss":0.0,"gold_gain":0.0,"event_name":"Golden Wing","player_choice":"Card Removal","floor":11.0,"gold_loss":0.0,"damage_taken":7.0},{"damage_healed":0.0,"max_hp_gain":0.0,"max_hp_loss":0.0,"gold_gain":0.0,"event_name":"Ghosts","player_choice":"Ignored","floor":19.0,"gold_loss":0.0,"damage_taken":0.0},{"damage_healed":0.0,"max_hp_gain":0.0,"max_hp_loss":0.0,"gold_gain":100.0,"event_name":"The Joust","player_choice":"Bet on Murderer","floor":29.0,"gold_loss":50.0,"damage_taken":0.0}],"is_beta":false,"boss_relics":[{"not_picked":["SacredBark","Runesmith:UraniumAnvil"],"picked":"Busted Crown"}],"items_purged_floors":[],"is_endless":false,"potions_floor_spawned":[1,4,10,14,18,24],"killed_by":"Pondfish","ascension_level":0}}