{"host":"sxnl403xm2xmiyj1","time":1609563847,"event":{"mods":["AchievementEnabler","BaseMod","Colored Map","Keyboard Shortcuts","Minty Spire (QoL Compilation)","Quick Restart","StSLib","SuperFastMode"],"gold_per_floor":[116,132,132,132,132,175,30,70,149,162,185,199,230,246,246,375,375,396,396,409,12,26,26,65,65,65,109,122,146,146,187,187,306,306,327,327,343,676,63,63,113,140,167,179,179,205,220,251,251,251,251,251,62,88,88,88],"floor_reached":55,"playtime":1829,"items_purged":["Pain","Strike_G","Strike_G"],"score":1403,"play_id":"b5696cef-a083-4d7e-8613-3f3533d58c7c","local_time":"20210102140407","is_ascension_mode":true,"campfire_choices":[{"data":"Noxious Fumes","floor":15.0,"key":"SMITH"},{"data":"Malaise","floor":23.0,"key":"SMITH"},{"data":"Noxious Fumes","floor":25.0,"key":"SMITH"},{"floor":30.0,"key":"REST"},{"data":"Well Laid Plans","floor":32.0,"key":"SMITH"},{"floor":40,"key":"RECALL"},{"data":"Noxious Fumes","floor":49,"key":"SMITH"},{"data":"Crippling Poison","floor":52,"key":"SMITH"}],"circlet_count":0,"master_deck":["AscendersBane","Strike_G","Strike_G","Defend_G","Defend_G+1","Defend_G","Defend_G","Defend_G","Survivor","Neutralize+1","Acrobatics","Dagger Spray","Noxious Fumes+1","Terror","Deadly Poison","Concentrate","Venomology","Deadly Poison","Eviscerate","Escape Plan","Malaise+1","Dagger Throw","Well Laid Plans+1","Noxious Fumes+1","Escape Plan","Escape Plan","Poisoned Stab+1","Crippling Poison+1","Reflex","Poisoned Stab+1","Acrobatics","Bane","Reflex+1","Noxious Fumes+1","Pain","Acrobatics+1","Tools of the Trade","Bane+1","Acrobatics","Sadistic Nature","Poisoned Stab+1"],"relics":["Ring of the Snake","NeowsBlessing","WarpedTongs","Centennial Puzzle","MealTicket","White Beast Statue","Pantograph","HoveringKite","Medical Kit","Singing Bowl","Bag of Marbles","Mercury Hourglass","Tingsha","Cursed Key","PreservedInsect","HornCleat","Torii","Anchor","Akabeko","Toy Ornithopter","Boot"],"acts_visited":["Exordium","TheCity","TheBeyond","TheEnding"],"potions_floor_usage":[41,41,41,41,42,44,46,47,47,48,50,50,54,55],"damage_taken":[{"damage":0.0,"enemies":"Small Slimes","floor":1.0,"turns":1.0},{"damage":0.0,"enemies":"2 Louse","floor":2.0,"turns":1.0},{"damage":0.0,"enemies":"Gremlin Nob","floor":6.0,"turns":1.0},{"damage":9.0,"enemies":"3 Sentries","floor":8.0,"turns":6.0},{"damage":2.0,"enemies":"Cultist","floor":10.0,"turns":4.0},{"damage":0.0,"enemies":"Looter","floor":11.0,"turns":3.0},{"damage":0.0,"enemies":"Large Slime","floor":12.0,"turns":6.0},{"damage":3.0,"enemies":"Gremlin Nob","floor":13.0,"turns":3.0},{"damage":0.0,"enemies":"3 Louse","floor":14.0,"turns":4.0},{"damage":0.0,"enemies":"Slime Boss","floor":16.0,"turns":6.0},{"damage":2.0,"enemies":"3 Byrds","floor":18.0,"turns":5.0},{"damage":16.0,"enemies":"Spheric Guardian","floor":20.0,"turns":4.0},{"damage":5.0,"enemies":"Snecko","floor":22.0,"turns":5.0},{"damage":20.0,"enemies":"Slavers","floor":24.0,"turns":4.0},{"damage":16.0,"enemies":"Book of Stabbing","floor":27.0,"turns":6.0},{"damage":13.0,"enemies":"Centurion and Healer","floor":28.0,"turns":5.0},{"damage":3.0,"enemies":"Shelled Parasite and Fungi","floor":29.0,"turns":4.0},{"damage":3.0,"enemies":"Gremlin Leader","floor":31.0,"turns":7.0},{"damage":14.0,"enemies":"Automaton","floor":33.0,"turns":9.0},{"damage":10.0,"enemies":"Orb Walker","floor":35.0,"turns":3.0},{"damage":0,"enemies":"3 Shapes","floor":37,"turns":4},{"damage":14,"enemies":"2 Orb Walkers","floor":41,"turns":5},{"damage":0,"enemies":"Nemesis","floor":42,"turns":5},{"damage":21,"enemies":"Maw","floor":44,"turns":7},{"damage":13,"enemies":"Giant Head","floor":46,"turns":6},{"damage":1,"enemies":"Transient","floor":47,"turns":5},{"damage":27,"enemies":"Reptomancer","floor":48,"turns":4},{"damage":15,"enemies":"Donu and Deca","floor":50,"turns":7},{"damage":13,"enemies":"Shield and Spear","floor":54,"turns":4},{"damage":113,"enemies":"The Heart","floor":55,"turns":8}],"seed_played":"7311273406681100609","potions_obtained":[{"floor":2.0,"key":"BlessingOfTheForge"},{"floor":8.0,"key":"Poison Potion"},{"floor":10.0,"key":"BlessingOfTheForge"},{"floor":11.0,"key":"Fire Potion"},{"floor":12.0,"key":"EntropicBrew"},{"floor":13.0,"key":"Regen Potion"},{"floor":14.0,"key":"EssenceOfSteel"},{"floor":16.0,"key":"BlessingOfTheForge"},{"floor":18.0,"key":"PowerPotion"},{"floor":20.0,"key":"PowerPotion"},{"floor":22.0,"key":"ColorlessPotion"},{"floor":24.0,"key":"Fire Potion"},{"floor":27.0,"key":"BlessingOfTheForge"},{"floor":28.0,"key":"Energy Potion"},{"floor":29.0,"key":"FairyPotion"},{"floor":31.0,"key":"GhostInAJar"},{"floor":33.0,"key":"Ancient Potion"},{"floor":35.0,"key":"SpeedPotion"},{"floor":37,"key":"EntropicBrew"},{"floor":41,"key":"FairyPotion"},{"floor":42,"key":"Explosive Potion"},{"floor":46,"key":"ColorlessPotion"},{"floor":47,"key":"FearPotion"},{"floor":48,"key":"Swift Potion"},{"floor":54,"key":"Fruit Juice"}],"is_trial":false,"path_per_floor":["M","M","?","?","?","E","$","E","T","M","M","M","E","M","R","B",null,"M","?","M","$","M","R","E","R","T","E","M","M","R","E","R","B",null,"M","?","M","?","$","R","?","E","T","M","?","E","M","E","R","B",null,"R","$","E","B"],"character_chosen":"THE_SILENT","items_purchased":["Terror","Medical Kit","Noxious Fumes","Escape Plan","PreservedInsect","HornCleat","Acrobatics","Bane","Sadistic Nature"],"campfire_rested":1,"item_purchase_floors":[7,21,21,21,39,39,39,39,53],"current_hp_per_floor":[63,63,46,32,32,32,32,23,23,21,21,21,18,30,30,55,66,64,64,48,63,58,58,40,40,40,24,11,8,29,28,28,41,67,57,57,57,57,72,72,58,58,58,37,37,24,23,22,22,42,68,68,76,73,0,0],"gold":88,"neow_bonus":"THREE_ENEMY_KILL","is_daily":false,"chose_seed":false,"campfire_upgraded":6,"win_rate":0.0,"timestamp":1609563847,"path_taken":["M","M","?","?","?","E","$","E","T","M","M","M","E","M","R","BOSS","M","?","M","$","M","R","E","R","T","E","M","M","R","E","R","BOSS","M","?","M","?","$","R","?","E","T","M","?","E","?","E","R","BOSS","R","$","E","BOSS"],"items_purchased_type":["Card","Relic","Card","Card","Relic","Relic","Card","Card","Card"],"build_version":"2020-12-22","purchased_purges":3,"victory":false,"max_hp_per_floor":[70,70,70,70,70,70,70,70,70,70,70,70,70,70,70,70,70,70,70,70,70,70,70,72,72,72,72,72,72,72,74,74,76,76,76,76,76,76,76,76,76,76,76,76,76,76,76,76,76,76,76,76,76,81,81,81],"card_choices":[{"not_picked":["Flying Knee","Backflip"],"picked":"Acrobatics","floor":1.0},{"not_picked":["Night Terror","Calculated Gamble"],"picked":"Dagger Spray","floor":2.0},{"not_picked":["Outmaneuver","Flying Knee"],"picked":"Noxious Fumes","floor":6.0},{"not_picked":["Blur","Bane"],"picked":"Deadly Poison","floor":8.0},{"not_picked":["Cloak And Dagger","Blade Dance"],"picked":"Concentrate","floor":10.0},{"not_picked":["Acrobatics","Backflip"],"picked":"Venomology","floor":11.0},{"not_picked":["Riddle With Holes","Leg Sweep"],"picked":"Deadly Poison","floor":12.0},{"not_picked":["Choke","Finisher"],"picked":"Eviscerate","floor":13.0},{"not_picked":["Choke","Acrobatics"],"picked":"Escape Plan","floor":14.0},{"not_picked":["Die Die Die","Storm of Steel"],"picked":"Malaise","floor":16.0},{"not_picked":["Heel Hook","Cloak And Dagger"],"picked":"Dagger Throw","floor":18.0},{"not_picked":["Setup","Flying Knee"],"picked":"Well Laid Plans","floor":20.0},{"not_picked":["Masterful Stab","Caltrops"],"picked":"Escape Plan","floor":22.0},{"not_picked":["Backstab","Sucker Punch","Slice"],"picked":"Singing Bowl","floor":24.0},{"not_picked":["Heel Hook","Underhanded Strike"],"picked":"Poisoned Stab+1","floor":27.0},{"not_picked":["Dagger Throw","Deadly Poison+1"],"picked":"Crippling Poison","floor":28.0},{"not_picked":["Sucker Punch+1","Acrobatics"],"picked":"Reflex","floor":29.0},{"not_picked":["Dagger Spray","Flying Knee+1","Sucker Punch+1"],"picked":"Singing Bowl","floor":31.0},{"not_picked":["Grand Finale","Bullet Time","Die Die Die"],"picked":"Singing Bowl","floor":33.0},{"not_picked":["Setup","Bouncing Flask"],"picked":"Acrobatics+1","floor":35.0},{"not_picked":["Blade Dance","Finisher+1"],"picked":"Poisoned Stab+1","floor":37},{"not_picked":["Catalyst","Masterful Stab"],"picked":"Reflex+1","floor":41},{"not_picked":["Quick Slash+1","Bane+1"],"picked":"Noxious Fumes","floor":42},{"not_picked":["Bane+1","Setup+1"],"picked":"Acrobatics+1","floor":44},{"not_picked":["Outmaneuver","Blade Dance"],"picked":"Tools of the Trade","floor":46},{"not_picked":["Quick Slash+1","Finisher+1"],"picked":"Bane+1","floor":47},{"not_picked":["Slice","All Out Attack+1"],"picked":"Acrobatics","floor":48},{"not_picked":["Choke","Accuracy"],"picked":"Poisoned Stab+1","floor":54}],"player_experience":143928,"relics_obtained":[{"floor":6.0,"key":"Centennial Puzzle"},{"floor":8.0,"key":"MealTicket"},{"floor":9.0,"key":"White Beast Statue"},{"floor":13.0,"key":"Pantograph"},{"floor":24.0,"key":"Singing Bowl"},{"floor":26.0,"key":"Bag of Marbles"},{"floor":27.0,"key":"Mercury Hourglass"},{"floor":31.0,"key":"Tingsha"},{"floor":41,"key":"Torii"},{"floor":42,"key":"Anchor"},{"floor":46,"key":"Akabeko"},{"floor":48,"key":"Toy Ornithopter"},{"floor":54,"key":"Boot"}],"event_choices":[{"damage_healed":0.0,"max_hp_gain":0.0,"max_hp_loss":0.0,"gold_gain":0.0,"event_name":"Golden Idol","player_choice":"Take Damage","floor":3.0,"gold_loss":0.0,"damage_taken":17.0,"relics_obtained":["Golden Idol"]},{"damage_healed":0.0,"max_hp_gain":0.0,"max_hp_loss":0.0,"gold_gain":0.0,"event_name":"Shining Light","player_choice":"Entered Light","floor":4.0,"gold_loss":0.0,"damage_taken":14.0,"cards_upgraded":["Defend_G","Neutralize"]},{"damage_healed":0.0,"max_hp_gain":0.0,"max_hp_loss":0.0,"gold_gain":0.0,"event_name":"Accursed Blacksmith","player_choice":"Rummage","floor":5.0,"gold_loss":0.0,"damage_taken":0.0,"relics_obtained":["WarpedTongs"],"cards_obtained":["Pain"]},{"cards_removed":["Strike_G"],"damage_healed":0.0,"max_hp_gain":0.0,"max_hp_loss":0.0,"gold_gain":0.0,"event_name":"Back to Basics","player_choice":"Elegance","floor":19.0,"gold_loss":0.0,"damage_taken":0.0},{"damage_healed":0.0,"max_hp_gain":0.0,"max_hp_loss":0.0,"gold_gain":0.0,"event_name":"Tomb of Lord Red Mask","player_choice":"Ignored","floor":36.0,"gold_loss":0.0,"damage_taken":0.0},{"damage_healed":0,"gold_gain":333,"player_choice":"Gave Idol","damage_taken":0,"max_hp_gain":0,"max_hp_loss":0,"event_name":"The Moai Head","floor":38,"relics_lost":["Golden Idol"],"gold_loss":0},{"damage_healed":0,"gold_gain":0,"player_choice":"Fight","damage_taken":0,"max_hp_gain":0,"max_hp_loss":0,"event_name":"Mysterious Sphere","floor":41,"gold_loss":0},{"cards_removed":["Acrobatics"],"damage_healed":0,"gold_gain":0,"player_choice":"Removed Skill","damage_taken":0,"max_hp_gain":0,"max_hp_loss":0,"event_name":"Falling","floor":45,"gold_loss":0}],"is_beta":false,"boss_relics":[{"not_picked":["Runic Pyramid","Coffee Dripper"],"picked":"HoveringKite"},{"not_picked":["Calling Bell","Pandora\u0027s Box"],"picked":"Cursed Key"}],"items_purged_floors":[7,21,39],"is_endless":false,"potions_floor_spawned":[2,8,10,11,12,13,14,16,18,20,22,24,27,28,29,31,33,35,37,41,42,44,46,47,48,54],"killed_by":"The Heart","ascension_level":10}}