{"host":"nhy906g2ja00jpid","time":1609572107,"event":{"mods":["BaseMod","Marisa£®ÏF”Í°°ƒß¿Ì…≥£©","Minty Spire (QoL Compilation)","Permanent Neow","Quick Restart","Relic Stats","UnlockEverythingMod"],"gold_per_floor":[116,133,149,149,20,20,63,89,138,172,204,245,271,302,302,422,422,455,370,420,446,481,528,528,556,556,583,583,617,617,617,617],"floor_reached":31,"playtime":1373,"items_purged":["Strike_MRS"],"score":273,"play_id":"6dc163d2-a6b4-4acc-9a2c-3ce414be572c","local_time":"20210102152147","is_ascension_mode":false,"campfire_choices":[{"data":"MasterSpark","floor":6.0,"key":"SMITH"},{"data":"ChargingUp","floor":15.0,"key":"SMITH"},{"floor":24,"key":"REST"},{"data":"6A","floor":28,"key":"SMITH"},{"data":"OrrerysSun","floor":30,"key":"SMITH"}],"circlet_count":0,"master_deck":["Strike_MRS","Defend_MRS","Defend_MRS","Defend_MRS","MasterSpark+1","UpSweep","6A+1","ChargingUp+1","WitchOfGreed","MeteoricShower","OrrerysSun+1","OortCloud+1","PulseMagic","SuperPerseids+1"],"relics":["MiniHakkero","Omamori","Centennial Puzzle","Empty Cage","CaptainsWheel","Sundial","Torii"],"acts_visited":["Exordium","TheCity"],"potions_floor_usage":[23,27,27,31,31],"damage_taken":[{"damage":3.0,"enemies":"Small Slimes","floor":1.0,"turns":4.0},{"damage":0.0,"enemies":"2 Louse","floor":2.0,"turns":2.0},{"damage":0.0,"enemies":"Cultist","floor":3.0,"turns":3.0},{"damage":21.0,"enemies":"Lagavulin","floor":7.0,"turns":5.0},{"damage":8.0,"enemies":"2 Fungi Beasts","floor":8.0,"turns":4.0},{"damage":5.0,"enemies":"Looter","floor":10.0,"turns":2.0},{"damage":6.0,"enemies":"Blue Slaver","floor":11.0,"turns":3.0},{"damage":6.0,"enemies":"Gremlin Nob","floor":12.0,"turns":3.0},{"damage":4.0,"enemies":"Large Slime","floor":13.0,"turns":6.0},{"damage":8.0,"enemies":"3 Louse","floor":14.0,"turns":4.0},{"damage":12.0,"enemies":"The Guardian","floor":16.0,"turns":12.0},{"damage":4.0,"enemies":"2 Thieves","floor":18.0,"turns":5.0},{"damage":0.0,"enemies":"Chosen","floor":21.0,"turns":5.0},{"damage":2.0,"enemies":"Shelled Parasite and Fungi","floor":22.0,"turns":6.0},{"damage":68,"enemies":"Slavers","floor":23,"turns":12},{"damage":7,"enemies":"Centurion and Healer","floor":25,"turns":9},{"damage":8,"enemies":"Snake Plant","floor":27,"turns":5},{"damage":1,"enemies":"Snecko","floor":29,"turns":6},{"damage":28,"enemies":"Gremlin Leader","floor":31,"turns":5}],"seed_played":"-1465936445939669089","potions_obtained":[{"floor":0.0,"key":"EntropicBrew"},{"floor":0.0,"key":"Swift Potion"},{"floor":0.0,"key":"Weak Potion"},{"floor":2.0,"key":"PowerPotion"},{"floor":10.0,"key":"StarNLove"},{"floor":16.0,"key":"Block Potion"},{"floor":16.0,"key":"SkillPotion"},{"floor":18.0,"key":"Block Potion"},{"floor":23,"key":"Fire Potion"},{"floor":25,"key":"Regen Potion"},{"floor":27,"key":"DistilledChaos"},{"floor":29,"key":"Dexterity Potion"},{"floor":29,"key":"DuplicationPotion"}],"is_trial":false,"path_per_floor":["M","M","M","?","$","R","E","M","T","M","M","E","M","M","R","B",null,"M","?","?","M","M","E","R","M","T","M","R","M","R","E"],"character_chosen":"MARISA","items_purchased":["WitchOfGreed"],"campfire_rested":1,"item_purchase_floors":[5],"current_hp_per_floor":[72,72,72,72,72,72,51,43,43,38,32,26,22,14,14,2,75,71,71,71,71,69,1,23,16,16,22,22,21,21,0,0],"gold":617,"neow_bonus":"THREE_SMALL_POTIONS","is_daily":false,"chose_seed":false,"campfire_upgraded":4,"win_rate":0.0,"timestamp":1609572107,"path_taken":["M","M","M","?","$","R","E","M","T","M","M","E","M","M","R","BOSS","M","?","?","M","M","E","R","M","T","?","R","M","R","E"],"items_purchased_type":["Card"],"build_version":"2020-12-22","purchased_purges":1,"victory":false,"max_hp_per_floor":[75,75,75,75,75,75,75,75,75,75,75,75,75,75,75,75,75,75,75,75,75,75,75,75,75,75,75,75,75,75,75,75],"relic_stats":{"Centennial Puzzle":[30],"Torii":4,"counters":[19,101],"Sundial":[10],"obtain_stats":[{"Centennial Puzzle":12,"CaptainsWheel":19,"Torii":26,"Sundial":23,"Omamori":9,"MiniHakkero":0,"Empty Cage":17},{"Centennial Puzzle":8,"CaptainsWheel":12,"Torii":16,"Sundial":15,"Omamori":5,"MiniHakkero":0,"Empty Cage":11},{"Centennial Puzzle":26,"CaptainsWheel":53,"Torii":85,"Sundial":76,"Omamori":18,"MiniHakkero":0,"Empty Cage":48}]},"card_choices":[{"not_picked":["EarthLightRay","UnstableBomb"],"picked":"6A","floor":1.0},{"not_picked":["Acceleration","DC"],"picked":"ChargingUp","floor":2.0},{"not_picked":["WitchLeyline","SuperPerseids","MilkyWay"],"picked":"SKIP","floor":3.0},{"not_picked":["BlazeAway","UnstableBomb","DarkMatter"],"picked":"SKIP","floor":7.0},{"not_picked":["DC","DoubleSpark"],"picked":"MeteoricShower","floor":8.0},{"not_picked":["6A","DoubleSpark","BigCrunch"],"picked":"SKIP","floor":10.0},{"not_picked":["PowerUp","WitchLeyline","DarkMatter"],"picked":"SKIP","floor":11.0},{"not_picked":["EnergyFlow","Acceleration","Orbital"],"picked":"SKIP","floor":12.0},{"not_picked":["GalacticHalo","PropBag"],"picked":"OrrerysSun","floor":13.0},{"not_picked":["AlicesGift","EnergyRecoil","OpenUniverse"],"picked":"SKIP","floor":14.0},{"not_picked":["AlicesGift","EnergyRecoil","OpenUniverse"],"picked":"SKIP","floor":14.0},{"not_picked":["DC","GrandCross","SporeBomb"],"picked":"SKIP","floor":18.0},{"not_picked":["NonDirectionalLaser+1","6A+1"],"picked":"OortCloud+1","floor":21.0},{"not_picked":["NonDirectionalLaser","MilkyWay","LuminesStrike"],"picked":"SKIP","floor":22.0},{"not_picked":["GrandCross","DC"],"picked":"PulseMagic","floor":23},{"not_picked":["DragonMeteor","GrandCross+1","GravityBeat+1"],"picked":"SKIP","floor":25},{"not_picked":["WitchLeyline+1","Robbery"],"picked":"SuperPerseids+1","floor":27},{"not_picked":["IllusionStar","Robbery","MachineGunSpark"],"picked":"SKIP","floor":29}],"player_experience":113033,"relics_obtained":[{"floor":9.0,"key":"Omamori"},{"floor":12.0,"key":"Centennial Puzzle"},{"floor":23,"key":"Sundial"},{"floor":26,"key":"Torii"}],"event_choices":[{"cards_removed":["Strike_MRS"],"damage_healed":0.0,"max_hp_gain":0.0,"max_hp_loss":0.0,"gold_gain":0.0,"event_name":"Living Wall","player_choice":"Forget","floor":4.0,"gold_loss":0.0,"damage_taken":0.0},{"damage_healed":0.0,"max_hp_gain":0.0,"max_hp_loss":0.0,"gold_gain":0.0,"event_name":"Addict","player_choice":"Obtained Relic","floor":19.0,"gold_loss":85.0,"damage_taken":0.0,"relics_obtained":["CaptainsWheel"]},{"damage_healed":0.0,"max_hp_gain":0.0,"max_hp_loss":0.0,"gold_gain":100.0,"event_name":"The Joust","player_choice":"Bet on Murderer","floor":20.0,"gold_loss":50.0,"damage_taken":0.0}],"is_beta":false,"boss_relics":[{"not_picked":["Fusion Hammer","Ectoplasm"],"picked":"Empty Cage"}],"items_purged_floors":[5],"is_endless":false,"potions_floor_spawned":[2,8,10,16,21,27,29],"killed_by":"Gremlin Leader","ascension_level":0}}