{"host":"x1qj4d8ympd5jdqh","time":1609587433,"event":{"mods":["AchievementEnabler","AlwaysNeverKeys","BaseMod","Colored Map","Custom Start","DeckTracker","Highlight Path","Minty Spire (QoL Compilation)","StSLib","SuperFastMode"],"gold_per_floor":[109,128,9,9,84,119,136,136,163,18,18,51,51,69,69,143,143,158,83,83,83],"floor_reached":20,"playtime":388,"items_purged":["Strike_R"],"score":410,"play_id":"dcee6ce0-263b-4c73-9a8e-fb85e4e9e062","local_time":"20210102203713","is_ascension_mode":true,"campfire_choices":[{"data":"Fire Breathing","floor":13,"key":"SMITH"},{"floor":15,"key":"REST"}],"circlet_count":0,"master_deck":["AscendersBane","Strike_R","Strike_R","Strike_R","Strike_R","Defend_R","Defend_R","Defend_R","Defend_R","Bash","Fire Breathing","Fire Breathing+1","Infernal Blade","Body Slam","Pommel Strike","Evolve","Armaments+1","Shockwave","Offering","CurseOfTheBell"],"relics":["Burning Blood","NeowsBlessing","Anchor","White Beast Statue","Strawberry","Ice Cream","Calling Bell","Regal Pillow","Frozen Egg 2","Gambling Chip"],"acts_visited":["Exordium","TheCity"],"potions_floor_usage":[12,12,14,16,18],"damage_taken":[{"damage":0,"enemies":"Small Slimes","floor":1,"turns":1},{"damage":0,"enemies":"2 Louse","floor":2,"turns":1},{"damage":0,"enemies":"3 Sentries","floor":6,"turns":1},{"damage":6,"enemies":"Cultist","floor":7,"turns":3},{"damage":30,"enemies":"Lagavulin","floor":12,"turns":7},{"damage":26,"enemies":"Large Slime","floor":14,"turns":5},{"damage":15,"enemies":"Hexaghost","floor":16,"turns":9},{"damage":55,"enemies":"Spheric Guardian","floor":18,"turns":7},{"damage":0,"enemies":"Shell Parasite","floor":20,"turns":1}],"seed_played":"4478529172907832974","potions_obtained":[{"floor":2,"key":"Fire Potion"},{"floor":7,"key":"SteroidPotion"},{"floor":12,"key":"EntropicBrew"},{"floor":16,"key":"SkillPotion"},{"floor":18,"key":"EntropicBrew"}],"is_trial":false,"path_per_floor":["M","M","$","?","?","E","M","?","T","$","?","E","R","M","R","B",null,"M","$","M"],"character_chosen":"IRONCLAD","items_purchased":["Fire Breathing","Infernal Blade","Evolve","Armaments"],"campfire_rested":1,"item_purchase_floors":[3,3,10,10],"current_hp_per_floor":[74,75,75,57,46,52,52,52,59,59,59,35,35,15,39,30,69,20,20,20,20],"gold":83,"neow_bonus":"THREE_ENEMY_KILL","is_daily":false,"chose_seed":false,"campfire_upgraded":1,"win_rate":0.0,"timestamp":1609587433,"path_taken":["M","M","$","?","?","E","M","?","T","$","?","E","R","?","R","BOSS","M","$","M"],"items_purchased_type":["Card","Card","Card","Card"],"build_version":"2020-12-22","purchased_purges":1,"victory":false,"max_hp_per_floor":[75,75,75,75,75,75,75,75,82,82,82,82,82,82,82,82,82,82,82,82,82],"card_choices":[{"not_picked":["Clash","True Grit","Dark Embrace"],"picked":"SKIP","floor":1},{"not_picked":["Clash","Battle Trance"],"picked":"Fire Breathing","floor":2},{"not_picked":["Uppercut","Battle Trance"],"picked":"Body Slam","floor":6},{"not_picked":["Sword Boomerang","Warcry"],"picked":"Pommel Strike","floor":7},{"not_picked":["Brutality","Iron Wave"],"picked":"Shockwave","floor":12},{"not_picked":["Havoc","Perfected Strike","Pommel Strike"],"picked":"SKIP","floor":14},{"not_picked":["Juggernaut","Feed"],"picked":"Offering","floor":16},{"not_picked":["Warcry","True Grit","Flex"],"picked":"SKIP","floor":18}],"player_experience":1305149,"relics_obtained":[{"floor":6,"key":"White Beast Statue"},{"floor":9,"key":"Strawberry"},{"floor":12,"key":"Ice Cream"},{"floor":17,"key":"Regal Pillow"},{"floor":17,"key":"Frozen Egg 2"},{"floor":17,"key":"Gambling Chip"}],"event_choices":[{"damage_healed":0,"gold_gain":0,"player_choice":"Success","damage_taken":18,"relics_obtained":["Anchor"],"max_hp_gain":0,"max_hp_loss":0,"event_name":"Scrap Ooze","floor":4,"gold_loss":0},{"damage_healed":0,"gold_gain":75,"player_choice":"Gather Gold","damage_taken":11,"max_hp_gain":0,"max_hp_loss":0,"event_name":"World of Goop","floor":5,"gold_loss":0},{"damage_healed":0,"gold_gain":0,"player_choice":"Ignored","damage_taken":0,"max_hp_gain":0,"max_hp_loss":0,"event_name":"Liars Game","floor":8,"gold_loss":0},{"damage_healed":0,"gold_gain":0,"player_choice":"Upgraded","damage_taken":0,"max_hp_gain":0,"max_hp_loss":0,"event_name":"Upgrade Shrine","floor":11,"gold_loss":0,"cards_upgraded":["Armaments"]}],"is_beta":false,"boss_relics":[{"not_picked":["Snecko Eye","Black Star"],"picked":"Calling Bell"}],"items_purged_floors":[19],"is_endless":false,"potions_floor_spawned":[2,7,12,14,16,18],"killed_by":"Shell Parasite","ascension_level":20}}