{"host":"ilekl0vf60axbird","time":1609600373,"event":{"mods":["AchievementEnabler","BaseMod","Colored Powertips","Googly Eyes","Minty Spire (QoL Compilation)","Relic Stats","everything is the same but u backflip on backflip"],"gold_per_floor":[111,127,107,124,142,142,158,158,158,13,44,44,69,89,89,161,161,180,105,105,123,140,140,175,175,256,156,181,192,192,292,292,292,292],"floor_reached":33,"playtime":1596,"items_purged":["Pain","Strike_R+1"],"score":512,"play_id":"0e35de2b-09ac-4591-af49-6989096b7231","local_time":"20210102131253","is_ascension_mode":true,"campfire_choices":[{"data":"Pommel Strike","floor":6,"key":"SMITH"},{"data":"True Grit","floor":8,"key":"SMITH"},{"data":"Spot Weakness","floor":15,"key":"SMITH"},{"data":"Burning Pact","floor":23,"key":"SMITH"},{"data":"Spot Weakness","floor":30,"key":"SMITH"},{"data":"Flame Barrier","floor":32,"key":"SMITH"}],"circlet_count":0,"master_deck":["AscendersBane","Strike_R+1","Strike_R+1","Strike_R+1","Strike_R+1","Defend_R+1","Defend_R+1","Defend_R+1","Defend_R+1","Bash","Pommel Strike+1","Spot Weakness+1","Power Through","True Grit+1","Flame Barrier+1","Impervious+1","Pommel Strike","Disarm+1","Immolate","Immolate","Burning Pact+1","Spot Weakness+1","Sword Boomerang","Evolve+1","Power Through"],"relics":["Coffee Dripper","InkBottle","MealTicket","Boot","WarpedTongs","Mango","Black Star","CaptainsWheel","Bag of Marbles","Bag of Preparation","War Paint","Prayer Wheel","Letter Opener"],"acts_visited":["Exordium","TheCity"],"potions_floor_usage":[11,13,16,28,29],"damage_taken":[{"damage":0,"enemies":"Cultist","floor":1,"turns":3},{"damage":11,"enemies":"Small Slimes","floor":2,"turns":3},{"damage":2,"enemies":"Jaw Worm","floor":4,"turns":3},{"damage":0,"enemies":"Large Slime","floor":5,"turns":5},{"damage":0,"enemies":"Exordium Wildlife","floor":7,"turns":4},{"damage":38,"enemies":"Gremlin Nob","floor":11,"turns":5},{"damage":6,"enemies":"Lagavulin","floor":13,"turns":7},{"damage":2,"enemies":"Blue Slaver","floor":14,"turns":3},{"damage":16,"enemies":"Slime Boss","floor":16,"turns":12},{"damage":8,"enemies":"Chosen","floor":18,"turns":8},{"damage":18,"enemies":"Shell Parasite","floor":21,"turns":5},{"damage":5,"enemies":"Snecko","floor":22,"turns":5},{"damage":8,"enemies":"Gremlin Leader","floor":24,"turns":7},{"damage":18,"enemies":"Book of Stabbing","floor":28,"turns":6},{"damage":0,"enemies":"Centurion and Healer","floor":29,"turns":4},{"damage":12,"enemies":"Colosseum Slavers","floor":31,"turns":5},{"damage":15,"enemies":"Colosseum Nobs","floor":31,"turns":3},{"damage":38,"enemies":"Automaton","floor":33,"turns":6}],"seed_played":"5999727607150312224","potions_obtained":[{"floor":2,"key":"GamblersBrew"},{"floor":3,"key":"EntropicBrew"},{"floor":7,"key":"BloodPotion"},{"floor":14,"key":"Block Potion"},{"floor":24,"key":"Fruit Juice"},{"floor":28,"key":"Explosive Potion"}],"is_trial":false,"path_per_floor":["M","M","?","M","M","R","M","R","T","$","E","?","E","M","R","B",null,"M","$","?","M","M","R","E","?","T","$","E","M","R","?","R","B"],"character_chosen":"IRONCLAD","items_purchased":["MealTicket"],"campfire_rested":0,"item_purchase_floors":[10],"current_hp_per_floor":[72,61,61,59,59,59,59,59,59,59,37,37,45,43,43,27,77,69,84,84,66,61,61,53,53,53,68,55,55,55,28,28,0,0],"gold":292,"neow_bonus":"BOSS_RELIC","is_daily":false,"chose_seed":false,"campfire_upgraded":6,"win_rate":0.0,"timestamp":1609600373,"path_taken":["M","M","?","M","M","R","?","R","T","$","E","?","E","?","R","BOSS","M","$","?","?","M","R","E","?","T","$","E","M","R","?","R","BOSS"],"items_purchased_type":["Relic"],"build_version":"2020-12-22","purchased_purges":2,"victory":false,"max_hp_per_floor":[80,80,80,80,80,80,80,80,80,80,80,80,94,94,94,94,94,94,94,94,94,94,94,94,94,94,94,99,99,99,99,99,99,99],"relic_stats":{"counters":[18,94],"MealTicket":30,"Prayer Wheel":0,"Black Star":2,"Bag of Preparation":[8],"Letter Opener":[0],"War Paint":["Impervious","Disarm"],"Boot":[12],"obtain_stats":[{"Mango":13,"Bag of Preparation":28,"Letter Opener":31,"War Paint":28,"Boot":11,"Burning Blood":0,"WarpedTongs":12,"CaptainsWheel":24,"MealTicket":10,"Prayer Wheel":31,"Coffee Dripper":0,"Black Star":17,"Bag of Marbles":24,"InkBottle":9},{"Mango":7,"Bag of Preparation":14,"Letter Opener":17,"War Paint":14,"Boot":6,"Burning Blood":0,"WarpedTongs":6,"CaptainsWheel":13,"MealTicket":5,"Prayer Wheel":17,"Coffee Dripper":0,"Black Star":9,"Bag of Marbles":13,"InkBottle":5},{"Mango":30,"Bag of Preparation":76,"Letter Opener":88,"War Paint":76,"Boot":23,"Burning Blood":0,"WarpedTongs":23,"CaptainsWheel":70,"MealTicket":18,"Prayer Wheel":88,"Coffee Dripper":0,"Black Star":45,"Bag of Marbles":70,"InkBottle":18}],"InkBottle":[21],"WarpedTongs":[69]},"card_choices":[{"not_picked":["Shrug It Off","Wild Strike"],"picked":"Pommel Strike","floor":1},{"not_picked":["Armaments","Rage"],"picked":"Spot Weakness","floor":2},{"not_picked":["Warcry","Intimidate"],"picked":"Power Through","floor":4},{"not_picked":["Havoc","Rampage"],"picked":"True Grit","floor":5},{"not_picked":["Flex","Iron Wave"],"picked":"Flame Barrier","floor":7},{"not_picked":["Bloodletting","Perfected Strike"],"picked":"Impervious","floor":11},{"not_picked":["Rupture","Reckless Charge"],"picked":"Pommel Strike","floor":13},{"not_picked":["Second Wind","Evolve"],"picked":"Disarm","floor":14},{"not_picked":["Juggernaut","Exhume"],"picked":"Immolate","floor":16},{"not_picked":["Iron Wave","Warcry","Carnage"],"picked":"SKIP","floor":18},{"not_picked":["Thunderclap","Carnage","Flex"],"picked":"SKIP","floor":21},{"not_picked":["Perfected Strike","Shrug It Off"],"picked":"Burning Pact","floor":22},{"not_picked":["Pommel Strike","Carnage"],"picked":"Spot Weakness","floor":24},{"not_picked":["Headbutt","Searing Blow"],"picked":"Sword Boomerang","floor":28},{"not_picked":["Ghostly Armor","Fiend Fire"],"picked":"Evolve+1","floor":29},{"not_picked":["Anger+1","Iron Wave"],"picked":"Power Through","floor":31}],"player_experience":694728,"relics_obtained":[{"floor":9,"key":"InkBottle"},{"floor":11,"key":"Boot"},{"floor":13,"key":"Mango"},{"floor":24,"key":"CaptainsWheel"},{"floor":24,"key":"Bag of Marbles"},{"floor":28,"key":"Bag of Preparation"},{"floor":28,"key":"War Paint"},{"floor":31,"key":"Prayer Wheel"},{"floor":31,"key":"Letter Opener"}],"event_choices":[{"damage_healed":0,"gold_gain":0,"player_choice":"Bought 1 Potion","damage_taken":0,"max_hp_gain":0,"max_hp_loss":0,"event_name":"The Woman in Blue","floor":3,"gold_loss":0},{"damage_healed":0,"gold_gain":0,"player_choice":"Rummage","damage_taken":0,"relics_obtained":["WarpedTongs"],"max_hp_gain":0,"max_hp_loss":0,"event_name":"Accursed Blacksmith","floor":12,"gold_loss":0,"cards_obtained":["Pain"]},{"damage_healed":0,"gold_gain":0,"player_choice":"Copied","damage_taken":0,"max_hp_gain":0,"max_hp_loss":0,"event_name":"Duplicator","floor":20,"gold_loss":0,"cards_obtained":["Immolate"]},{"damage_healed":0,"gold_gain":0,"player_choice":"Simplicity","damage_taken":0,"max_hp_gain":0,"max_hp_loss":0,"event_name":"Back to Basics","floor":25,"gold_loss":0,"cards_upgraded":["Strike_R","Strike_R","Strike_R","Strike_R","Strike_R","Defend_R","Defend_R","Defend_R","Defend_R"]},{"damage_healed":0,"gold_gain":0,"player_choice":"Fight","damage_taken":0,"max_hp_gain":0,"max_hp_loss":0,"event_name":"Colosseum","floor":31,"gold_loss":0},{"damage_healed":0,"gold_gain":0,"player_choice":"Fought Nobs","damage_taken":0,"max_hp_gain":0,"max_hp_loss":0,"event_name":"Colosseum","floor":31,"gold_loss":0}],"is_beta":false,"boss_relics":[{"not_picked":["Sozu","Busted Crown"],"picked":"Black Star"}],"items_purged_floors":[19,27],"is_endless":false,"potions_floor_spawned":[2,4,7,14,24,28,31],"killed_by":"Automaton","ascension_level":13}}