{"host":"y89x8uui45kcjy42","time":1609572223,"event":{"mods":["2.2 Compatiblity","BaseMod","CapriCore","Colored Map","Colored Powertips","Custom Start","Friendly Minions","Keyboard Shortcuts","Minty Spire (QoL Compilation)","Relic Stats","Slay the Relics Exporter","StSLib","SuperFastMode"],"gold_per_floor":[114,39,39,59,75,75,137,137,137,167,167,202,202,215,215,292,292,308,308,325,343,358,402,425,460,460,473,473,506,535,579,579,664,664,677,696,723,739,333,333,333,333],"floor_reached":41,"playtime":1487,"items_purged":["Swift Strike","Parasite"],"score":1070,"play_id":"1e1a661e-9f0b-45be-b562-70015490fda7","local_time":"20210102162343","is_ascension_mode":true,"campfire_choices":[{"data":"Skim","floor":6,"key":"SMITH"},{"data":"Sweeping Beam","floor":13,"key":"SMITH"},{"data":"Coolheaded","floor":15,"key":"SMITH"},{"data":"Defragment","floor":28,"key":"SMITH"},{"data":"Capacitor","floor":32,"key":"SMITH"},{"floor":40,"key":"RECALL"}],"circlet_count":0,"master_deck":["Bandage Up","Blind","Good Instincts","Good Instincts","Good Instincts","Swift Strike+1","Swift Strike","Swift Strike+1","Trip+1","Cold Snap","Coolheaded+1","Skim+1","Ball Lightning","Glacier","Sweeping Beam+1","Undo","Electrodynamics","Defragment+1","Reboot","Reinforced Body+1","Core Surge","Capacitor+1","Echo Form","Defragment+1","Biased Cognition"],"relics":["Nuclear Battery","PreservedInsect","Emotion Chip","Question Card","Matryoshka","Pantograph","SacredBark","NlothsMask","CeramicFish","Centennial Puzzle","Shuriken","Ancient Tea Set","Whetstone","Coffee Dripper","DollysMirror"],"acts_visited":["Exordium","TheCity","TheBeyond"],"potions_floor_usage":[16,41],"damage_taken":[{"damage":0,"enemies":"Small Slimes","floor":1,"turns":4},{"damage":0,"enemies":"Cultist","floor":4,"turns":3},{"damage":4,"enemies":"2 Louse","floor":5,"turns":3},{"damage":7,"enemies":"3 Sentries","floor":7,"turns":14},{"damage":12,"enemies":"3 Sentries","floor":10,"turns":7},{"damage":0,"enemies":"Lagavulin","floor":12,"turns":4},{"damage":0,"enemies":"Looter","floor":14,"turns":2},{"damage":3,"enemies":"Slime Boss","floor":16,"turns":7},{"damage":0,"enemies":"Chosen","floor":18,"turns":3},{"damage":13,"enemies":"2 Thieves","floor":20,"turns":3},{"damage":0,"enemies":"Snake Plant","floor":21,"turns":6},{"damage":11,"enemies":"Snecko","floor":22,"turns":5},{"damage":14,"enemies":"Book of Stabbing","floor":23,"turns":4},{"damage":11,"enemies":"Chosen and Byrds","floor":24,"turns":5},{"damage":10,"enemies":"Gremlin Leader","floor":25,"turns":4},{"damage":0,"enemies":"Centurion and Healer","floor":27,"turns":4},{"damage":0,"enemies":"Slavers","floor":29,"turns":4},{"damage":0,"enemies":"Snake Plant","floor":30,"turns":4},{"damage":8,"enemies":"Book of Stabbing","floor":31,"turns":4},{"damage":31,"enemies":"Collector","floor":33,"turns":5},{"damage":5,"enemies":"Orb Walker","floor":35,"turns":3},{"damage":24,"enemies":"3 Shapes","floor":36,"turns":5},{"damage":21,"enemies":"Writhing Mass","floor":37,"turns":6},{"damage":0,"enemies":"Transient","floor":38,"turns":6},{"damage":38,"enemies":"Reptomancer","floor":41,"turns":2}],"seed_played":"7314457874375086356","potions_obtained":[{"floor":4,"key":"Weak Potion"},{"floor":12,"key":"Strength Potion"},{"floor":14,"key":"DistilledChaos"},{"floor":16,"key":"FairyPotion"},{"floor":24,"key":"FocusPotion"},{"floor":30,"key":"DuplicationPotion"}],"is_trial":false,"path_per_floor":["M","$","?","M","M","R","?","?","T","E","?","E","R","M","R","B",null,"M","?","M","M","M","E","M","E","T","M","R","E","M","E","R","B",null,"M","M","M","M","$","R","E"],"character_chosen":"DEFECT","items_purchased":["DollysMirror","Biased Cognition"],"campfire_rested":0,"item_purchase_floors":[39,39],"current_hp_per_floor":[68,68,68,71,67,67,64,59,59,51,44,48,48,52,52,68,70,71,71,62,66,59,49,42,36,36,40,40,44,48,44,44,42,64,59,39,22,26,26,26,0,0],"gold":333,"neow_bonus":"BOSS_RELIC","is_daily":false,"chose_seed":false,"campfire_upgraded":5,"win_rate":0.0,"timestamp":1609572223,"path_taken":["M","$","?","M","?","R","?","?","T","E","?","E","R","M","R","BOSS","M","?","M","M","M","E","M","E","T","M","R","E","?","E","R","BOSS","M","M","?","M","$","R","E"],"items_purchased_type":["Relic","Card"],"build_version":"2020-12-22","purchased_purges":2,"victory":false,"max_hp_per_floor":[71,71,71,71,71,71,71,71,71,71,71,71,71,71,71,71,71,71,71,71,71,71,71,71,71,71,71,71,71,71,71,71,71,71,71,71,71,71,68,68,68,68],"relic_stats":{"Emotion Chip":[57,26,23,0,8],"Centennial Puzzle":[18],"counters":[25,117],"Shuriken":[19],"Pantograph":44,"CeramicFish":72,"PreservedInsect":297,"Whetstone":["Swift Strike","Swift Strike"],"Question Card":20,"obtain_stats":[{"SacredBark":17,"CeramicFish":23,"PreservedInsect":7,"Whetstone":31,"Question Card":9,"Ancient Tea Set":29,"Nuclear Battery":0,"Emotion Chip":8,"Centennial Puzzle":25,"Matryoshka":10,"Shuriken":26,"DollysMirror":39,"Pantograph":12,"Coffee Dripper":34,"Cracked Core":0,"NlothsMask":19},{"SacredBark":8,"CeramicFish":13,"PreservedInsect":4,"Whetstone":19,"Question Card":4,"Ancient Tea Set":17,"Nuclear Battery":0,"Emotion Chip":4,"Centennial Puzzle":15,"Matryoshka":5,"Shuriken":15,"DollysMirror":24,"Pantograph":6,"Coffee Dripper":20,"Cracked Core":0,"NlothsMask":9},{"SacredBark":44,"CeramicFish":65,"PreservedInsect":24,"Whetstone":90,"Question Card":24,"Ancient Tea Set":82,"Nuclear Battery":0,"Emotion Chip":24,"Centennial Puzzle":74,"Matryoshka":31,"Shuriken":74,"DollysMirror":115,"Pantograph":35,"Coffee Dripper":95,"Cracked Core":0,"NlothsMask":47}]},"card_choices":[{"not_picked":["Stack","Tempest"],"picked":"Cold Snap","floor":1},{"not_picked":["Hologram","Steam"],"picked":"Coolheaded","floor":4},{"not_picked":["Rip and Tear","Conserve Battery"],"picked":"Skim","floor":5},{"not_picked":["Barrage","Conserve Battery"],"picked":"Ball Lightning","floor":7},{"not_picked":["Steam Power","Skim","Creative AI"],"picked":"Glacier","floor":10},{"not_picked":["BootSequence","Streamline","Scrape"],"picked":"Sweeping Beam","floor":12},{"not_picked":["Cold Snap","Ball Lightning","Lockon"],"picked":"Undo","floor":14},{"not_picked":["Meteor Strike","Biased Cognition","Fission"],"picked":"Electrodynamics","floor":16},{"not_picked":["Glacier","Aggregate","Capacitor"],"picked":"Defragment","floor":18},{"not_picked":["Darkness","Ball Lightning+1","Sweeping Beam","Force Field"],"picked":"SKIP","floor":20},{"not_picked":["Redo","Reprogram","Turbo+1","Stack"],"picked":"SKIP","floor":21},{"not_picked":["Glacier","Streamline+1","Static Discharge","Beam Cell"],"picked":"SKIP","floor":22},{"not_picked":["Beam Cell","Go for the Eyes","Blizzard"],"picked":"Reboot","floor":23},{"not_picked":["Steam","Cold Snap","FTL"],"picked":"Reinforced Body+1","floor":24},{"not_picked":["Redo+1","Sweeping Beam","Streamline","Coolheaded"],"picked":"SKIP","floor":25},{"not_picked":["Ball Lightning","Cold Snap","Hologram","Coolheaded"],"picked":"SKIP","floor":27},{"not_picked":["Auto Shields","Hello World+1","Coolheaded","White Noise"],"picked":"SKIP","floor":29},{"not_picked":["Auto Shields+1","Turbo","Rebound+1"],"picked":"Core Surge","floor":30},{"not_picked":["Conserve Battery","Loop+1","Force Field"],"picked":"Capacitor","floor":31},{"not_picked":["Thunder Strike","Rainbow","All For One"],"picked":"Echo Form","floor":33},{"not_picked":["Gash","Streamline","Sweeping Beam","Reinforced Body+1"],"picked":"SKIP","floor":35},{"not_picked":["Fusion","Steam Power","Sweeping Beam","Hologram"],"picked":"SKIP","floor":36},{"not_picked":["Steam","Hologram","Ball Lightning","Coolheaded"],"picked":"SKIP","floor":37},{"not_picked":["Conserve Battery+1","Cold Snap+1","Self Repair","Barrage+1"],"picked":"SKIP","floor":38}],"player_experience":540185,"relics_obtained":[{"floor":7,"key":"PreservedInsect"},{"floor":9,"key":"Question Card"},{"floor":10,"key":"Matryoshka"},{"floor":12,"key":"Pantograph"},{"floor":23,"key":"CeramicFish"},{"floor":25,"key":"Centennial Puzzle"},{"floor":26,"key":"Shuriken"},{"floor":29,"key":"Ancient Tea Set"},{"floor":31,"key":"Whetstone"}],"event_choices":[{"damage_healed":0,"gold_gain":0,"player_choice":"Forge","damage_taken":0,"max_hp_gain":0,"max_hp_loss":0,"event_name":"Accursed Blacksmith","floor":3,"gold_loss":0,"cards_upgraded":["Trip"]},{"damage_healed":0,"gold_gain":30,"player_choice":"Searched \u00272\u0027 times","damage_taken":0,"max_hp_gain":0,"max_hp_loss":0,"event_name":"Dead Adventurer","floor":7,"gold_loss":0},{"damage_healed":0,"gold_gain":0,"player_choice":"Success","damage_taken":5,"relics_obtained":["Emotion Chip"],"max_hp_gain":0,"max_hp_loss":0,"event_name":"Scrap Ooze","floor":8,"gold_loss":0},{"cards_removed":["Good Instincts"],"damage_healed":0,"gold_gain":0,"player_choice":"Card Removal","damage_taken":7,"max_hp_gain":0,"max_hp_loss":0,"event_name":"Golden Wing","floor":11,"gold_loss":0},{"damage_healed":0,"gold_gain":0,"player_choice":"Trade","damage_taken":0,"relics_obtained":["NlothsMask"],"max_hp_gain":0,"max_hp_loss":0,"event_name":"FaceTrader","floor":19,"gold_loss":0}],"is_beta":false,"boss_relics":[{"not_picked":["Ectoplasm","Velvet Choker"],"picked":"SacredBark"},{"not_picked":["Cursed Key","Philosopher\u0027s Stone"],"picked":"Coffee Dripper"}],"items_purged_floors":[2,39],"is_endless":false,"potions_floor_spawned":[4,12,14,16,21,24,27,29,30,31,33,35],"killed_by":"Reptomancer","ascension_level":20}}