{"host":"52jmisti11ysmja4","time":1609630869,"event":{"mods":["Aspiration","BaseMod","Better Third Choice","Hermit","Koishi","Minty Spire (QoL Compilation)","Remove Card Discount Mod","Shade Mod","StSLib","The Cursed","The Servant 0.9.4","The Vixen"],"gold_per_floor":[117,130,20,33,33,66,78,107,107,138,138,151,151,151,151,248,298,317,93,116,127,127,157,157,183,183,25,25,44,44,44,44],"floor_reached":31,"playtime":2698,"items_purged":["Strike_P","Strike_P","Strike_P","Defend_P","Defend_P","Defend_P","Defend_P","Strike_P"],"score":434,"play_id":"d246e249-c101-4920-84da-8809ba232abe","local_time":"20210102154109","is_ascension_mode":true,"campfire_choices":[{"data":"Eruption","floor":11.0,"key":"SMITH"},{"data":"Vigilance","floor":13.0,"key":"SMITH"},{"data":"Crescendo","floor":15.0,"key":"SMITH"},{"data":"DevaForm","floor":24.0,"key":"SMITH"},{"floor":30.0,"key":"REST"}],"circlet_count":0,"master_deck":["Eruption+1","Vigilance+1","Crescendo+1","Halt","BattleHymn","BowlingBash+1","FollowUp","CutThroughFate","CutThroughFate","ClearTheMind","Consecrate","Brilliance","FollowUp","JustLucky","DevaForm","DevaForm+1","Nirvana","Consecrate","ClearTheMind+1"],"relics":["PureWater","NeowsBlessing","InkBottle","Pear","Mercury Hourglass","Damaru","Tiny House","Membership Card","Nunchaku","Orichalcum","Bronze Scales","The Courier","Vajra","Toxic Egg 2","Nilry\u0027s Codex"],"acts_visited":["Exordium","TheCity"],"potions_floor_usage":[31],"damage_taken":[{"damage":0.0,"enemies":"Cultist","floor":1.0,"turns":1.0},{"damage":0.0,"enemies":"2 Louse","floor":2.0,"turns":1.0},{"damage":0.0,"enemies":"Jaw Worm","floor":4.0,"turns":1.0},{"damage":8.0,"enemies":"3 Sentries","floor":6.0,"turns":4.0},{"damage":0.0,"enemies":"Blue Slaver","floor":7.0,"turns":1.0},{"damage":0.0,"enemies":"Gremlin Nob","floor":8.0,"turns":2.0},{"damage":2.0,"enemies":"3 Sentries","floor":10.0,"turns":3.0},{"damage":0.0,"enemies":"Exordium Wildlife","floor":12.0,"turns":2.0},{"damage":32.0,"enemies":"Hexaghost","floor":16.0,"turns":5.0},{"damage":0.0,"enemies":"2 Thieves","floor":18.0,"turns":1.0},{"damage":12.0,"enemies":"Shell Parasite","floor":21.0,"turns":2.0},{"damage":0.0,"enemies":"Gremlin Leader","floor":23.0,"turns":2.0},{"damage":36.0,"enemies":"Slavers","floor":25.0,"turns":3.0},{"damage":1.0,"enemies":"Shelled Parasite and Fungi","floor":29.0,"turns":2.0},{"damage":49,"enemies":"Gremlin Leader","floor":31,"turns":2}],"seed_played":"6515629731978650541","potions_obtained":[{"floor":1.0,"key":"PowerPotion"},{"floor":6.0,"key":"LiquidMemories"},{"floor":7.0,"key":"EssenceOfSteel"},{"floor":10.0,"key":"Energy Potion"},{"floor":17.0,"key":"BlessingOfTheForge"},{"floor":23.0,"key":"DistilledChaos"},{"floor":29.0,"key":"FearPotion"}],"is_trial":false,"path_per_floor":["M","M","$","M","?","E","M","E","T","E","R","M","R","$","R","B",null,"M","$","T","M","?","E","R","E","T","$","?","M","R","E"],"character_chosen":"WATCHER","items_purchased":["BattleHymn","BowlingBash","Membership Card","DevaForm","Vajra","Toxic Egg 2"],"campfire_rested":1,"item_purchase_floors":[3,3,19,19,27,27],"current_hp_per_floor":[72,72,72,72,72,64,64,74,74,72,72,72,72,72,72,40,87,87,87,87,75,75,75,75,39,39,39,23,22,48,0,0],"gold":44,"neow_bonus":"THREE_ENEMY_KILL","is_daily":false,"chose_seed":false,"campfire_upgraded":4,"win_rate":0.0,"timestamp":1609630869,"path_taken":["M","M","$","M","?","E","M","E","T","E","R","M","R","$","R","BOSS","M","$","?","?","?","E","R","E","T","?","?","?","R","E"],"items_purchased_type":["Card","Card","Relic","Card","Relic","Relic"],"build_version":"2020-12-22","purchased_purges":8,"victory":false,"max_hp_per_floor":[72,72,72,72,72,72,72,82,82,82,82,82,82,82,82,82,87,87,87,87,87,87,87,87,87,87,87,87,87,87,87,87],"card_choices":[{"not_picked":["ReachHeaven","SashWhip"],"picked":"Crescendo","floor":1.0},{"not_picked":["BowlingBash","InnerPeace"],"picked":"Halt","floor":2.0},{"not_picked":["FlurryOfBlows","BattleHymn"],"picked":"FollowUp","floor":4.0},{"not_picked":["PathToVictory","Conclude"],"picked":"CutThroughFate","floor":6.0},{"not_picked":["CrushJoints","Worship"],"picked":"CutThroughFate","floor":7.0},{"not_picked":["Crescendo","Alpha"],"picked":"BowlingBash","floor":8.0},{"not_picked":["FearNoEvil","FlyingSleeves"],"picked":"ClearTheMind","floor":10.0},{"not_picked":["JustLucky","CrushJoints"],"picked":"Consecrate","floor":12.0},{"not_picked":["Omniscience","Blasphemy"],"picked":"Brilliance","floor":16.0},{"not_picked":["LikeWater","ForeignInfluence"],"picked":"FollowUp","floor":17.0},{"not_picked":["BowlingBash","CrushJoints+1"],"picked":"JustLucky","floor":18.0},{"not_picked":["Protect","Swivel+1"],"picked":"DevaForm","floor":21.0},{"not_picked":["SpiritShield","ForeignInfluence"],"picked":"Nirvana","floor":23.0},{"not_picked":["CarveReality","PathToVictory"],"picked":"Consecrate","floor":25.0},{"not_picked":["CrushJoints","CarveReality"],"picked":"ClearTheMind+1","floor":29.0}],"player_experience":642142,"relics_obtained":[{"floor":6.0,"key":"InkBottle"},{"floor":8.0,"key":"Pear"},{"floor":9.0,"key":"Mercury Hourglass"},{"floor":10.0,"key":"Damaru"},{"floor":20.0,"key":"Nunchaku"},{"floor":23.0,"key":"Orichalcum"},{"floor":25.0,"key":"Bronze Scales"},{"floor":26.0,"key":"The Courier"},{"floor":28.0,"key":"Nilry\u0027s Codex"}],"event_choices":[{"damage_healed":0.0,"max_hp_gain":0.0,"max_hp_loss":0.0,"gold_gain":0.0,"event_name":"Purifier","player_choice":"Ignored","floor":5.0,"gold_loss":0.0,"damage_taken":0.0},{"cards_removed":["BowlingBash"],"damage_healed":0.0,"max_hp_gain":0.0,"max_hp_loss":0.0,"gold_gain":0.0,"event_name":"betterThird:BetterWriting","player_choice":"Elegance","floor":22.0,"gold_loss":0.0,"damage_taken":0.0},{"damage_healed":0.0,"max_hp_gain":0.0,"max_hp_loss":0.0,"gold_gain":0.0,"event_name":"Cursed Tome","player_choice":"Obtained Book","floor":28.0,"gold_loss":0.0,"damage_taken":16.0}],"is_beta":false,"boss_relics":[{"not_picked":["Pandora\u0027s Box","Velvet Choker"],"picked":"Tiny House"}],"items_purged_floors":[3,3,3,3,3,3,3,3],"is_endless":false,"potions_floor_spawned":[1,6,7,10,16,18,21,23,29],"killed_by":"Gremlin Leader","ascension_level":4}}