{"host":"e0kes70z4atl8xdk","time":1609568414,"event":{"mods":["BaseMod","Colored Map","Colored Powertips","Minty Spire (QoL Compilation)","Rare Cards Sparkle","Relic Stats"],"gold_per_floor":[18,34,45,45,63,95,95,84,111,144,144,160,180,194,194,296,296,308,321,336,350,368,368,397,397,397,397,415,433,433,121,121,219,219,234,48,65,81,81,81,409,54,54,54,54,83,83,96,96,96],"floor_reached":51,"playtime":3929,"items_purged":["Strike_R","Strike_R","Strike_R"],"score":868,"play_id":"5197f0c5-fb3d-44cb-abf3-3136e87802f5","local_time":"20210102072014","is_ascension_mode":false,"campfire_choices":[{"data":"Body Slam","floor":7.0,"key":"SMITH"},{"data":"Iron Wave","floor":11.0,"key":"SMITH"},{"data":"Armaments","floor":15.0,"key":"SMITH"},{"data":"Flame Barrier","floor":23.0,"key":"SMITH"},{"data":"True Grit","floor":25.0,"key":"SMITH"},{"data":"Shrug It Off","floor":27.0,"key":"SMITH"},{"floor":32.0,"key":"REST"},{"data":"Barricade","floor":40.0,"key":"SMITH"},{"data":"Purity","floor":45.0,"key":"SMITH"},{"floor":47.0,"key":"RECALL"},{"floor":49.0,"key":"REST"}],"circlet_count":0,"master_deck":["Strike_R+1","Strike_R+1","Defend_R","Defend_R","Defend_R","Defend_R","Bash","The Bomb","Shrug It Off+1","Flame Barrier+1","Iron Wave+1","Body Slam+1","Ghostly Armor","Armaments+1","Fiend Fire","True Grit+1","Burning Pact","Feel No Pain","Master of Strategy","Barricade+1","Purity+1","Impervious"],"relics":["Burning Blood","Anchor","Omamori","Bag of Preparation","Runic Pyramid","Whetstone","Question Card","Runic Dome","Old Coin","Letter Opener","Dream Catcher"],"acts_visited":["Exordium","TheCity","TheBeyond"],"potions_floor_usage":[50],"damage_taken":[{"damage":1.0,"enemies":"Cultist","floor":1.0,"turns":3.0},{"damage":11.0,"enemies":"2 Louse","floor":2.0,"turns":3.0},{"damage":22.0,"enemies":"Jaw Worm","floor":3.0,"turns":5.0},{"damage":2.0,"enemies":"Blue Slaver","floor":5.0,"turns":3.0},{"damage":12.0,"enemies":"3 Sentries","floor":6.0,"turns":3.0},{"damage":0.0,"enemies":"Exordium Thugs","floor":8.0,"turns":4.0},{"damage":18.0,"enemies":"Gremlin Nob","floor":10.0,"turns":5.0},{"damage":0.0,"enemies":"3 Louse","floor":12.0,"turns":4.0},{"damage":0.0,"enemies":"Blue Slaver","floor":13.0,"turns":4.0},{"damage":0.0,"enemies":"Exordium Wildlife","floor":14.0,"turns":5.0},{"damage":57.0,"enemies":"The Guardian","floor":16.0,"turns":12.0},{"damage":8.0,"enemies":"3 Byrds","floor":18.0,"turns":8.0},{"damage":7.0,"enemies":"Shell Parasite","floor":19.0,"turns":6.0},{"damage":0.0,"enemies":"Chosen and Byrds","floor":20.0,"turns":5.0},{"damage":12.0,"enemies":"3 Cultists","floor":21.0,"turns":6.0},{"damage":0.0,"enemies":"Snecko","floor":22.0,"turns":5.0},{"damage":35.0,"enemies":"Slavers","floor":24.0,"turns":8.0},{"damage":5.0,"enemies":"Centurion and Healer","floor":28.0,"turns":4.0},{"damage":12.0,"enemies":"Snake Plant","floor":29.0,"turns":5.0},{"damage":34.0,"enemies":"Collector","floor":33.0,"turns":9.0},{"damage":24.0,"enemies":"Orb Walker","floor":35.0,"turns":5.0},{"damage":0.0,"enemies":"3 Shapes","floor":37.0,"turns":5.0},{"damage":41.0,"enemies":"3 Darklings","floor":38.0,"turns":6.0},{"damage":0.0,"enemies":"Nemesis","floor":41.0,"turns":9.0},{"damage":0.0,"enemies":"Giant Head","floor":46.0,"turns":6.0},{"damage":17.0,"enemies":"Transient","floor":48.0,"turns":5.0},{"damage":2,"enemies":"Awakened One","floor":50,"turns":12}],"seed_played":"-7321227169801179116","potions_obtained":[{"floor":1.0,"key":"FairyPotion"},{"floor":5.0,"key":"Weak Potion"},{"floor":6.0,"key":"Strength Potion"},{"floor":16.0,"key":"Regen Potion"},{"floor":22.0,"key":"CultistPotion"},{"floor":24.0,"key":"DuplicationPotion"},{"floor":28.0,"key":"Block Potion"},{"floor":29.0,"key":"BlessingOfTheForge"},{"floor":37.0,"key":"HeartOfIron"},{"floor":38.0,"key":"FearPotion"}],"is_trial":false,"path_per_floor":["M","M","M","$","M","E","R","M","T","E","R","M","M","M","R","B",null,"M","M","M","M","M","R","E","R","T","R","M","M","?","$","R","B",null,"M","$","M","M","?","R","E","$","T","?","R","E","R","M","R","B",null],"character_chosen":"IRONCLAD","items_purchased":["Feel No Pain","Master of Strategy","Purity","Impervious","CultistPotion","Explosive Potion"],"campfire_rested":2,"item_purchase_floors":[31,31,36,42,42,42],"current_hp_per_floor":[80,75,59,59,63,57,57,63,63,51,51,57,63,69,69,18,80,78,77,80,74,80,80,65,65,65,65,66,60,45,45,70,42,85,67,67,73,38,59,59,65,65,65,65,65,71,71,60,85,85],"gold":96,"neow_bonus":"RANDOM_COLORLESS_2","is_daily":false,"chose_seed":false,"campfire_upgraded":8,"win_rate":0.0,"timestamp":1609568414,"path_taken":["M","M","M","?","M","E","R","M","T","E","R","M","M","?","R","BOSS","M","?","M","M","M","R","E","R","T","R","M","M","?","$","R","BOSS","M","$","M","M","?","R","E","$","T","?","R","E","R","M","R","BOSS"],"items_purchased_type":["Card","Card","Card","Card","Potion","Potion"],"build_version":"2020-12-22","purchased_purges":3,"victory":true,"max_hp_per_floor":[80,80,80,80,80,80,80,80,80,80,80,80,80,80,80,80,80,80,80,80,80,80,80,80,80,80,80,80,80,85,85,85,85,85,85,85,85,85,85,85,85,85,85,85,85,85,85,85,85,85],"relic_stats":{"Dream Catcher":1,"counters":[27,155],"Bag of Preparation":[40],"Whetstone":["Strike_R","Strike_R"],"Letter Opener":[140],"Question Card":10,"obtain_stats":[{"Runic Dome":34,"Anchor":6,"Dream Catcher":46,"Omamori":9,"Bag of Preparation":10,"Whetstone":24,"Letter Opener":43,"Question Card":26,"Burning Blood":0,"Runic Pyramid":17,"Old Coin":41},{"Runic Dome":20,"Anchor":5,"Dream Catcher":25,"Omamori":6,"Bag of Preparation":7,"Whetstone":17,"Letter Opener":24,"Question Card":17,"Burning Blood":0,"Runic Pyramid":11,"Old Coin":24},{"Runic Dome":107,"Anchor":17,"Dream Catcher":138,"Omamori":21,"Bag of Preparation":26,"Whetstone":89,"Letter Opener":132,"Question Card":89,"Burning Blood":0,"Runic Pyramid":51,"Old Coin":132}],"Burning Blood":150},"card_choices":[{"not_picked":["Sadistic Nature","Secret Technique"],"picked":"The Bomb","floor":0.0},{"not_picked":["Pommel Strike","Heavy Blade"],"picked":"Shrug It Off","floor":1.0},{"not_picked":["Twin Strike","Armaments"],"picked":"Flame Barrier","floor":2.0},{"not_picked":["Clash","Havoc"],"picked":"Iron Wave","floor":3.0},{"not_picked":["Feel No Pain","Dual Wield","Armaments"],"picked":"SKIP","floor":5.0},{"not_picked":["Feed","Disarm"],"picked":"Body Slam","floor":6.0},{"not_picked":["Shrug It Off","Whirlwind","Searing Blow"],"picked":"SKIP","floor":8.0},{"not_picked":["Anger","Burning Pact"],"picked":"Ghostly Armor","floor":10.0},{"not_picked":["Carnage","Sword Boomerang","Iron Wave"],"picked":"SKIP","floor":12.0},{"not_picked":["Sentinel","Uppercut","Shrug It Off"],"picked":"SKIP","floor":13.0},{"not_picked":["Pummel","Blood for Blood"],"picked":"Armaments","floor":14.0},{"not_picked":["Anger","Sever Soul","Wild Strike+1"],"picked":"SKIP","floor":18.0},{"not_picked":["Armaments+1","Shrug It Off+1","Inflame"],"picked":"SKIP","floor":19.0},{"not_picked":["Carnage+1","Havoc"],"picked":"Fiend Fire","floor":20.0},{"not_picked":["Spot Weakness","Iron Wave","Rupture"],"picked":"SKIP","floor":21.0},{"not_picked":["Flex","Clothesline+1","Rampage"],"picked":"SKIP","floor":22.0},{"not_picked":["Warcry","Carnage+1"],"picked":"True Grit","floor":24.0},{"not_picked":["Clash","Wild Strike","Reckless Charge+1"],"picked":"True Grit","floor":28.0},{"not_picked":["Warcry","Offering","Flex"],"picked":"Burning Pact","floor":29.0},{"not_picked":["Exhume","Feed","Impervious"],"picked":"Barricade","floor":33.0},{"not_picked":["Second Wind+1","Fire Breathing+1","True Grit+1","Sword Boomerang+1"],"picked":"SKIP","floor":35.0},{"not_picked":["Heavy Blade+1","Hemokinesis","Wild Strike+1","Clash"],"picked":"SKIP","floor":37.0},{"not_picked":["Anger+1","Hemokinesis","Heavy Blade","Spot Weakness+1"],"picked":"SKIP","floor":38.0},{"not_picked":["Havoc","Perfected Strike+1","Dual Wield+1","Intimidate"],"picked":"SKIP","floor":41.0},{"not_picked":["Armaments","Iron Wave+1","Anger+1","Pommel Strike+1"],"picked":"SKIP","floor":46.0},{"not_picked":["Spot Weakness","True Grit","Demon Form","Iron Wave+1"],"picked":"SKIP","floor":48.0}],"player_experience":213448,"relics_obtained":[{"floor":6.0,"key":"Anchor"},{"floor":9.0,"key":"Omamori"},{"floor":10.0,"key":"Bag of Preparation"},{"floor":24.0,"key":"Whetstone"},{"floor":26.0,"key":"Question Card"},{"floor":41.0,"key":"Old Coin"},{"floor":43.0,"key":"Letter Opener"},{"floor":46.0,"key":"Dream Catcher"}],"event_choices":[{"damage_healed":0.0,"max_hp_gain":5.0,"max_hp_loss":0.0,"gold_gain":0.0,"event_name":"Forgotten Altar","player_choice":"Shed Blood","floor":30.0,"gold_loss":0.0,"damage_taken":20.0},{"damage_healed":21.0,"max_hp_gain":0.0,"max_hp_loss":0.0,"gold_gain":0.0,"event_name":"Winding Halls","player_choice":"Writhe","floor":39.0,"gold_loss":0.0,"damage_taken":0.0,"cards_obtained":["Writhe"]},{"cards_removed":["True Grit"],"damage_healed":0.0,"max_hp_gain":0.0,"max_hp_loss":0.0,"gold_gain":0.0,"event_name":"Purifier","player_choice":"Purged","floor":44.0,"gold_loss":0.0,"damage_taken":0.0}],"is_beta":false,"boss_relics":[{"not_picked":["Fusion Hammer","SacredBark"],"picked":"Runic Pyramid"},{"not_picked":["Runic Cube","Snecko Eye"],"picked":"Runic Dome"}],"items_purged_floors":[31,36,42],"is_endless":false,"potions_floor_spawned":[1,5,6,16,22,24,28,29,37,38],"ascension_level":0}}