{"host":"74rphcgmhz43g39u","time":1609578569,"event":{"mods":["Act Like it!","BaseMod","Colored Powertips","Gensokyo","Marisa£®ÏF”Í°°ƒß¿Ì…≥£©","Minty Spire (QoL Compilation)","Quick Restart","Reimu£®≤©¿ˆ¡È√Œ£©","Remilia£®¿Ÿ√◊¿Ú—«£©","StSLib"],"gold_per_floor":[112,23,37,302,302,302,314,314,359,522,522,522,522,538,538,634,634,647,19,35,35,295,295,470,483,507,507,518,518,529,234,234,338,338,356,372,398,338,83,93,93,123,123,123,149,149,149,165,165,165,165,165,32,60,60],"floor_reached":56,"playtime":4126,"items_purged":["Strike_Lin:ReiMu","Defend_Lin:ReiMu"],"score":1479,"play_id":"c14aa010-c4ab-46d6-9891-91ef7cbc4b28","local_time":"20210102170929","is_ascension_mode":true,"campfire_choices":[{"data":"Crusade:ReiMu","floor":6.0,"key":"SMITH"},{"data":"NineCharacters:ReiMu","floor":11.0,"key":"SMITH"},{"data":"Strike_Lin:ReiMu","floor":13.0,"key":"PURGE"},{"data":"Revelation:ReiMu","floor":15.0,"key":"SMITH"},{"data":"Strike_Lin:ReiMu","floor":23.0,"key":"PURGE"},{"floor":27.0,"key":"REST"},{"data":"Strike_Lin:ReiMu","floor":29.0,"key":"PURGE"},{"data":"Defend_Lin:ReiMu","floor":32.0,"key":"PURGE"},{"data":"SpringWay:ReiMu+1","floor":41.0,"key":"PURGE"},{"floor":47.0,"key":"REST"},{"floor":49.0,"key":"RECALL"},{"data":"Defend_Lin:ReiMu","floor":52,"key":"PURGE"}],"circlet_count":0,"master_deck":["Defend_Lin:ReiMu","Stagnation:ReiMu","CurseOfTheBell","Gathering:ReiMu","Revelation:ReiMu+1","Clumsy","NineCharacters:ReiMu+1","WonderfulDomain:ReiMu+1","CardOfSanctity:ReiMu+1","WonderfulDomain:ReiMu+1","ManaGlint:ReiMu","Enchanting:ReiMu+1","Meditation:ReiMu+1","DemonKingCradle+1","YinYangSange:ReiMu","Free:ReiMu+1","Meditation:ReiMu+1","RainPray2:ReiMu+1","RainPray2:ReiMu+1","CleanRite:ReiMu+1","SpreadBorder2:ReiMu+1","Gensokyo:CustomPotion","Purity+1","SpreadBorder2:ReiMu+1","OctopathBindingBorder2:ReiMu+1","SubcavityFantasy:ReiMu+1","Impatience+1","RainPray2:ReiMu+1"],"relics":["Calling Bell","Tiny Chest","Gremlin Horn","Peace Pipe","Art of War","Gensokyo:NagashiBinaDoll","Lantern","Toxic Egg 2","Runic Dome","CheatingSign:ReiMu","Chemical X","Orrery","Bag of Marbles","Omamori","PureWhite:ReiMu","Happy Flower","Vajra","Empty Cage","Unceasing Top","Letter Opener","Gensokyo:DualWield","Pear","Mastiff:ReiMu","Blood Vial"],"acts_visited":["Exordium","Gensokyo:Gensokyo","Gensokyo:Gensokyoer","TheEnding"],"potions_floor_usage":[55,55,55],"damage_taken":[{"damage":7.0,"enemies":"Gensokyo:Gryphon","floor":1.0,"turns":8.0},{"damage":1.0,"enemies":"Gensokyo:3_Fairies","floor":3.0,"turns":8.0},{"damage":8.0,"enemies":"Gensokyo:2_Kodama","floor":4.0,"turns":6.0},{"damage":12.0,"enemies":"Gensokyo:Kitsune","floor":7.0,"turns":4.0},{"damage":10.0,"enemies":"Gensokyo:5_Fairies","floor":10.0,"turns":5.0},{"damage":1.0,"enemies":"Gensokyo:CorruptedTreant","floor":14.0,"turns":6.0},{"damage":13.0,"enemies":"Gensokyo:Kokoro","floor":16.0,"turns":11.0},{"damage":3.0,"enemies":"Gensokyo:CosmicMonolith","floor":18.0,"turns":5.0},{"damage":21.0,"enemies":"Gensokyo:3_Dogs","floor":20.0,"turns":6.0},{"damage":10.0,"enemies":"Gensokyo:Chomper_and_Gloop","floor":22.0,"turns":5.0},{"damage":24.0,"enemies":"Gensokyo:Tenshi","floor":24.0,"turns":4.0},{"damage":0.0,"enemies":"Gensokyo:Wraith","floor":25.0,"turns":5.0},{"damage":0.0,"enemies":"Gensokyo:3_Gloops","floor":28.0,"turns":4.0},{"damage":5.0,"enemies":"Gensokyo:Slime_Group","floor":30.0,"turns":4.0},{"damage":0.0,"enemies":"Gensokyo:Eternal_Rivals","floor":33.0,"turns":5.0},{"damage":0.0,"enemies":"Gensokyo:AncientGuardian","floor":35.0,"turns":2.0},{"damage":0.0,"enemies":"Gensokyo:3_Bats","floor":36.0,"turns":3.0},{"damage":6.0,"enemies":"Gensokyo:3_Boulders","floor":40.0,"turns":3.0},{"damage":16.0,"enemies":"Gensokyo:Kasen","floor":42.0,"turns":3.0},{"damage":30.0,"enemies":"Gensokyo:Marisa","floor":45.0,"turns":4.0},{"damage":10.0,"enemies":"Gensokyo:Dusk_and_Dawn","floor":48.0,"turns":3.0},{"damage":0,"enemies":"Gensokyo:Shinki","floor":50,"turns":4},{"damage":22,"enemies":"Shield and Spear","floor":54,"turns":4},{"damage":18,"enemies":"The Heart","floor":55,"turns":4}],"seed_played":"7552080450516966820","potions_obtained":[{"floor":3.0,"key":"PinkPotion:ReiMu"},{"floor":7.0,"key":"SteroidPotion"},{"floor":14.0,"key":"LiquidFlight:ReiMu"},{"floor":16.0,"key":"PowerPotion"},{"floor":22.0,"key":"FearPotion"},{"floor":24.0,"key":"Energy Potion"},{"floor":30.0,"key":"SkillPotion"},{"floor":33.0,"key":"SteroidPotion"},{"floor":35.0,"key":"GamblersBrew"},{"floor":45.0,"key":"Explosive Potion"}],"is_trial":false,"path_per_floor":["M","COS","M","M","?","R","M","?","T","M","R","T","R","M","R","B",null,"M","COS","M","?","M","R","E","M","T","R","M","R","M","$","R","B",null,"M","M","T","?","$","M","R","E","T","?","E","T","R","M","R","B",null,"R","$","E","B",null],"character_chosen":"REIMU","items_purchased":["Vajra","Block Potion","RainPray2:ReiMu+1","BottledKami:ReiMu","Purity+1","PowerPotion","Impatience+1"],"campfire_rested":2,"item_purchase_floors":[31,31,31,39,39,53,53],"current_hp_per_floor":[58,58,57,49,49,49,37,37,37,27,27,27,27,26,26,13,65,62,62,41,41,31,31,7,7,7,26,26,26,21,21,21,21,65,65,65,65,65,65,59,59,43,43,43,23,23,45,35,35,35,75,75,75,53,37],"gold":60,"neow_bonus":"BOSS_RELIC","is_daily":false,"chose_seed":false,"campfire_upgraded":3,"win_rate":0.0,"timestamp":1609578569,"path_taken":["M","COS","M","M","?","R","M","?","T","?","R","?","R","M","R","BOSS","M","COS","M","?","M","R","E","?","T","R","M","R","M","$","R","BOSS","M","?","?","?","?","M","R","E","T","?","E","?","R","M","R","BOSS","R","$","E","BOSS"],"items_purchased_type":["Relic","Potion","Card","Potion","Card","Potion","Card"],"build_version":"2020-12-22","purchased_purges":2,"victory":true,"max_hp_per_floor":[65,65,65,65,65,65,65,65,65,65,65,65,65,65,65,65,65,65,65,65,65,65,65,65,65,65,65,65,65,65,65,65,65,65,65,65,65,65,65,65,65,65,65,65,75,75,75,75,75,75,75,75,75,75,75],"card_choices":[{"not_picked":["SubAcupoint:ReiMu","LearningPray:ReiMu"],"picked":"Crusade:ReiMu","floor":1.0},{"not_picked":["Enchanting:ReiMu","SubcavityInstant:ReiMu","CareerPray:ReiMu"],"picked":"SKIP","floor":3.0},{"not_picked":["ForcedLanding:ReiMu","Conquer:ReiMu"],"picked":"Gathering:ReiMu","floor":4.0},{"not_picked":["TightArray:ReiMu","UniversalSpiritual:ReiMu"],"picked":"Revelation:ReiMu","floor":7.0},{"not_picked":["AlertArray:ReiMu","Meditation:ReiMu"],"picked":"NineCharacters:ReiMu","floor":10.0},{"not_picked":["AirStrike:ReiMu","AlertArray:ReiMu+1"],"picked":"WonderfulDomain:ReiMu+1","floor":14.0},{"not_picked":["YinYang:ReiMu","KyokaiOfKami:ReiMu"],"picked":"CardOfSanctity:ReiMu+1","floor":16.0},{"not_picked":["UpKicking:ReiMu","Amulet:ReiMu+1"],"picked":"WonderfulDomain:ReiMu+1","floor":18.0},{"not_picked":["KamiSacrifice:ReiMu+1","TightArray:ReiMu"],"picked":"ManaGlint:ReiMu","floor":19.0},{"not_picked":["OrbThrow:ReiMu+1","TightArray:ReiMu"],"picked":"SpringWay:ReiMu+1","floor":19.0},{"not_picked":["SpiritualOutbreak2:ReiMu","KamiSacrifice:ReiMu+1"],"picked":"Enchanting:ReiMu+1","floor":19.0},{"not_picked":["PhosphorusFlame:ReiMu+1","WonderfulDomain:ReiMu+1"],"picked":"Meditation:ReiMu+1","floor":19.0},{"not_picked":["KamiSacrifice:ReiMu+1","OrbThrow:ReiMu","Crusade:ReiMu"],"picked":"SKIP","floor":20.0},{"not_picked":["UniversalSpiritual:ReiMu","TightArray:ReiMu","OctopathBindingBorder2:ReiMu"],"picked":"SKIP","floor":22.0},{"not_picked":["PhosphorusFlame:ReiMu+1","Enchanting:ReiMu+1"],"picked":"YinYangSange:ReiMu","floor":24.0},{"not_picked":["MountainWay:ReiMu+1","Conquer:ReiMu"],"picked":"Free:ReiMu+1","floor":25.0},{"not_picked":["Mountainwind:ReiMu+1","CollectionFlower2:ReiMu+1"],"picked":"Meditation:ReiMu+1","floor":28.0},{"not_picked":["OrbThrow:ReiMu","AirStrike:ReiMu+1"],"picked":"RainPray2:ReiMu+1","floor":30.0},{"not_picked":["BlastKick2:ReiMu","OctopathSalyBorderN:ReiMu"],"picked":"CleanRite:ReiMu+1","floor":33.0},{"not_picked":["TightArray:ReiMu","OrbThrow:ReiMu"],"picked":"SpreadBorder2:ReiMu+1","floor":35.0},{"not_picked":["CareerPray:ReiMu+1","MikOfLucky:ReiMu","TightArray:ReiMu"],"picked":"SKIP","floor":36.0},{"not_picked":["SubcavityInstant:ReiMu+1","EmergencyTakeOff:ReiMu+1","Intuition:ReiMu+1"],"picked":"SKIP","floor":40.0},{"not_picked":["AlertArray:ReiMu+1","PassingAway:ReiMu+1"],"picked":"SpreadBorder2:ReiMu+1","floor":42.0},{"not_picked":["WonderfulDomain:ReiMu+1","SafetyPray:ReiMu+1"],"picked":"OctopathBindingBorder2:ReiMu+1","floor":45.0},{"not_picked":["BarrageOfMoneybags:ReiMu","Enchanting:ReiMu+1"],"picked":"SubcavityFantasy:ReiMu+1","floor":48.0},{"not_picked":["AirStrike:ReiMu","Determination:ReiMu"],"picked":"RainPray2:ReiMu+1","floor":54}],"player_experience":1104285,"relics_obtained":[{"floor":0.0,"key":"Tiny Chest"},{"floor":0.0,"key":"Gremlin Horn"},{"floor":0.0,"key":"Peace Pipe"},{"floor":9.0,"key":"Lantern"},{"floor":12.0,"key":"Toxic Egg 2"},{"floor":24.0,"key":"Omamori"},{"floor":26.0,"key":"Happy Flower"},{"floor":42.0,"key":"Unceasing Top"},{"floor":43.0,"key":"Letter Opener"},{"floor":45.0,"key":"Pear"},{"floor":46.0,"key":"Mastiff:ReiMu"},{"floor":54,"key":"Blood Vial"}],"event_choices":[],"is_beta":false,"boss_relics":[{"not_picked":["SlaversCollar","Philosopher\u0027s Stone"],"picked":"Runic Dome"},{"not_picked":["DonationBox:ReiMu","Busted Crown"],"picked":"Empty Cage"}],"items_purged_floors":[31,39],"is_endless":false,"potions_floor_spawned":[3,7,14,16,22,24,30,33,35,36,45,54],"ascension_level":4}}