{"host":"bu0lvejwxlz725fi","time":1609621149,"event":{"mods":["AchievementEnabler","BaseMod","Colored Powertips","Downfall","Hermit","Minty Spire (QoL Compilation)","Quick Restart","Robot Space Explorer","StSLib","The Bug Knight","The Disciple","The Hierophant","The Necromancer","The Servant 0.9.4"],"gold_per_floor":[111,129,154,181,79,79,101,101,101,101,101,129,54,77,77,161,161,200,47,47,137,160,160,191,191,218,218,235,88,112,136,136,238,238,267,118,109,89,21,59,59,86,86,122,160,195,195,185,185],"floor_reached":48,"playtime":7342,"items_purged":["hierophant:Strike_Hierophant","hierophant:Strike_Hierophant"],"score":520,"play_id":"1646f271-64fa-48a8-ad3d-fdb2fe2bbea7","local_time":"20210102215909","is_ascension_mode":false,"campfire_choices":[{"data":"hierophant:ChurchCoffers","floor":6.0,"key":"SMITH"},{"data":"hierophant:PassingBell","floor":8.0,"key":"SMITH"},{"floor":11.0,"key":"REST"},{"data":"hierophant:Smite","floor":15.0,"key":"SMITH"},{"data":"hierophant:PassingBell","floor":23.0,"key":"SMITH"},{"floor":25.0,"key":"REST"},{"data":"hierophant:Zeal","floor":32,"key":"SMITH"},{"data":"hierophant:Flagellation","floor":41,"key":"SMITH"},{"data":"hierophant:Flagellation","floor":47,"key":"SMITH"}],"circlet_count":0,"master_deck":["hierophant:Punish","hierophant:ChurchCoffers+1","hierophant:Smite+1","hierophant:Doubloon+1","hierophant:RecallFunds","hierophant:Zeal+1","hierophant:Doomsaying","hierophant:PassingBell+1","hierophant:MorningPrayer","hierophant:OrnateBuckler","hierophant:Zeal+1","hierophant:Doubloon","hierophant:Invocation","hierophant:PassingBell+1","hierophant:HolyVerse","expansioncontent:DonusPower","hierophant:MorningPrayer","hierophant:Encroach","Bite","Bite","Bite","Bite","Bite","hierophant:Sermon+1","hierophant:Determination","hierophant:MorningPrayer","hierophant:HolyVerse","hierophant:AuricShield","hierophant:Blessing","hierophant:OrnateBuckler+1","hierophant:Flagellation+1","hierophant:Flagellation+1","hierophant:Endure+1","hierophant:FaithHealing+1","hierophant:Flagellation"],"relics":["hierophant:PropheticMaskRelic","MealTicket","War Paint","Matryoshka","Odd Mushroom","Velvet Choker","Bag of Marbles","HollowMod:PaleOreRelic","Strawberry","Red Mask","Pandora\u0027s Box","Toolbox","PreservedInsect","Mummified Hand","Pear"],"acts_visited":["Exordium","TheCity","TheBeyond"],"potions_floor_usage":[33,37,45,45,46],"damage_taken":[{"damage":1.0,"enemies":"Jaw Worm","floor":1.0,"turns":3.0},{"damage":5.0,"enemies":"2 Louse","floor":2.0,"turns":2.0},{"damage":0.0,"enemies":"Small Slimes","floor":3.0,"turns":2.0},{"damage":4.0,"enemies":"Gremlin Gang","floor":4.0,"turns":3.0},{"damage":19.0,"enemies":"Gremlin Nob","floor":7.0,"turns":4.0},{"damage":15.0,"enemies":"Lagavulin","floor":12.0,"turns":5.0},{"damage":5.0,"enemies":"The Mushroom Lair","floor":14.0,"turns":4.0},{"damage":36.0,"enemies":"The Guardian","floor":16.0,"turns":11.0},{"damage":2.0,"enemies":"3 Byrds","floor":18.0,"turns":2.0},{"damage":0.0,"enemies":"Spheric Guardian","floor":22.0,"turns":2.0},{"damage":13.0,"enemies":"Cultist and Chosen","floor":24.0,"turns":5.0},{"damage":21,"enemies":"Shelled Parasite and Fungi","floor":28,"turns":4},{"damage":0,"enemies":"Masked Bandits","floor":30,"turns":2},{"damage":8,"enemies":"Centurion and Healer","floor":31,"turns":4},{"damage":55,"enemies":"Automaton","floor":33,"turns":12},{"damage":20,"enemies":"3 Darklings","floor":35,"turns":7},{"damage":44,"enemies":"Orb Walker","floor":37,"turns":6},{"damage":3,"enemies":"Nemesis","floor":40,"turns":7},{"damage":16,"enemies":"3 Darklings","floor":42,"turns":3},{"damage":0,"enemies":"Sphere and 2 Shapes","floor":44,"turns":2},{"damage":65,"enemies":"Writhing Mass","floor":45,"turns":7},{"damage":33,"enemies":"Spire Growth","floor":46,"turns":5},{"damage":70,"enemies":"Maw","floor":48,"turns":9}],"seed_played":"8516747713058503369","potions_obtained":[{"floor":2.0,"key":"FearPotion"},{"floor":3.0,"key":"Energy Potion"},{"floor":12.0,"key":"GamblersBrew"},{"floor":14.0,"key":"Fire Potion"},{"floor":22.0,"key":"champ:CounterPotion"},{"floor":33,"key":"Regen Potion"},{"floor":35,"key":"SkillPotion"},{"floor":37,"key":"BlessingOfTheForge"},{"floor":38,"key":"SpeedPotion"},{"floor":44,"key":"PowerPotion"},{"floor":45,"key":"LiquidBronze"}],"is_trial":false,"path_per_floor":["M","M","M","M","$","R","E","R","T","?","R","E","$","?","R","B",null,"M","$","?","?","M","R","M","R","T","?","M","$","?","M","R","B",null,"M","$","M","?","$","E","R","M","T","M","M","M","R","M"],"character_chosen":"HIEROPHANT","items_purchased":["hierophant:PassingBell","hierophant:MorningPrayer","hierophant:HolyVerse","Strawberry","Toolbox","hierophant:Flagellation"],"campfire_rested":2,"item_purchase_floors":[5,5,19,29,36,39],"current_hp_per_floor":[74,69,69,65,65,65,46,46,46,46,68,53,68,63,63,27,75,73,75,75,57,57,57,44,66,66,52,37,59,59,53,53,16,59,59,59,33,33,48,59,59,59,69,69,53,45,45,0,0],"gold":185,"neow_bonus":"THREE_CARDS","is_daily":false,"chose_seed":false,"campfire_upgraded":7,"win_rate":0.0,"timestamp":1609621149,"path_taken":["M","M","M","M","$","R","E","R","T","?","R","E","$","?","R","BOSS","M","$","?","?","M","R","?","R","T","?","M","$","?","M","R","BOSS","M","$","M","?","$","E","R","M","T","M","?","M","R","M"],"items_purchased_type":["Card","Card","Card","Relic","Relic","Card"],"build_version":"2020-12-22","purchased_purges":2,"victory":false,"max_hp_per_floor":[75,75,75,75,75,75,75,75,75,75,75,75,75,75,75,75,75,75,75,75,75,75,75,75,75,75,52,52,59,59,59,59,59,59,59,59,59,59,59,59,59,59,69,69,69,69,69,69,69],"card_choices":[{"not_picked":["hierophant:AuricBeam","hierophant:RepressedViolence"],"picked":"hierophant:Smite","floor":0.0},{"not_picked":["hierophant:SealAway","hierophant:EyeForCoin"],"picked":"hierophant:RecallFunds","floor":1.0},{"not_picked":["hierophant:PristineSoul","hierophant:SealAway"],"picked":"hierophant:Zeal","floor":2.0},{"not_picked":["hierophant:DisplayOfPower","hierophant:SecretStash"],"picked":"hierophant:Doomsaying","floor":3.0},{"not_picked":["hierophant:Shelter","hierophant:ThreeLashes","hierophant:EyeForCoin"],"picked":"SKIP","floor":4.0},{"not_picked":["hierophant:TollTheBells","hierophant:Empathy"],"picked":"hierophant:OrnateBuckler","floor":7.0},{"not_picked":["hierophant:Embezzle","hierophant:EyeForCoin"],"picked":"hierophant:Zeal","floor":12.0},{"not_picked":["hierophant:FlamingChariot","hierophant:ConvertCurrency"],"picked":"hierophant:Doubloon","floor":14.0},{"not_picked":["hierophant:Cornucopia","hierophant:AuricForm"],"picked":"hierophant:Invocation","floor":16.0},{"not_picked":["hierophant:Alms","hierophant:CoinFling"],"picked":"hierophant:PassingBell","floor":18.0},{"not_picked":["hierophant:SecretStash","hierophant:Community+1"],"picked":"hierophant:MorningPrayer","floor":22.0},{"not_picked":["hierophant:SealAway","hierophant:RustyCrate"],"picked":"hierophant:Encroach","floor":24.0},{"not_picked":["hierophant:MintersHammer","hierophant:AuricBeam","hierophant:MorningPrayer+1"],"picked":"SKIP","floor":28},{"not_picked":["hierophant:Doomsaying","hierophant:OrnateBuckler"],"picked":"hierophant:Sermon+1","floor":31},{"not_picked":["hierophant:BulkyChest","hierophant:Generosity"],"picked":"hierophant:Determination","floor":33},{"not_picked":["hierophant:Doubloon","hierophant:TollTheBells"],"picked":"hierophant:OrnateBuckler+1","floor":35},{"not_picked":["hierophant:Sermon","hierophant:FieryStrike+1"],"picked":"hierophant:Flagellation","floor":37},{"not_picked":["hierophant:Prophecy","hierophant:Upheaval"],"picked":"hierophant:Endure+1","floor":40},{"not_picked":["hierophant:HammerAndAnvil","hierophant:Zeal+1","hierophant:Chorus"],"picked":"SKIP","floor":42},{"not_picked":["hierophant:ThreeLashes+1","hierophant:MorningPrayer+1"],"picked":"hierophant:FaithHealing+1","floor":44},{"not_picked":["hierophant:Zeal+1","hierophant:Shelter+1"],"picked":"hierophant:Flagellation","floor":45},{"not_picked":["hierophant:Zeal","hierophant:SecretStash","hierophant:SealAway"],"picked":"SKIP","floor":46}],"player_experience":167315,"relics_obtained":[{"floor":7.0,"key":"MealTicket"},{"floor":9.0,"key":"War Paint"},{"floor":12.0,"key":"Matryoshka"},{"floor":14.0,"key":"Odd Mushroom"},{"floor":26.0,"key":"Bag of Marbles"},{"floor":26.0,"key":"HollowMod:PaleOreRelic"},{"floor":30,"key":"Red Mask"},{"floor":40,"key":"PreservedInsect"},{"floor":43,"key":"Mummified Hand"},{"floor":43,"key":"Pear"}],"event_choices":[{"damage_healed":0.0,"max_hp_gain":0.0,"max_hp_loss":0.0,"gold_gain":0.0,"event_name":"Living Wall","player_choice":"Grow","floor":10.0,"gold_loss":0.0,"damage_taken":0.0,"cards_upgraded":["hierophant:Zeal"]},{"damage_healed":0.0,"max_hp_gain":0.0,"max_hp_loss":0.0,"gold_gain":0.0,"event_name":"Mushrooms","player_choice":"Fought Mushrooms","floor":14.0,"gold_loss":0.0,"damage_taken":0.0},{"damage_healed":0.0,"max_hp_gain":0.0,"max_hp_loss":0.0,"gold_gain":90.0,"event_name":"Knowing Skull","player_choice":"CARD GOLD ","floor":21.0,"potions_obtained":[],"gold_loss":0.0,"damage_taken":18.0,"cards_obtained":["expansioncontent:DonusPower"]},{"damage_healed":0.0,"max_hp_gain":0.0,"max_hp_loss":23.0,"gold_gain":0.0,"event_name":"Vampires","player_choice":"Became a vampire","floor":27.0,"gold_loss":0.0,"damage_taken":0.0,"cards_obtained":["Bite","Bite","Bite","Bite","Bite"]},{"damage_healed":0,"gold_gain":0,"player_choice":"Fought Bandits","damage_taken":0,"max_hp_gain":0,"max_hp_loss":0,"event_name":"Masked Bandits","floor":30,"gold_loss":0},{"damage_healed":0,"gold_gain":0,"player_choice":"Bought 1 Potion","damage_taken":0,"max_hp_gain":0,"max_hp_loss":0,"event_name":"The Woman in Blue","floor":38,"gold_loss":0}],"is_beta":false,"boss_relics":[{"not_picked":["Coffee Dripper","Sozu"],"picked":"Velvet Choker"},{"not_picked":["Tiny House","Busted Crown"],"picked":"Pandora\u0027s Box"}],"items_purged_floors":[13,19],"is_endless":false,"potions_floor_spawned":[2,3,12,14,22,33,35,37,44,45],"killed_by":"Maw","ascension_level":0}}