{"host":"Bilverbakes","time":1609622139,"event":{"mods":["2.2 Compatiblity","AchievementEnabler","BaseMod","Bestiary","Colored Map","Minty Spire (QoL Compilation)","Relic Stats","StSLib","ojb\u0027s Info Mod"],"gold_per_floor":[118,131,12,12,29,57,69,69,142,161,161,195,195,195,195,270,270,283,4,24,24,24,24,54,54,54,54,54,54,65,79,79,157,157,176,176,187,42,53,53,64,64,110,142,142,167,197,209,221,233],"floor_reached":51,"playtime":3820,"items_purged":["Writhe"],"score":1124,"play_id":"465fe7ec-c138-4d17-b6da-9af78b1d18d1","local_time":"20210102151539","is_ascension_mode":true,"campfire_choices":[{"data":"Reprogram","floor":8.0,"key":"SMITH"},{"data":"Go for the Eyes","floor":11.0,"key":"SMITH"},{"data":"Sunder","floor":13.0,"key":"SMITH"},{"floor":15.0,"key":"REST"},{"data":"Hologram","floor":23.0,"key":"SMITH"},{"data":"Machine Learning","floor":25.0,"key":"SMITH"},{"data":"Auto Shields","floor":27.0,"key":"SMITH"},{"floor":32.0,"key":"REST"},{"floor":40.0,"key":"REST"},{"data":"Self Repair","floor":42.0,"key":"SMITH"},{"data":"Madness","floor":49,"key":"SMITH"}],"circlet_count":0,"master_deck":["AscendersBane","Strike_B","Strike_B","Strike_B+1","Defend_B+1","Defend_B","Defend_B+1","Zap","Dualcast+1","Reprogram+1","Ball Lightning","Sunder+1","Auto Shields+1","Go for the Eyes+1","Steam","Barrage","Leap","Echo Form","Hologram+1","Compile Driver","Cold Snap","Conserve Battery","Machine Learning+1","Skim","Skim+1","CurseOfTheBell","Rip and Tear","BootSequence","Self Repair+1","Reinforced Body","Madness","Madness+1"],"relics":["Incense Burner","White Beast Statue","Tiny Chest","Runic Dome","Toy Ornithopter","Nloth\u0027s Gift","Lantern","Mummified Hand","War Paint","Art of War","Calling Bell","Blood Vial","Eternal Feather","Pocketwatch","Bronze Scales","Dream Catcher","Shuriken","CaptainsWheel","MawBank"],"acts_visited":["Exordium","TheCity","TheBeyond"],"potions_floor_usage":[50,50],"damage_taken":[{"damage":5.0,"enemies":"2 Louse","floor":1.0,"turns":3.0},{"damage":0.0,"enemies":"Jaw Worm","floor":2.0,"turns":3.0},{"damage":0.0,"enemies":"Small Slimes","floor":5.0,"turns":2.0},{"damage":25.0,"enemies":"Lagavulin","floor":6.0,"turns":8.0},{"damage":10.0,"enemies":"Exordium Thugs","floor":7.0,"turns":5.0},{"damage":2.0,"enemies":"Exordium Wildlife","floor":10.0,"turns":5.0},{"damage":8.0,"enemies":"3 Sentries","floor":12.0,"turns":6.0},{"damage":22.0,"enemies":"Hexaghost","floor":16.0,"turns":10.0},{"damage":0.0,"enemies":"Chosen","floor":18.0,"turns":3.0},{"damage":0.0,"enemies":"Spheric Guardian","floor":20.0,"turns":3.0},{"damage":15.0,"enemies":"Gremlin Leader","floor":24.0,"turns":5.0},{"damage":17.0,"enemies":"Snecko","floor":30.0,"turns":5.0},{"damage":22.0,"enemies":"Shelled Parasite and Fungi","floor":31.0,"turns":7.0},{"damage":16.0,"enemies":"Champ","floor":33.0,"turns":12.0},{"damage":15.0,"enemies":"3 Shapes","floor":35.0,"turns":4.0},{"damage":0.0,"enemies":"Orb Walker","floor":37.0,"turns":3.0},{"damage":63.0,"enemies":"Transient","floor":39.0,"turns":5.0},{"damage":11.0,"enemies":"Sphere and 2 Shapes","floor":41.0,"turns":10.0},{"damage":3,"enemies":"Nemesis","floor":44,"turns":9},{"damage":3,"enemies":"Mind Bloom Boss Battle","floor":46,"turns":9},{"damage":17,"enemies":"Giant Head","floor":47,"turns":10},{"damage":38,"enemies":"Time Eater","floor":50,"turns":17}],"seed_played":"-1653332145576904344","potions_obtained":[{"floor":1.0,"key":"SneckoOil"},{"floor":5.0,"key":"SteroidPotion"},{"floor":6.0,"key":"LiquidBronze"},{"floor":16.0,"key":"Swift Potion"},{"floor":18.0,"key":"FearPotion"},{"floor":20.0,"key":"LiquidMemories"},{"floor":24.0,"key":"Dexterity Potion"},{"floor":30.0,"key":"Weak Potion"},{"floor":31.0,"key":"SteroidPotion"},{"floor":33.0,"key":"Ancient Potion"},{"floor":35.0,"key":"ColorlessPotion"},{"floor":37.0,"key":"Fruit Juice"},{"floor":39.0,"key":"AttackPotion"},{"floor":41.0,"key":"BlessingOfTheForge"},{"floor":44,"key":"SmokeBomb"},{"floor":46,"key":"LiquidMemories"}],"is_trial":false,"path_per_floor":["M","M","$","?","M","E","M","R","T","M","R","E","R","?","R","B",null,"M","$","M","?","$","R","E","R","T","R","T","?","M","M","R","B",null,"M","?","M","$","M","R","M","R","T","E","T","?","E","?","R","B",null],"character_chosen":"DEFECT","items_purchased":["Sunder","Auto Shields","Toy Ornithopter","Hologram","Compile Driver","Cold Snap","BootSequence"],"campfire_rested":3,"item_purchase_floors":[3,3,19,19,19,19,38],"current_hp_per_floor":[63,63,63,68,68,43,33,33,33,31,31,23,23,8,29,7,57,57,57,57,57,57,57,52,52,52,52,52,52,35,13,34,23,61,48,48,55,55,9,47,43,58,58,67,67,76,71,61,78,50],"gold":245,"neow_bonus":"REMOVE_TWO","is_daily":false,"chose_seed":false,"campfire_upgraded":8,"win_rate":0.0,"timestamp":1609622139,"path_taken":["M","M","$","?","M","E","M","R","T","M","R","E","R","?","R","BOSS","M","$","M","?","?","R","E","R","T","R","?","?","?","M","R","BOSS","M","?","M","$","M","R","M","R","T","E","?","?","E","?","R","BOSS"],"items_purchased_type":["Card","Card","Relic","Card","Card","Card","Card"],"build_version":"2020-12-18","purchased_purges":1,"victory":true,"max_hp_per_floor":[68,68,68,73,73,73,73,73,73,73,73,73,73,73,73,73,73,73,73,73,73,73,73,73,73,73,73,73,73,73,73,73,73,73,73,73,73,73,78,78,78,78,78,78,78,78,78,78,78,78],"relic_stats":{"counters":[22,144],"Eternal Feather":47,"War Paint":["Dualcast","Defend_B"],"MawBank":48,"Blood Vial":14,"Dream Catcher":0,"Mummified Hand":[24],"Shuriken":[6],"Bronze Scales":[157],"Tiny Chest":2,"Nloth\u0027s Gift":4,"Art of War":[19],"obtain_stats":[{"Lantern":24,"Eternal Feather":34,"Incense Burner":6,"War Paint":28,"MawBank":47,"White Beast Statue":9,"Calling Bell":34,"Blood Vial":34,"Runic Dome":17,"Dream Catcher":44,"CaptainsWheel":46,"Mummified Hand":26,"Shuriken":45,"Bronze Scales":43,"Tiny Chest":12,"Nloth\u0027s Gift":21,"Art of War":29,"Cracked Core":0,"Toy Ornithopter":19,"Pocketwatch":34},{"Lantern":11,"Eternal Feather":14,"Incense Burner":4,"War Paint":11,"MawBank":21,"White Beast Statue":5,"Calling Bell":14,"Blood Vial":14,"Runic Dome":8,"Dream Catcher":19,"CaptainsWheel":20,"Mummified Hand":11,"Shuriken":19,"Bronze Scales":18,"Tiny Chest":7,"Nloth\u0027s Gift":10,"Art of War":11,"Cracked Core":0,"Toy Ornithopter":9,"Pocketwatch":14},{"Lantern":53,"Eternal Feather":77,"Incense Burner":16,"War Paint":53,"MawBank":127,"White Beast Statue":21,"Calling Bell":77,"Blood Vial":77,"Runic Dome":42,"Dream Catcher":108,"CaptainsWheel":117,"Mummified Hand":53,"Shuriken":108,"Bronze Scales":99,"Tiny Chest":32,"Nloth\u0027s Gift":48,"Art of War":53,"Cracked Core":0,"Toy Ornithopter":45,"Pocketwatch":77}],"Toy Ornithopter":45,"Pocketwatch":[72]},"card_choices":[{"not_picked":["Rebound","Scrape"],"picked":"Reprogram","floor":1.0},{"not_picked":["Double Energy","Steam"],"picked":"Ball Lightning","floor":2.0},{"not_picked":["Blizzard","Redo","Gash"],"picked":"SKIP","floor":5.0},{"not_picked":["Sweeping Beam","Barrage"],"picked":"Go for the Eyes","floor":6.0},{"not_picked":["Beam Cell","Redo"],"picked":"Steam","floor":7.0},{"not_picked":["Ball Lightning","Streamline"],"picked":"Barrage","floor":10.0},{"not_picked":["Gash","Skim"],"picked":"Leap","floor":12.0},{"not_picked":["Amplify","Rainbow"],"picked":"Echo Form","floor":16.0},{"not_picked":["Gash","Coolheaded+1","Redo"],"picked":"SKIP","floor":18.0},{"not_picked":["Blizzard","Gash"],"picked":"Conserve Battery","floor":20.0},{"not_picked":["Glacier","Creative AI"],"picked":"Machine Learning","floor":24.0},{"not_picked":["Chaos","Stack+1"],"picked":"Skim","floor":30.0},{"not_picked":["Hologram","Cold Snap"],"picked":"Skim+1","floor":31.0},{"not_picked":["Streamline","Stack","Consume+1"],"picked":"SKIP","floor":35.0},{"not_picked":["Skim+1","Streamline"],"picked":"Rip and Tear","floor":37.0},{"not_picked":["Blizzard","Coolheaded+1","Rip and Tear"],"picked":"SKIP","floor":39.0},{"not_picked":["Stack","Creative AI"],"picked":"Self Repair","floor":41.0},{"not_picked":["Defragment","Biased Cognition","Consume"],"picked":"SKIP","floor":44},{"not_picked":["Blizzard","Conserve Battery"],"picked":"Reinforced Body","floor":47}],"player_experience":539733,"relics_obtained":[{"floor":6.0,"key":"Incense Burner"},{"floor":9.0,"key":"White Beast Statue"},{"floor":12.0,"key":"Tiny Chest"},{"floor":24.0,"key":"Lantern"},{"floor":26.0,"key":"Mummified Hand"},{"floor":28.0,"key":"War Paint"},{"floor":34.0,"key":"Blood Vial"},{"floor":34.0,"key":"Eternal Feather"},{"floor":34.0,"key":"Pocketwatch"},{"floor":43.0,"key":"Bronze Scales"},{"floor":44,"key":"Dream Catcher"},{"floor":45,"key":"Shuriken"},{"floor":46,"key":"CaptainsWheel"},{"floor":47,"key":"MawBank"}],"event_choices":[{"damage_healed":0.0,"max_hp_gain":5.0,"max_hp_loss":0.0,"gold_gain":0.0,"event_name":"Big Fish","player_choice":"Donut","floor":4.0,"gold_loss":0.0,"damage_taken":0.0},{"damage_healed":0.0,"max_hp_gain":0.0,"max_hp_loss":0.0,"gold_gain":0.0,"event_name":"Shining Light","player_choice":"Entered Light","floor":14.0,"gold_loss":0.0,"damage_taken":15.0,"cards_upgraded":["Defend_B","Strike_B"]},{"damage_healed":0.0,"max_hp_gain":0.0,"max_hp_loss":0.0,"gold_gain":0.0,"event_name":"N\u0027loth","player_choice":"Traded Relic","floor":21.0,"relics_lost":["Cracked Core"],"gold_loss":0.0,"damage_taken":0.0,"relics_obtained":["Nloth\u0027s Gift"]},{"damage_healed":0.0,"max_hp_gain":0.0,"max_hp_loss":0.0,"gold_gain":0.0,"event_name":"The Mausoleum","player_choice":"Opened","floor":29.0,"gold_loss":0.0,"damage_taken":0.0,"relics_obtained":["Art of War"],"cards_obtained":["Writhe"]},{"damage_healed":0.0,"max_hp_gain":0.0,"max_hp_loss":0.0,"gold_gain":0.0,"event_name":"SecretPortal","player_choice":"Ignored","floor":36.0,"gold_loss":0.0,"damage_taken":0.0},{"damage_healed":0,"gold_gain":0,"player_choice":"Fight","damage_taken":0,"max_hp_gain":0,"max_hp_loss":0,"event_name":"MindBloom","floor":46,"gold_loss":0},{"damage_healed":0,"gold_gain":0,"player_choice":"Embrace Madness","damage_taken":10,"max_hp_gain":0,"max_hp_loss":0,"event_name":"Winding Halls","floor":48,"gold_loss":0,"cards_obtained":["Madness","Madness"]}],"is_beta":true,"boss_relics":[{"not_picked":["Empty Cage","Velvet Choker"],"picked":"Runic Dome"},{"not_picked":["Astrolabe","Cursed Key"],"picked":"Calling Bell"}],"items_purged_floors":[38],"is_endless":false,"potions_floor_spawned":[1,5,6,7,10,12,16,18,20,24,30,31,33,35,37,39,41,44,46,47],"ascension_level":13}}