{"host":"jgqxb38yl0c1w101","time":1609561197,"event":{"mods":["BaseMod","Colored Map","Downfall","Minty Spire (QoL Compilation)","StSLib"],"gold_per_floor":[99,110,126,226,226,326,326,226,238,238,252,262,281,18,36,131,131,131,142,162,179,189,217,243,243,143,243,243,260,271,10,10,10,10],"floor_reached":32,"playtime":2197,"items_purged":[],"score":281,"play_id":"5937f3c8-6c43-4b33-8dae-6a24408befca","local_time":"20210101231957","is_ascension_mode":false,"campfire_choices":[{"data":"Slimebound:Split","floor":1,"key":"SMITH"},{"floor":8,"key":"REST"},{"data":"Slimebound:LevelUp","floor":10,"key":"SMITH"},{"floor":18,"key":"RECALL"},{"floor":26,"key":"REST"},{"data":"Slimebound:Teamwork","floor":28,"key":"SMITH"}],"circlet_count":0,"master_deck":["Slimebound:Strike_Slimebound","Slimebound:Strike_Slimebound","Slimebound:Strike_Slimebound","Slimebound:Tackle","Slimebound:Defend_Slimebound","Slimebound:Defend_Slimebound","Slimebound:Defend_Slimebound","Slimebound:Defend_Slimebound","Slimebound:Split+1","Slimebound:CorrosiveSpit","Slimebound:PressTheAttack","Slimebound:LevelUp+1","Slimebound:SplitBruiser","Slimebound:SplitAcid","Slimebound:LivingWall","Slimebound:Schlurp","Slimebound:Nibble","Slimebound:OozeBath","Slimebound:Teamwork+1","Slimebound:ServeAndProtect+1","Slimebound:SamplingLick","Slimebound:SplitMire","Slimebound:SlimeBarrage+1","Slimebound:SamplingLick+1","Slimebound:SplitBruiser"],"relics":["Slimebound:AbsorbEndCombat","White Beast Statue","Bird Faced Urn","downfall:HeartBlessingBlue","Pear","SacredBark","InkBottle","Oddly Smooth Stone","downfall:HeartBlessingRed","Slimebound:MaxSlimesRelic"],"acts_visited":["Exordium","TheCity"],"potions_floor_usage":[6,12,16,16,20,22,23,23,23,30,31,32,32,32],"damage_taken":[{"damage":1,"enemies":"Jaw Worm","floor":2,"turns":3},{"damage":8,"enemies":"Small Slimes","floor":3,"turns":3},{"damage":42,"enemies":"downfall:LadyInBlue","floor":6,"turns":11},{"damage":6,"enemies":"Cultist","floor":9,"turns":3},{"damage":16,"enemies":"Lots of Slimes","floor":11,"turns":2},{"damage":15,"enemies":"Exordium Wildlife","floor":12,"turns":4},{"damage":7,"enemies":"2 Fungi Beasts","floor":13,"turns":3},{"damage":9,"enemies":"downfall:FleeingMerchant","floor":14,"turns":4},{"damage":11,"enemies":"Red Slaver","floor":15,"turns":4},{"damage":26,"enemies":"downfall:Ironclad","floor":16,"turns":7},{"damage":21,"enemies":"Shell Parasite","floor":19,"turns":5},{"damage":20,"enemies":"Shelled Parasite and Fungi","floor":20,"turns":5},{"damage":19,"enemies":"Snake Plant","floor":21,"turns":4},{"damage":8,"enemies":"3 Cultists","floor":22,"turns":5},{"damage":28,"enemies":"Slavers","floor":23,"turns":4},{"damage":22,"enemies":"Snecko","floor":29,"turns":6},{"damage":20,"enemies":"Centurion and Healer","floor":30,"turns":5},{"damage":0,"enemies":"downfall:FleeingMerchant","floor":31,"turns":4},{"damage":21,"enemies":"Snake Plant","floor":32,"turns":1}],"seed_played":"-8190334476355002440","potions_obtained":[{"floor":3,"key":"DistilledChaos"},{"floor":6,"key":"sneckomod:MuddlingPotion"},{"floor":6,"key":"Explosive Potion"},{"floor":6,"key":"Slimebound:SpawnSlimePotion"},{"floor":11,"key":"DistilledChaos"},{"floor":12,"key":"Dexterity Potion"},{"floor":13,"key":"Regen Potion"},{"floor":14,"key":"DuplicationPotion"},{"floor":16,"key":"Slimebound:SpawnSlimePotion"},{"floor":19,"key":"FearPotion"},{"floor":20,"key":"Slimebound:SpawnSlimePotion"},{"floor":21,"key":"champ:CounterPotion"},{"floor":22,"key":"ColorlessPotion"},{"floor":23,"key":"CultistPotion"},{"floor":25,"key":"CultistPotion"},{"floor":29,"key":"LiquidBronze"},{"floor":30,"key":"ColorlessPotion"},{"floor":31,"key":"SteroidPotion"}],"is_trial":false,"path_per_floor":["R","M","M","?","T","?","T","R","M","R","M","M","M","$","M","B",null,"R","M","M","M","M","E","T","?","R","?","R","M","M","$","M"],"character_chosen":"SLIMEBOUND","items_purchased":["Pear","Slimebound:MaxSlimesRelic"],"campfire_rested":2,"item_purchase_floors":[14,31],"current_hp_per_floor":[71,71,64,64,64,30,30,64,62,62,47,35,32,36,29,25,91,91,73,57,44,42,21,21,21,48,48,48,29,13,19,0,0,0],"gold":10,"neow_bonus":"TEN_PERCENT_HP_BONUS","is_daily":false,"chose_seed":false,"campfire_upgraded":3,"win_rate":0.0,"timestamp":1609561197,"path_taken":["R","M","M","?","?","?","T","R","?","R","M","?","M","$","M","BOSS","R","M","M","M","M","E","T","?","R","?","R","M","M","$","M"],"items_purchased_type":["Relic","Relic"],"build_version":"2020-12-22","purchased_purges":0,"victory":false,"max_hp_per_floor":[71,71,71,71,71,71,71,81,81,81,81,81,81,91,91,91,91,91,91,91,91,91,91,91,91,91,91,91,91,91,91,91,91,91],"card_choices":[{"not_picked":["Slimebound:DivideAndConquer","Slimebound:LivingWall"],"picked":"Slimebound:PressTheAttack","floor":2},{"not_picked":["Slimebound:Repurpose","Slimebound:Equalize"],"picked":"Slimebound:LevelUp","floor":3},{"not_picked":["Slimebound:DivideAndConquer","Slimebound:GrowthPunch"],"picked":"Slimebound:SplitBruiser","floor":6},{"not_picked":["Slimebound:RollThrough","Slimebound:ServeAndProtect"],"picked":"Slimebound:SplitAcid","floor":9},{"not_picked":["Slimebound:Chomp","Slimebound:Schlurp"],"picked":"Slimebound:LivingWall","floor":11},{"not_picked":["Slimebound:ItLooksTasty","Slimebound:FlameTackle","Slimebound:GoopTackle"],"picked":"SKIP","floor":12},{"not_picked":["Slimebound:RollThrough","Slimebound:DivideAndConquer"],"picked":"Slimebound:Schlurp","floor":13},{"not_picked":["Slimebound:ComboTackle","Slimebound:Prepare"],"picked":"Slimebound:Nibble","floor":14},{"not_picked":["Slimebound:DisruptingSlam","Slimebound:ViciousTackle"],"picked":"Slimebound:OozeBath","floor":15},{"not_picked":["Slimebound:OozeBath","Slimebound:Overexert"],"picked":"Slimebound:Teamwork","floor":16},{"not_picked":["Slimebound:Chomp","Slimebound:MegaLick+1"],"picked":"Slimebound:ServeAndProtect+1","floor":19},{"not_picked":["Slimebound:SpikyOuterGoop","Slimebound:ProtectTheBoss"],"picked":"Slimebound:SamplingLick","floor":20},{"not_picked":["Slimebound:Equalize","Slimebound:RejuvenatingLick+1"],"picked":"Slimebound:SplitMire","floor":21},{"not_picked":["Slimebound:LeechingTouch","Slimebound:LivingWall"],"picked":"Slimebound:SlimeBarrage+1","floor":22},{"not_picked":["Slimebound:GoopTackle+1","Slimebound:DouseInSlime"],"picked":"Slimebound:SamplingLick+1","floor":23},{"not_picked":["Slimebound:GrowthPunch","Slimebound:FinishingTackle"],"picked":"Slimebound:SplitBruiser","floor":29},{"not_picked":["Slimebound:GrowthPunch+1","Slimebound:ItLooksTasty","Slimebound:FinishingTackle+1"],"picked":"SKIP","floor":30},{"not_picked":["Slimebound:AcidTongue","Slimebound:ViciousTackle+1","Slimebound:GrowthPunch+1"],"picked":"SKIP","floor":31}],"player_experience":134423,"relics_obtained":[{"floor":6,"key":"White Beast Statue"},{"floor":7,"key":"Bird Faced Urn"},{"floor":23,"key":"InkBottle"},{"floor":24,"key":"Oddly Smooth Stone"}],"event_choices":[],"is_beta":false,"boss_relics":[{"not_picked":["Runic Pyramid","Tiny House"],"picked":"SacredBark"}],"items_purged_floors":[],"is_endless":false,"potions_floor_spawned":[3,9,11,12,13,14,15,16,19,20,21,22,23,29,30,31],"killed_by":"Snake Plant","ascension_level":0}}