{"host":"ynimr9ugvc6f046i","time":1609629539,"event":{"mods":["2.2 Compatiblity","BaseMod","Colored Map","DeckTracker","Highlight Path","Keyboard Shortcuts","Minty Spire (QoL Compilation)","Permanent Neow","Quick Restart","StSLib","SuperFastMode"],"gold_per_floor":[117,0,19,39,59,59,59,59,59,76,110,110,20,51,51,130,130,130,130],"floor_reached":18,"playtime":397,"items_purged":["Strike_R"],"score":340,"play_id":"1cd4d36e-cf2e-4096-9b10-72fd72b0f949","local_time":"20210103081859","is_ascension_mode":true,"campfire_choices":[{"data":"Berserk","floor":6.0,"key":"SMITH"},{"data":"Bludgeon","floor":8.0,"key":"SMITH"},{"floor":12.0,"key":"REST"},{"floor":15,"key":"REST"}],"circlet_count":0,"master_deck":["AscendersBane","Bash+1","Bludgeon+1","Uppercut+1","Second Wind","Berserk+1","Evolve","Flash of Steel","Heavy Blade","Shrug It Off","Immolate","Fiend Fire","True Grit","Ghostly Armor","Double Tap","Anger"],"relics":["Burning Blood","Membership Card","Mercury Hourglass","Peace Pipe","Nunchaku","Pandora\u0027s Box"],"acts_visited":["Exordium","TheCity"],"potions_floor_usage":[],"damage_taken":[{"damage":7.0,"enemies":"2 Louse","floor":1.0,"turns":3.0},{"damage":12.0,"enemies":"Small Slimes","floor":3.0,"turns":3.0},{"damage":0.0,"enemies":"Cultist","floor":4.0,"turns":2.0},{"damage":13.0,"enemies":"3 Louse","floor":5.0,"turns":5.0},{"damage":3.0,"enemies":"Looter","floor":10.0,"turns":2.0},{"damage":20.0,"enemies":"Lagavulin","floor":11.0,"turns":5.0},{"damage":28,"enemies":"Gremlin Nob","floor":14,"turns":4},{"damage":22,"enemies":"The Guardian","floor":16,"turns":13},{"damage":21,"enemies":"Shell Parasite","floor":18,"turns":3}],"seed_played":"740307503983589906","potions_obtained":[{"floor":3.0,"key":"Strength Potion"},{"floor":10.0,"key":"ElixirPotion"},{"floor":14,"key":"BlessingOfTheForge"}],"is_trial":false,"path_per_floor":["M","$","M","M","M","R","?","R","T","M","E","R","$","E","R","B",null,"M"],"character_chosen":"IRONCLAD","items_purchased":["Membership Card","Flash of Steel"],"campfire_rested":2,"item_purchase_floors":[2,13],"current_hp_per_floor":[49,49,43,49,42,42,19,19,19,22,8,30,30,8,30,14,60,39,39],"gold":130,"neow_bonus":"THREE_RARE_CARDS","is_daily":false,"chose_seed":false,"campfire_upgraded":2,"win_rate":0.0,"timestamp":1609629539,"path_taken":["M","$","M","M","M","R","?","R","T","M","E","R","$","E","R","BOSS","M"],"items_purchased_type":["Relic","Card"],"build_version":"2020-12-22","purchased_purges":1,"victory":false,"max_hp_per_floor":[75,75,75,75,75,75,75,75,75,75,75,75,75,75,75,75,75,75,75],"card_choices":[{"not_picked":["Brutality","Demon Form"],"picked":"Bludgeon","floor":0.0},{"not_picked":["Heavy Blade","Thunderclap","Armaments"],"picked":"SKIP","floor":1.0},{"not_picked":["Iron Wave","Whirlwind"],"picked":"Uppercut","floor":3.0},{"not_picked":["Warcry","Bloodletting"],"picked":"Second Wind","floor":4.0},{"not_picked":["Anger","Headbutt","Berserk"],"picked":"SKIP","floor":5.0},{"not_picked":["Anger","Headbutt"],"picked":"Berserk","floor":5.0},{"not_picked":["Warcry","Body Slam","Iron Wave"],"picked":"SKIP","floor":10.0},{"not_picked":["Warcry","Body Slam","Iron Wave"],"picked":"SKIP","floor":10.0},{"not_picked":["Dropkick","Cleave"],"picked":"Evolve","floor":11.0},{"not_picked":["Infernal Blade","Ghostly Armor","Bludgeon"],"picked":"SKIP","floor":14}],"player_experience":533693,"relics_obtained":[{"floor":9.0,"key":"Mercury Hourglass"},{"floor":11.0,"key":"Peace Pipe"},{"floor":14,"key":"Nunchaku"}],"event_choices":[{"damage_healed":0.0,"max_hp_gain":0.0,"max_hp_loss":0.0,"gold_gain":0.0,"event_name":"Shining Light","player_choice":"Entered Light","floor":7.0,"gold_loss":0.0,"damage_taken":23.0,"cards_upgraded":["Bash","Uppercut"]}],"is_beta":false,"boss_relics":[{"not_picked":["Calling Bell","Cursed Key"],"picked":"Pandora\u0027s Box"}],"items_purged_floors":[13],"is_endless":false,"potions_floor_spawned":[3,10,14],"killed_by":"Shell Parasite","ascension_level":20}}