{"host":"mxyu30643x34zc6i","time":1609553918,"event":{"mods":["AchievementEnabler","Astrologer","BaseMod","Better Match","Better Note","Better Third Choice","Block Reminder","Colored Map","Colored Powertips","Hermit","Minty Spire (QoL Compilation)","Rare Cards Sparkle","Relic Stats","Replay The Spire","Shade Mod","Spicy Shops","StSLib","The Blackbeard","The Blue Laboratory","The Cursed","The Hierophant","The Mystic","The Runesmith","The Servant 0.9.4","The Spell Scribe"],"gold_per_floor":[172,216,299,345,382,408,503,16,16,16,16,122,122,249,249,479,479,544,544,94,182,244,244,331,430,505,505,505,620,620,695,695,700,700,753,400,443,597,774,774,825,825,850,942,942,1129,1212,1274,1274,1143],"floor_reached":51,"playtime":5946,"items_purged":[],"score":766,"play_id":"bf83604a-feec-4e7e-99dd-1cfb48cd0797","local_time":"20210101211838","daily_mods":["Insanity","Red Cards","Binary"],"is_ascension_mode":false,"campfire_choices":[{"floor":13,"key":"REST"},{"data":"1","floor":23,"key":"LIFT"},{"floor":28,"key":"REST"},{"data":"2","floor":30,"key":"LIFT"},{"floor":32,"key":"REST"},{"data":"3","floor":40,"key":"LIFT"},{"floor":42,"key":"REST"},{"floor":49,"key":"REST"}],"circlet_count":0,"master_deck":["hierophant:SecretStash","hierophant:ThreeLashes","hierophant:Smite","hierophant:PassingBell","hierophant:DisplayOfPower","hierophant:Charity","hierophant:HolyVerse","hierophant:ArchangelShield","hierophant:SealAway","hierophant:Zeal","hierophant:PristineSoul","hierophant:AuricShield","hierophant:Doubloon","hierophant:SealAway","hierophant:Dazzle","hierophant:RepressedViolence","hierophant:Upheaval","hierophant:AuricShield","hierophant:Zeal","hierophant:Smite","hierophant:CursedGold","hierophant:MorningPrayer","hierophant:Embezzle","hierophant:CursedGold","hierophant:Chorus","hierophant:Doomsaying","hierophant:Encroach","hierophant:HammerAndAnvil","hierophant:RepressedViolence","hierophant:HammerAndAnvil","hierophant:FlamingChariot","hierophant:AuricBeam","hierophant:AuricBeam","hierophant:OrnateJavelin","hierophant:MorningPrayer","hierophant:Shelter","hierophant:Doubloon","hierophant:OrnateBuckler","hierophant:MorningPrayer","hierophant:Zeal","hierophant:Alms","hierophant:OrnateBuckler","hierophant:Exaltation","hierophant:PassingBell","hierophant:DisplayOfPower","hierophant:AuricBeam","hierophant:RustyCrate","hierophant:CursedGold","hierophant:Doubloon","hierophant:HolyVerse","hierophant:OrnateBuckler","hierophant:OrnateBuckler","hierophant:Endure","hierophant:FieryStrike","hierophant:FlamingChariot","hierophant:RustyCrate","hierophant:Doubloon","hierophant:Doubloon","hierophant:Smite","hierophant:Purify","hierophant:CoinFling","hierophant:Doubloon+1","hierophant:HolyVerse","Apotheosis+1","hierophant:RepressedViolence","hierophant:MorningPrayer","hierophant:AuricForm+1","hierophant:Doubloon","hierophant:Charity+1","hierophant:Zeal","hierophant:MirrorShield","hierophant:Blessing+1","hierophant:Doomsaying+1","Insight","hierophant:Batter","hierophant:Chorus","hierophant:Doubloon","hierophant:Generosity+1","hierophant:Doubloon","hierophant:Remorse+1","hierophant:Community+1","hierophant:SecretStash","hierophant:Doubloon","hierophant:Generosity+1","hierophant:Encroach+1","Parasite","hierophant:PassingBell+1","hierophant:Racketeering+1","hierophant:Doubloon","hierophant:CursedGold+1","hierophant:HammerAndAnvil+1","hierophant:Mercenaries","hierophant:Sermon+1"],"relics":["hierophant:PropheticMaskRelic","Centennial Puzzle","Ancient Tea Set","Frozen Egg 2","Snack Pack","Mercury Hourglass","Painkiller Herb","Pen Nib","Girya","Durian","Onion Ring","Fusion Hammer","Replay:Wax Seal","Replay:Bandana","Replay:Mystery Machine"],"acts_visited":["Exordium","TheCity","TheBeyond"],"potions_floor_usage":[1,6,16,16,21,21,29,39,47,50],"damage_taken":[{"damage":12,"enemies":"Cultist","floor":1,"turns":5},{"damage":7,"enemies":"Jaw Worm","floor":2,"turns":3},{"damage":0,"enemies":"2 Louse","floor":3,"turns":2},{"damage":12,"enemies":"Blue Slaver","floor":4,"turns":3},{"damage":4,"enemies":"2 Fungi Beasts","floor":5,"turns":3},{"damage":15,"enemies":"Replay:BlueRogue","floor":6,"turns":5},{"damage":0,"enemies":"Lots of Slimes","floor":7,"turns":1},{"damage":0,"enemies":"Looter","floor":12,"turns":4},{"damage":4,"enemies":"Blue Slaver","floor":14,"turns":2},{"damage":15,"enemies":"Slime Boss","floor":16,"turns":9},{"damage":0,"enemies":"Spheric Guardian","floor":18,"turns":2},{"damage":8,"enemies":"2 Thieves","floor":21,"turns":3},{"damage":4,"enemies":"Shelled Parasite and Fungi","floor":22,"turns":4},{"damage":21,"enemies":"Snecko","floor":24,"turns":4},{"damage":20,"enemies":"Centurion and Healer","floor":25,"turns":2},{"damage":0,"enemies":"Sentry and Sphere","floor":29,"turns":2},{"damage":0,"enemies":"Snake Plant","floor":31,"turns":3},{"damage":6,"enemies":"Automaton","floor":33,"turns":4},{"damage":2,"enemies":"Orb Walker","floor":35,"turns":2},{"damage":0,"enemies":"3 Darklings","floor":37,"turns":4},{"damage":10,"enemies":"Jaw Worm Horde","floor":38,"turns":2},{"damage":0,"enemies":"Writhing Mass","floor":39,"turns":5},{"damage":14,"enemies":"Spire Growth","floor":41,"turns":5},{"damage":21,"enemies":"4 Shapes","floor":44,"turns":2},{"damage":7,"enemies":"Sphere and 2 Shapes","floor":46,"turns":2},{"damage":70,"enemies":"Nemesis","floor":47,"turns":5},{"damage":0,"enemies":"Spire Growth","floor":48,"turns":3},{"damage":42,"enemies":"Donu and Deca","floor":50,"turns":8}],"seed_played":"-4486375853315586652","potions_obtained":[{"floor":1,"key":"Fruit Juice"},{"floor":2,"key":"Energy Potion"},{"floor":4,"key":"blueLaboratory:RememoryPotion"},{"floor":7,"key":"Toxic Potion"},{"floor":16,"key":"blueLaboratory:HummingbirdPotion"},{"floor":18,"key":"BlessingOfTheForge"},{"floor":25,"key":"blueLaboratory:BubblePotion"},{"floor":29,"key":"FairyPotion"},{"floor":35,"key":"blueLaboratory:ForbiddenFruitJuice"},{"floor":38,"key":"ColorlessPotion"},{"floor":47,"key":"Adrenaline Potion"}],"is_trial":false,"path_per_floor":["M","M","M","M","M","E","M","$","T","?","T","M","R","M","R_BF","B",null,"?","?","T","?","?","T","?","?","T","?","T","?","T","?","T","B",null,"?","T","?","?","?","T","?","T","T","?","?","?","E","?","T","B",null],"character_chosen":"HIEROPHANT","items_purchased":["hierophant:Purify","hierophant:CoinFling","Ancient Tea Set","Frozen Egg 2","hierophant:HolyVerse","Girya","Durian","hierophant:Community+1","Replay:Wax Seal","hierophant:SecretStash"],"campfire_rested":5,"item_purchase_floors":[8,8,8,8,8,20,20,36,36,36],"current_hp_per_floor":[68,61,61,49,45,30,30,30,30,30,30,30,54,50,74,61,80,80,80,85,79,75,75,58,40,40,40,65,65,65,65,85,83,85,83,83,83,73,75,75,73,85,85,66,66,73,75,75,75,37],"gold":1143,"neow_bonus":"","is_daily":true,"chose_seed":false,"campfire_upgraded":0,"win_rate":0.0,"timestamp":1609553918,"path_taken":["M","M","?","M","M","E","M","$","T","?","?","M","R","?","R_BF","BOSS","?","?","T","?","?","T","?","?","T","?","T","?","T","?","T","BOSS","?","T","?","?","?","T","?","T","T","?","?","?","E","?","T","BOSS"],"items_purchased_type":["Card","Card","Relic","Relic","Card","Relic","Relic","Card","Relic","Card"],"build_version":"2020-12-22","purchased_purges":0,"victory":true,"max_hp_per_floor":[80,80,80,80,80,80,80,80,80,80,80,80,80,80,80,80,80,80,80,85,85,85,85,85,85,85,85,85,85,85,85,85,85,85,85,85,85,85,85,85,85,85,85,85,85,85,75,75,75,75],"relic_stats":{"Centennial Puzzle":[42],"counters":[28,99],"Pen Nib":[10],"obtain_stats":[{"Girya":20,"hierophant:PropheticMaskRelic":0,"Painkiller Herb":17,"Pen Nib":19,"Frozen Egg 2":8,"Replay:Mystery Machine":47,"Ancient Tea Set":8,"Mercury Hourglass":11,"Centennial Puzzle":6,"Replay:Bandana":43,"Onion Ring":26,"Fusion Hammer":34,"Snack Pack":9,"Durian":20,"Replay:Wax Seal":36},{"Girya":11,"hierophant:PropheticMaskRelic":0,"Painkiller Herb":10,"Pen Nib":11,"Frozen Egg 2":7,"Replay:Mystery Machine":26,"Ancient Tea Set":7,"Mercury Hourglass":7,"Centennial Puzzle":6,"Replay:Bandana":23,"Onion Ring":15,"Fusion Hammer":18,"Snack Pack":7,"Durian":11,"Replay:Wax Seal":19},{"Girya":39,"hierophant:PropheticMaskRelic":0,"Painkiller Herb":37,"Pen Nib":39,"Frozen Egg 2":22,"Replay:Mystery Machine":88,"Ancient Tea Set":22,"Mercury Hourglass":22,"Centennial Puzzle":21,"Replay:Bandana":79,"Onion Ring":52,"Fusion Hammer":61,"Snack Pack":22,"Durian":39,"Replay:Wax Seal":63}],"Mercury Hourglass":[257]},"card_choices":[{"not_picked":["hierophant:Prophecy"],"picked":"hierophant:OrnateBuckler","floor":1},{"not_picked":["hierophant:DeathKnell"],"picked":"hierophant:OrnateBuckler","floor":2},{"not_picked":["hierophant:DisplayOfPower"],"picked":"hierophant:Endure","floor":3},{"not_picked":["hierophant:HammerAndAnvil"],"picked":"hierophant:FieryStrike","floor":4},{"not_picked":["hierophant:Shelter"],"picked":"hierophant:FlamingChariot","floor":5},{"not_picked":["hierophant:Doubloon"],"picked":"hierophant:RustyCrate","floor":6},{"not_picked":["hierophant:Anathema"],"picked":"hierophant:Smite","floor":7},{"not_picked":["hierophant:Exaltation"],"picked":"hierophant:RepressedViolence","floor":12},{"not_picked":["hierophant:Patience"],"picked":"hierophant:MorningPrayer","floor":14},{"not_picked":["hierophant:LocustPlague"],"picked":"hierophant:AuricForm+1","floor":16},{"not_picked":["hierophant:ThreeLashes"],"picked":"hierophant:Charity+1","floor":18},{"not_picked":["hierophant:HolyVerse"],"picked":"hierophant:Zeal","floor":21},{"not_picked":["hierophant:Smite"],"picked":"hierophant:MirrorShield","floor":22},{"not_picked":["hierophant:PristineSoul"],"picked":"hierophant:Blessing+1","floor":24},{"not_picked":["hierophant:Refuge+1"],"picked":"hierophant:Doomsaying+1","floor":25},{"not_picked":["hierophant:FlamingChariot"],"picked":"hierophant:Batter","floor":29},{"not_picked":["hierophant:Doubloon"],"picked":"hierophant:Chorus","floor":31},{"not_picked":["hierophant:AuricForm+1"],"picked":"hierophant:Generosity+1","floor":33},{"not_picked":["hierophant:Zeal"],"picked":"hierophant:Remorse+1","floor":35},{"not_picked":["hierophant:Purify"],"picked":"hierophant:Generosity+1","floor":37},{"not_picked":["hierophant:Doubloon"],"picked":"hierophant:Encroach+1","floor":38},{"not_picked":["hierophant:SealAway+1"],"picked":"hierophant:PassingBell+1","floor":39},{"not_picked":["hierophant:CursedGold+1"],"picked":"hierophant:Racketeering+1","floor":41},{"not_picked":["hierophant:Patience+1"],"picked":"hierophant:CursedGold+1","floor":44},{"not_picked":["hierophant:Zeal"],"picked":"hierophant:HammerAndAnvil+1","floor":46},{"not_picked":["hierophant:PassingBell"],"picked":"hierophant:Mercenaries","floor":47},{"not_picked":["hierophant:MirrorShield+1"],"picked":"hierophant:Sermon+1","floor":48}],"player_experience":379772,"relics_obtained":[{"floor":6,"key":"Centennial Puzzle"},{"floor":9,"key":"Snack Pack"},{"floor":11,"key":"Mercury Hourglass"},{"floor":26,"key":"Onion Ring"},{"floor":43,"key":"Replay:Bandana"},{"floor":47,"key":"Replay:Mystery Machine"}],"event_choices":[{"damage_healed":30,"gold_gain":0,"player_choice":"Embrace","damage_taken":0,"max_hp_gain":0,"max_hp_loss":80,"event_name":"betterThird:BetterShining","floor":10,"gold_loss":0},{"damage_healed":0,"gold_gain":0,"player_choice":"Insight","damage_taken":0,"max_hp_gain":0,"max_hp_loss":0,"event_name":"betterThird:BetterWriting","floor":27,"gold_loss":0,"cards_obtained":["Insight"]},{"damage_healed":0,"gold_gain":0,"player_choice":"Ignored","damage_taken":0,"max_hp_gain":0,"max_hp_loss":0,"event_name":"Tomb of Lord Red Mask","floor":45,"gold_loss":0}],"is_beta":false,"boss_relics":[{"not_picked":["Kintsugi","Coffee Dripper"],"picked":"Painkiller Herb"},{"not_picked":["Runic Dome","ReplayTheSpireMod:DimensionalGlitch"],"picked":"Fusion Hammer"}],"items_purged_floors":[],"is_endless":false,"potions_floor_spawned":[1,2,4,7,16,18,25,29,35,38,47],"ascension_level":0}}