{"host":"y0hoofe7zdp41twi","time":1609609441,"event":{"mods":["BaseMod","Conspire","Downfall","Minty Spire (QoL Compilation)","Replay The Spire","Shop Mod","StSLib","Waifu the Spire"],"gold_per_floor":[114,134,134,15,25,57,57,70,70,70,81,109,25,44,44,140,140,151,151,151,165,165,165,180,206,229,36,67,67,67,90,90,220,220,249,52,72,108,138,206,206,264,289,289,289,289,355,396,396,432,432],"floor_reached":50,"playtime":6081,"items_purged":[],"score":750,"play_id":"d39cd30b-0f28-4d68-8787-567c7bf71ad3","local_time":"20210102124401","is_ascension_mode":false,"campfire_choices":[{"data":"Inflame","floor":7,"key":"SMITH"},{"data":"Demon Form","floor":23,"key":"SMITH"},{"floor":30,"key":"REST"},{"floor":32,"key":"REST"},{"floor":41,"key":"REST"},{"data":"Demonic Infusion","floor":44,"key":"SMITH"},{"data":"Fire Breathing","floor":46,"key":"SMITH"},{"floor":49,"key":"REST"}],"circlet_count":0,"master_deck":["Strike_R+1","Strike_R+1","Strike_R+1","Strike_R+1","Strike_R+1","Defend_R+2","Defend_R+2","Defend_R+1","Bash","Twin Strike","Anger","Uppercut","Anger","Inflame+1","Thunderclap","Uppercut","Iron Wave+1","Inflame+1","Demon Form+1","Fire Breathing+1","Armaments+1","Headbutt+1","Bludgeon+1","Flex+1","Shockwave","Anger+1","Demonic Infusion+1","Sword Boomerang+1","Sword Boomerang+1","Blood for Blood+1","Battle Trance","expansioncontent:QuickStudy","Sword Boomerang+1","Shockwave","Reaper+1","Cleave+1","Searing Blow+2","Fire Breathing","Dropkick+1","Twin Strike+1","Hemogenesis+1","Intimidate+1","Doubt","Life Link+1","Dual Wield+1"],"relics":["Burning Blood","BranchBurnRelic","Mirror","Molten Egg 2","ChewingGum","Onion Ring","BargainBundle","MerchantsRug","Pen Nib","Replay:Bottled Steam","Replay:Bandana","Mark of Pain","Anchor","Simple Rune","Unceasing Top","Replay:Mystery Machine","King of Hearts"],"acts_visited":["Exordium","TheCity","TheBeyond"],"potions_floor_usage":[12,12,25,28,33,33,40,47,48,50],"damage_taken":[{"damage":8,"enemies":"Jaw Worm","floor":1,"turns":4},{"damage":6,"enemies":"Cultist","floor":2,"turns":3},{"damage":8,"enemies":"conspire:RoseBush","floor":5,"turns":1},{"damage":31,"enemies":"Lagavulin","floor":6,"turns":5},{"damage":7,"enemies":"Looter","floor":8,"turns":2},{"damage":12,"enemies":"3 Louse","floor":11,"turns":2},{"damage":24,"enemies":"Gremlin Nob","floor":12,"turns":4},{"damage":0,"enemies":"Large Slime","floor":14,"turns":5},{"damage":42,"enemies":"Slime Boss","floor":16,"turns":8},{"damage":12,"enemies":"2 Thieves","floor":18,"turns":3},{"damage":6,"enemies":"Chosen","floor":21,"turns":3},{"damage":26,"enemies":"Snake Plant","floor":24,"turns":4},{"damage":54,"enemies":"Slavers","floor":25,"turns":4},{"damage":15,"enemies":"Book of Stabbing","floor":28,"turns":3},{"damage":0,"enemies":"Sentry and Sphere","floor":31,"turns":2},{"damage":34,"enemies":"Pondfish","floor":33,"turns":5},{"damage":32,"enemies":"3 Darklings","floor":35,"turns":4},{"damage":13,"enemies":"Orb Walker","floor":37,"turns":3},{"damage":7,"enemies":"Jaw Worm Horde","floor":38,"turns":2},{"damage":27,"enemies":"3 Darklings","floor":39,"turns":4},{"damage":5,"enemies":"Giant Head","floor":40,"turns":5},{"damage":28,"enemies":"conspire:MimicChest","floor":42,"turns":5},{"damage":29,"enemies":"Reptomancer","floor":47,"turns":4},{"damage":4,"enemies":"Transient","floor":48,"turns":5},{"damage":98,"enemies":"Donu and Deca","floor":50,"turns":6}],"seed_played":"-7644398642997146630","potions_obtained":[{"floor":5,"key":"Energy Potion"},{"floor":6,"key":"SkillPotion"},{"floor":16,"key":"SneckoOil"},{"floor":21,"key":"EssenceOfSteel"},{"floor":24,"key":"LiquidBronze"},{"floor":31,"key":"Adrenaline Potion"},{"floor":35,"key":"SpeedPotion"},{"floor":38,"key":"Flashbang"},{"floor":39,"key":"EssenceOfSteel"},{"floor":42,"key":"Toxic Potion"}],"is_trial":false,"path_per_floor":["M","M","?","$","M","E","R","M","T","?","M","E","$","M","R","B",null,"M","?","?","M","?","R","M","E","T","$","E","?","R","M","R","B",null,"M","$","M","M","M","E","R","?","T","R","?","R","E","M","R","B"],"character_chosen":"IRONCLAD","items_purchased":["Uppercut","Anger","Fire Breathing","Armaments","BargainBundle","MerchantsRug","Sword Boomerang+1","Blood for Blood+1","Battle Trance","Pen Nib","Replay:Bottled Steam","expansioncontent:QuickStudy","Anchor","Searing Blow+2"],"campfire_rested":4,"item_purchase_floors":[4,4,13,13,27,27,27,27,27,27,27,27,36,36],"current_hp_per_floor":[86,86,86,86,84,59,59,63,63,63,57,39,39,45,71,50,88,82,82,82,82,82,82,74,26,26,26,17,17,43,54,80,66,88,62,62,63,62,41,42,68,71,71,71,88,88,70,72,88,0,0],"gold":432,"neow_bonus":"TEN_PERCENT_HP_BONUS","is_daily":false,"chose_seed":false,"campfire_upgraded":4,"win_rate":0.0,"timestamp":1609609441,"path_taken":["M","M","?","?","?","E","R","M","T","?","M","E","$","M","R","BOSS","M","?","?","M","?","R","M","E","T","$","E","?","R","M","R","BOSS","M","$","M","M","M","E","R","?","T","R","?","R","E","M","R","BOSS"],"items_purchased_type":["Card","Card","Card","Card","Relic","Relic","Card","Card","Card","Relic","Relic","Card","Relic","Card"],"build_version":"2020-12-22","purchased_purges":0,"victory":false,"max_hp_per_floor":[88,88,88,88,88,88,88,88,88,88,88,88,88,88,88,88,88,88,88,88,88,88,88,88,88,88,88,88,88,88,88,88,88,88,88,88,88,88,88,88,88,88,88,88,88,88,88,88,88,88,88],"card_choices":[{"not_picked":["Body Slam","Sword Boomerang"],"picked":"Twin Strike","floor":1},{"not_picked":["Evolve","Whirlwind"],"picked":"Anger","floor":2},{"not_picked":["True Grit","Fire Breathing"],"picked":"Inflame","floor":5},{"not_picked":["Fiend Fire","Sever Soul"],"picked":"Thunderclap","floor":6},{"not_picked":["Sword Boomerang","Rupture"],"picked":"Uppercut","floor":8},{"not_picked":["Sword Boomerang","Iron Wave"],"picked":"Inflame","floor":11},{"not_picked":["Dropkick+1","Searing Blow+1"],"picked":"Demon Form","floor":12},{"not_picked":["Sword Boomerang+1","Havoc"],"picked":"Headbutt+1","floor":14},{"not_picked":["Demon Form","Demonic Infusion"],"picked":"Bludgeon+1","floor":16},{"not_picked":["Seeing Red","Run Through+1"],"picked":"Flex","floor":18},{"not_picked":["Carnage+1","ReplayTheSpireMod:LeadingStrike+1"],"picked":"Shockwave","floor":21},{"not_picked":["True Grit","conspire:ExplosiveBarrier"],"picked":"Anger+1","floor":24},{"not_picked":["Clothesline+1","Warcry"],"picked":"Demonic Infusion","floor":25},{"not_picked":["Armaments","Evolve"],"picked":"Sword Boomerang+1","floor":28},{"not_picked":["Anger+1","Iron Wave+1"],"picked":"Shockwave","floor":31},{"not_picked":["Demon Form","Corruption"],"picked":"Reaper+1","floor":33},{"not_picked":["Dark Embrace+1","Iron Wave+1"],"picked":"Cleave+1","floor":35},{"not_picked":["Burning Pact+1","Shrug It Off+1"],"picked":"Fire Breathing","floor":37},{"not_picked":["Entrench+1","Uppercut+1"],"picked":"Dropkick+1","floor":38},{"not_picked":["Entrench","Infernal Blade"],"picked":"Twin Strike+1","floor":39},{"not_picked":["Fire Breathing","True Grit"],"picked":"Hemogenesis+1","floor":40},{"not_picked":["Evolve","Flex"],"picked":"Intimidate+1","floor":42},{"not_picked":["Evolve","Twin Strike+1"],"picked":"Life Link+1","floor":47},{"not_picked":["Body Slam+1","Havoc"],"picked":"Dual Wield+1","floor":48}],"player_experience":122843,"relics_obtained":[{"floor":6,"key":"Dead Branch"},{"floor":9,"key":"Mirror"},{"floor":12,"key":"Molten Egg 2"},{"floor":25,"key":"Onion Ring"},{"floor":26,"key":"War Paint"},{"floor":28,"key":"Replay:Bandana"},{"floor":40,"key":"Simple Rune"},{"floor":42,"key":"Unceasing Top"},{"floor":43,"key":"Replay:Mystery Machine"},{"floor":47,"key":"King of Hearts"}],"event_choices":[{"damage_healed":0,"gold_gain":0,"player_choice":"Ignored","damage_taken":0,"max_hp_gain":0,"max_hp_loss":0,"event_name":"Golden Wing","floor":3,"gold_loss":0},{"damage_healed":0,"gold_gain":0,"player_choice":"Leave","damage_taken":0,"max_hp_gain":0,"max_hp_loss":0,"event_name":"conspire:Investor","floor":19,"gold_loss":0},{"damage_healed":0,"gold_gain":0,"player_choice":"Simplicity","damage_taken":0,"max_hp_gain":0,"max_hp_loss":0,"event_name":"Back to Basics","floor":22,"gold_loss":0,"cards_upgraded":["Strike_R","Strike_R","Strike_R","Strike_R","Strike_R","Defend_R","Defend_R","Defend_R"]},{"damage_healed":17,"gold_gain":0,"player_choice":"Heal","damage_taken":0,"max_hp_gain":0,"max_hp_loss":0,"event_name":"MindBloom","floor":45,"gold_loss":0,"cards_obtained":["Doubt"]}],"is_beta":false,"boss_relics":[{"not_picked":["conspire:SeveredTorchhead","Philosopher\u0027s Stone"],"picked":"ChewingGum"},{"not_picked":["Calling Bell","Replay:Ancient Bell"],"picked":"Mark of Pain"}],"items_purged_floors":[],"is_endless":false,"potions_floor_spawned":[5,6,16,21,24,31,35,38,39,42],"killed_by":"Donu and Deca","ascension_level":0}}