{"host":"ly8vj2opk1y3o1w7","time":1609588213,"event":{"mods":["Act Like it!","BaseMod","Conspire","Friendly Minions","GifTheSpireLib","Hubris","MarisaÅiñ∂âJÅ@ñÇóùçπÅj","Minty Spire (QoL Compilation)","Permanent Neow","Remove Card Discount Mod","Replay The Spire","StSLib","The Animator","Waifu the Spire"],"gold_per_floor":[57,90,90,123,162,162,1,1,1,67,131,159,246,262,262,262,262],"floor_reached":16,"playtime":788,"items_purged":["Strike_G","Defend_G","Strike_G","Strike_G"],"score":106,"play_id":"8336c7ca-3334-4924-b244-02f5634e9c38","local_time":"20210102195013","is_ascension_mode":false,"campfire_choices":[{"data":"HandOfGreed","floor":6,"key":"SMITH"},{"data":"Neutralize","floor":8,"key":"SMITH"},{"data":"Replay:Bag of Tricks","floor":15,"key":"SMITH"}],"circlet_count":0,"master_deck":["Strike_G","Strike_G","Defend_G","Defend_G","Defend_G","Defend_G","Neutralize+1","HandOfGreed+1","Cloak And Dagger","PiercingWail","ReplayTheSpireMod:Scrap Shanks+1","Dagger Spray","Die Die Die","Backstab","Heel Hook","Cloak And Dagger","Replay:Bag of Tricks+1","PiercingWail","Slice"],"relics":["Ring of the Snake","hubris:Potato","conspire:GiftBox"],"acts_visited":["Exordium"],"potions_floor_usage":[12,16,16],"damage_taken":[{"damage":0,"enemies":"Small Slimes","floor":1,"turns":5},{"damage":4,"enemies":"Jaw Worm","floor":2,"turns":4},{"damage":0,"enemies":"Cultist","floor":4,"turns":4},{"damage":8,"enemies":"Blue Slaver","floor":5,"turns":8},{"damage":5,"enemies":"Exordium Thugs","floor":10,"turns":6},{"damage":0,"enemies":"conspire:2 RoseBushes","floor":11,"turns":3},{"damage":19,"enemies":"Lagavulin","floor":12,"turns":5},{"damage":3,"enemies":"3 Louse","floor":13,"turns":9},{"damage":0,"enemies":"Blue Slaver","floor":14,"turns":3},{"damage":43,"enemies":"Fading Forest","floor":16,"turns":7}],"seed_played":"-710421012642400094","potions_obtained":[{"floor":5,"key":"LiquidBronze"},{"floor":10,"key":"Poison Potion"},{"floor":14,"key":"CunningPotion"}],"is_trial":false,"path_per_floor":["M","M","?","M","M","R","$","R","T","M","M","E","M","M","R","B"],"character_chosen":"THE_SILENT","items_purchased":["Backstab","Heel Hook"],"campfire_rested":0,"item_purchase_floors":[7,7],"current_hp_per_floor":[70,66,66,66,58,58,58,58,58,53,53,34,31,31,31,0,0],"gold":262,"neow_bonus":"RANDOM_COLORLESS_2","is_daily":false,"chose_seed":false,"campfire_upgraded":3,"win_rate":0.0,"timestamp":1609588213,"path_taken":["M","M","?","M","M","R","$","R","T","M","M","E","M","M","R","BOSS"],"items_purchased_type":["Card","Card"],"build_version":"2020-12-22","purchased_purges":4,"victory":false,"max_hp_per_floor":[70,70,70,70,70,70,70,70,70,70,70,70,70,70,70,70,70],"card_choices":[{"not_picked":["Metamorphosis","Violence"],"picked":"HandOfGreed","floor":0},{"not_picked":["Sneak Up","Outmaneuver"],"picked":"Cloak And Dagger","floor":1},{"not_picked":["Hidden Blade","ReplayTheSpireMod:Tripwire"],"picked":"PiercingWail","floor":2},{"not_picked":["Acrobatics","Backflip"],"picked":"Dagger Spray","floor":4},{"not_picked":["Outmaneuver","hubris:TrickCloak"],"picked":"Die Die Die","floor":5},{"not_picked":["PiercingWail","Sucker Punch"],"picked":"Cloak And Dagger","floor":10},{"not_picked":["Bane","Choke","Masterful Stab"],"picked":"SKIP","floor":11},{"not_picked":["Wraith Form v2","Grand Finale"],"picked":"Replay:Bag of Tricks","floor":12},{"not_picked":["Predator","ReplayTheSpireMod:The Works"],"picked":"PiercingWail","floor":12},{"not_picked":["Riddle With Holes","Dodge and Roll"],"picked":"Slice","floor":13},{"not_picked":["Deadly Poison","Skewer","hubris:SlightOfHand"],"picked":"SKIP","floor":14}],"player_experience":514853,"relics_obtained":[{"floor":9,"key":"hubris:Potato"},{"floor":12,"key":"conspire:GiftBox"}],"event_choices":[],"is_beta":false,"boss_relics":[],"items_purged_floors":[7,7,7,7],"is_endless":false,"potions_floor_spawned":[5,10,14],"killed_by":"Fading Forest","ascension_level":0}}