{"host":"kev6uqotw4tlyx8l","time":1609606428,"event":{"mods":["Act Like it!","Aspiration","BaseMod","Colored Powertips","Dota2Spire","Downfall","Hallownest","Infinite Spire","Marisa????????","Minty Spire (QoL Compilation)","Quick Restart","Remilia??????","Replay The Spire","StSLib","The Cursed","The Marked","The Mystic","The Servant 0.9.4"],"gold_per_floor":[119,119,9,9,24,24,42,42,42,42,42,42,53,70,70,167,167,184,2,2,20,20,20,49,84,133,133,12,12,31,31,31,164,164,196,196,196,45,45,45,45,45,45,45,63,63],"floor_reached":45,"playtime":971,"items_purged":[],"score":447,"play_id":"75533d16-cd88-4571-a4d3-f9c88727918c","local_time":"20210102235348","is_ascension_mode":false,"campfire_choices":[{"data":"UltimateShortwave","floor":6,"key":"SMITH"},{"data":"DC","floor":8,"key":"SMITH"},{"data":"DeepEcoloBomb","floor":11,"key":"SMITH"},{"data":"UnstableBomb","floor":15,"key":"SMITH"},{"data":"CollectingQuirk","floor":23,"key":"SMITH"},{"floor":27,"key":"REST"},{"floor":32,"key":"REST"},{"floor":40,"key":"REST"},{"data":"FairyDestructionRay","floor":42,"key":"SMITH"}],"circlet_count":0,"master_deck":["Strike_MRS","Strike_MRS","Strike_MRS","Strike_MRS","MasterSpark","UpSweep","Strike_P","UltimateShortwave+1","DC+1","Hallownest:skillSlugHide","Hallownest:skillSlugHide","Hallownest:skillSlugHide","Hallownest:skillSlugHide","Hallownest:skillSlugHide","DeepEcoloBomb+1","RefractionSpark","GravityBeat","EarthLightRay","UnstableBomb+1","CollectingQuirk+1","AbeCurse","WitchOfGreed","PowerUp","PowerUp","Robbery","MachineGunSpark","IllusionStar+1","OrrerysSun","GravityBeat","MagicAbsorber","CasketOfStar","FairyDestructionRay+1"],"relics":["MiniHakkero","Hallownest:DreamNailRelic","Shuriken","Abe\u0027s Treasure","ReplayTheSpireMod:CursedCoin","Mango","Vajra","Replay:Blank Codex","Replay:Bronze Core","Hallownest:KingsIdolRelic","Ring of Fury","Dota2Spire:DrumOfEndurance","infinitespire:ShieldingShard","Kunai"],"acts_visited":["Hallownest:Greenpath","TheCity","Hallownest:KingdomsEdge"],"potions_floor_usage":[13,14,16,25,33,33,33],"damage_taken":[{"damage":18,"enemies":"Hallownest:monsterHuskGuard","floor":1,"turns":4},{"damage":2,"enemies":"Hallownest:monsterHuskWarrior","floor":5,"turns":3},{"damage":4,"enemies":"Hallownest:2_Baldur","floor":7,"turns":3},{"damage":7,"enemies":"Hallownest:Guard_and_Warrior","floor":13,"turns":3},{"damage":0,"enemies":"Hallownest:Wandering_and_Horned","floor":14,"turns":3},{"damage":60,"enemies":"Hallownest:BossFalseKnight","floor":16,"turns":8},{"damage":18,"enemies":"2 Thieves","floor":18,"turns":3},{"damage":0,"enemies":"Chosen","floor":21,"turns":2},{"damage":14,"enemies":"Centurion and Healer","floor":24,"turns":5},{"damage":47,"enemies":"Shelled Parasite and Fungi","floor":25,"turns":5},{"damage":15,"enemies":"Snecko","floor":30,"turns":3},{"damage":57,"enemies":"Collector","floor":33,"turns":9},{"damage":54,"enemies":"Hallownest:Shield_Heavy","floor":35,"turns":5},{"damage":68,"enemies":"Nightmare","floor":45,"turns":4}],"seed_played":"1281540316795190844","potions_obtained":[{"floor":5,"key":"Fire Potion"},{"floor":13,"key":"Regen Potion"},{"floor":14,"key":"BlessingOfTheForge"},{"floor":16,"key":"Dexterity Potion"},{"floor":21,"key":"BlessingOfTheForge"},{"floor":25,"key":"champ:CounterPotion"},{"floor":25,"key":"SneckoOil"},{"floor":30,"key":"Block Potion"}],"is_trial":false,"path_per_floor":["M","?","$","?","M","R","M","R","T","$","R","?","M","M","R","B",null,"M","$","?","M","$","R","M","M","T","R","$","?","M","?","R","B",null,"M","?","?","$","?","R","$","R","T","$","NM"],"character_chosen":"MARISA","items_purchased":["DeepEcoloBomb","RefractionSpark","ReplayTheSpireMod:CursedCoin","Mango","PowerUp","OrrerysSun","GravityBeat","Dota2Spire:DrumOfEndurance"],"campfire_rested":3,"item_purchase_floors":[3,3,19,19,19,28,28,38],"current_hp_per_floor":[57,57,57,57,55,55,51,51,51,51,51,51,48,61,61,7,75,57,71,71,75,75,75,61,18,18,44,44,73,58,42,68,15,89,35,35,35,35,35,61,61,61,61,61,0,0],"gold":63,"neow_bonus":"THREE_RARE_CARDS","is_daily":false,"chose_seed":false,"campfire_upgraded":6,"win_rate":0.0,"timestamp":1609606428,"path_taken":["M","?","$","?","?","R","M","R","T","?","R","?","M","M","R","BOSS","M","$","?","?","?","R","M","M","T","R","$","?","?","?","R","BOSS","M","?","?","$","?","R","?","R","T","$","NM"],"items_purchased_type":["Card","Card","Relic","Relic","Card","Card","Card","Relic"],"build_version":"2020-12-22","purchased_purges":0,"victory":false,"max_hp_per_floor":[75,75,75,75,75,75,75,75,75,75,75,75,75,75,75,75,75,75,89,89,89,89,89,89,89,89,89,89,89,89,89,89,89,89,89,89,89,89,89,89,89,89,89,89,89,89],"card_choices":[{"not_picked":["MillisecondPulsars","EscapeVelocity"],"picked":"UltimateShortwave","floor":0},{"not_picked":["WitchLeyline","MachineGunSpark"],"picked":"DC","floor":1},{"not_picked":["OneTimeOff","GrandCross"],"picked":"GravityBeat","floor":5},{"not_picked":["PulseMagic","NonDirectionalLaser"],"picked":"EarthLightRay","floor":7},{"not_picked":["GalacticHalo","StarDustReverie"],"picked":"UnstableBomb","floor":13},{"not_picked":["AsteroidBelt","PulseMagic","DarkSpark"],"picked":"SKIP","floor":14},{"not_picked":["BigCrunch","SatelliteIllusion"],"picked":"CollectingQuirk","floor":16},{"not_picked":["Acceleration","DoubleSpark"],"picked":"WitchOfGreed","floor":18},{"not_picked":["SprinkleStarSeal+1","BigCrunch"],"picked":"Robbery","floor":21},{"not_picked":["Acceleration","MagicAbsorber+1"],"picked":"MachineGunSpark","floor":24},{"not_picked":["ShootingEcho","StarlightTyphoon"],"picked":"IllusionStar+1","floor":25},{"not_picked":["StarlightTyphoon","MillisecondPulsars"],"picked":"MagicAbsorber","floor":30},{"not_picked":["BigCrunch","UltimateShortwave"],"picked":"CasketOfStar","floor":33},{"not_picked":["AsteroidBelt","PropBag"],"picked":"FairyDestructionRay","floor":35}],"player_experience":61748,"relics_obtained":[{"floor":9,"key":"Shuriken"},{"floor":26,"key":"Vajra"},{"floor":31,"key":"Replay:Blank Codex"},{"floor":37,"key":"Ring of Fury"},{"floor":43,"key":"infinitespire:ShieldingShard"}],"event_choices":[{"cards_removed":["Writhe"],"damage_healed":0,"gold_gain":0,"player_choice":"Purged","damage_taken":0,"max_hp_gain":0,"max_hp_loss":0,"event_name":"Purifier","floor":20,"gold_loss":0},{"damage_healed":29,"gold_gain":0,"player_choice":"Heal","damage_taken":0,"max_hp_gain":0,"max_hp_loss":0,"event_name":"The Library","floor":29,"gold_loss":0},{"damage_healed":0,"gold_gain":0,"player_choice":"Obtained Book","damage_taken":16,"max_hp_gain":0,"max_hp_loss":0,"event_name":"Cursed Tome","floor":31,"gold_loss":0}],"is_beta":false,"boss_relics":[{"not_picked":["Runic Dome","Empty Cage"],"picked":"Abe\u0027s Treasure"},{"not_picked":["Snecko Eye","aspiration:RitualDagger"],"picked":"Replay:Bronze Core"}],"items_purged_floors":[],"is_endless":false,"potions_floor_spawned":[5,13,14,16,21,25,30],"killed_by":"Nightmare","ascension_level":0}}