{"host":"3jjxuhjpio8e4zkv","time":1609548012,"event":{"mods":["BaseMod","Colored Map","Highlight Path","Minty Spire (QoL Compilation)","Permanent Neow","Relic Stats","StSLib"],"gold_per_floor":[110,123,123,133,133,133,158,158,158,171,171,204,204,129,129,203,203,213,213,233,252,252,252,252,252],"floor_reached":24,"playtime":689,"items_purged":[],"score":388,"play_id":"035efce1-3c1c-46e5-899a-9126693e9a39","local_time":"20210101194012","is_ascension_mode":true,"campfire_choices":[{"data":"Poisoned Stab","floor":6,"key":"SMITH"},{"data":"Noxious Fumes","floor":8,"key":"SMITH"},{"data":"Deadly Poison","floor":11,"key":"SMITH"},{"data":"Neutralize","floor":13,"key":"SMITH"},{"data":"Accuracy","floor":15,"key":"SMITH"},{"floor":23,"key":"REST"}],"circlet_count":0,"master_deck":["AscendersBane","Strike_G+1","Strike_G+1","Strike_G+1","Strike_G+1","Defend_G+1","Defend_G+1","Defend_G+1","Defend_G+1","Defend_G+1","Survivor","Neutralize+1","Dagger Spray","Poisoned Stab+1","Blade Dance+1","Noxious Fumes+1","Deadly Poison+1","Backstab","Accuracy+1","Terror","Bane+1","Blur"],"relics":["Ring of the Serpent","Odd Mushroom","Centennial Puzzle","Juzu Bracelet"],"acts_visited":["Exordium","TheCity"],"potions_floor_usage":[7,16,21,21],"damage_taken":[{"damage":9,"enemies":"Small Slimes","floor":1,"turns":5},{"damage":0,"enemies":"Jaw Worm","floor":2,"turns":4},{"damage":1,"enemies":"2 Louse","floor":4,"turns":2},{"damage":6,"enemies":"The Mushroom Lair","floor":7,"turns":2},{"damage":0,"enemies":"Large Slime","floor":10,"turns":4},{"damage":19,"enemies":"3 Sentries","floor":12,"turns":5},{"damage":19,"enemies":"The Guardian","floor":16,"turns":8},{"damage":28,"enemies":"Shell Parasite","floor":18,"turns":4},{"damage":0,"enemies":"Chosen","floor":20,"turns":3},{"damage":9,"enemies":"Sentry and Sphere","floor":21,"turns":4},{"damage":36,"enemies":"Slavers","floor":24,"turns":4}],"seed_played":"1786002768036088435","potions_obtained":[{"floor":1,"key":"FearPotion"},{"floor":2,"key":"BlessingOfTheForge"},{"floor":16,"key":"DuplicationPotion"},{"floor":18,"key":"Strength Potion"},{"floor":19,"key":"Dexterity Potion"},{"floor":19,"key":"Explosive Potion"}],"is_trial":false,"path_per_floor":["M","M","?","M","?","R","?","R","T","M","R","E","R","?","R","B",null,"M","?","M","M","?","R","E"],"character_chosen":"THE_SILENT","items_purchased":[],"campfire_rested":1,"item_purchase_floors":[],"current_hp_per_floor":[50,50,30,29,51,51,45,45,45,45,45,26,26,26,26,7,51,23,23,23,14,14,33,0,0],"gold":252,"neow_bonus":"THREE_CARDS","is_daily":false,"chose_seed":false,"campfire_upgraded":5,"win_rate":0.0,"timestamp":1609548012,"path_taken":["M","M","?","M","?","R","?","R","T","M","R","E","R","?","R","BOSS","M","?","M","M","?","R","E"],"items_purchased_type":[],"build_version":"2020-12-22","purchased_purges":0,"victory":false,"max_hp_per_floor":[66,66,66,66,66,66,66,66,66,66,66,66,66,66,66,66,66,66,66,66,66,66,66,66,66],"relic_stats":{"Centennial Puzzle":[15],"counters":[11,45],"Juzu Bracelet":1,"obtain_stats":[{"Centennial Puzzle":9,"Juzu Bracelet":12,"Odd Mushroom":7,"Ring of the Serpent":17,"Ring of the Snake":0},{"Centennial Puzzle":4,"Juzu Bracelet":6,"Odd Mushroom":4,"Ring of the Serpent":7,"Ring of the Snake":0},{"Centennial Puzzle":13,"Juzu Bracelet":22,"Odd Mushroom":13,"Ring of the Serpent":30,"Ring of the Snake":0}]},"card_choices":[{"not_picked":["Infinite Blades","Noxious Fumes"],"picked":"Dagger Spray","floor":0},{"not_picked":["Heel Hook","Sucker Punch"],"picked":"Poisoned Stab","floor":1},{"not_picked":["Concentrate","Dodge and Roll"],"picked":"Blade Dance","floor":2},{"not_picked":["A Thousand Cuts","Expertise"],"picked":"Noxious Fumes","floor":4},{"not_picked":["Caltrops","Escape Plan"],"picked":"Deadly Poison","floor":7},{"not_picked":["Reflex","Poisoned Stab"],"picked":"Backstab","floor":10},{"not_picked":["Quick Slash","Masterful Stab"],"picked":"Accuracy","floor":12},{"not_picked":["Underhanded Strike","Dagger Spray"],"picked":"Terror","floor":18},{"not_picked":["Finisher","Dagger Spray"],"picked":"Bane+1","floor":20},{"not_picked":["Poisoned Stab","Slice"],"picked":"Blur","floor":21}],"player_experience":1164212,"relics_obtained":[{"floor":7,"key":"Odd Mushroom"},{"floor":9,"key":"Centennial Puzzle"},{"floor":12,"key":"Juzu Bracelet"}],"event_choices":[{"damage_healed":0,"gold_gain":0,"player_choice":"Entered Light","damage_taken":20,"max_hp_gain":0,"max_hp_loss":0,"event_name":"Shining Light","floor":3,"gold_loss":0,"cards_upgraded":["Defend_G","Blade Dance"]},{"damage_healed":22,"gold_gain":0,"player_choice":"Banana","damage_taken":0,"max_hp_gain":0,"max_hp_loss":0,"event_name":"Big Fish","floor":5,"gold_loss":0},{"damage_healed":0,"gold_gain":0,"player_choice":"Fought Mushrooms","damage_taken":0,"max_hp_gain":0,"max_hp_loss":0,"event_name":"Mushrooms","floor":7,"gold_loss":0},{"cards_removed":["Strike_G"],"damage_healed":0,"gold_gain":0,"player_choice":"Card Removal","damage_taken":0,"max_hp_gain":0,"max_hp_loss":0,"event_name":"The Cleric","floor":14,"gold_loss":75},{"damage_healed":0,"gold_gain":0,"player_choice":"Got Potions","damage_taken":0,"max_hp_gain":0,"max_hp_loss":0,"event_name":"Lab","floor":19,"gold_loss":0},{"damage_healed":0,"gold_gain":0,"player_choice":"Simplicity","damage_taken":0,"max_hp_gain":0,"max_hp_loss":0,"event_name":"Back to Basics","floor":22,"gold_loss":0,"cards_upgraded":["Strike_G","Strike_G","Strike_G","Strike_G","Defend_G","Defend_G","Defend_G","Defend_G"]}],"is_beta":false,"boss_relics":[{"not_picked":["Philosopher\u0027s Stone","Calling Bell"],"picked":"Ring of the Serpent"}],"items_purged_floors":[],"is_endless":false,"potions_floor_spawned":[1,2,16,18,20],"killed_by":"Slavers","ascension_level":20}}