{"host":"tw7a6rmo9h75ssrt","time":1609566917,"event":{"mods":["Act Like it!","BaseMod","Colored Map","Highlight Path","Minty Spire (QoL Compilation)","Permanent Neow","Quick Restart","Relic Stats","SuperFastMode"],"gold_per_floor":[117,117,132,143,160,160,187,187,187,201,126,146,146,46,46,141,141,152,152,152,152,163,163,196,71,96,96,109,109,128,140,140,237,237,255,275,275,290,290,290,318,37,37,51,51,66,90,90,90,90],"floor_reached":51,"playtime":2745,"items_purged":["Strike_R","Strike_R","Strike_R"],"score":1150,"play_id":"7c540b12-0731-48b3-b816-ee9ff06aab90","local_time":"20210102135517","is_ascension_mode":true,"campfire_choices":[{"data":"Clothesline","floor":6.0,"key":"SMITH"},{"data":"Heavy Blade","floor":13.0,"key":"SMITH"},{"floor":15.0,"key":"REST"},{"floor":23.0,"key":"REST"},{"floor":27.0,"key":"REST"},{"floor":29.0,"key":"REST"},{"floor":32.0,"key":"REST"},{"floor":40.0,"key":"REST"},{"floor":49.0,"key":"REST"}],"circlet_count":0,"master_deck":["AscendersBane","Defend_R","Defend_R","Defend_R","Bash","Inflame","Clothesline+1","Swift Strike","Dropkick","Spot Weakness","Heavy Blade+1","Inflame","Double Tap","Battle Trance+1","Flex+1","Bloodletting","Parasite","True Grit+1"],"relics":["Burning Blood","NeowsBlessing","Happy Flower","Singing Bowl","Fusion Hammer","HornCleat","Calipers","Whetstone","Astrolabe","Blue Candle","Bottled Lightning","Frozen Egg 2","Ancient Tea Set"],"acts_visited":["Exordium","TheCity","TheBeyond"],"potions_floor_usage":[50,50],"damage_taken":[{"damage":0.0,"enemies":"Jaw Worm","floor":1.0,"turns":1.0},{"damage":0.0,"enemies":"Cultist","floor":3.0,"turns":1.0},{"damage":0.0,"enemies":"2 Louse","floor":4.0,"turns":1.0},{"damage":16.0,"enemies":"Exordium Wildlife","floor":5.0,"turns":4.0},{"damage":30.0,"enemies":"3 Sentries","floor":7.0,"turns":5.0},{"damage":0.0,"enemies":"Large Slime","floor":10.0,"turns":3.0},{"damage":4.0,"enemies":"Blue Slaver","floor":12.0,"turns":3.0},{"damage":27.0,"enemies":"Slime Boss","floor":16.0,"turns":12.0},{"damage":28.0,"enemies":"2 Thieves","floor":18.0,"turns":4.0},{"damage":8.0,"enemies":"Chosen","floor":22.0,"turns":4.0},{"damage":28.0,"enemies":"Book of Stabbing","floor":24.0,"turns":4.0},{"damage":10.0,"enemies":"3 Cultists","floor":28.0,"turns":4.0},{"damage":24.0,"enemies":"Snake Plant","floor":30.0,"turns":3.0},{"damage":0.0,"enemies":"Snecko","floor":31.0,"turns":3.0},{"damage":55.0,"enemies":"Champ","floor":33.0,"turns":10.0},{"damage":0.0,"enemies":"3 Shapes","floor":35.0,"turns":5.0},{"damage":0.0,"enemies":"Orb Walker","floor":36.0,"turns":2.0},{"damage":26.0,"enemies":"Jaw Worm Horde","floor":38.0,"turns":5.0},{"damage":51.0,"enemies":"Nemesis","floor":41.0,"turns":7.0},{"damage":6.0,"enemies":"Transient","floor":44.0,"turns":5.0},{"damage":11.0,"enemies":"Writhing Mass","floor":46.0,"turns":3.0},{"damage":93,"enemies":"Awakened One","floor":50,"turns":7}],"seed_played":"-3555763882356910681","potions_obtained":[{"floor":3.0,"key":"Fire Potion"},{"floor":5.0,"key":"LiquidBronze"},{"floor":7.0,"key":"Fire Potion"},{"floor":10.0,"key":"Energy Potion"},{"floor":18.0,"key":"BloodPotion"},{"floor":22.0,"key":"FearPotion"},{"floor":28.0,"key":"SpeedPotion"},{"floor":36.0,"key":"BloodPotion"},{"floor":41.0,"key":"SteroidPotion"},{"floor":44.0,"key":"Block Potion"}],"is_trial":false,"path_per_floor":["M","?","M","M","M","R","E","?","T","M","$","M","R","$","R","B",null,"M","?","?","T","M","R","E","$","T","R","M","R","M","M","R","B",null,"M","M","?","M","?","R","E","$","T","M","?","M","T","$","R","B",null],"character_chosen":"IRONCLAD","items_purchased":["Bottled Lightning","Bloodletting"],"campfire_rested":7,"item_purchase_floors":[42,42],"current_hp_per_floor":[78,78,80,80,70,70,46,46,46,54,54,58,58,58,83,64,81,61,61,62,62,62,90,68,68,68,95,93,97,81,89,101,52,89,97,105,105,87,87,107,64,64,64,66,111,106,106,106,111,46],"gold":90,"neow_bonus":"THREE_ENEMY_KILL","is_daily":false,"chose_seed":false,"campfire_upgraded":2,"win_rate":0.0,"timestamp":1609566917,"path_taken":["M","?","?","M","M","R","E","?","T","M","$","M","R","?","R","BOSS","M","?","?","?","M","R","E","$","T","R","M","R","M","M","R","BOSS","M","M","?","M","?","R","E","$","T","M","?","?","?","?","R","BOSS"],"items_purchased_type":["Relic","Card"],"build_version":"2020-12-22","purchased_purges":3,"victory":true,"max_hp_per_floor":[80,80,80,80,80,80,80,80,80,82,82,84,84,84,84,86,86,88,88,93,93,95,95,95,95,95,95,97,97,99,101,101,101,101,103,105,105,107,107,107,109,109,109,111,111,111,111,111,111,111],"relic_stats":{"Happy Flower":[28],"Singing Bowl":26,"counters":[22,96],"Astrolabe":["Battle Trance","Flex","Power Through"],"Blue Candle":[1],"Whetstone":["Strike_R","Strike_R"],"obtain_stats":[{"Calipers":24,"NeowsBlessing":0,"Happy Flower":7,"Singing Bowl":9,"Astrolabe":34,"Blue Candle":41,"Whetstone":26,"Frozen Egg 2":43,"Ancient Tea Set":47,"Burning Blood":0,"HornCleat":21,"Fusion Hammer":17,"Bottled Lightning":42},{"Calipers":11,"NeowsBlessing":0,"Happy Flower":5,"Singing Bowl":5,"Astrolabe":15,"Blue Candle":19,"Whetstone":11,"Frozen Egg 2":19,"Ancient Tea Set":21,"Burning Blood":0,"HornCleat":9,"Fusion Hammer":8,"Bottled Lightning":19},{"Calipers":42,"NeowsBlessing":0,"Happy Flower":12,"Singing Bowl":12,"Astrolabe":62,"Blue Candle":81,"Whetstone":42,"Frozen Egg 2":81,"Ancient Tea Set":89,"Burning Blood":0,"HornCleat":34,"Fusion Hammer":30,"Bottled Lightning":81}],"Burning Blood":122},"card_choices":[{"not_picked":["Flex","Wild Strike"],"picked":"Inflame","floor":1.0},{"not_picked":["Rage","Rupture"],"picked":"Dropkick","floor":3.0},{"not_picked":["Anger","Clash","Sever Soul"],"picked":"SKIP","floor":4.0},{"not_picked":["Thunderclap","Sword Boomerang"],"picked":"Spot Weakness","floor":5.0},{"not_picked":["Feel No Pain","Twin Strike"],"picked":"Heavy Blade","floor":7.0},{"not_picked":["Evolve","Armaments","Rupture"],"picked":"Singing Bowl","floor":10.0},{"not_picked":["Intimidate","Evolve","Flex"],"picked":"Singing Bowl","floor":12.0},{"not_picked":["Offering","Feed","Exhume"],"picked":"Singing Bowl","floor":16.0},{"not_picked":["Metallicize+1","Clash","Havoc"],"picked":"Singing Bowl","floor":18.0},{"not_picked":["Body Slam","Wild Strike","True Grit"],"picked":"Singing Bowl","floor":22.0},{"not_picked":["Cleave","Flame Barrier"],"picked":"Inflame","floor":24.0},{"not_picked":["Rampage","Anger","Evolve"],"picked":"Singing Bowl","floor":28.0},{"not_picked":["Flex","Rampage","Sword Boomerang+1"],"picked":"Singing Bowl","floor":30.0},{"not_picked":["Iron Wave","Juggernaut","Clothesline"],"picked":"Singing Bowl","floor":31.0},{"not_picked":["Bludgeon","Exhume"],"picked":"Double Tap","floor":33.0},{"not_picked":["Body Slam","Iron Wave+1","Blood for Blood"],"picked":"Singing Bowl","floor":35.0},{"not_picked":["Rage","Wild Strike","Second Wind"],"picked":"Singing Bowl","floor":36.0},{"not_picked":["Perfected Strike","Dark Embrace","Shrug It Off"],"picked":"Singing Bowl","floor":38.0},{"not_picked":["Immolate","Whirlwind","Cleave"],"picked":"Singing Bowl","floor":41.0},{"not_picked":["Sever Soul","Rupture+1","Rage"],"picked":"Singing Bowl","floor":44.0},{"not_picked":["Body Slam","Armaments+1"],"picked":"True Grit+1","floor":46.0}],"player_experience":90101,"relics_obtained":[{"floor":7.0,"key":"Happy Flower"},{"floor":9.0,"key":"Singing Bowl"},{"floor":21.0,"key":"HornCleat"},{"floor":24.0,"key":"Calipers"},{"floor":26.0,"key":"Whetstone"},{"floor":41.0,"key":"Blue Candle"},{"floor":43.0,"key":"Frozen Egg 2"},{"floor":47.0,"key":"Ancient Tea Set"}],"event_choices":[{"damage_healed":0.0,"max_hp_gain":0.0,"max_hp_loss":0.0,"gold_gain":0.0,"event_name":"Match and Keep!","player_choice":"2 cards matched","floor":2.0,"gold_loss":0.0,"damage_taken":0.0,"cards_obtained":["Clothesline","Swift Strike"]},{"damage_healed":0.0,"max_hp_gain":0.0,"max_hp_loss":0.0,"gold_gain":0.0,"event_name":"Dead Adventurer","player_choice":"Searched \u00270\u0027 times","floor":8.0,"gold_loss":0.0,"damage_taken":0.0},{"damage_healed":0.0,"max_hp_gain":0.0,"max_hp_loss":0.0,"gold_gain":0.0,"event_name":"Cursed Tome","player_choice":"Ignored","floor":19.0,"gold_loss":0.0,"damage_taken":0.0},{"damage_healed":0.0,"max_hp_gain":5.0,"max_hp_loss":0.0,"gold_gain":0.0,"event_name":"Forgotten Altar","player_choice":"Shed Blood","floor":20.0,"gold_loss":0.0,"damage_taken":22.0},{"damage_healed":0.0,"max_hp_gain":0.0,"max_hp_loss":0.0,"gold_gain":0.0,"event_name":"Tomb of Lord Red Mask","player_choice":"Ignored","floor":37.0,"gold_loss":0.0,"damage_taken":0.0},{"cards_removed":["Power Through"],"damage_healed":0.0,"max_hp_gain":0.0,"max_hp_loss":0.0,"gold_gain":0.0,"event_name":"Falling","player_choice":"Removed Skill","floor":39.0,"gold_loss":0.0,"damage_taken":0.0},{"damage_healed":45.0,"max_hp_gain":0.0,"max_hp_loss":0.0,"gold_gain":0.0,"event_name":"Wheel of Change","player_choice":"Full Heal","floor":45.0,"gold_loss":0.0,"damage_taken":0.0}],"is_beta":false,"boss_relics":[{"not_picked":["Snecko Eye","Ectoplasm"],"picked":"Fusion Hammer"},{"not_picked":["SacredBark","Velvet Choker"],"picked":"Astrolabe"}],"items_purged_floors":[11,14,25],"is_endless":false,"potions_floor_spawned":[3,5,7,10,18,22,28,31,36,41,44,46],"ascension_level":12}}