{"host":"lklj3eidp7g5an38","time":1609547244,"event":{"mods":["BaseMod","Minty Spire (QoL Compilation)","Relic Stats","StSLib"],"gold_per_floor":[116,129,129,76,41,76,76,76,76],"floor_reached":8,"playtime":376,"items_purged":[],"score":97,"play_id":"8cffc1fc-2f26-4ccd-97af-2bfe4609a07b","local_time":"20210102002724","is_ascension_mode":true,"campfire_choices":[{"floor":7,"key":"REST"}],"circlet_count":0,"master_deck":["AscendersBane","Strike_R","Strike_R","Strike_R","Strike_R","Strike_R","Defend_R","Defend_R","Defend_R","Defend_R","Bash","Pommel Strike","Hemokinesis","Headbutt"],"relics":["Sozu","Ice Cream"],"acts_visited":["Exordium"],"potions_floor_usage":[],"damage_taken":[{"damage":1,"enemies":"Cultist","floor":1,"turns":4},{"damage":3,"enemies":"Small Slimes","floor":2,"turns":4},{"damage":41,"enemies":"Lagavulin","floor":6,"turns":6},{"damage":32,"enemies":"3 Sentries","floor":8,"turns":6}],"seed_played":"-3243728617840934709","potions_obtained":[],"is_trial":false,"path_per_floor":["M","M","?","?","?","E","R","E"],"character_chosen":"IRONCLAD","items_purchased":[],"campfire_rested":1,"item_purchase_floors":[],"current_hp_per_floor":[67,64,29,29,47,6,28,0,0],"gold":76,"neow_bonus":"BOSS_RELIC","is_daily":false,"chose_seed":false,"campfire_upgraded":0,"win_rate":0.0,"timestamp":1609547244,"path_taken":["M","M","?","?","?","E","R","E"],"items_purchased_type":[],"build_version":"2020-12-22","purchased_purges":0,"victory":false,"max_hp_per_floor":[75,75,75,75,75,75,75,75,75],"relic_stats":{"Sozu":1,"counters":[4,20],"obtain_stats":[{"Sozu":0,"Ice Cream":6,"Burning Blood":0},{"Sozu":0,"Ice Cream":3,"Burning Blood":0},{"Sozu":0,"Ice Cream":14,"Burning Blood":0}]},"card_choices":[{"not_picked":["Rupture","True Grit"],"picked":"Pommel Strike","floor":1},{"not_picked":["Intimidate","Anger"],"picked":"Hemokinesis","floor":2},{"not_picked":["Fire Breathing","Havoc"],"picked":"Headbutt","floor":6}],"player_experience":884494,"relics_obtained":[{"floor":6,"key":"Ice Cream"}],"event_choices":[{"damage_healed":0,"gold_gain":0,"player_choice":"Fled","damage_taken":35,"max_hp_gain":0,"max_hp_loss":0,"event_name":"Scrap Ooze","floor":3,"gold_loss":0},{"damage_healed":0,"gold_gain":0,"player_choice":"Left Gold","damage_taken":0,"max_hp_gain":0,"max_hp_loss":0,"event_name":"World of Goop","floor":4,"gold_loss":53},{"damage_healed":18,"gold_gain":0,"player_choice":"Healed","damage_taken":0,"max_hp_gain":0,"max_hp_loss":0,"event_name":"The Cleric","floor":5,"gold_loss":35}],"is_beta":false,"boss_relics":[],"items_purged_floors":[],"is_endless":false,"potions_floor_spawned":[2],"killed_by":"3 Sentries","ascension_level":16}}