{"host":"7qf1todfnxspvw7w","time":1609630430,"event":{"mods":["AchievementEnabler","BaseMod","Block Reminder","Colored Powertips","Disable Question Mark Monsters","Displayed Cursed Tome","Googly Eyes","Minty Spire (QoL Compilation)","Relic Stats","Reorder Act Four","SacredBarkPlus","Shop Mod","StSLib","Uncapped"],"gold_per_floor":[115,115,80,80,10,44,44,44,91,91,126,126,149,187,187,312,312,325,325,346,271,295,295,336,336,336,336,336,355,373,398,398,527,527,551,884,884,506,520,520,533,567,567,581,62,77,77,96,96,96,96,3,3,35,35],"floor_reached":56,"playtime":2325,"items_purged":["Strike_B"],"score":1404,"play_id":"927b6810-1ab4-498b-a119-8a150462cbf5","local_time":"20210103023350","is_ascension_mode":true,"campfire_choices":[{"floor":7.0,"key":"REST"},{"floor":10.0,"key":"REST"},{"floor":12.0,"key":"REST"},{"data":"Self Repair","floor":15.0,"key":"SMITH"},{"floor":23.0,"key":"REST"},{"floor":25.0,"key":"REST"},{"data":"Creative AI","floor":27.0,"key":"SMITH"},{"floor":32.0,"key":"REST"},{"floor":40.0,"key":"REST"},{"data":"Defragment","floor":49,"key":"SMITH"},{"data":"Self Repair","floor":53,"key":"SMITH"}],"circlet_count":0,"master_deck":["Strike_B+1","Defend_B","Defend_B","Defend_B","Zap+1","Dualcast","Loop+1","Defragment+1","Cold Snap+1","Redo","Electrodynamics","Self Repair+1","Creative AI+1","Leap+1","Self Repair+1","Coolheaded+1","Amplify+1","Glacier+1","Conserve Battery+1","Self Repair+1","Echo Form+1","Steam+1","Chaos+1"],"relics":["Cracked Core","Bag of Marbles","Omamori","DataDisk","Art of War","Inserter","Lantern","Calipers","Toxic Egg 2","Empty Cage","Whetstone","Bronze Scales","Meat on the Bone","PreservedInsect","TungstenRod","Regal Pillow","Mercury Hourglass"],"acts_visited":["Exordium","TheCity","TheBeyond","TheEnding"],"potions_floor_usage":[42,54],"damage_taken":[{"damage":5.0,"enemies":"Small Slimes","floor":1.0,"turns":3.0},{"damage":39.0,"enemies":"Lagavulin","floor":6.0,"turns":9.0},{"damage":30.0,"enemies":"Gremlin Nob","floor":11.0,"turns":4.0},{"damage":0.0,"enemies":"2 Louse","floor":13.0,"turns":2.0},{"damage":11.0,"enemies":"Lagavulin","floor":14.0,"turns":5.0},{"damage":0.0,"enemies":"Slime Boss","floor":16.0,"turns":6.0},{"damage":41.0,"enemies":"Shell Parasite","floor":18.0,"turns":7.0},{"damage":6.0,"enemies":"3 Byrds","floor":20.0,"turns":2.0},{"damage":15.0,"enemies":"Sentry and Sphere","floor":22.0,"turns":4.0},{"damage":36.0,"enemies":"Book of Stabbing","floor":24.0,"turns":5.0},{"damage":6.0,"enemies":"Snecko","floor":29.0,"turns":5.0},{"damage":15.0,"enemies":"3 Cultists","floor":30.0,"turns":5.0},{"damage":58.0,"enemies":"Shelled Parasite and Fungi","floor":31.0,"turns":5.0},{"damage":34.0,"enemies":"Automaton","floor":33.0,"turns":11.0},{"damage":53.0,"enemies":"3 Shapes","floor":35.0,"turns":7.0},{"damage":47.0,"enemies":"3 Darklings","floor":39.0,"turns":6.0},{"damage":16.0,"enemies":"Writhing Mass","floor":41.0,"turns":7.0},{"damage":158,"enemies":"Reptomancer","floor":42,"turns":9},{"damage":113,"enemies":"Transient","floor":44,"turns":5},{"damage":9,"enemies":"3 Darklings","floor":46,"turns":3},{"damage":14,"enemies":"Spire Growth","floor":48,"turns":8},{"damage":44,"enemies":"Donu and Deca","floor":50,"turns":8},{"damage":121,"enemies":"Shield and Spear","floor":54,"turns":11},{"damage":112,"enemies":"The Heart","floor":55,"turns":15}],"seed_played":"8255301946153809994","potions_obtained":[{"floor":13.0,"key":"Dexterity Potion"},{"floor":14.0,"key":"DistilledChaos"},{"floor":18.0,"key":"SteroidPotion"},{"floor":24.0,"key":"AttackPotion"},{"floor":30.0,"key":"AttackPotion"},{"floor":41.0,"key":"PotionOfCapacity"},{"floor":46,"key":"FearPotion"}],"is_trial":false,"path_per_floor":["M","?","?","?","$","E","R","?","T","R","E","R","M","E","R","B",null,"M","?","M","$","M","R","E","R","T","R","?","M","M","M","R","B",null,"M","?","?","$","M","R","M","E","T","M","$","M","?","M","R","B",null,"$","R","E","B",null],"character_chosen":"DEFECT","items_purchased":["Defragment","Whetstone","Bronze Scales","Glacier+1","TungstenRod","Regal Pillow","Echo Form","PowerPotion","Steam+1"],"campfire_rested":7,"item_purchase_floors":[5,38,38,38,45,45,45,52,52],"current_hp_per_floor":[70,55,73,55,55,16,38,38,38,60,30,52,52,41,41,51,75,44,44,48,48,43,65,39,61,61,61,61,75,75,37,59,45,75,52,52,52,52,35,57,61,12,12,75,75,66,66,75,75,63,75,75,75,74,75],"gold":35,"neow_bonus":"UPGRADE_CARD","is_daily":false,"chose_seed":false,"campfire_upgraded":4,"win_rate":0.0,"timestamp":1609630430,"path_taken":["M","?","?","?","$","E","R","?","T","R","E","R","M","E","R","BOSS","M","?","M","$","M","R","E","R","T","R","?","M","M","?","R","BOSS","M","?","?","$","M","R","M","E","T","M","$","?","?","?","R","BOSS","$","R","E","BOSS"],"items_purchased_type":["Card","Relic","Relic","Card","Relic","Relic","Card","Potion","Card"],"build_version":"2020-12-22","purchased_purges":1,"victory":true,"max_hp_per_floor":[75,75,75,75,75,75,75,75,75,75,75,75,75,75,75,75,75,75,75,75,75,75,75,75,75,75,75,75,75,75,75,75,75,75,75,75,75,75,75,75,75,75,75,75,75,75,75,75,75,75,75,75,75,75,75],"relic_stats":{"Regal Pillow":0,"Inserter":[59],"counters":[24,147],"Bronze Scales":[412],"PreservedInsect":68,"Art of War":[69],"Whetstone":["Cold Snap"],"obtain_stats":[{"Lantern":19,"Regal Pillow":45,"Inserter":17,"Calipers":24,"Golden Idol":4,"PreservedInsect":43,"Omamori":9,"Whetstone":38,"Empty Cage":34,"Mercury Hourglass":54,"DataDisk":11,"Bronze Scales":38,"Bag of Marbles":6,"Art of War":14,"Toxic Egg 2":26,"Cracked Core":0,"TungstenRod":45,"Meat on the Bone":42},{"Lantern":7,"Regal Pillow":19,"Inserter":6,"Calipers":10,"Golden Idol":1,"PreservedInsect":18,"Omamori":2,"Whetstone":15,"Empty Cage":14,"Mercury Hourglass":23,"DataDisk":3,"Bronze Scales":15,"Bag of Marbles":2,"Art of War":5,"Toxic Egg 2":10,"Cracked Core":0,"TungstenRod":19,"Meat on the Bone":18},{"Lantern":35,"Regal Pillow":103,"Inserter":29,"Calipers":46,"Golden Idol":3,"PreservedInsect":98,"Omamori":12,"Whetstone":77,"Empty Cage":71,"Mercury Hourglass":133,"DataDisk":16,"Bronze Scales":77,"Bag of Marbles":12,"Art of War":23,"Toxic Egg 2":46,"Cracked Core":0,"TungstenRod":103,"Meat on the Bone":98}],"TungstenRod":47,"Meat on the Bone":36,"Mercury Hourglass":[45]},"card_choices":[{"not_picked":["Cold Snap","Coolheaded"],"picked":"Loop","floor":1.0},{"not_picked":["Heatsinks","Sweeping Beam"],"picked":"Cold Snap","floor":6.0},{"not_picked":["Barrage","Go for the Eyes"],"picked":"Redo","floor":11.0},{"not_picked":["Force Field","Chill"],"picked":"Electrodynamics","floor":13.0},{"not_picked":["Double Energy","Gash"],"picked":"Self Repair","floor":14.0},{"not_picked":["Hyperbeam","Amplify"],"picked":"Creative AI","floor":16.0},{"not_picked":["Compile Driver","Sweeping Beam"],"picked":"Leap+1","floor":18.0},{"not_picked":["Redo","Sweeping Beam+1","Hologram"],"picked":"SKIP","floor":20.0},{"not_picked":["Rebound","Ball Lightning","Turbo"],"picked":"SKIP","floor":22.0},{"not_picked":["Sweeping Beam","Multi-Cast","Undo+1"],"picked":"SKIP","floor":24.0},{"not_picked":["Chill+1","Capacitor"],"picked":"Coolheaded+1","floor":29.0},{"not_picked":["Go for the Eyes","Recycle+1","Rebound"],"picked":"SKIP","floor":30.0},{"not_picked":["Compile Driver","Barrage","Ball Lightning"],"picked":"SKIP","floor":31.0},{"not_picked":["Thunder Strike","Core Surge"],"picked":"Amplify+1","floor":33.0},{"not_picked":["Steam+1","Doom and Gloom","Gash+1"],"picked":"SKIP","floor":35.0},{"not_picked":["Turbo+1","Storm+1"],"picked":"Conserve Battery+1","floor":39.0},{"not_picked":["Recycle+1","Steam+1"],"picked":"Self Repair","floor":41.0},{"not_picked":["Steam+1","Barrage+1","Heatsinks"],"picked":"SKIP","floor":42},{"not_picked":["Sweeping Beam","Barrage","Seek+1"],"picked":"SKIP","floor":44},{"not_picked":["Stack+1","Scrape+1","Darkness+1"],"picked":"SKIP","floor":46},{"not_picked":["Conserve Battery+1","Rebound+1","Gash+1"],"picked":"SKIP","floor":48},{"not_picked":["Blizzard","Turbo+1"],"picked":"Chaos+1","floor":54}],"player_experience":477003,"relics_obtained":[{"floor":6.0,"key":"Bag of Marbles"},{"floor":9.0,"key":"Omamori"},{"floor":11.0,"key":"DataDisk"},{"floor":14.0,"key":"Art of War"},{"floor":24.0,"key":"Calipers"},{"floor":26.0,"key":"Toxic Egg 2"},{"floor":42,"key":"Meat on the Bone"},{"floor":43,"key":"PreservedInsect"},{"floor":54,"key":"Mercury Hourglass"}],"event_choices":[{"damage_healed":0.0,"max_hp_gain":0.0,"max_hp_loss":0.0,"gold_gain":0.0,"event_name":"Shining Light","player_choice":"Entered Light","floor":2.0,"gold_loss":0.0,"damage_taken":15.0,"cards_upgraded":["Strike_B","Loop"]},{"damage_healed":18.0,"max_hp_gain":0.0,"max_hp_loss":0.0,"gold_gain":0.0,"event_name":"The Cleric","player_choice":"Healed","floor":3.0,"gold_loss":35.0,"damage_taken":0.0},{"damage_healed":0.0,"max_hp_gain":0.0,"max_hp_loss":0.0,"gold_gain":0.0,"event_name":"Golden Idol","player_choice":"Take Damage","floor":4.0,"gold_loss":0.0,"damage_taken":18.0,"relics_obtained":["Golden Idol"]},{"cards_removed":["Strike_B"],"damage_healed":0.0,"max_hp_gain":0.0,"max_hp_loss":0.0,"gold_gain":0.0,"event_name":"Purifier","player_choice":"Purged","floor":8.0,"gold_loss":0.0,"damage_taken":0.0},{"damage_healed":0.0,"max_hp_gain":0.0,"max_hp_loss":0.0,"gold_gain":0.0,"event_name":"The Mausoleum","player_choice":"Opened","floor":19.0,"gold_loss":0.0,"damage_taken":0.0,"relics_obtained":["Lantern"],"cards_obtained":["Writhe"]},{"damage_healed":0.0,"max_hp_gain":0.0,"max_hp_loss":0.0,"gold_gain":0.0,"event_name":"Duplicator","player_choice":"Copied","floor":28.0,"gold_loss":0.0,"damage_taken":0.0,"cards_obtained":["Self Repair"]},{"damage_healed":0.0,"max_hp_gain":0.0,"max_hp_loss":0.0,"gold_gain":333.0,"event_name":"The Moai Head","player_choice":"Gave Idol","floor":36.0,"relics_lost":["Golden Idol"],"gold_loss":0.0,"damage_taken":0.0},{"damage_healed":0.0,"max_hp_gain":0.0,"max_hp_loss":0.0,"gold_gain":0.0,"event_name":"Transmorgrifier","player_choice":"Ignored","floor":37.0,"gold_loss":0.0,"damage_taken":0.0},{"damage_healed":0,"gold_gain":0,"player_choice":"Forge","damage_taken":0,"max_hp_gain":0,"max_hp_loss":0,"event_name":"Accursed Blacksmith","floor":47,"gold_loss":0,"cards_upgraded":["Echo Form"]}],"is_beta":false,"boss_relics":[{"not_picked":["Busted Crown","Sozu"],"picked":"Inserter"},{"not_picked":["Philosopher\u0027s Stone","Snecko Eye"],"picked":"Empty Cage"}],"items_purged_floors":[21],"is_endless":false,"potions_floor_spawned":[13,14,18,24,29,30,41,46],"ascension_level":3}}