{"host":"f5uumzf5hfexzk8l","time":1609628348,"event":{"mods":["AchievementEnabler","BaseMod","Colored Map","Googly Eyes","Highlight Path","Minty Spire (QoL Compilation)","Permanent Neow","StSLib","SuperFastMode","Unceasing Turn Reminder","everything is the same but u backflip on backflip"],"gold_per_floor":[110,110,110,127,77,112,112,122,122,11,31,41,52,52,52,151,151,169,169,179,179,99,130,145,145,145,157,176,176,176,176,176],"floor_reached":31,"playtime":744,"items_purged":["Strike_R","Bash+1"],"score":486,"play_id":"db25ea20-5ee4-4368-8983-3994fa55ac76","local_time":"20210102145908","is_ascension_mode":true,"campfire_choices":[{"data":"Bash","floor":7,"key":"SMITH"},{"data":"Heavy Blade","floor":15,"key":"SMITH"},{"floor":25,"key":"REST"},{"data":"Reaper","floor":29,"key":"SMITH"}],"circlet_count":0,"master_deck":["AscendersBane","Strike_R+1","Strike_R+1","Strike_R+1","Defend_R+1","Defend_R+1","Defend_R+1","Defend_R+1","Cleave","Iron Wave","Inflame","Heavy Blade+1","Disarm","Ghostly Armor","Demon Form","Armaments+1","Reaper+1","Shrug It Off"],"relics":["Burning Blood","NeowsBlessing","Singing Bowl","Bag of Marbles","Matryoshka","The Courier","Philosopher\u0027s Stone","Lantern","Smiling Mask","Paper Frog"],"acts_visited":["Exordium","TheCity"],"potions_floor_usage":[16,16,23],"damage_taken":[{"damage":0,"enemies":"2 Louse","floor":1,"turns":1},{"damage":0,"enemies":"Cultist","floor":4,"turns":1},{"damage":0,"enemies":"Gremlin Nob","floor":6,"turns":1},{"damage":7,"enemies":"Jaw Worm","floor":8,"turns":3},{"damage":15,"enemies":"Large Slime","floor":11,"turns":8},{"damage":8,"enemies":"Blue Slaver","floor":12,"turns":5},{"damage":1,"enemies":"Looter","floor":13,"turns":3},{"damage":53,"enemies":"Hexaghost","floor":16,"turns":14},{"damage":21,"enemies":"Shell Parasite","floor":18,"turns":7},{"damage":34,"enemies":"3 Byrds","floor":20,"turns":5},{"damage":49,"enemies":"Book of Stabbing","floor":23,"turns":8},{"damage":55,"enemies":"Snake Plant","floor":24,"turns":13},{"damage":32,"enemies":"Snecko","floor":27,"turns":10},{"damage":74,"enemies":"Cultist and Chosen","floor":28,"turns":7},{"damage":17,"enemies":"Shelled Parasite and Fungi","floor":31,"turns":5}],"seed_played":"4357585431806041282","potions_obtained":[{"floor":1,"key":"EntropicBrew"},{"floor":4,"key":"Weak Potion"},{"floor":11,"key":"Weak Potion"},{"floor":12,"key":"Strength Potion"},{"floor":18,"key":"HeartOfIron"},{"floor":23,"key":"Regen Potion"}],"is_trial":false,"path_per_floor":["M","?","?","M","?","E","R","M","T","$","M","M","M","?","R","B",null,"M","?","M","?","$","E","M","R","T","M","M","R","?","M"],"character_chosen":"IRONCLAD","items_purchased":["Disarm"],"campfire_rested":1,"item_purchase_floors":[10],"current_hp_per_floor":[78,78,78,80,80,80,80,79,79,79,72,70,77,70,70,23,69,54,38,12,12,12,9,73,93,93,69,17,17,17,0,0],"gold":176,"neow_bonus":"THREE_ENEMY_KILL","is_daily":false,"chose_seed":false,"campfire_upgraded":3,"win_rate":0.0,"timestamp":1609628348,"path_taken":["M","?","?","?","?","E","R","M","T","$","M","M","M","?","R","BOSS","M","?","M","?","$","E","M","R","T","M","M","R","?","M"],"items_purchased_type":["Card"],"build_version":"2020-12-22","purchased_purges":2,"victory":false,"max_hp_per_floor":[80,80,80,80,80,80,80,80,80,80,82,82,84,84,84,84,84,84,89,91,91,91,91,93,93,93,95,97,97,97,97,97],"card_choices":[{"not_picked":["Inflame","Clothesline"],"picked":"Cleave","floor":1},{"not_picked":["Searing Blow","Anger"],"picked":"Iron Wave","floor":4},{"not_picked":["Carnage","Barricade"],"picked":"Inflame","floor":6},{"not_picked":["Power Through","Wild Strike"],"picked":"Heavy Blade","floor":8},{"not_picked":["Perfected Strike","Wild Strike","Anger"],"picked":"Singing Bowl","floor":11},{"not_picked":["Clash","Sentinel"],"picked":"Ghostly Armor","floor":12},{"not_picked":["Havoc","Power Through","Searing Blow"],"picked":"Singing Bowl","floor":13},{"not_picked":["Barricade","Juggernaut"],"picked":"Demon Form","floor":16},{"not_picked":["Clash","True Grit"],"picked":"Armaments+1","floor":18},{"not_picked":["Rampage+1","Rupture","Havoc"],"picked":"Singing Bowl","floor":20},{"not_picked":["Uppercut+1","Dark Embrace"],"picked":"Reaper","floor":23},{"not_picked":["Blood for Blood","Twin Strike","Pommel Strike"],"picked":"Singing Bowl","floor":24},{"not_picked":["Headbutt","Dropkick","Heavy Blade+1"],"picked":"Singing Bowl","floor":27},{"not_picked":["Headbutt","Anger","Heavy Blade"],"picked":"Singing Bowl","floor":28}],"player_experience":355414,"relics_obtained":[{"floor":6,"key":"Bag of Marbles"},{"floor":9,"key":"Matryoshka"},{"floor":23,"key":"Lantern"},{"floor":26,"key":"Smiling Mask"},{"floor":26,"key":"Paper Frog"}],"event_choices":[{"damage_healed":0,"gold_gain":0,"player_choice":"Ignored","damage_taken":0,"max_hp_gain":0,"max_hp_loss":0,"event_name":"Liars Game","floor":2,"gold_loss":0},{"damage_healed":0,"gold_gain":0,"player_choice":"Gave Potion","damage_taken":0,"relics_obtained":["Singing Bowl"],"max_hp_gain":0,"max_hp_loss":0,"event_name":"WeMeetAgain","floor":3,"gold_loss":0},{"cards_removed":["Strike_R"],"damage_healed":0,"gold_gain":0,"player_choice":"Card Removal","damage_taken":0,"max_hp_gain":0,"max_hp_loss":0,"event_name":"The Cleric","floor":5,"gold_loss":50},{"damage_healed":0,"gold_gain":0,"player_choice":"Success","damage_taken":7,"relics_obtained":["The Courier"],"max_hp_gain":0,"max_hp_loss":0,"event_name":"Scrap Ooze","floor":14,"gold_loss":0},{"damage_healed":0,"gold_gain":0,"player_choice":"Shed Blood","damage_taken":21,"max_hp_gain":5,"max_hp_loss":0,"event_name":"Forgotten Altar","floor":19,"gold_loss":0},{"damage_healed":0,"gold_gain":0,"player_choice":"Simplicity","damage_taken":0,"max_hp_gain":0,"max_hp_loss":0,"event_name":"Back to Basics","floor":21,"gold_loss":0,"cards_upgraded":["Strike_R","Strike_R","Strike_R","Defend_R","Defend_R","Defend_R","Defend_R"]},{"damage_healed":0,"gold_gain":0,"player_choice":"Read","damage_taken":0,"max_hp_gain":0,"max_hp_loss":0,"event_name":"The Library","floor":30,"gold_loss":0,"cards_obtained":["Shrug It Off"]}],"is_beta":false,"boss_relics":[{"not_picked":["Ectoplasm","Astrolabe"],"picked":"Philosopher\u0027s Stone"}],"items_purged_floors":[10,22],"is_endless":false,"potions_floor_spawned":[1,4,11,12,18,23],"killed_by":"Shelled Parasite and Fungi","ascension_level":10}}