{"host":"2v1wccdd5g2xowsh","time":1609580884,"event":{"mods":["BaseMod","Downfall","Hermit","Minty Spire (QoL Compilation)","Quick Restart","StSLib","SuperFastMode","The Cursed"],"gold_per_floor":[111,36,36,63,82,115,115,127,127,160,335,345,345,345],"floor_reached":13,"playtime":306,"items_purged":[],"score":136,"play_id":"f798d99a-d216-483d-9582-5c4c23cd9f60","local_time":"20210102174804","is_ascension_mode":true,"campfire_choices":[{"data":"White Noise","floor":7,"key":"SMITH"}],"circlet_count":0,"master_deck":["Strike_B","Strike_B","Strike_B","Strike_B","Defend_B","Defend_B","Defend_B","Defend_B","Zap","Dualcast","Fusion+1","Capacitor","White Noise+1","Darkness","Ball Lightning","Force Field","Double Energy"],"relics":["Cracked Core","NeowsBlessing","Omamori","Bag of Marbles","Bottled Lightning","Matryoshka"],"acts_visited":["Exordium"],"potions_floor_usage":[],"damage_taken":[{"damage":0,"enemies":"2 Louse","floor":1,"turns":1},{"damage":0,"enemies":"Jaw Worm","floor":5,"turns":1},{"damage":0,"enemies":"Lagavulin","floor":6,"turns":1},{"damage":2,"enemies":"Small Slimes","floor":8,"turns":3},{"damage":27,"enemies":"3 Sentries","floor":10,"turns":7},{"damage":12,"enemies":"Looter","floor":12,"turns":4},{"damage":46,"enemies":"Gremlin Nob","floor":13,"turns":3}],"seed_played":"-8672297551076257307","potions_obtained":[{"floor":1,"key":"Block Potion"}],"is_trial":false,"path_per_floor":["M","$","?","T","M","E","R","M","T","E","?","M","E"],"character_chosen":"DEFECT","items_purchased":["Capacitor"],"campfire_rested":0,"item_purchase_floors":[2],"current_hp_per_floor":[75,75,75,75,75,75,75,73,73,46,46,34,0,0],"gold":345,"neow_bonus":"THREE_ENEMY_KILL","is_daily":false,"chose_seed":false,"campfire_upgraded":1,"win_rate":0.0,"timestamp":1609580884,"path_taken":["M","$","?","?","M","E","R","?","T","E","?","M","E"],"items_purchased_type":["Card"],"build_version":"2020-12-22","purchased_purges":0,"victory":false,"max_hp_per_floor":[75,75,75,75,75,75,75,75,75,75,75,75,75,75],"card_choices":[{"not_picked":["Consume","Beam Cell"],"picked":"Fusion","floor":1},{"not_picked":["Conserve Battery","Barrage"],"picked":"White Noise","floor":5},{"not_picked":["Go for the Eyes","Chaos"],"picked":"Darkness","floor":6},{"not_picked":["Redo","Gash"],"picked":"Ball Lightning","floor":8},{"not_picked":["Rebound","Gash"],"picked":"Force Field","floor":10},{"not_picked":["Glacier","Chill"],"picked":"Double Energy","floor":12}],"player_experience":270705,"relics_obtained":[{"floor":4,"key":"Omamori"},{"floor":6,"key":"Bag of Marbles"},{"floor":9,"key":"Bottled Lightning"},{"floor":10,"key":"Matryoshka"}],"event_choices":[{"damage_healed":0,"gold_gain":0,"player_choice":"Grow","damage_taken":0,"max_hp_gain":0,"max_hp_loss":0,"event_name":"Living Wall","floor":3,"gold_loss":0,"cards_upgraded":["Fusion"]},{"damage_healed":0,"gold_gain":175,"player_choice":"AGREE","damage_taken":0,"max_hp_gain":0,"max_hp_loss":0,"event_name":"Liars Game","floor":11,"gold_loss":0,"cards_obtained":["Doubt"]}],"is_beta":false,"boss_relics":[],"items_purged_floors":[],"is_endless":false,"potions_floor_spawned":[1],"killed_by":"Gremlin Nob","ascension_level":3}}