{"host":"2461dio7vetlq1z3","time":1609593456,"event":{"mods":["2.2 Compatiblity","AchievementEnabler","BaseMod","Better Third Choice","Friendly Minions","Minty Spire (QoL Compilation)","Relic Stats","Replay The Spire","Spicy Shops","StSLib","Waifu the Spire"],"gold_per_floor":[114,164,179,198,208,208,237,237,237,237,267,286,298,327,327,327,327],"floor_reached":16,"playtime":663,"items_purged":[],"score":244,"play_id":"7f535e54-b50d-461c-a6b1-e112b0da5705","local_time":"20210102141736","is_ascension_mode":true,"campfire_choices":[{"data":"ReplayTheSpireMod:Repulse","floor":6,"key":"SMITH"},{"floor":8,"key":"REST"},{"data":"Reprogram","floor":10,"key":"SMITH"},{"data":"Strike_B","floor":15,"key":"PURGE"}],"circlet_count":0,"master_deck":["AscendersBane","Strike_B","Strike_B","Strike_B","Defend_B","Defend_B","Defend_B","Defend_B","Zap","Dualcast","ReplayTheSpireMod:Repulse+1","Cold Snap","Rip and Tear","Reprogram+1","Crystallizer","Leap","Machine Learning","Genetic Algorithm"],"relics":["Cracked Core","NeowsBlessing","HornCleat","Darkstone Periapt","Pear","Pet Ghost"],"acts_visited":["Exordium"],"potions_floor_usage":[7,14,16],"damage_taken":[{"damage":0,"enemies":"Small Slimes","floor":1,"turns":1},{"damage":0,"enemies":"Cultist","floor":3,"turns":1},{"damage":0,"enemies":"2 Louse","floor":4,"turns":1},{"damage":5,"enemies":"2 Fungi Beasts","floor":5,"turns":3},{"damage":29,"enemies":"3 Sentries","floor":7,"turns":9},{"damage":24,"enemies":"Lagavulin","floor":11,"turns":7},{"damage":1,"enemies":"Looter","floor":12,"turns":2},{"damage":2,"enemies":"Lots of Slimes","floor":13,"turns":3},{"damage":9,"enemies":"3 Sentries","floor":14,"turns":5},{"damage":27,"enemies":"Hexaghost","floor":16,"turns":9}],"seed_played":"8321022351657400814","potions_obtained":[{"floor":1,"key":"Cursed Concoction"},{"floor":5,"key":"SteroidPotion"},{"floor":11,"key":"EssenceOfSteel"},{"floor":14,"key":"PotionOfCapacity"}],"is_trial":false,"path_per_floor":["M","?","M","M","M","R","E","R","T","R","E","M","M","E","R","B"],"character_chosen":"DEFECT","items_purchased":[],"campfire_rested":1,"item_purchase_floors":[],"current_hp_per_floor":[64,64,64,64,59,59,30,51,51,51,37,36,34,25,25,0,0],"gold":327,"neow_bonus":"THREE_ENEMY_KILL","is_daily":false,"chose_seed":false,"campfire_upgraded":2,"win_rate":0.0,"timestamp":1609593456,"path_taken":["M","?","M","?","M","R","E","R","T","R","E","M","M","E","R","BOSS"],"items_purchased_type":[],"build_version":"2020-12-22","purchased_purges":0,"victory":false,"max_hp_per_floor":[71,71,71,71,71,71,71,71,71,71,81,81,81,81,81,81,81],"relic_stats":{"Darkstone Periapt":0,"counters":[10,41],"obtain_stats":[{"Darkstone Periapt":9,"HornCleat":7,"Pear":11,"NeowsBlessing":0,"Cracked Core":0,"Pet Ghost":14},{"Darkstone Periapt":5,"HornCleat":5,"Pear":6,"NeowsBlessing":0,"Cracked Core":0,"Pet Ghost":9},{"Darkstone Periapt":15,"HornCleat":15,"Pear":22,"NeowsBlessing":0,"Cracked Core":0,"Pet Ghost":32}]},"card_choices":[{"not_picked":["Double Energy","Tempest"],"picked":"ReplayTheSpireMod:Repulse","floor":1},{"not_picked":["Leap","Scrape"],"picked":"Cold Snap","floor":3},{"not_picked":["Storm","Panic Button"],"picked":"Rip and Tear","floor":4},{"not_picked":["Skim","Rebound"],"picked":"Reprogram","floor":5},{"not_picked":["Cold Snap","Beam Cell"],"picked":"Crystallizer","floor":7},{"not_picked":["Beam Cell","Barrage","Redo"],"picked":"SKIP","floor":11},{"not_picked":["Streamline","Steam"],"picked":"Leap","floor":12},{"not_picked":["Steam","Ball Lightning"],"picked":"Machine Learning","floor":13},{"not_picked":["ReplaySort","Streamline"],"picked":"Genetic Algorithm","floor":14}],"player_experience":1009471,"relics_obtained":[{"floor":7,"key":"HornCleat"},{"floor":9,"key":"Darkstone Periapt"},{"floor":11,"key":"Pear"},{"floor":14,"key":"Pet Ghost"}],"event_choices":[{"damage_healed":0,"gold_gain":50,"player_choice":"Pray","damage_taken":0,"max_hp_gain":0,"max_hp_loss":0,"event_name":"Golden Shrine","floor":2,"gold_loss":0}],"is_beta":false,"boss_relics":[],"items_purged_floors":[],"is_endless":false,"potions_floor_spawned":[1,5,11,14],"killed_by":"Hexaghost","ascension_level":20}}