{"host":"cwp0xoxch9uxtnfk","time":1609621802,"event":{"mods":["AchievementEnabler","BaseMod","Bestiary","Colored Map","Colored Powertips","DeckTracker","Highlight Path","Minty Spire (QoL Compilation)","Rare Cards Sparkle","Relic Sorter","Relic Stats"],"gold_per_floor":[212,230,250,83,83,117,134,168,216,36,61,72,92,108,108,210,210,226,242,342,217,231,231,231,231],"floor_reached":24,"playtime":1613,"items_purged":["Strike_B","Strike_B","Strike_B"],"score":270,"play_id":"d660e542-4f36-443e-8159-0b7d1933fa43","local_time":"20210102211002","is_ascension_mode":false,"campfire_choices":[{"floor":15,"key":"RECALL"},{"data":"Fission","floor":23,"key":"SMITH"}],"circlet_count":0,"master_deck":["Strike_B","Defend_B","Defend_B","Defend_B","Defend_B","Zap","Dualcast","Ball Lightning","Genetic Algorithm","Barrage+1","Rebound","Conserve Battery","Barrage","Doom and Gloom","Blizzard","Genetic Algorithm","Melter","Consume","Fission+1","Reinforced Body+1"],"relics":["Cracked Core","Oddly Smooth Stone","HornCleat","Happy Flower","Runic Pyramid"],"acts_visited":["Exordium","TheCity"],"potions_floor_usage":[8,16],"damage_taken":[{"damage":0,"enemies":"Cultist","floor":1,"turns":4},{"damage":0,"enemies":"2 Louse","floor":2,"turns":2},{"damage":1,"enemies":"Jaw Worm","floor":3,"turns":3},{"damage":20,"enemies":"Gremlin Nob","floor":6,"turns":4},{"damage":1,"enemies":"2 Fungi Beasts","floor":7,"turns":3},{"damage":7,"enemies":"3 Sentries","floor":8,"turns":8},{"damage":4,"enemies":"Lagavulin","floor":11,"turns":5},{"damage":8,"enemies":"Exordium Wildlife","floor":12,"turns":3},{"damage":0,"enemies":"3 Louse","floor":13,"turns":2},{"damage":0,"enemies":"Red Slaver","floor":14,"turns":3},{"damage":0,"enemies":"Hexaghost","floor":16,"turns":7},{"damage":0,"enemies":"Shell Parasite","floor":18,"turns":4},{"damage":0,"enemies":"Spheric Guardian","floor":19,"turns":4},{"damage":5,"enemies":"Centurion and Healer","floor":22,"turns":8},{"damage":0,"enemies":"3 Cultists","floor":24,"turns":2}],"seed_played":"-6102729150520960519","potions_obtained":[{"floor":2,"key":"BlessingOfTheForge"},{"floor":3,"key":"DistilledChaos"},{"floor":6,"key":"Regen Potion"},{"floor":12,"key":"Strength Potion"},{"floor":13,"key":"GamblersBrew"},{"floor":16,"key":"Strength Potion"}],"is_trial":false,"path_per_floor":["M","M","M","$","?","E","M","E","T","$","E","M","M","M","R","B",null,"M","M","?","$","M","R","M"],"character_chosen":"DEFECT","items_purchased":["Rebound","Conserve Battery","Blizzard"],"campfire_rested":0,"item_purchase_floors":[4,4,10],"current_hp_per_floor":[75,75,74,74,74,54,53,61,61,61,57,49,49,49,49,49,75,75,75,75,75,70,70,70,70],"gold":231,"neow_bonus":"HUNDRED_GOLD","is_daily":false,"chose_seed":false,"campfire_upgraded":1,"win_rate":0.0,"timestamp":1609621802,"path_taken":["M","M","M","$","?","E","M","E","T","?","E","M","?","M","R","BOSS","M","M","?","$","M","R","M"],"items_purchased_type":["Card","Card","Card"],"build_version":"2020-12-22","purchased_purges":3,"victory":false,"max_hp_per_floor":[75,75,75,75,75,75,75,75,75,75,75,75,75,75,75,75,75,75,75,75,75,75,75,75,75],"relic_stats":{"Happy Flower":[11],"counters":[15,62],"obtain_stats":[{"HornCleat":8,"Happy Flower":11,"Oddly Smooth Stone":6,"Cracked Core":0,"Runic Pyramid":17},{"HornCleat":6,"Happy Flower":7,"Oddly Smooth Stone":4,"Cracked Core":0,"Runic Pyramid":11},{"HornCleat":24,"Happy Flower":29,"Oddly Smooth Stone":13,"Cracked Core":0,"Runic Pyramid":44}]},"card_choices":[{"not_picked":["Darkness","Streamline"],"picked":"Ball Lightning","floor":1},{"not_picked":["Steam","Redo"],"picked":"Genetic Algorithm","floor":2},{"not_picked":["FTL","Glacier"],"picked":"Barrage","floor":3},{"not_picked":["Force Field","Redo","Gash"],"picked":"SKIP","floor":6},{"not_picked":["Reboot","Chaos"],"picked":"Barrage","floor":7},{"not_picked":["Gash","Force Field"],"picked":"Doom and Gloom","floor":8},{"not_picked":["Sweeping Beam","Redo"],"picked":"Genetic Algorithm","floor":11},{"not_picked":["Hologram","Streamline"],"picked":"Melter","floor":12},{"not_picked":["Turbo","Leap","Melter"],"picked":"SKIP","floor":13},{"not_picked":["Streamline","Gash"],"picked":"Consume","floor":14},{"not_picked":["Rainbow","Meteor Strike"],"picked":"Fission","floor":16},{"not_picked":["Gash","Tempest"],"picked":"Reinforced Body+1","floor":18},{"not_picked":["Auto Shields","Redo","Go for the Eyes"],"picked":"SKIP","floor":19},{"not_picked":["Storm+1","Chaos","Rebound"],"picked":"SKIP","floor":22}],"player_experience":142437,"relics_obtained":[{"floor":6,"key":"Oddly Smooth Stone"},{"floor":8,"key":"HornCleat"},{"floor":11,"key":"Happy Flower"}],"event_choices":[{"damage_healed":0,"gold_gain":0,"player_choice":"Upgraded","damage_taken":0,"max_hp_gain":0,"max_hp_loss":0,"event_name":"Upgrade Shrine","floor":5,"gold_loss":0,"cards_upgraded":["Barrage"]},{"damage_healed":0,"gold_gain":100,"player_choice":"Pray","damage_taken":0,"max_hp_gain":0,"max_hp_loss":0,"event_name":"Golden Shrine","floor":20,"gold_loss":0}],"is_beta":false,"boss_relics":[{"not_picked":["SacredBark","Black Star"],"picked":"Runic Pyramid"}],"items_purged_floors":[4,10,21],"is_endless":false,"potions_floor_spawned":[2,3,6,12,13,16,19,22],"killed_by":"3 Cultists","ascension_level":0}}