{"host":"nk1hwk2qadwaubm5","time":1609590448,"event":{"mods":["BaseMod","Hermit","Hubris","Infinite Spire","Marisa????????","Minty Spire (QoL Compilation)","Replay The Spire","StSLib","The Animator","The Cursed","The Jungle","The Servant 0.9.4"],"gold_per_floor":[112,129,129,129,129,158,185,218,218,218,250,260,272,303,303,400,400,415,415,162,172,187,187,187,215,215,246,272,287,287,312,312,411,411,428,439,450,450,450,482,482,482,482,511,511,541,541,541,572,572,572,572],"floor_reached":53,"playtime":2472,"items_purged":["hermit:Strike_Hermit","hermit:Defend_Hermit"],"score":1112,"play_id":"1f614f6b-798e-4f78-a1ab-ddab6ec2426a","local_time":"20210102132728","daily_mods":["Heirloom","DeadlyEvents","Elite Swarm"],"is_ascension_mode":false,"campfire_choices":[{"data":"hermit:HighCaliber","floor":10,"key":"SMITH"},{"data":"hermit:Headshot","floor":15,"key":"SMITH"},{"data":"hubris:DuctTapeCard","floor":23,"key":"SMITH"},{"data":"hermit:Defend_Hermit","floor":23,"key":"SMITH"},{"data":"hermit:Brawl","floor":32,"key":"SMITH"},{"data":"hermit:Defend_Hermit","floor":32,"key":"SMITH"},{"data":"hubris:InfiniteBlow+1","floor":43,"key":"SMITH"},{"data":"hubris:InfiniteBlow+2","floor":43,"key":"SMITH"},{"data":"hubris:InfiniteBlow+3","floor":48,"key":"SMITH"},{"data":"hubris:InfiniteBlow+4","floor":48,"key":"SMITH"},{"data":"hubris:InfiniteBlow+5","floor":51,"key":"SMITH"},{"data":"hubris:InfiniteBlow+6","floor":51,"key":"SMITH"}],"circlet_count":0,"master_deck":["hermit:Strike_Hermit","hermit:Strike_Hermit","hermit:Strike_Hermit","hermit:Defend_Hermit+1","hermit:Defend_Hermit+1","hermit:Defend_Hermit","hermit:Covet","hermit:HighCaliber+1","Decay","hubris:DuctTapeCard+2","hermit:Brawl+1","hermit:Roughhouse+1","hermit:Brawl+1","hubris:InfiniteBlow+7","hermit:Roughhouse+1"],"relics":["hermit:Momento","Ring of Chaos","FossilizedHelix","NeowsBlessing","NeowsBlessing","CaptainsWheel","Pear","Darkstone Periapt","Replay:Bottled Snecko","The Courier","infinitespire:CursedDice","hubris:Backtick","Replay:Arrowhead","NeowsBlessing","hubris:DuctTape","NeowsBlessing","Replay:Rubber Ducky","WingedGreaves","Torii","Golden Egg","NeowsBlessing","Replay:Mystery Machine","Coffee Dripper","NeowsBlessing","Lantern","hubris:SlimyHat","hermit:RyeStalk","Blue Candle","infinitespire:Joker Card","infinitespire:WardingShard","NeowsBlessing"],"acts_visited":["Exordium","TheCity","TheBeyond"],"potions_floor_usage":[14,29,29,52,52],"damage_taken":[{"damage":0,"enemies":"Cultist","floor":1,"turns":3},{"damage":0,"enemies":"Small Slimes","floor":2,"turns":3},{"damage":0,"enemies":"Lagavulin","floor":6,"turns":1},{"damage":0,"enemies":"Gremlin Nob","floor":7,"turns":2},{"damage":0,"enemies":"Lagavulin","floor":8,"turns":1},{"damage":0,"enemies":"3 Sentries","floor":11,"turns":2},{"damage":0,"enemies":"2 Louse","floor":12,"turns":1},{"damage":0,"enemies":"Looter","floor":13,"turns":1},{"damage":0,"enemies":"Gremlin Nob","floor":14,"turns":2},{"damage":58,"enemies":"Fading Forest","floor":16,"turns":11},{"damage":0,"enemies":"Chosen","floor":18,"turns":3},{"damage":0,"enemies":"3 Byrds","floor":21,"turns":2},{"damage":0,"enemies":"3 Cultists","floor":22,"turns":2},{"damage":0,"enemies":"Book of Stabbing","floor":25,"turns":1},{"damage":0,"enemies":"Replay:Snechameleon","floor":27,"turns":1},{"damage":0,"enemies":"Nightmare","floor":28,"turns":1},{"damage":27,"enemies":"Shelled Parasite and Fungi","floor":29,"turns":13},{"damage":0,"enemies":"Book of Stabbing","floor":31,"turns":1},{"damage":0,"enemies":"Automaton","floor":33,"turns":1},{"damage":0,"enemies":"3 Shapes","floor":35,"turns":2},{"damage":41,"enemies":"3 Darklings","floor":36,"turns":7},{"damage":37,"enemies":"Maw","floor":37,"turns":9},{"damage":0,"enemies":"Nightmare","floor":40,"turns":1},{"damage":0,"enemies":"Nemesis","floor":44,"turns":1},{"damage":0,"enemies":"Reptomancer","floor":46,"turns":1},{"damage":0,"enemies":"R_Hoarder","floor":49,"turns":9},{"damage":1,"enemies":"Awakened One","floor":52,"turns":6}],"seed_played":"4687124527656103629","potions_obtained":[{"floor":6,"key":"EssenceOfSteel"},{"floor":8,"key":"Block Potion"},{"floor":11,"key":"Fire Potion"},{"floor":21,"key":"DuplicationPotion"},{"floor":29,"key":"SkillPotion"},{"floor":31,"key":"Flashbang"},{"floor":33,"key":"AttackPotion"}],"is_trial":true,"path_per_floor":["M","M","WH","WH","?","E","E","E","T","R","E","M","M","E","R","B",null,"M","WH","$","M","M","R","WH","E","T","E","NM","M","WH","E","R","B",null,"M","M","M","WH","AVR","NM","PTL","PTL","R","E","T","E","?","R","E","WH","R","B",null],"character_chosen":"HERMIT","items_purchased":["hubris:DuctTape"],"campfire_rested":0,"item_purchase_floors":[20],"current_hp_per_floor":[75,75,75,75,75,75,85,85,85,85,85,85,85,85,85,41,85,85,85,85,85,85,85,85,85,85,85,85,58,58,58,58,58,85,85,44,7,7,7,7,7,7,7,7,7,7,7,7,7,7,7,6],"gold":572,"neow_bonus":"THREE_ENEMY_KILL","is_daily":false,"chose_seed":false,"campfire_upgraded":12,"win_rate":0.0,"timestamp":1609590448,"path_taken":["M","M","WH","WH","?","E","?","E","T","R","E","M","?","E","R","BOSS","M","WH","$","M","M","R","WH","E","T","E","NM","?","WH","E","R","BOSS","M","M","M","WH","AVR","NM","PTL","PTL","R","E","T","E","?","R","E","WH","R","BOSS"],"items_purchased_type":["Relic"],"build_version":"2020-12-22","purchased_purges":2,"victory":true,"max_hp_per_floor":[75,75,75,75,75,75,85,85,85,85,85,85,85,85,85,85,85,85,85,85,85,85,85,85,85,85,85,85,85,85,85,85,85,85,85,85,85,85,85,85,85,85,85,85,85,85,85,85,85,85,85,85],"card_choices":[{"not_picked":["hermit:WideOpen","hermit:GhostlyPresence"],"picked":"hermit:Headshot","floor":1},{"not_picked":["hermit:Dive","hermit:Snipe"],"picked":"hermit:HighCaliber","floor":2},{"not_picked":["hermit:Magnum","hermit:DeadOrAlive","hermit:Purgatory"],"picked":"SKIP","floor":6},{"not_picked":["hermit:FinalCanter","hermit:HeroicBravado","hermit:OverwhelmingPower"],"picked":"SKIP","floor":7},{"not_picked":["hermit:Magnum","hermit:FatalDesire","hermit:Adapt"],"picked":"SKIP","floor":8},{"not_picked":["hermit:Magnum","hermit:RoundhouseKick","hermit:EternalForm"],"picked":"SKIP","floor":11},{"not_picked":["hermit:Dive","hermit:Gestalt","hermit:HoleUp"],"picked":"SKIP","floor":12},{"not_picked":["hermit:Showdown","hermit:CalledShot","hermit:SprayPray"],"picked":"SKIP","floor":13},{"not_picked":["hermit:HeroicBravado","hermit:BlackWind","hermit:OverwhelmingPower"],"picked":"SKIP","floor":14},{"not_picked":["hermit:CursedWeapon","hermit:PistolWhip","hermit:CalledShot"],"picked":"SKIP","floor":18},{"not_picked":["hermit:TakeAim+1","hermit:Showdown","hermit:Ricochet"],"picked":"SKIP","floor":21},{"not_picked":["hermit:Snipe","hermit:Vantage+1","hermit:Malice"],"picked":"SKIP","floor":22},{"not_picked":["hermit:OverwhelmingPower","hermit:FatalDesire","hermit:HighNoon"],"picked":"SKIP","floor":25},{"not_picked":["hermit:HighNoon","hermit:OverwhelmingPower","hermit:FatalDesire"],"picked":"SKIP","floor":27},{"not_picked":["hermit:FatalDesire","hermit:RoundhouseKick","hermit:Gambit"],"picked":"SKIP","floor":28},{"not_picked":["hermit:LowProfile","hermit:Snipe"],"picked":"hermit:Brawl","floor":29},{"not_picked":["hermit:Adapt","hermit:Magnum","hermit:Reprieve"],"picked":"SKIP","floor":31},{"not_picked":["hermit:FromBeyond","hermit:FatalDesire"],"picked":"hermit:Roughhouse","floor":33},{"not_picked":["hermit:Combo","hermit:BodyArmor","hermit:Feint"],"picked":"SKIP","floor":35},{"not_picked":["hermit:HighCaliber+1","hermit:EyeOfTheStorm","hermit:Showdown+1"],"picked":"SKIP","floor":36},{"not_picked":["hermit:LowProfile","hermit:Maintenance"],"picked":"hermit:Brawl+1","floor":37},{"not_picked":["infinitespire:DeathsTouch","Replay:Fractal Strike"],"picked":"hubris:InfiniteBlow+1","floor":40},{"not_picked":["hermit:Roughhouse","hermit:Adapt","hermit:DeadOrAlive"],"picked":"SKIP","floor":40},{"not_picked":["hermit:Gambit","hermit:Dissolve"],"picked":"hermit:Roughhouse","floor":44},{"not_picked":["hermit:FinalCanter","hermit:Magnum","hermit:DeadOrAlive"],"picked":"SKIP","floor":46},{"not_picked":["hermit:OverwhelmingPower","hermit:Dissolve","hermit:Reprieve"],"picked":"SKIP","floor":49}],"player_experience":373470,"relics_obtained":[{"floor":6,"key":"CaptainsWheel"},{"floor":7,"key":"Pear"},{"floor":8,"key":"Darkstone Periapt"},{"floor":9,"key":"Replay:Bottled Snecko"},{"floor":11,"key":"The Courier"},{"floor":14,"key":"infinitespire:CursedDice"},{"floor":25,"key":"Replay:Rubber Ducky"},{"floor":26,"key":"WingedGreaves"},{"floor":27,"key":"Torii"},{"floor":28,"key":"Golden Egg"},{"floor":31,"key":"Replay:Mystery Machine"},{"floor":40,"key":"hubris:SlimyHat"},{"floor":44,"key":"hermit:RyeStalk"},{"floor":45,"key":"Blue Candle"},{"floor":46,"key":"infinitespire:Joker Card"},{"floor":49,"key":"infinitespire:WardingShard"}],"event_choices":[{"damage_healed":0,"gold_gain":0,"player_choice":"Cursed","damage_taken":0,"max_hp_gain":0,"max_hp_loss":0,"event_name":"Wheel of Change","floor":5,"gold_loss":0,"cards_obtained":["Decay"]},{"damage_healed":0,"gold_gain":0,"player_choice":"Memory 1","damage_taken":0,"max_hp_gain":0,"max_hp_loss":0,"event_name":"SensoryStone","floor":47,"gold_loss":0}],"is_beta":false,"boss_relics":[{"not_picked":["hermit:ClaspedLocket","Replay:Drink Me"],"picked":"hubris:Backtick"},{"not_picked":["Kintsugi","Snecko Heart"],"picked":"Coffee Dripper"}],"items_purged_floors":[20,39],"is_endless":false,"potions_floor_spawned":[6,8,11,12,13,21,29,31,33,35,44,49],"ascension_level":0}}