{"host":"yvb207ks1sg3cxef","time":1609600309,"event":{"mods":["2.2 Compatiblity","BaseMod","Bestiary","Colored Powertips","Minty Spire (QoL Compilation)","Permanent Neow","Quick Restart","Relic Stats","StSLib"],"gold_per_floor":[17,17,17,17,35,35,53,53,53,78,92,139,19,57,57,159,159,183,217,267,267,286,286,286,286],"floor_reached":24,"playtime":4523,"items_purged":["Strike_G"],"score":412,"play_id":"41d30113-77ed-4a73-bc4e-a6dfa066c8c0","local_time":"20210102204149","is_ascension_mode":true,"campfire_choices":[{"data":"Dagger Throw","floor":6.0,"key":"SMITH"},{"data":"Neutralize","floor":8.0,"key":"SMITH"},{"data":"Reflex","floor":15.0,"key":"SMITH"},{"data":"Calculated Gamble","floor":23,"key":"SMITH"}],"circlet_count":0,"master_deck":["AscendersBane","Strike_G","Defend_G","Defend_G","Defend_G","Defend_G","Survivor","Neutralize+1","Prepared+1","Dagger Throw+1","Blur","Dagger Spray","Reflex+1","Calculated Gamble+1","Underhanded Strike","Adrenaline","Dash+1","Leg Sweep","Underhanded Strike"],"relics":["Ring of the Snake","Bloody Idol","Ginger","CeramicFish","Omamori","Empty Cage"],"acts_visited":["Exordium","TheCity"],"potions_floor_usage":[24,24],"damage_taken":[{"damage":2.0,"enemies":"Jaw Worm","floor":1.0,"turns":4.0},{"damage":7.0,"enemies":"Small Slimes","floor":5.0,"turns":6.0},{"damage":1.0,"enemies":"Cultist","floor":7.0,"turns":3.0},{"damage":5.0,"enemies":"Gremlin Gang","floor":10.0,"turns":6.0},{"damage":0.0,"enemies":"3 Louse","floor":11.0,"turns":2.0},{"damage":13.0,"enemies":"3 Sentries","floor":12.0,"turns":11.0},{"damage":20.0,"enemies":"Lagavulin","floor":14.0,"turns":8.0},{"damage":37.0,"enemies":"The Guardian","floor":16.0,"turns":19.0},{"damage":0.0,"enemies":"Chosen","floor":18.0,"turns":6.0},{"damage":0.0,"enemies":"3 Byrds","floor":19.0,"turns":5.0},{"damage":12,"enemies":"Sentry and Sphere","floor":22,"turns":10},{"damage":54,"enemies":"Book of Stabbing","floor":24,"turns":6}],"seed_played":"-4721270504483137947","potions_obtained":[{"floor":1.0,"key":"Dexterity Potion"},{"floor":10.0,"key":"Energy Potion"},{"floor":12.0,"key":"FairyPotion"},{"floor":19.0,"key":"Explosive Potion"},{"floor":22,"key":"SteroidPotion"}],"is_trial":false,"path_per_floor":["M","?","?","?","M","R","M","R","T","M","M","E","$","E","R","B",null,"M","M","?","?","M","R","E"],"character_chosen":"THE_SILENT","items_purchased":["Underhanded Strike"],"campfire_rested":0,"item_purchase_floors":[13],"current_hp_per_floor":[57,57,62,62,55,55,54,54,54,49,49,36,36,16,16,17,53,53,53,53,53,51,51,0,0],"gold":286,"neow_bonus":"REMOVE_TWO","is_daily":false,"chose_seed":false,"campfire_upgraded":4,"win_rate":0.0,"timestamp":1609600309,"path_taken":["M","?","?","?","M","R","M","R","T","?","M","E","$","E","R","BOSS","M","?","?","?","M","R","E"],"items_purchased_type":["Card"],"build_version":"2020-12-22","purchased_purges":1,"victory":false,"max_hp_per_floor":[66,60,65,65,65,65,65,65,65,65,65,65,65,65,65,65,65,65,65,65,65,65,65,65,65],"relic_stats":{"counters":[12,86],"Bloody Idol":10,"CeramicFish":54,"Ginger":[5],"obtain_stats":[{"Golden Idol":2,"CeramicFish":12,"Bloody Idol":21,"Omamori":14,"Ginger":9,"Empty Cage":17,"Ring of the Snake":0},{"Golden Idol":1,"CeramicFish":6,"Bloody Idol":10,"Omamori":7,"Ginger":3,"Empty Cage":8,"Ring of the Snake":0},{"Golden Idol":4,"CeramicFish":32,"Bloody Idol":70,"Omamori":40,"Ginger":13,"Empty Cage":59,"Ring of the Snake":0}],"Ring of the Snake":[24]},"card_choices":[{"not_picked":["Expertise","Cloak And Dagger"],"picked":"Prepared","floor":1.0},{"not_picked":["A Thousand Cuts","Backflip"],"picked":"Dagger Throw","floor":5.0},{"not_picked":["Blade Dance","Flying Knee"],"picked":"Blur","floor":7.0},{"not_picked":["PiercingWail","Outmaneuver"],"picked":"Dagger Spray","floor":10.0},{"not_picked":["Flying Knee","Burst"],"picked":"Reflex","floor":11.0},{"not_picked":["Outmaneuver","Deflect"],"picked":"Calculated Gamble","floor":12.0},{"not_picked":["Dagger Spray","Bane","Cloak And Dagger"],"picked":"SKIP","floor":14.0},{"not_picked":["A Thousand Cuts","Storm of Steel"],"picked":"Adrenaline","floor":16.0},{"not_picked":["PiercingWail","Blade Dance"],"picked":"Dash+1","floor":18.0},{"not_picked":["Bane","Dagger Throw"],"picked":"Leg Sweep","floor":19.0},{"not_picked":["Sucker Punch","Cloak And Dagger+1"],"picked":"Underhanded Strike","floor":22}],"player_experience":282992,"relics_obtained":[{"floor":9.0,"key":"Ginger"},{"floor":12.0,"key":"CeramicFish"},{"floor":14.0,"key":"Omamori"}],"event_choices":[{"damage_healed":0.0,"max_hp_gain":0.0,"max_hp_loss":6.0,"gold_gain":0.0,"event_name":"Golden Idol","player_choice":"Lose Max HP","floor":2.0,"gold_loss":0.0,"damage_taken":0.0,"relics_obtained":["Golden Idol"]},{"damage_healed":0.0,"max_hp_gain":5.0,"max_hp_loss":0.0,"gold_gain":0.0,"event_name":"Big Fish","player_choice":"Donut","floor":3.0,"gold_loss":0.0,"damage_taken":0.0},{"damage_healed":0.0,"max_hp_gain":0.0,"max_hp_loss":0.0,"gold_gain":0.0,"event_name":"Accursed Blacksmith","player_choice":"Forge","floor":4.0,"gold_loss":0.0,"damage_taken":0.0,"cards_upgraded":["Prepared"]},{"damage_healed":0.0,"max_hp_gain":0.0,"max_hp_loss":0.0,"gold_gain":50.0,"event_name":"Nest","player_choice":"Stole From Cult","floor":20.0,"gold_loss":0.0,"damage_taken":0.0},{"damage_healed":0.0,"max_hp_gain":0.0,"max_hp_loss":0.0,"gold_gain":0.0,"event_name":"Forgotten Altar","player_choice":"Gave Idol","floor":21.0,"relics_lost":["Golden Idol"],"gold_loss":0.0,"damage_taken":0.0,"relics_obtained":["Bloody Idol"]}],"is_beta":false,"boss_relics":[{"not_picked":["Busted Crown","Coffee Dripper"],"picked":"Empty Cage"}],"items_purged_floors":[13],"is_endless":false,"potions_floor_spawned":[1,10,11,12,19,22],"killed_by":"Book of Stabbing","ascension_level":20}}