{"host":"5dk97cf2ubw2v967","time":1609559175,"event":{"mods":["AlwaysNeverKeys","BaseMod","Better Altar","Better Vampires","Block Reminder","Colored Powertips","Downfall","Googly Eyes","Highlight Path","Minty Spire (QoL Compilation)","Permanent Neow","Potion Indicator Mod","Quick Restart","Relic Filter","Relic Stats","Say the Spire","Spicy Shops","StSLib","Waifu the Spire","everything is the same but u backflip on backflip"],"gold_per_floor":[110,110,35,53,53,53,10,40,90,152,164,176,188,234,246,258,258],"floor_reached":16,"playtime":509,"items_purged":["Strike_R"],"score":208,"play_id":"5e624641-801e-4e87-b5af-a60fa9134a3c","local_time":"20210102034615","is_ascension_mode":true,"campfire_choices":[{"data":"Double Tap","floor":6,"key":"SMITH"},{"floor":11,"key":"REST"},{"data":"Defend_R","floor":13,"key":"PURGE"},{"floor":15,"key":"REST"}],"circlet_count":0,"master_deck":["AscendersBane","Strike_R","Strike_R","Strike_R","Defend_R","Defend_R","Bash","Double Tap+1","Battle Trance","Iron Wave","Inflame","Seeing Red","Rage","Battle Trance"],"relics":["Burning Blood","MealTicket","Peace Pipe","MawBank","Mango","Pen Nib"],"acts_visited":["Exordium"],"potions_floor_usage":[8],"damage_taken":[{"damage":6,"enemies":"2 Louse","floor":1,"turns":3},{"damage":9,"enemies":"Jaw Worm","floor":4,"turns":4},{"damage":8,"enemies":"Lagavulin","floor":8,"turns":5},{"damage":34,"enemies":"Gremlin Nob","floor":10,"turns":4},{"damage":47,"enemies":"3 Sentries","floor":14,"turns":12},{"damage":17,"enemies":"Hexaghost","floor":16,"turns":7}],"seed_played":"-492360651004088892","potions_obtained":[{"floor":1,"key":"HeartOfIron"}],"is_trial":false,"path_per_floor":["M","?","$","M","?","R","$","E","T","?","R","?","R","E","R","B"],"character_chosen":"IRONCLAD","items_purchased":["Inflame"],"campfire_rested":2,"item_purchase_floors":[7],"current_hp_per_floor":[68,68,68,65,58,58,58,56,56,28,48,51,51,10,34,17,17],"gold":258,"neow_bonus":"THREE_RARE_CARDS","is_daily":false,"chose_seed":false,"campfire_upgraded":1,"win_rate":0.0,"timestamp":1609559175,"path_taken":["M","?","$","M","?","R","$","E","T","?","R","?","R","E","R","BOSS"],"items_purchased_type":["Card"],"build_version":"2020-12-22","purchased_purges":1,"victory":false,"max_hp_per_floor":[68,68,68,68,68,68,68,68,68,68,68,82,82,82,82,82,82],"relic_stats":{"Peace Pipe":1,"counters":[6,35],"MealTicket":0,"Pen Nib":[1],"MawBank":72,"obtain_stats":[{"Peace Pipe":9,"MealTicket":8,"Mango":12,"Pen Nib":14,"MawBank":10,"Burning Blood":0},{"Peace Pipe":3,"MealTicket":3,"Mango":4,"Pen Nib":5,"MawBank":3,"Burning Blood":0},{"Peace Pipe":12,"MealTicket":12,"Mango":16,"Pen Nib":28,"MawBank":12,"Burning Blood":0}],"Burning Blood":30},"card_choices":[{"not_picked":["Brutality","Offering"],"picked":"Double Tap","floor":0},{"not_picked":["Heavy Blade","Pummel"],"picked":"Battle Trance","floor":1},{"not_picked":["Sword Boomerang","Armaments"],"picked":"Iron Wave","floor":4},{"not_picked":["Anger","Sever Soul"],"picked":"Seeing Red","floor":8},{"not_picked":["Second Wind","Armaments"],"picked":"Rage","floor":10},{"not_picked":["Entrench","Pommel Strike"],"picked":"Battle Trance","floor":14}],"player_experience":1277030,"relics_obtained":[{"floor":8,"key":"MealTicket"},{"floor":9,"key":"Peace Pipe"},{"floor":14,"key":"Pen Nib"}],"event_choices":[{"cards_removed":["Defend_R"],"damage_healed":0,"gold_gain":0,"player_choice":"Forget","damage_taken":0,"max_hp_gain":0,"max_hp_loss":0,"event_name":"Living Wall","floor":2,"gold_loss":0},{"cards_removed":["Strike_R"],"damage_healed":0,"gold_gain":0,"player_choice":"Card Removal","damage_taken":7,"max_hp_gain":0,"max_hp_loss":0,"event_name":"Golden Wing","floor":5,"gold_loss":0},{"damage_healed":0,"gold_gain":0,"player_choice":"Searched \u00273\u0027 times","damage_taken":0,"relics_obtained":["MawBank"],"max_hp_gain":0,"max_hp_loss":0,"event_name":"Dead Adventurer","floor":10,"gold_loss":0},{"damage_healed":0,"gold_gain":0,"player_choice":"Success","damage_taken":11,"relics_obtained":["Mango"],"max_hp_gain":0,"max_hp_loss":0,"event_name":"Scrap Ooze","floor":12,"gold_loss":0}],"is_beta":false,"boss_relics":[],"items_purged_floors":[3],"is_endless":false,"potions_floor_spawned":[1],"killed_by":"Hexaghost","ascension_level":20}}