{"host":"k85tjwrh7mjrrc9a","time":1609624559,"event":{"mods":["AchievementEnabler","BaseMod","Colored Powertips","Highlight Path","Minty Spire (QoL Compilation)","Rare Cards Sparkle","StSLib"],"gold_per_floor":[115,127,127,139,314,314,73,86,86,86,86,101,128,139,139,238,238,251,201,201,201,215,215,241,241,286,286,299,325,325,325,325,425,425,436,453,464,162,162,189,208,208,208,208,208,7,35,35,35,35],"floor_reached":51,"playtime":3279,"items_purged":["Doubt","Parasite","Strike_B"],"score":751,"play_id":"2b9447fd-f0d1-4bd0-b363-d8c1ecb83278","local_time":"20210102165559","is_ascension_mode":true,"campfire_choices":[{"data":"Zap","floor":6,"key":"SMITH"},{"data":"Apotheosis","floor":10,"key":"SMITH"},{"data":"Reinforced Body","floor":15,"key":"SMITH"},{"data":"Hologram","floor":23,"key":"SMITH"},{"floor":25,"key":"REST"},{"data":"Machine Learning","floor":32,"key":"SMITH"},{"data":"Sunder","floor":42,"key":"SMITH"},{"data":"Dualcast","floor":44,"key":"SMITH"},{"data":"1","floor":49,"key":"LIFT"}],"circlet_count":0,"master_deck":["Strike_B+1","Strike_B+1","Defend_B","Defend_B","Defend_B","Defend_B","Zap+1","Dualcast+1","Conserve Battery","Compile Driver","Reinforced Body+1","Apotheosis+1","Sweeping Beam","Lockon","Go for the Eyes","Steam","Machine Learning+1","Hologram+1","Sunder+1","Conserve Battery+1","Sweeping Beam","Redo+1","Capacitor+1"],"relics":["Cracked Core","Meat on the Bone","Eternal Feather","Philosopher\u0027s Stone","Juzu Bracelet","HornCleat","Smiling Mask","Singing Bowl","Nuclear Battery","Sundial","Whetstone","Gremlin Horn","ClockworkSouvenir","Girya"],"acts_visited":["Exordium","TheCity","TheBeyond"],"potions_floor_usage":[13,16,29,29,40,50],"damage_taken":[{"damage":8,"enemies":"Jaw Worm","floor":1,"turns":3},{"damage":4,"enemies":"Small Slimes","floor":2,"turns":3},{"damage":0,"enemies":"2 Louse","floor":4,"turns":2},{"damage":1,"enemies":"Red Slaver","floor":8,"turns":4},{"damage":0,"enemies":"Looter","floor":12,"turns":3},{"damage":12,"enemies":"Lagavulin","floor":13,"turns":6},{"damage":8,"enemies":"Lots of Slimes","floor":14,"turns":3},{"damage":25,"enemies":"Slime Boss","floor":16,"turns":7},{"damage":36,"enemies":"3 Byrds","floor":18,"turns":5},{"damage":8,"enemies":"Shell Parasite","floor":22,"turns":6},{"damage":19,"enemies":"Book of Stabbing","floor":24,"turns":6},{"damage":6,"enemies":"3 Cultists","floor":28,"turns":5},{"damage":21,"enemies":"Slavers","floor":29,"turns":5},{"damage":58,"enemies":"Automaton","floor":33,"turns":13},{"damage":0,"enemies":"3 Shapes","floor":35,"turns":3},{"damage":11,"enemies":"Orb Walker","floor":36,"turns":3},{"damage":14,"enemies":"Writhing Mass","floor":37,"turns":5},{"damage":15,"enemies":"Reptomancer","floor":40,"turns":8},{"damage":24,"enemies":"Jaw Worm Horde","floor":41,"turns":5},{"damage":49,"enemies":"Giant Head","floor":47,"turns":12},{"damage":66,"enemies":"Awakened One","floor":50,"turns":15}],"seed_played":"4268799536586638382","potions_obtained":[{"floor":4,"key":"DuplicationPotion"},{"floor":12,"key":"CultistPotion"},{"floor":14,"key":"Fire Potion"},{"floor":22,"key":"Fire Potion"},{"floor":28,"key":"LiquidBronze"},{"floor":29,"key":"LiquidBronze"},{"floor":35,"key":"SteroidPotion"}],"is_trial":false,"path_per_floor":["M","M","?","M","?","R","$","M","T","R","?","M","E","M","R","B",null,"M","$","?","?","M","R","E","R","T","?","M","E","?","?","R","B",null,"M","M","M","$","?","E","M","R","T","R","?","$","E","?","R","B",null],"character_chosen":"DEFECT","items_purchased":["Apotheosis","Hologram","Sundial","ClockworkSouvenir"],"campfire_rested":1,"item_purchase_floors":[7,19,38,46],"current_hp_per_floor":[74,70,70,70,70,70,70,69,69,69,69,69,57,49,58,45,82,46,46,46,46,50,62,43,79,79,79,73,54,54,54,66,22,86,88,79,65,65,67,54,44,56,56,68,68,68,33,83,83,29],"gold":35,"neow_bonus":"TEN_PERCENT_HP_BONUS","is_daily":false,"chose_seed":false,"campfire_upgraded":7,"win_rate":0.0,"timestamp":1609624559,"path_taken":["M","M","?","M","?","R","$","M","T","R","?","M","E","M","R","BOSS","M","$","?","?","M","R","E","R","T","?","M","E","?","?","R","BOSS","M","M","M","$","?","E","M","R","T","R","?","$","E","?","R","BOSS"],"items_purchased_type":["Card","Card","Relic","Relic"],"build_version":"2020-12-22","purchased_purges":3,"victory":true,"max_hp_per_floor":[82,82,82,82,82,82,82,82,82,82,82,82,82,82,82,82,82,82,82,82,82,82,82,82,82,82,82,82,84,84,84,84,86,86,88,90,90,87,89,91,93,93,93,93,93,93,95,83,83,83],"card_choices":[{"not_picked":["Rebound","Turbo"],"picked":"Conserve Battery","floor":1},{"not_picked":["Hologram","Steam"],"picked":"Compile Driver","floor":2},{"not_picked":["Gash","Storm"],"picked":"Reinforced Body","floor":4},{"not_picked":["Leap","Cold Snap"],"picked":"Sweeping Beam","floor":8},{"not_picked":["FTL","Beam Cell"],"picked":"Lockon","floor":12},{"not_picked":["Coolheaded","Stack"],"picked":"Go for the Eyes","floor":13},{"not_picked":["Barrage","Defragment"],"picked":"Steam","floor":14},{"not_picked":["Meteor Strike","Thunder Strike"],"picked":"Machine Learning","floor":16},{"not_picked":["Leap","Steam Power","Static Discharge"],"picked":"SKIP","floor":18},{"not_picked":["Darkness","Go for the Eyes"],"picked":"Sunder","floor":22},{"not_picked":["Glacier+1","Steam"],"picked":"Conserve Battery+1","floor":24},{"not_picked":["Aggregate","Creative AI"],"picked":"Redo+1","floor":28},{"not_picked":["Chill","Gash","Go for the Eyes"],"picked":"Singing Bowl","floor":29},{"not_picked":["Electrodynamics","Machine Learning","Meteor Strike"],"picked":"Singing Bowl","floor":33},{"not_picked":["Barrage+1","Leap","Streamline+1"],"picked":"Singing Bowl","floor":35},{"not_picked":["Conserve Battery+1","Reinforced Body+1","Rebound"],"picked":"Singing Bowl","floor":36},{"not_picked":["Hologram","Hello World+1"],"picked":"Capacitor+1","floor":37},{"not_picked":["Deep Breath","Panache","Dramatic Entrance"],"picked":"Singing Bowl","floor":39},{"not_picked":["Hologram+1","Recycle+1","Beam Cell+1"],"picked":"Singing Bowl","floor":40},{"not_picked":["Beam Cell","Leap+1","Barrage"],"picked":"Singing Bowl","floor":41},{"not_picked":["Biased Cognition","Genetic Algorithm","Reinforced Body"],"picked":"Singing Bowl","floor":47}],"player_experience":123478,"relics_obtained":[{"floor":9,"key":"Meat on the Bone"},{"floor":13,"key":"Eternal Feather"},{"floor":24,"key":"HornCleat"},{"floor":26,"key":"Smiling Mask"},{"floor":29,"key":"Singing Bowl"},{"floor":40,"key":"Whetstone"},{"floor":43,"key":"Gremlin Horn"},{"floor":47,"key":"Girya"}],"event_choices":[{"damage_healed":0,"gold_gain":0,"player_choice":"Leave","damage_taken":0,"max_hp_gain":0,"max_hp_loss":0,"event_name":"The Cleric","floor":3,"gold_loss":0},{"damage_healed":0,"gold_gain":175,"player_choice":"AGREE","damage_taken":0,"max_hp_gain":0,"max_hp_loss":0,"event_name":"Liars Game","floor":5,"gold_loss":0,"cards_obtained":["Doubt"]},{"cards_removed":["Strike_B"],"damage_healed":0,"gold_gain":0,"player_choice":"Offered Basic","damage_taken":0,"max_hp_gain":0,"max_hp_loss":0,"event_name":"Bonfire Elementals","floor":11,"gold_loss":0},{"damage_healed":0,"gold_gain":0,"player_choice":"Opened","damage_taken":0,"relics_obtained":["Juzu Bracelet"],"max_hp_gain":0,"max_hp_loss":0,"event_name":"The Mausoleum","floor":20,"gold_loss":0},{"damage_healed":0,"gold_gain":0,"player_choice":"Smashed Altar","damage_taken":0,"max_hp_gain":0,"max_hp_loss":0,"event_name":"Forgotten Altar","floor":21,"gold_loss":0,"cards_obtained":["Decay"]},{"damage_healed":0,"gold_gain":0,"player_choice":"Copied","damage_taken":0,"max_hp_gain":0,"max_hp_loss":0,"event_name":"Duplicator","floor":27,"gold_loss":0,"cards_obtained":["Sweeping Beam"]},{"cards_removed":["Decay"],"damage_healed":0,"gold_gain":0,"player_choice":"Elegance","damage_taken":0,"max_hp_gain":0,"max_hp_loss":0,"event_name":"Back to Basics","floor":30,"gold_loss":0},{"damage_healed":0,"gold_gain":0,"player_choice":"Ignored","damage_taken":0,"max_hp_gain":0,"max_hp_loss":0,"event_name":"Ghosts","floor":31,"gold_loss":0},{"damage_healed":0,"gold_gain":0,"player_choice":"Memory 1","damage_taken":0,"max_hp_gain":0,"max_hp_loss":0,"event_name":"SensoryStone","floor":39,"gold_loss":0},{"damage_healed":0,"gold_gain":0,"player_choice":"Ignored","damage_taken":0,"max_hp_gain":0,"max_hp_loss":0,"event_name":"Tomb of Lord Red Mask","floor":45,"gold_loss":0},{"damage_healed":83,"gold_gain":0,"player_choice":"Heal","damage_taken":0,"max_hp_gain":0,"max_hp_loss":12,"event_name":"The Moai Head","floor":48,"gold_loss":0}],"is_beta":false,"boss_relics":[{"not_picked":["Velvet Choker","Coffee Dripper"],"picked":"Philosopher\u0027s Stone"},{"not_picked":["SacredBark","Snecko Eye"],"picked":"Nuclear Battery"}],"items_purged_floors":[7,38,46],"is_endless":false,"potions_floor_spawned":[4,12,14,22,28,29,35],"ascension_level":1}}