{"host":"tva948ojjycf0txh","time":1609566624,"event":{"mods":["BaseMod","Minty Spire (QoL Compilation)","Replay The Spire","StSLib"],"gold_per_floor":[114,114,26,38,51,51,21,77,100,100,100,100,113,130,130,228,228,238,238,238,257,257,257,50,50,50,50,69,87,87,87,87],"floor_reached":31,"playtime":4916,"items_purged":["Decay"],"score":248,"play_id":"551e15cc-2b10-413a-bac5-38a33563029a","local_time":"20210102135024","is_ascension_mode":false,"campfire_choices":[{"data":"Calculated Gamble","floor":6,"key":"SMITH"},{"data":"Bane","floor":10,"key":"SMITH"},{"floor":11,"key":"REST"},{"floor":15,"key":"REST"},{"floor":23,"key":"REST"},{"data":"Mind Blast","floor":25,"key":"SMITH"},{"floor":27,"key":"REST"},{"floor":30,"key":"REST"}],"circlet_count":0,"master_deck":["Strike_G","Strike_G","Strike_G","Defend_G","Defend_G","Defend_G","Defend_G","Survivor","Neutralize","Bane+1","Fluid Movement","Dash","Calculated Gamble+1","Distraction","Sneak Up","Deadly Poison","Malaise","Masterful Stab","Unload","Parasite","Backstab+1","RitualDagger","Flying Knee","Slice","Poisoned Stab+1","ReplayTheSpireMod:Tripwire","ReplayTheSpireMod:Tripwire","Blade Dance","Caltrops","Mind Blast+1","Languid","Poison Darts","Envenom","ReplayTheSpireMod:Tripwire","Blur"],"relics":["Runic Pyramid","WingedGreaves","Replay:Bottled Snecko","Pet Ghost","Replay:Ancient Bell","Blue Doll","Replay:Bottled Flurry","Replay:PocketPolymizer","BargainBundle"],"acts_visited":["Exordium","TheCity"],"potions_floor_usage":[16,16,16,28,31,31],"damage_taken":[{"damage":0,"enemies":"2 Louse","floor":1,"turns":3},{"damage":1,"enemies":"Cultist","floor":4,"turns":5},{"damage":3,"enemies":"Jaw Worm","floor":5,"turns":3},{"damage":0,"enemies":"Looter","floor":7,"turns":4},{"damage":46,"enemies":"Gremlin Nob","floor":8,"turns":6},{"damage":1,"enemies":"Large Slime","floor":13,"turns":4},{"damage":4,"enemies":"2 Fungi Beasts","floor":14,"turns":4},{"damage":13,"enemies":"The Guardian","floor":16,"turns":8},{"damage":0,"enemies":"Shell Parasite","floor":18,"turns":6},{"damage":42,"enemies":"3 Byrds","floor":21,"turns":8},{"damage":25,"enemies":"Sentry and Sphere","floor":28,"turns":6},{"damage":18,"enemies":"Shelled Parasite and Fungi","floor":29,"turns":6},{"damage":34,"enemies":"Chosen and Byrds","floor":31,"turns":6}],"seed_played":"8774670817521806698","potions_obtained":[{"floor":8,"key":"Adrenaline Potion"},{"floor":13,"key":"Poison Potion"},{"floor":14,"key":"SpeedPotion"},{"floor":16,"key":"ColorlessPotion"},{"floor":18,"key":"EssenceOfSteel"},{"floor":28,"key":"ColorlessPotion"},{"floor":29,"key":"SkillPotion"}],"is_trial":false,"path_per_floor":["M","?","$","M","M","R","M","?","T","R","R","?","M","M","R","B",null,"M","?","?","M","?","R","$","R","T","R","M","M","R","M"],"character_chosen":"THE_SILENT","items_purchased":["Bane","Fluid Movement","BargainBundle","Slice","Poisoned Stab+1","ReplayTheSpireMod:Tripwire","Blade Dance","Caltrops","Mind Blast","Fire Potion"],"campfire_rested":5,"item_purchase_floors":[3,3,24,24,24,24,24,24,24,24],"current_hp_per_floor":[70,70,70,69,66,66,66,20,20,20,41,41,40,36,57,44,70,70,67,61,19,19,39,39,39,39,58,33,15,34,0,0],"gold":87,"neow_bonus":"BOSS_RELIC","is_daily":false,"chose_seed":false,"campfire_upgraded":3,"win_rate":0.0,"timestamp":1609566624,"path_taken":["M","?","?","M","?","R","M","?","T","R","R","?","?","M","R","BOSS","M","?","?","M","?","R","$","R","T","R","M","M","R","M"],"items_purchased_type":["Card","Card","Relic","Card","Card","Card","Card","Card","Card","Potion"],"build_version":"2020-12-22","purchased_purges":1,"victory":false,"max_hp_per_floor":[70,70,70,70,70,70,70,70,70,70,70,70,70,70,70,70,70,70,67,67,67,67,67,67,64,64,64,64,64,64,64,64],"card_choices":[{"not_picked":["Sucker Punch","Slice"],"picked":"Blade Dance","floor":1},{"not_picked":["Noxious Fumes","Sucker Punch"],"picked":"Dash","floor":4},{"not_picked":["Dagger Throw","Underhanded Strike"],"picked":"Calculated Gamble","floor":5},{"not_picked":["Footwork","Escape Plan"],"picked":"Distraction","floor":7},{"not_picked":["Hidden Blade","Crippling Poison"],"picked":"Sneak Up","floor":8},{"not_picked":["Dodge and Roll","Backflip"],"picked":"Malaise","floor":13},{"not_picked":["Well Laid Plans","Deflect"],"picked":"Masterful Stab","floor":14},{"not_picked":["Doppelganger","ReplayTheSpireMod:From All Sides"],"picked":"Unload","floor":16},{"not_picked":["Regret","ReplayTheSpireMod:IOU"],"picked":"Parasite","floor":17},{"not_picked":["ReplayTheSpireMod:IOU","Amnesia"],"picked":"Parasite","floor":17},{"not_picked":["Normality","Looming Evil"],"picked":"Parasite","floor":17},{"not_picked":["Backflip","Hidden Blade"],"picked":"Backstab+1","floor":18},{"not_picked":["Blade Dance","ReplayTheSpireMod:Shiv Toss"],"picked":"Flying Knee","floor":21},{"not_picked":["ReplayTheSpireMod:Tripwire","Bane"],"picked":"Envenom","floor":28},{"not_picked":["Sucker Punch","Quick Slash"],"picked":"ReplayTheSpireMod:Tripwire","floor":29}],"player_experience":25443,"relics_obtained":[{"floor":8,"key":"Replay:Bottled Snecko"},{"floor":9,"key":"Pet Ghost"}],"event_choices":[{"cards_removed":["Blade Dance"],"damage_healed":0,"gold_gain":0,"player_choice":"Gave Card","damage_taken":0,"relics_obtained":["WingedGreaves"],"max_hp_gain":0,"max_hp_loss":0,"event_name":"WeMeetAgain","floor":2,"gold_loss":0},{"damage_healed":0,"gold_gain":0,"player_choice":"Searched \u00271\u0027 times","damage_taken":0,"max_hp_gain":0,"max_hp_loss":0,"event_name":"Dead Adventurer","floor":8,"gold_loss":0},{"damage_healed":0,"gold_gain":0,"cards_transformed":["Defend_G"],"player_choice":"Transformed","damage_taken":0,"max_hp_gain":0,"max_hp_loss":0,"event_name":"Transmorgrifier","floor":12,"gold_loss":0,"cards_obtained":["Deadly Poison"]},{"cards_removed":["Parasite"],"damage_healed":0,"gold_gain":0,"player_choice":"Elegance","damage_taken":0,"max_hp_gain":0,"max_hp_loss":0,"event_name":"Back to Basics","floor":19,"gold_loss":0},{"damage_healed":0,"gold_gain":0,"player_choice":"Joined the Cult","damage_taken":6,"max_hp_gain":0,"max_hp_loss":0,"event_name":"Nest","floor":20,"gold_loss":0,"cards_obtained":["RitualDagger"]},{"damage_healed":0,"gold_gain":0,"player_choice":"Smashed Altar","damage_taken":0,"max_hp_gain":0,"max_hp_loss":0,"event_name":"Forgotten Altar","floor":22,"gold_loss":0,"cards_obtained":["Decay"]}],"is_beta":false,"boss_relics":[{"not_picked":["Fusion Hammer","Tiny House"],"picked":"Replay:Ancient Bell"},{"not_picked":["ReplayFunnel","Bag of Marbles"],"picked":"Blue Doll"},{"not_picked":["Eternal Feather","Darkstone Periapt"],"picked":"Replay:Bottled Flurry"},{"not_picked":["Replay:Arrowhead","Unceasing Top"],"picked":"Replay:PocketPolymizer"}],"items_purged_floors":[24],"is_endless":false,"potions_floor_spawned":[8,13,14,16,18,28,29],"killed_by":"Chosen and Byrds","ascension_level":0}}