{"host":"nox","time":1609610747,"event":{"mods":["Act Like it!","Aspiration","BaseMod","Better Altar","Better Match","Better Note","Better Sensory Stone","Better Skull","Better Third Choice","BetterRewards","Colored Powertips","Conspire","Energized Spire","GifTheSpireLib","Hubris","Infinite Spire","Minty Spire (QoL Compilation)","Pale of the Ancients","Quick Restart","Rare Cards Sparkle","Replay The Spire","Shop Mod","Spikes Relics","StSLib","Stuff the Spire","SuperFastMode","The Alterego","vexMod"],"gold_per_floor":[114,130,130,148,148,182,182,214,237,237,42,42,72,85,85,185,135,146,146,162,162,182,214,230,230,279,307,307,321,321,175,175,273,273,291,118,118,133,147,181,198,198,198,213,62,62,62,78,78,78,78],"floor_reached":50,"playtime":1499,"items_purged":[],"score":933,"play_id":"effdd438-bc3e-48e8-900c-f9f802a5f980","local_time":"20210103010547","is_ascension_mode":true,"campfire_choices":[{"data":"Perfected Strike","floor":7.0,"key":"SMITH"},{"data":"Perfected Strike","floor":12.0,"key":"SMITH"},{"floor":25.0,"key":"REST"},{"data":"Perfected Strike","floor":30.0,"key":"SMITH"},{"floor":32.0,"key":"REST"},{"floor":42.0,"key":"REST"},{"floor":49.0,"key":"REST"}],"circlet_count":0,"master_deck":["AscendersBane","Strike_R","Strike_R","Strike_R","Strike_R","Strike_R","Defend_R","Defend_R","Defend_R","Defend_R","Bash","Twin Strike","Inflame+1","Cleave+1","Perfected Strike+1","Perfected Strike+1","Demonic Infusion","Strike_R","infinitespire:FutureSight","Perfected Strike","Perfected Strike+1","Pot Of Greed","Pot Of Greed","Berserk","ReplayTheSpireMod:Brewmster","Berserk","Pot Of Greed","hubris:StunningStrike","Twin Strike+1","Madness","Madness","Sword Boomerang+1"],"relics":["Burning Blood","aspiration:Nostalgia","Cracked Core","vexMod:InvisibilityCloak","Another Sword","Strawberry","ClockworkSouvenir","MiniBlackHole","energizedSpire:HugeHouse","infinitespire:Broken Mirror","Grinning Jar","ReplayTheSpireMod:Spearhead","vexMod:Cooldron","StuffTheSpire:Kangaroo","RetroEgg","conspire:TopHat","Pen Nib"],"acts_visited":["Exordium","TheCity","TheBeyond"],"potions_floor_usage":[50,50,50,50,50,50,50,50,50,50,50,50],"damage_taken":[{"damage":1.0,"enemies":"Cultist","floor":1.0,"turns":3.0},{"damage":0.0,"enemies":"Small Slimes","floor":2.0,"turns":3.0},{"damage":9.0,"enemies":"Jaw Worm","floor":4.0,"turns":3.0},{"damage":20.0,"enemies":"Gremlin Nob","floor":6.0,"turns":4.0},{"damage":25.0,"enemies":"3 Sentries","floor":8.0,"turns":7.0},{"damage":23.0,"enemies":"Lagavulin","floor":13.0,"turns":4.0},{"damage":0.0,"enemies":"Blue Slaver","floor":14.0,"turns":1.0},{"damage":0.0,"enemies":"Slime Boss","floor":16.0,"turns":6.0},{"damage":5.0,"enemies":"Chosen","floor":18.0,"turns":3.0},{"damage":0.0,"enemies":"Shell Parasite","floor":20.0,"turns":2.0},{"damage":29.0,"enemies":"Centurion and Healer","floor":22.0,"turns":4.0},{"damage":29.0,"enemies":"conspire:SneckoGhost","floor":23.0,"turns":4.0},{"damage":21.0,"enemies":"Snake Plant","floor":24.0,"turns":2.0},{"damage":15.0,"enemies":"Gremlin Leader","floor":27.0,"turns":4.0},{"damage":1.0,"enemies":"Sentry and Sphere","floor":29.0,"turns":3.0},{"damage":25.0,"enemies":"Champ","floor":33.0,"turns":5.0},{"damage":6.0,"enemies":"3 Shapes","floor":35.0,"turns":3.0},{"damage":10.0,"enemies":"Orb Walker","floor":38.0,"turns":2.0},{"damage":38.0,"enemies":"3 Darklings","floor":39.0,"turns":7.0},{"damage":15.0,"enemies":"Nemesis","floor":40.0,"turns":3.0},{"damage":0.0,"enemies":"Transient","floor":41.0,"turns":5.0},{"damage":0.0,"enemies":"Jaw Worm Horde","floor":44.0,"turns":2.0},{"damage":44.0,"enemies":"4 Shapes","floor":48.0,"turns":3.0},{"damage":72,"enemies":"hubris:GrandSnecko","floor":50,"turns":7}],"seed_played":"-8232892624942946910","potions_obtained":[{"floor":1.0,"key":"Flashbang"},{"floor":4.0,"key":"Toxic Potion"},{"floor":14.0,"key":"Reflective Coating"},{"floor":16.0,"key":"Dexterity Potion"},{"floor":18.0,"key":"Strength Potion"},{"floor":22.0,"key":"ColorlessPotion"},{"floor":39.0,"key":"EntropicBrew"},{"floor":40.0,"key":"EntropicBrew"}],"is_trial":false,"path_per_floor":["M","M","?","M","T","E","R","E","T","?","$","R","E","M","R","B",null,"M","?","M","?","M","E","M","R","T","E","$","M","R","$","R","B",null,"M","$","?","M","M","E","M","R","T","M","$","?","$","M","R","B"],"character_chosen":"IRONCLAD","items_purchased":["ClockworkSouvenir","Perfected Strike","vexMod:Cooldron","ReplayTheSpireMod:Brewmster","Pen Nib"],"campfire_rested":4,"item_purchase_floors":[11,11,31,36,45],"current_hp_per_floor":[77,80,80,77,77,63,63,44,51,30,30,30,13,19,45,51,74,75,82,82,82,59,36,21,45,45,36,36,41,41,41,65,46,73,73,73,73,69,37,28,34,58,58,64,64,54,54,16,40,0,0],"gold":78,"neow_bonus":"NOSTALGIA","is_daily":false,"chose_seed":false,"campfire_upgraded":3,"win_rate":0.0,"timestamp":1609610747,"path_taken":["M","?","?","M","?","E","R","E","T","?","$","R","E","M","R","BOSS","M","?","M","?","M","E","M","R","T","E","$","?","R","?","R","BOSS","M","?","?","M","M","E","M","R","T","M","$","?","$","M","R","BOSS"],"items_purchased_type":["Relic","Card","Relic","Card","Relic"],"build_version":"2020-11-17","purchased_purges":0,"victory":false,"max_hp_per_floor":[80,80,80,80,80,80,80,80,87,87,87,87,87,87,87,87,82,82,82,82,82,82,82,82,82,82,82,82,82,82,82,82,82,82,82,82,82,82,82,82,82,82,82,82,82,82,82,82,82,82,82],"card_choices":[{"not_picked":["Run Through","Seeing Red"],"picked":"Twin Strike","floor":1.0},{"not_picked":["True Grit","Pommel Strike"],"picked":"Inflame","floor":2.0},{"not_picked":["StuffTheSpire:Slingshot","Metallicize"],"picked":"Cleave","floor":4.0},{"not_picked":["hubris:ReadiedAction","Clothesline"],"picked":"Perfected Strike","floor":6.0},{"not_picked":["Hemokinesis","Juggernaut","Replay:Undeath\u0027s Touch"],"picked":"SKIP","floor":8.0},{"not_picked":["infinitespire:Execution","hubris:Rewind"],"picked":"infinitespire:Fortify","floor":10.0},{"not_picked":["Barricade","StuffTheSpire:RockThrow","Clothesline"],"picked":"SKIP","floor":13.0},{"not_picked":["Havoc","True Grit","Defy Death"],"picked":"SKIP","floor":14.0},{"not_picked":["Impervious","Eclipse"],"picked":"Demonic Infusion","floor":16.0},{"not_picked":["Thunderclap","Flame Barrier","Carnage+1"],"picked":"SKIP","floor":18.0},{"not_picked":["Sword Boomerang","Dark Embrace","Clash"],"picked":"SKIP","floor":20.0},{"not_picked":["Clothesline","StuffTheSpire:RockThrow+1","Iron Wave"],"picked":"SKIP","floor":22.0},{"not_picked":["Bludgeon","Body Slam+1"],"picked":"Perfected Strike","floor":23.0},{"not_picked":["Burning Pact","ReplayTheSpireMod:Strike From Hell"],"picked":"Perfected Strike","floor":24.0},{"not_picked":["Warcry","ReplayTheSpireMod:Stacked","hubris:SharpeningStone"],"picked":"SKIP","floor":27.0},{"not_picked":["Sword Boomerang","ReplayTheSpireMod:Stacked+1","ReplayTheSpireMod:Strike From Hell"],"picked":"SKIP","floor":29.0},{"not_picked":["Sword Boomerang","ReplayTheSpireMod:Stacked+1","ReplayTheSpireMod:Strike From Hell"],"picked":"SKIP","floor":29.0},{"not_picked":["Bludgeon","Demon Form"],"picked":"Berserk","floor":33.0},{"not_picked":["StuffTheSpire:BloodClot+1","ReplayTheSpireMod:Strike From Hell","Shrug It Off"],"picked":"SKIP","floor":35.0},{"not_picked":["Sentinel","ReplayTheSpireMod:Strike From Hell+1","conspire:ExplosiveBarrier"],"picked":"SKIP","floor":38.0},{"not_picked":["infinitespire:OneForAll","Replay:Undeath\u0027s Touch","Whirlwind+1"],"picked":"SKIP","floor":39.0},{"not_picked":["Body Slam","Carnage"],"picked":"hubris:StunningStrike","floor":40.0},{"not_picked":["Defy Death","Cleave","ReplayReversal"],"picked":"SKIP","floor":41.0},{"not_picked":["Uppercut","Armaments+1"],"picked":"Twin Strike+1","floor":44.0},{"not_picked":["Armaments","Havoc+1"],"picked":"Sword Boomerang+1","floor":48.0}],"player_experience":298921,"relics_obtained":[{"floor":6.0,"key":"vexMod:InvisibilityCloak"},{"floor":8.0,"key":"Another Sword"},{"floor":9.0,"key":"Strawberry"},{"floor":13.0,"key":"MiniBlackHole"},{"floor":23.0,"key":"infinitespire:Broken Mirror"},{"floor":26.0,"key":"Grinning Jar"},{"floor":27.0,"key":"ReplayTheSpireMod:Spearhead"},{"floor":40.0,"key":"RetroEgg"},{"floor":43.0,"key":"conspire:TopHat"}],"event_choices":[{"damage_healed":0.0,"max_hp_gain":0.0,"max_hp_loss":0.0,"gold_gain":0.0,"event_name":"The Woman in Blue","player_choice":"Bought 0 Potions","floor":21.0,"gold_loss":0.0,"damage_taken":0.0},{"damage_healed":0.0,"max_hp_gain":0.0,"max_hp_loss":0.0,"gold_gain":0.0,"event_name":"Winding Halls","player_choice":"Embrace Madness","floor":46.0,"gold_loss":0.0,"damage_taken":10.0,"cards_obtained":["Madness","Madness"]}],"is_beta":true,"boss_relics":[{"not_picked":["Electric Blood","vexMod:FluxCapacitor"],"picked":"energizedSpire:HugeHouse"},{"not_picked":["aspiration:BursterCore","StuffTheSpire:RunicConfusion"],"picked":"StuffTheSpire:Kangaroo"}],"items_purged_floors":[],"is_endless":false,"potions_floor_spawned":[1,4,14,16,18,22,39,40],"killed_by":"hubris:GrandSnecko","ascension_level":10}}