{"host":"hnrafgucdht3qvsp","time":1609623028,"event":{"mods":["BaseMod","Colored Map","Minty Spire (QoL Compilation)","Relic Stats","StSLib"],"gold_per_floor":[119,119,131,131,143,143,169,169,169,169,204,66,82,92,92,192,192,206,206,206,206,206],"floor_reached":21,"playtime":753,"items_purged":[],"score":196,"play_id":"ced34f67-0405-467c-b464-eeee2a6b50a4","local_time":"20210102163028","is_ascension_mode":true,"campfire_choices":[{"data":"ConjureBlade","floor":6,"key":"SMITH"},{"data":"Eruption","floor":8,"key":"SMITH"},{"data":"ConjureBlade","floor":10,"key":"SMITH"},{"floor":15,"key":"REST"}],"circlet_count":0,"master_deck":["Eruption+1","Vigilance","ReachHeaven+1","ConjureBlade+1","ConjureBlade+1","SpiritShield","Adaptation","DeceiveReality","Omniscience","TalkToTheHand","WindmillStrike","Adaptation","WreathOfFlame","Crescendo","WreathOfFlame","Fasting2","Fasting2","TalkToTheHand","Necronomicurse"],"relics":["Sozu","TeardropLocket","Anchor","Whetstone","Pandora\u0027s Box","Necronomicon","TungstenRod"],"acts_visited":["Exordium","TheCity"],"potions_floor_usage":[],"damage_taken":[{"damage":0,"enemies":"Small Slimes","floor":1,"turns":2},{"damage":1,"enemies":"2 Louse","floor":3,"turns":2},{"damage":12,"enemies":"Cultist","floor":5,"turns":3},{"damage":28,"enemies":"Gremlin Nob","floor":7,"turns":3},{"damage":9,"enemies":"3 Sentries","floor":11,"turns":6},{"damage":5,"enemies":"Exordium Thugs","floor":13,"turns":3},{"damage":0,"enemies":"Large Slime","floor":14,"turns":3},{"damage":9,"enemies":"The Guardian","floor":16,"turns":10},{"damage":20,"enemies":"2 Thieves","floor":18,"turns":4},{"damage":61,"enemies":"Masked Bandits","floor":21,"turns":3}],"seed_played":"2913611089008220804","potions_obtained":[],"is_trial":false,"path_per_floor":["M","?","M","?","M","R","E","R","T","R","E","$","M","M","R","B",null,"M","?","T","?"],"character_chosen":"WATCHER","items_purchased":["SpiritShield","Adaptation"],"campfire_rested":1,"item_purchase_floors":[12,12],"current_hp_per_floor":[72,72,71,71,59,59,31,31,31,31,22,22,17,17,38,29,72,52,36,36,0,0],"gold":206,"neow_bonus":"BOSS_RELIC","is_daily":false,"chose_seed":false,"campfire_upgraded":3,"win_rate":0.0,"timestamp":1609623028,"path_taken":["M","?","M","?","M","R","E","R","T","R","E","$","?","M","R","BOSS","M","?","?","?"],"items_purchased_type":["Card","Card"],"build_version":"2020-12-22","purchased_purges":0,"victory":false,"max_hp_per_floor":[72,72,72,72,72,72,72,72,72,72,72,72,72,72,72,72,72,72,72,72,72,72],"relic_stats":{"Sozu":6,"counters":[10,39],"Pandora\u0027s Box":["TalkToTheHand","WindmillStrike","Adaptation","WreathOfFlame","Crescendo","WreathOfFlame","Fasting2","Fasting2"],"Necronomicon":[1],"Whetstone":["Strike_P","ReachHeaven"],"obtain_stats":[{"Sozu":0,"Anchor":9,"Pandora\u0027s Box":17,"Necronomicon":19,"TeardropLocket":7,"Whetstone":11,"PureWater":0,"TungstenRod":20},{"Sozu":0,"Anchor":4,"Pandora\u0027s Box":8,"Necronomicon":9,"TeardropLocket":4,"Whetstone":5,"PureWater":0,"TungstenRod":9},{"Sozu":0,"Anchor":10,"Pandora\u0027s Box":32,"Necronomicon":36,"TeardropLocket":10,"Whetstone":16,"PureWater":0,"TungstenRod":36}],"TungstenRod":3},"card_choices":[{"not_picked":["EmptyBody","Swivel"],"picked":"ReachHeaven","floor":1},{"not_picked":["Evaluate","BowlingBash","JustLucky"],"picked":"SKIP","floor":3},{"not_picked":["Study","ClearTheMind"],"picked":"ConjureBlade","floor":5},{"not_picked":["Evaluate","EmptyMind"],"picked":"ConjureBlade","floor":7},{"not_picked":["Evaluate","FollowUp","PathToVictory"],"picked":"SKIP","floor":11},{"not_picked":["Swivel","EmptyFist"],"picked":"DeceiveReality","floor":13},{"not_picked":["Fasting2","PathToVictory","SashWhip"],"picked":"SKIP","floor":14},{"not_picked":["LessonLearned","MasterReality"],"picked":"Omniscience","floor":16},{"not_picked":["Adaptation","Consecrate"],"picked":"TalkToTheHand","floor":18}],"player_experience":382535,"relics_obtained":[{"floor":7,"key":"TeardropLocket"},{"floor":9,"key":"Anchor"},{"floor":11,"key":"Whetstone"},{"floor":19,"key":"Necronomicon"},{"floor":20,"key":"TungstenRod"}],"event_choices":[{"damage_healed":0,"gold_gain":0,"player_choice":"Ignored","damage_taken":0,"max_hp_gain":0,"max_hp_loss":0,"event_name":"Liars Game","floor":2,"gold_loss":0},{"damage_healed":0,"gold_gain":0,"player_choice":"Got Potions","damage_taken":0,"max_hp_gain":0,"max_hp_loss":0,"event_name":"Lab","floor":4,"gold_loss":0},{"damage_healed":0,"gold_gain":0,"player_choice":"Obtained Book","damage_taken":16,"max_hp_gain":0,"max_hp_loss":0,"event_name":"Cursed Tome","floor":19,"gold_loss":0},{"damage_healed":0,"gold_gain":0,"player_choice":"Fought Bandits","damage_taken":0,"max_hp_gain":0,"max_hp_loss":0,"event_name":"Masked Bandits","floor":21,"gold_loss":0}],"is_beta":false,"boss_relics":[{"not_picked":["Busted Crown","Coffee Dripper"],"picked":"Pandora\u0027s Box"}],"items_purged_floors":[],"is_endless":false,"potions_floor_spawned":[1,11,13],"killed_by":"Masked Bandits","ascension_level":1}}