{"host":"0ulgfg5uyx5zlmwg","time":1609570433,"event":{"mods":["Act Like it!","BaseMod","BetterRewards","Challenge The Spire","Custom Start","Grow up Mod","Marked Mod","Minty Spire (QoL Compilation)","RumiaBox-露米娅的神秘盒子","Spicy Shops","StSLib","TestMod","vexMod","【功能Mod】混沌之环修复补丁","【遗物卡牌】REMEMod","篝火指南"],"gold_per_floor":[364,464,475,486,486,511,136,154,180,195,1194,433,38,52,52,157,157,175,7,7,20,0,25,25,39,39,65,15,28,54,67,67,172,172,189,31,31,45,57,92,92,105,132,164,234,244,278,278,278,358,358,358,8,33,33],"floor_reached":56,"playtime":12601,"items_purged":["Strike_P","Defend_P"],"score":1839,"play_id":"b446662b-57d1-4ab2-88a9-47c8d844b829","local_time":"20210102145353","is_ascension_mode":true,"campfire_choices":[{"data":"Magnetism","floor":15.0,"key":"SMITH"},{"data":"Adrenaline","floor":24,"key":"SMITH"},{"data":"Dagger Spray","floor":32,"key":"SMITH"},{"floor":49,"key":"RECALL"},{"data":"Tantrum","floor":52,"key":"SMITH"}],"circlet_count":0,"master_deck":["Strike_P","Strike_P","Strike_P","Defend_P","Defend_P","Defend_P","Eruption","Vigilance","Adrenaline+1","Prostrate","FollowUp","ThirdEye","FlyingSleeves","PathToVictory","Discovery","Magnetism+1","Prostrate","Tantrum+1","DeceiveReality","Violence","Conserve Battery","Seek","FlurryOfBlows","CutThroughFate","PiercingWail","FlurryOfBlows+1","Dagger Spray+1","Dagger Spray","Dagger Spray","Bandage Up","Rainbow","Gash+1","TalkToTheHand+1","Slice+1","Backflip+1","Mind Blast+1","CrushJoints+1"],"relics":["PureWater","testmod-TestBox","REME_ComplimentaryCards","testmod-ArcanaOfDestiny","SecretRecord","PrismaticShard","Mercury Hourglass","StrikeDummy","SoulBox","Membership Card","REME_HandOfSuture","Matryoshka","vexMod:Dragonfruit","vexMod:TanglingVine","MagicDraw3","testmod-CasingShield","Ccalipers","Vajra","ZombieArmy","Damaru","testmod-Antiphasic","Molten Egg 2","Oddly Smooth Stone","vexMod:ScavengeHelm","testmod-TurbochargingSystem","Nunchaku","testmod-HeartOfStrike"],"acts_visited":["Exordium","TheCity","TheBeyond","TheEnding"],"potions_floor_usage":[23,23,31,33,44,50,50],"damage_taken":[{"damage":0.0,"enemies":"Jaw Worm","floor":1.0,"turns":4.0},{"damage":0.0,"enemies":"Cultist","floor":3.0,"turns":4.0},{"damage":0.0,"enemies":"2 Louse","floor":4.0,"turns":2.0},{"damage":20.0,"enemies":"3 Sentries","floor":6.0,"turns":11.0},{"damage":8.0,"enemies":"Gremlin Gang","floor":8.0,"turns":4.0},{"damage":0.0,"enemies":"Looter","floor":10.0,"turns":1.0},{"damage":0.0,"enemies":"Exordium Thugs","floor":14.0,"turns":2.0},{"damage":0.0,"enemies":"Slime Boss","floor":16.0,"turns":4.0},{"damage":0,"enemies":"Chosen","floor":18,"turns":1},{"damage":0,"enemies":"Shell Parasite","floor":21,"turns":1},{"damage":0,"enemies":"REME_1_Revenger","floor":23,"turns":2},{"damage":0,"enemies":"Shelled Parasite and Fungi","floor":25,"turns":2},{"damage":0,"enemies":"Gremlin Leader","floor":27,"turns":3},{"damage":0,"enemies":"3 Cultists","floor":29,"turns":1},{"damage":0,"enemies":"Book of Stabbing","floor":30,"turns":1},{"damage":9,"enemies":"Snake Plant","floor":31,"turns":2},{"damage":0,"enemies":"Collector","floor":33,"turns":4},{"damage":0,"enemies":"3 Shapes","floor":35,"turns":2},{"damage":0,"enemies":"Orb Walker","floor":38,"turns":1},{"damage":0,"enemies":"Transient","floor":39,"turns":5},{"damage":0,"enemies":"Reptomancer","floor":40,"turns":1},{"damage":0,"enemies":"3 Darklings","floor":42,"turns":2},{"damage":0,"enemies":"Nemesis","floor":44,"turns":3},{"damage":0,"enemies":"Maw","floor":46,"turns":1},{"damage":0,"enemies":"Reptomancer","floor":47,"turns":2},{"damage":0,"enemies":"Awakened One","floor":50,"turns":5},{"damage":8,"enemies":"Shield and Spear","floor":54,"turns":2},{"damage":1,"enemies":"The Heart","floor":55,"turns":5}],"seed_played":"-8301639261406538999","potions_obtained":[{"floor":4.0,"key":"SmokeBomb"},{"floor":6.0,"key":"EssenceOfSteel"},{"floor":8.0,"key":"Energy Potion"},{"floor":14.0,"key":"Explosive Potion"},{"floor":25,"key":"Energy Potion"},{"floor":27,"key":"Energy Potion"},{"floor":33,"key":"Block Potion"},{"floor":40,"key":"SkillPotion"},{"floor":44,"key":"ColorlessPotion"}],"is_trial":false,"path_per_floor":["M","?","M","M","?","E","R","M","T","M","?","R","$","M","R","B",null,"M","$","?","M","?","E","R","M","T","E","$","M","E","M","R","B",null,"M","$","?","M","M","E","?","M","T","E","T","M","E","?","R","B",null,"R","$","E","B",null],"character_chosen":"WATCHER","items_purchased":["PathToVictory","Discovery","Magnetism","Tantrum","DeceiveReality","Violence","PrismaticShard","Mercury Hourglass","StrikeDummy","Judgement","Membership Card","FlurryOfBlows","TalkToTheHand","MagicDraw3","vexMod:ScavengeHelm","Mind Blast+1","CrushJoints+1","testmod-TurbochargingSystem","Nunchaku"],"campfire_rested":0,"item_purchase_floors":[7,7,7,12,12,12,12,12,13,13,19,19,36,36,53,53,53,53,53],"current_hp_per_floor":[85,95,105,115,125,115,125,127,137,147,157,167,177,187,197,207,245,255,265,285,295,305,315,325,335,351,361,371,381,396,397,407,422,436,446,456,466,476,486,496,481,491,501,511,521,531,541,551,561,571,581,591,601,603,631],"gold":33,"neow_bonus":"TWO_FIFTY_GOLD","is_daily":false,"chose_seed":false,"campfire_upgraded":4,"win_rate":0.0,"timestamp":1609570433,"path_taken":["M","?","M","?","?","E","R","M","T","?","?","R","$","M","R","BOSS","M","$","?","?","?","E","R","M","T","E","?","M","E","M","R","BOSS","M","$","?","?","M","E","?","M","T","E","?","M","E","?","R","BOSS","R","$","E","BOSS"],"items_purchased_type":["Card","Card","Card","Card","Card","Card","Relic","Relic","Relic","Card","Relic","Card","Card","Relic","Relic","Card","Card","Relic","Relic"],"build_version":"2020-12-22","purchased_purges":2,"victory":true,"max_hp_per_floor":[85,95,105,115,125,135,145,155,165,175,185,195,205,215,225,235,245,255,265,285,295,305,315,325,335,351,361,371,381,396,406,416,426,436,446,456,466,476,486,496,481,491,501,511,521,531,541,551,561,571,581,591,601,611,631],"card_choices":[{"not_picked":["EmptyMind","Vengeance"],"picked":"Prostrate","floor":1.0},{"not_picked":["Halt","CutThroughFate"],"picked":"FollowUp","floor":3.0},{"not_picked":["MentalFortress","WreathOfFlame"],"picked":"ThirdEye","floor":4.0},{"not_picked":["FlurryOfBlows","MarkedMod:GentlePulse"],"picked":"FlyingSleeves","floor":6.0},{"not_picked":["ClearTheMind","Vengeance","Protect"],"picked":"SKIP","floor":8.0},{"not_picked":["MarkedMod:GracefulMovements","SignatureMove"],"picked":"Prostrate","floor":10.0},{"not_picked":["FTL","Streamline"],"picked":"Conserve Battery","floor":14.0},{"not_picked":["REME_ForAll","testmod-BloodShelter"],"picked":"Seek","floor":16.0},{"not_picked":["Deflect","Underhanded Strike+1","testmod-Mystery+1"],"picked":"SKIP","floor":18},{"not_picked":["Streamline","Gash"],"picked":"CutThroughFate","floor":21},{"not_picked":["Perseverance+1","Exhume"],"picked":"PiercingWail","floor":23},{"not_picked":["Flame Barrier","Leap"],"picked":"FlurryOfBlows+1","floor":25},{"not_picked":["Eviscerate","PiercingWail+1"],"picked":"Dagger Spray","floor":27},{"not_picked":["Dagger Throw","Beam Cell"],"picked":"Dagger Spray","floor":29},{"not_picked":["MentalFortress","Tools of the Trade"],"picked":"Dagger Spray","floor":30},{"not_picked":["CutThroughFate+1","Barrage"],"picked":"Bandage Up","floor":31},{"not_picked":["Berserk","Night Terror"],"picked":"Rainbow","floor":33},{"not_picked":["Iron Wave+1","Compile Driver+1"],"picked":"Gash+1","floor":35},{"not_picked":["REME_ShadowStrike+1","Headbutt","Auto Shields+1"],"picked":"SKIP","floor":38},{"not_picked":["Panacea+1","FollowUp","Double Energy"],"picked":"SKIP","floor":39},{"not_picked":["Cleave+1","Slice","Stack+1"],"picked":"SKIP","floor":40},{"not_picked":["Shrug It Off","Clash","LikeWater"],"picked":"SKIP","floor":42},{"not_picked":["Establishment","Finesse","Dark Embrace+1"],"picked":"SKIP","floor":44},{"not_picked":["Underhanded Strike+1","MentalFortress"],"picked":"Slice+1","floor":46},{"not_picked":["REME_MawOfCthun","Heel Hook+1"],"picked":"Backflip+1","floor":47},{"not_picked":["Mind Blast+1","Underhanded Strike+1","MarkedMod:FirstStrike"],"picked":"SKIP","floor":54}],"player_experience":461438,"relics_obtained":[{"floor":1.0,"key":"AddBug"},{"floor":6.0,"key":"MealTicket"},{"floor":23,"key":"REME_HandOfSuture"},{"floor":26,"key":"vexMod:BerryBomb"},{"floor":27,"key":"Matryoshka"},{"floor":30,"key":"vexMod:Dragonfruit"},{"floor":40,"key":"Ccalipers"},{"floor":43,"key":"Vajra"},{"floor":43,"key":"ZombieArmy"},{"floor":44,"key":"Damaru"},{"floor":45,"key":"testmod-Antiphasic"},{"floor":45,"key":"Molten Egg 2"},{"floor":47,"key":"Oddly Smooth Stone"},{"floor":54,"key":"testmod-HeartOfStrike"}],"event_choices":[{"damage_healed":0.0,"max_hp_gain":0.0,"max_hp_loss":0.0,"gold_gain":100.0,"event_name":"Golden Shrine","player_choice":"Pray","floor":2.0,"gold_loss":0.0,"damage_taken":0.0},{"damage_healed":0.0,"max_hp_gain":0.0,"max_hp_loss":0.0,"gold_gain":0.0,"event_name":"Match and Keep!","player_choice":"0 cards matched","floor":5.0,"gold_loss":0.0,"damage_taken":0.0,"cards_obtained":[]},{"damage_healed":0.0,"max_hp_gain":0.0,"max_hp_loss":0.0,"gold_gain":999.0,"event_name":"恩洛斯的盘子","player_choice":"Sell","floor":11.0,"relics_lost":["AddBug"],"gold_loss":0.0,"damage_taken":0.0},{"cards_removed":["Judgement"],"damage_healed":0,"gold_gain":0,"player_choice":"Offered Rare","damage_taken":0,"max_hp_gain":10,"max_hp_loss":0,"event_name":"Bonfire Elementals","floor":20,"gold_loss":0},{"damage_healed":0,"gold_gain":0,"player_choice":"Gave Potion","damage_taken":0,"relics_obtained":["testmod-CasingShield"],"max_hp_gain":0,"max_hp_loss":0,"event_name":"WeMeetAgain","floor":37,"gold_loss":0},{"damage_healed":0,"gold_gain":0,"player_choice":"Max HP","damage_taken":0,"max_hp_gain":0,"max_hp_loss":25,"event_name":"Winding Halls","floor":41,"gold_loss":0},{"damage_healed":0,"gold_gain":0,"player_choice":"Forge","damage_taken":0,"max_hp_gain":0,"max_hp_loss":0,"event_name":"Accursed Blacksmith","floor":48,"gold_loss":0,"cards_upgraded":["TalkToTheHand"]}],"is_beta":false,"boss_relics":[{"not_picked":["Runic Dome","vexMod:DeviousBotling"],"picked":"SoulBox"},{"not_picked":["Sozu","vexMod:CursedCompass"],"picked":"vexMod:TanglingVine"}],"items_purged_floors":[7,28],"is_endless":false,"potions_floor_spawned":[4,6,8,14,21,25,27,33,40,44],"ascension_level":1}}