{"host":"n900smz9wr3yo27a","time":1609586467,"event":{"mods":["Arknights The Spire","BaseMod","CapriCore","GungeonMod","Hermit","Koishi","Lobotomy","Marisa£¨Ùöéë¡¡Øª×âÞÞ£©","Minty Spire (QoL Compilation)","Prisma Mod","Replay The Spire","StSLib","Td1madao Mod","The Animator","The Bug Knight","The Cursed","The Dragon Tamer","The Gatherer","The Hierophant","The Immortal","The Jungle","The Necromancer","The Poker Player","The Runesmith","WarShipGirlsR/??á´Ò³R mod"],"gold_per_floor":[215,215,271,271,271,301,301,320,394,412,431,449,478,17,17,118,118,138,138,88,102,116,126,126,126,126],"floor_reached":25,"playtime":1000,"items_purged":["hermit:Strike_Hermit"],"score":213,"play_id":"1cd7b6b7-e4fe-45eb-bba4-a55da240e886","local_time":"20210102202107","is_ascension_mode":false,"campfire_choices":[{"data":"hermit:Brawl","floor":7,"key":"SMITH"},{"floor":15,"key":"REST"},{"floor":24,"key":"REST"}],"circlet_count":0,"master_deck":["hermit:Strike_Hermit","hermit:Strike_Hermit","hermit:Strike_Hermit","hermit:Defend_Hermit","hermit:Snapshot","hermit:Covet","hermit:Ricochet+1","hermit:Brawl+1","hermit:Vantage","hermit:Enervate","hermit:Deadeye","hermit:GhostlyPresence","hermit:Determination","hermit:Dive+1","hermit:EyeOfTheStorm","hermit:Glare"],"relics":["hermit:Momento","Smiling Mask","DemoMod:PinkGuonStone","Girya","HandDrill","Replay:Accelerometer","Philosopher\u0027s Stone"],"acts_visited":["Exordium","TheCity"],"potions_floor_usage":[13,16,18,25,25],"damage_taken":[{"damage":5,"enemies":"Small Slimes","floor":1,"turns":3},{"damage":31,"enemies":"3 Sentries","floor":6,"turns":5},{"damage":6,"enemies":"Jaw Worm","floor":8,"turns":2},{"damage":0,"enemies":"Cultist","floor":10,"turns":2},{"damage":0,"enemies":"2 Fungi Beasts","floor":11,"turns":2},{"damage":0,"enemies":"Blue Slaver","floor":12,"turns":2},{"damage":19,"enemies":"Lagavulin","floor":13,"turns":4},{"damage":16,"enemies":"Slime Boss","floor":16,"turns":6},{"damage":11,"enemies":"Spheric Guardian","floor":18,"turns":4},{"damage":35,"enemies":"3 Byrds","floor":21,"turns":6},{"damage":23,"enemies":"Snake Plant","floor":22,"turns":4},{"damage":12,"enemies":"Shelled Parasite and Fungi","floor":23,"turns":5},{"damage":25,"enemies":"Book of Stabbing","floor":25,"turns":4}],"seed_played":"7738599551288646108","potions_obtained":[{"floor":11,"key":"BlessingOfTheForge"},{"floor":12,"key":"Venom Potion"},{"floor":13,"key":"Death Potion"},{"floor":18,"key":"SneckoOil"},{"floor":23,"key":"Strength Potion"}],"is_trial":false,"path_per_floor":["M","?","?","?","?","E","R","M","T","M","M","M","E","$","R","B",null,"M","?","$","M","M","M","R","E"],"character_chosen":"HERMIT","items_purchased":["HandDrill","Replay:Accelerometer","hermit:Determination"],"campfire_rested":2,"item_purchase_floors":[14,14,14],"current_hp_per_floor":[70,70,70,70,70,39,39,33,40,40,40,40,21,21,45,29,82,71,71,71,36,13,1,25,0,0],"gold":126,"neow_bonus":"HUNDRED_GOLD","is_daily":false,"chose_seed":false,"campfire_upgraded":1,"win_rate":0.0,"timestamp":1609586467,"path_taken":["M","?","?","?","?","E","R","M","T","?","M","M","E","$","R","BOSS","M","?","$","M","M","M","R","E"],"items_purchased_type":["Relic","Relic","Card"],"build_version":"2020-12-22","purchased_purges":1,"victory":false,"max_hp_per_floor":[75,75,75,75,75,75,75,75,82,82,82,82,82,82,82,82,82,82,82,82,82,82,82,82,82,82],"card_choices":[{"not_picked":["hermit:ItchyTrigger","hermit:Misfire","hermit:LowProfile"],"picked":"SKIP","floor":1},{"not_picked":["hermit:Headshot","hermit:BlackWind"],"picked":"hermit:Brawl","floor":6},{"not_picked":["hermit:Malice","hermit:SprayPray"],"picked":"hermit:Vantage","floor":8},{"not_picked":["hermit:Vantage","hermit:SprayPray","hermit:ItchyTrigger"],"picked":"SKIP","floor":10},{"not_picked":["hermit:Dive","hermit:HoleUp"],"picked":"hermit:Enervate","floor":11},{"not_picked":["hermit:BigShot","hermit:HighCaliber"],"picked":"hermit:Deadeye","floor":12},{"not_picked":["hermit:TrackingShot","hermit:Glare"],"picked":"hermit:GhostlyPresence","floor":13},{"not_picked":["hermit:CursedWeapon","hermit:Malice+1"],"picked":"hermit:Dive+1","floor":18},{"not_picked":["hermit:Snipe","hermit:Brawl","hermit:FullyLoaded"],"picked":"SKIP","floor":21},{"not_picked":["hermit:Spite","hermit:FlashPowder","hermit:Vantage"],"picked":"SKIP","floor":22},{"not_picked":["hermit:OverwhelmingPower","hermit:CursedWeapon"],"picked":"hermit:Glare","floor":23}],"player_experience":741491,"relics_obtained":[{"floor":6,"key":"Smiling Mask"},{"floor":9,"key":"DemoMod:PinkGuonStone"},{"floor":13,"key":"Girya"}],"event_choices":[{"damage_healed":0,"gold_gain":56,"player_choice":"Gained Gold","damage_taken":0,"max_hp_gain":0,"max_hp_loss":0,"event_name":"Golden Wing","floor":3,"gold_loss":0},{"damage_healed":0,"gold_gain":0,"cards_transformed":["hermit:Defend_Hermit"],"player_choice":"Transformed","damage_taken":0,"max_hp_gain":0,"max_hp_loss":0,"event_name":"Transmorgrifier","floor":19,"gold_loss":0,"cards_obtained":["hermit:EyeOfTheStorm"]}],"is_beta":false,"boss_relics":[{"not_picked":["Fusion Hammer","Replay:Fungal Core"],"picked":"Philosopher\u0027s Stone"}],"items_purged_floors":[20],"is_endless":false,"potions_floor_spawned":[11,12,13,18,23],"killed_by":"Book of Stabbing","ascension_level":0}}