{"host":"newqdrzxfhh2im9e","time":1609552849,"event":{"mods":["AchievementEnabler","BaseMod","BetterRewards","Block Reminder","Colored Map","Jorbs\u0027s Wanderer Trilogy","Minty Spire (QoL Compilation)","Rare Cards Sparkle","Shop Mod","StSLib"],"gold_per_floor":[116,136,151,168,178,178,192,192,192,192,192,192],"floor_reached":11,"playtime":301,"items_purged":[],"score":84,"play_id":"460c297e-3028-416c-936c-25dcc8aba3f8","local_time":"20210101180049","is_ascension_mode":true,"campfire_choices":[{"floor":6,"key":"REST"},{"data":"Storm","floor":8,"key":"SMITH"},{"data":"Dramatic Entrance","floor":10,"key":"SMITH"}],"circlet_count":0,"master_deck":["Strike_B","Strike_B","Strike_B","Strike_B","Defend_B","Defend_B","Defend_B","Defend_B","Zap","Dualcast","Dramatic Entrance+1","Scrape","White Noise","Sweeping Beam","Blizzard","Hello World","Storm+1"],"relics":["Cracked Core","Centennial Puzzle"],"acts_visited":["Exordium"],"potions_floor_usage":[11,11],"damage_taken":[{"damage":0,"enemies":"Cultist","floor":1,"turns":2},{"damage":0,"enemies":"Small Slimes","floor":2,"turns":1},{"damage":7,"enemies":"Jaw Worm","floor":3,"turns":3},{"damage":36,"enemies":"Large Slime","floor":4,"turns":5},{"damage":9,"enemies":"2 Fungi Beasts","floor":5,"turns":2},{"damage":19,"enemies":"3 Louse","floor":7,"turns":2},{"damage":35,"enemies":"Lagavulin","floor":11,"turns":4}],"seed_played":"693201259203317813","potions_obtained":[{"floor":2,"key":"FocusPotion"},{"floor":4,"key":"FocusPotion"}],"is_trial":false,"path_per_floor":["M","M","M","M","M","R","M","R","T","R","E"],"character_chosen":"DEFECT","items_purchased":[],"campfire_rested":1,"item_purchase_floors":[],"current_hp_per_floor":[75,75,68,32,23,45,26,26,26,26,0,0],"gold":192,"neow_bonus":"RANDOM_COLORLESS","is_daily":false,"chose_seed":false,"campfire_upgraded":2,"win_rate":0.0,"timestamp":1609552849,"path_taken":["M","M","?","M","M","R","M","R","T","R","E"],"items_purchased_type":[],"build_version":"2020-12-22","purchased_purges":0,"victory":false,"max_hp_per_floor":[75,75,75,75,75,75,75,75,75,75,75,75],"card_choices":[{"not_picked":["Deep Breath","Finesse"],"picked":"Dramatic Entrance","floor":0},{"not_picked":["Steam","Leap"],"picked":"Scrape","floor":1},{"not_picked":["Conserve Battery","Hologram"],"picked":"White Noise","floor":2},{"not_picked":["Steam","Barrage"],"picked":"Sweeping Beam","floor":3},{"not_picked":["Aggregate","Rebound"],"picked":"Blizzard","floor":4},{"not_picked":["Redo","Beam Cell"],"picked":"Hello World","floor":5},{"not_picked":["Loop","White Noise"],"picked":"Storm","floor":7}],"player_experience":668869,"relics_obtained":[{"floor":9,"key":"Centennial Puzzle"}],"event_choices":[],"is_beta":false,"boss_relics":[],"items_purged_floors":[],"is_endless":false,"potions_floor_spawned":[2,4],"killed_by":"Lagavulin","ascension_level":5}}