{"host":"w9yruvs4bqht6bhw","time":1609612589,"event":{"mods":["BaseMod","Colored Powertips","Minty Spire (QoL Compilation)"],"gold_per_floor":[117,135,42,62,62,87,87,122,122,152,168,130,130,130],"floor_reached":13,"playtime":418,"items_purged":[],"score":139,"play_id":"c8dc218b-be1d-4aaf-869b-5883da914c9f","local_time":"20210102133629","is_ascension_mode":true,"campfire_choices":[{"data":"Seeing Red","floor":7,"key":"SMITH"}],"circlet_count":0,"master_deck":["Strike_R","Strike_R","Strike_R","Strike_R","Defend_R","Defend_R","Defend_R","Defend_R","Bash","Demon Form","Clash","Seeing Red+1","Flex","Rampage","Anger","Shrug It Off","Shrug It Off","Twin Strike+1"],"relics":["Burning Blood","FossilizedHelix","Matryoshka","Molten Egg 2","Letter Opener","Question Card"],"acts_visited":["Exordium"],"potions_floor_usage":[4,6,6,8,13],"damage_taken":[{"damage":6,"enemies":"Cultist","floor":1,"turns":4},{"damage":7,"enemies":"Jaw Worm","floor":2,"turns":2},{"damage":0,"enemies":"2 Louse","floor":4,"turns":2},{"damage":25,"enemies":"Lagavulin","floor":6,"turns":5},{"damage":19,"enemies":"3 Sentries","floor":8,"turns":6},{"damage":19,"enemies":"Lagavulin","floor":10,"turns":6},{"damage":24,"enemies":"Large Slime","floor":11,"turns":5},{"damage":10,"enemies":"3 Sentries","floor":13,"turns":4}],"seed_played":"-7183991841218432333","potions_obtained":[{"floor":1,"key":"CultistPotion"},{"floor":2,"key":"LiquidMemories"},{"floor":6,"key":"PowerPotion"},{"floor":11,"key":"Energy Potion"}],"is_trial":false,"path_per_floor":["M","M","$","M","?","E","R","E","T","E","M","?","E"],"character_chosen":"IRONCLAD","items_purchased":["Flex","Explosive Potion"],"campfire_rested":0,"item_purchase_floors":[3,3],"current_hp_per_floor":[72,71,71,77,77,58,58,45,45,32,14,14,4,4],"gold":130,"neow_bonus":"ONE_RANDOM_RARE_CARD","is_daily":false,"chose_seed":false,"campfire_upgraded":1,"win_rate":0.0,"timestamp":1609612589,"path_taken":["M","?","?","M","?","E","R","E","T","E","?","?","E"],"items_purchased_type":["Card","Potion"],"build_version":"2020-12-22","purchased_purges":0,"victory":false,"max_hp_per_floor":[80,80,80,80,80,80,80,80,80,80,80,80,80,80],"card_choices":[{"not_picked":["Seeing Red","Pummel"],"picked":"Clash","floor":1},{"not_picked":["Dark Embrace","Pummel"],"picked":"Seeing Red","floor":2},{"not_picked":["Shrug It Off","Reckless Charge"],"picked":"Rampage","floor":4},{"not_picked":["Second Wind","Iron Wave"],"picked":"Anger","floor":6},{"not_picked":["Seeing Red","Heavy Blade"],"picked":"Shrug It Off","floor":8},{"not_picked":["Dropkick+1","Demon Form"],"picked":"Shrug It Off","floor":10},{"not_picked":["Feel No Pain","Metallicize","Dual Wield"],"picked":"Twin Strike+1","floor":11}],"player_experience":258857,"relics_obtained":[{"floor":6,"key":"FossilizedHelix"},{"floor":8,"key":"Matryoshka"},{"floor":9,"key":"Molten Egg 2"},{"floor":9,"key":"Letter Opener"},{"floor":10,"key":"Question Card"}],"event_choices":[{"cards_removed":["Strike_R"],"damage_healed":0,"gold_gain":0,"player_choice":"Purged","damage_taken":0,"max_hp_gain":0,"max_hp_loss":0,"event_name":"Purifier","floor":5,"gold_loss":0},{"damage_healed":0,"gold_gain":0,"player_choice":"Left Gold","damage_taken":0,"max_hp_gain":0,"max_hp_loss":0,"event_name":"World of Goop","floor":12,"gold_loss":38}],"is_beta":false,"boss_relics":[],"items_purged_floors":[],"is_endless":false,"potions_floor_spawned":[1,2,6,11],"killed_by":"3 Sentries","ascension_level":7}}