{"host":"ssbj2e5691x5ub3h","time":1609598204,"event":{"mods":["BaseMod","Duelist Mod","Minty Spire (QoL Compilation)","Quick Restart","StSLib","SuperFastMode"],"gold_per_floor":[139,153,167,167,178,178,212,212,259,278,3,18,45,63,63,142,142,153,153,78,94,94,126,144,144,144,144,163,163,163,163,163,240,240,253,353,364,375,391,425,425,453,535,545,576,161,179,191,191,191,191],"floor_reached":52,"playtime":2917,"items_purged":["theDuelist:Sparks"],"score":2377,"play_id":"ff5f41f0-de01-4c38-8926-7cba53a9d09a","local_time":"20210102123644","is_ascension_mode":true,"campfire_choices":[{"data":"theDuelist:CallGrave","floor":6,"key":"SMITH"},{"data":"theDuelist:Zombyra","floor":8,"key":"SMITH"},{"data":"theDuelist:IceQueen","floor":15,"key":"SMITH"},{"data":"theDuelist:ShallowGrave","floor":25,"key":"SMITH"},{"floor":27,"key":"RECALL"},{"floor":30,"key":"REST"},{"data":"theDuelist:BeastTalwar","floor":32,"key":"SMITH"},{"data":"theDuelist:RainbowDarkDragon","floor":41,"key":"SMITH"},{"floor":49,"key":"REST"}],"circlet_count":0,"master_deck":["theDuelist:KamionTimelord","theDuelist:CallGrave+1","theDuelist:AlphaMagnet+1","theDuelist:GoblinKing+1","theDuelist:CastleWalls","theDuelist:RainbowFlower","theDuelist:VioletCrystal+1","theDuelist:Eva","theDuelist:RainbowKuribohBasic","theDuelist:BeastTalwar+1","theDuelist:Hayate","theDuelist:SuperSolarNutrient+1","theDuelist:GateGuardian","AscendersBane","theDuelist:RainbowNeos","theDuelist:CastleWalls","theDuelist:HappyLover","theDuelist:Zombyra+1","theDuelist:DunamesDarkWitch","theDuelist:IceQueen+1","theDuelist:SuperSolarNutrient","theDuelist:ShallowGrave+1","theDuelist:GoblinKing","theDuelist:DunamesDarkWitch","theDuelist:RainbowDarkDragon+1","theDuelist:WingedKuribohLv9","theDuelist:HappyLover","theDuelist:MaskedDragon","theDuelist:IrisEarthMother+1"],"relics":["theDuelist:MillenniumPuzzle","theDuelist:CardPoolRelic","theDuelist:CardPoolBasicRelic","theDuelist:BoosterPackPoolRelic","theDuelist:CardPoolAddRelic","theDuelist:CardPoolMinusRelic","theDuelist:CardPoolSaveRelic","theDuelist:CardPoolOptionsRelic","Sundial","Ancient Tea Set","Letter Opener","Omamori","Runic Cube","theDuelist:CursedHealer","Shuriken","theDuelist:MonsterEggRelic","theDuelist:GamblerChip","theDuelist:MillenniumCoin","Boot","theDuelist:TributeEggRelic","Pear","CaptainsWheel","Bird Faced Urn"],"acts_visited":["Exordium","TheCity","TheBeyond"],"potions_floor_usage":[7,16,33,40,45,50,50],"damage_taken":[{"damage":0,"enemies":"Cultist","floor":1,"turns":3},{"damage":0,"enemies":"Small Slimes","floor":2,"turns":3},{"damage":0,"enemies":"Jaw Worm","floor":3,"turns":4},{"damage":0,"enemies":"2 Fungi Beasts","floor":5,"turns":3},{"damage":10,"enemies":"Gremlin Nob","floor":7,"turns":4},{"damage":0,"enemies":"Looter","floor":10,"turns":2},{"damage":0,"enemies":"Red Slaver","floor":12,"turns":3},{"damage":1,"enemies":"Lagavulin","floor":13,"turns":7},{"damage":0,"enemies":"3 Louse","floor":14,"turns":4},{"damage":0,"enemies":"Hexaghost","floor":16,"turns":7},{"damage":9,"enemies":"Shell Parasite","floor":18,"turns":4},{"damage":2,"enemies":"3 Byrds","floor":21,"turns":3},{"damage":15,"enemies":"Book of Stabbing","floor":23,"turns":5},{"damage":11,"enemies":"Snake Plant","floor":24,"turns":5},{"damage":0,"enemies":"Centurion and Healer","floor":28,"turns":5},{"damage":0,"enemies":"Automaton","floor":33,"turns":7},{"damage":0,"enemies":"Orb Walker","floor":35,"turns":4},{"damage":26,"enemies":"3 Shapes","floor":37,"turns":4},{"damage":0,"enemies":"Jaw Worm Horde","floor":38,"turns":3},{"damage":0,"enemies":"4 Shapes","floor":39,"turns":2},{"damage":0,"enemies":"Reptomancer","floor":40,"turns":4},{"damage":0,"enemies":"Giant Head","floor":42,"turns":6},{"damage":0,"enemies":"Transient","floor":44,"turns":6},{"damage":24,"enemies":"Nemesis","floor":45,"turns":4},{"damage":5,"enemies":"Jaw Worm Horde","floor":47,"turns":2},{"damage":0,"enemies":"Writhing Mass","floor":48,"turns":5},{"damage":6,"enemies":"Donu and Deca","floor":50,"turns":6},{"damage":0,"enemies":"Awakened One","floor":51,"turns":7}],"seed_played":"8915422528036691220","potions_obtained":[{"floor":2,"key":"Swift Potion"},{"floor":5,"key":"Dexterity Potion"},{"floor":13,"key":"Block Potion"},{"floor":21,"key":"theDuelist:FireBottle"},{"floor":24,"key":"HeartOfIron"},{"floor":33,"key":"Swift Potion"},{"floor":38,"key":"theDuelist:FreezingPotion"},{"floor":44,"key":"theDuelist:BigTributeBottle"},{"floor":45,"key":"PowerPotion"}],"is_trial":false,"path_per_floor":["M","M","M","?","M","R","E","R","T","M","$","M","E","M","R","B",null,"M","?","?","M","?","E","M","R","T","R","M","?","R","?","R","B",null,"M","?","M","M","M","E","R","E","T","M","E","$","M","M","R","B","B",null],"character_chosen":"THE_DUELIST","items_purchased":["Letter Opener","Bird Faced Urn"],"campfire_rested":2,"item_purchase_floors":[11,46],"current_hp_per_floor":[63,63,63,63,63,63,53,53,53,53,53,53,52,52,52,52,66,57,57,57,55,70,55,44,44,44,44,44,44,65,57,57,57,67,67,67,41,41,41,41,41,41,51,51,27,27,22,24,48,48,52],"gold":191,"neow_bonus":"TRANSFORM_CARD","is_daily":false,"chose_seed":false,"campfire_upgraded":6,"win_rate":0.0,"timestamp":1609598204,"path_taken":["M","M","?","?","?","R","E","R","T","M","?","M","E","M","R","BOSS","M","?","?","M","?","E","?","R","T","R","M","?","R","?","R","BOSS","M","?","M","M","M","E","R","E","T","M","E","$","M","M","R","BOSS","BOSS"],"items_purchased_type":["Relic","Relic"],"build_version":"2020-12-22","purchased_purges":1,"victory":true,"max_hp_per_floor":[70,70,70,70,70,70,70,70,70,70,70,70,70,70,70,70,70,70,70,70,70,70,70,70,70,70,70,70,70,70,70,70,70,70,70,70,70,70,70,70,70,70,80,80,80,80,80,80,80,80,80],"card_choices":[{"not_picked":["theDuelist:PatricianDarkness","theDuelist:ArchfiendSoldier","theDuelist:GraydleSlimeJr","theDuelist:GravityBlaster"],"picked":"theDuelist:MaskedDragon","floor":1},{"not_picked":["theDuelist:KingYami","theDuelist:VampireFraulein","theDuelist:ZombieWarrior","theDuelist:RainbowBridge"],"picked":"theDuelist:DunamesDarkWitch","floor":2},{"not_picked":["theDuelist:Kasha","theDuelist:GoblinZombie","theDuelist:Boneheimer","theDuelist:ZombieMammoth"],"picked":"theDuelist:Zombyra","floor":3},{"not_picked":["theDuelist:Metronome","theDuelist:HeartUnderdog"],"picked":"theDuelist:CallGrave","floor":5},{"not_picked":["theDuelist:SevenColoredFish","theDuelist:DragonPiper","theDuelist:CaveDragon","theDuelist:DunamesDarkWitch"],"picked":"theDuelist:SuperSolarNutrient","floor":7},{"not_picked":["theDuelist:ValkMagnet","theDuelist:AmphibiousBugroth","theDuelist:GemKnightAmethyst"],"picked":"SKIP","floor":10},{"not_picked":["theDuelist:CosmicHorrorGangiel","theDuelist:WingedKuribohLv9","theDuelist:VampireGenesis","theDuelist:ClearKuriboh"],"picked":"theDuelist:GoblinKing","floor":12},{"not_picked":["theDuelist:MysticalElf","theDuelist:SpiritHarp","theDuelist:RainbowOverdragon","theDuelist:RainbowMagician"],"picked":"theDuelist:IceQueen","floor":13},{"not_picked":["theDuelist:Kasha","theDuelist:WhiteMagicalHat","theDuelist:ArchfiendSoldier","theDuelist:PatricianDarkness","theDuelist:CommandKnight"],"picked":"SKIP","floor":14},{"not_picked":["theDuelist:GoldenBlastJuggler","theDuelist:CallGrave","theDuelist:QueenDragunDjinn","theDuelist:RainbowJar"],"picked":"theDuelist:GateGuardian","floor":16},{"not_picked":["theDuelist:FlyingSaucer","theDuelist:IronCall","theDuelist:GoblinKing","theDuelist:FrillerRabca"],"picked":"theDuelist:HappyLover","floor":18},{"not_picked":["theDuelist:SevenColoredFish","theDuelist:BetaMagnet","theDuelist:MysticalElf","theDuelist:RainbowLife"],"picked":"theDuelist:BeastTalwar","floor":21},{"not_picked":["theDuelist:ExploderDragonwing","theDuelist:MaskedDragon","theDuelist:BabyDragon","theDuelist:RainbowOverdragon"],"picked":"theDuelist:HappyLover","floor":23},{"not_picked":["theDuelist:TwinHeadedFire","theDuelist:BlizzardWarrior+1","theDuelist:SuperSolarNutrient","theDuelist:GoblinZombie"],"picked":"theDuelist:ShallowGrave","floor":24},{"not_picked":["theDuelist:GravityBlaster","theDuelist:IronDraw+1","theDuelist:FogKing","theDuelist:VampireGenesis+1","theDuelist:AncientRules"],"picked":"SKIP","floor":28},{"not_picked":["theDuelist:RainbowFlower","theDuelist:HappyLover","theDuelist:Eva","theDuelist:RainbowOverdragon"],"picked":"theDuelist:KamionTimelord","floor":33},{"not_picked":["theDuelist:BlasterDragonInfernos+1","theDuelist:VampireGrace","theDuelist:GateGuardian+1","theDuelist:SwordsRevealing"],"picked":"theDuelist:IrisEarthMother+1","floor":35},{"not_picked":["theDuelist:TwinHeadedFire","theDuelist:CurseDragon","theDuelist:RainbowFlower","theDuelist:RainbowKuriboh"],"picked":"theDuelist:RainbowDarkDragon","floor":37},{"not_picked":["theDuelist:CatShark","theDuelist:OhFish","theDuelist:SevenColoredFish","theDuelist:FiendMegacyber"],"picked":"theDuelist:SuperSolarNutrient+1","floor":38},{"not_picked":["theDuelist:PatricianDarkness+1","theDuelist:Boneheimer","theDuelist:VampireFraulein","theDuelist:BabyDragon","theDuelist:YamataDragon"],"picked":"SKIP","floor":39},{"not_picked":["theDuelist:IronDraw","theDuelist:Boneheimer","theDuelist:AmphibiousBugroth","theDuelist:SevenColoredFish","theDuelist:WanderingKing"],"picked":"SKIP","floor":40},{"not_picked":["theDuelist:BlastAsmodian+1","theDuelist:GammaMagnet","theDuelist:VampireGenesis","theDuelist:DeepDiver"],"picked":"theDuelist:WingedKuribohLv9","floor":42},{"not_picked":["theDuelist:PatricianDarkness+1","theDuelist:ArchfiendSoldier","theDuelist:GraydleSlimeJr+1","theDuelist:TwinHeadedFire+1"],"picked":"theDuelist:AlphaMagnet+1","floor":44},{"not_picked":["theDuelist:VampireGrace+1","theDuelist:SangaWater+1"],"picked":"theDuelist:GarbageLord+1","floor":45},{"not_picked":["theDuelist:BlastAsmodian","theDuelist:Boneheimer+1","theDuelist:ExploderDragonwing+1","theDuelist:CatShark"],"picked":"theDuelist:GoblinKing+1","floor":47},{"not_picked":["theDuelist:DarkEnergy","theDuelist:ShallowGrave","theDuelist:OniGamiCombo+1","theDuelist:Mountain"],"picked":"theDuelist:VioletCrystal+1","floor":48}],"player_experience":312557,"relics_obtained":[{"floor":7,"key":"Sundial"},{"floor":9,"key":"Ancient Tea Set"},{"floor":13,"key":"Omamori"},{"floor":23,"key":"Shuriken"},{"floor":40,"key":"Boot"},{"floor":42,"key":"theDuelist:TributeEggRelic"},{"floor":43,"key":"Pear"},{"floor":45,"key":"CaptainsWheel"}],"event_choices":[{"damage_healed":0,"gold_gain":0,"player_choice":"Leave","duelist":true,"damage_taken":0,"max_hp_gain":0,"max_hp_loss":0,"event_name":"Relic Duplicator","floor":4,"gold_loss":0},{"damage_healed":0,"gold_gain":0,"player_choice":"Ignored","damage_taken":0,"max_hp_gain":0,"max_hp_loss":0,"event_name":"Ghosts","floor":19,"gold_loss":0},{"cards_removed":["theDuelist:RainbowRefraction"],"damage_healed":0,"gold_gain":0,"player_choice":"Gave Gold","damage_taken":0,"max_hp_gain":0,"max_hp_loss":0,"event_name":"Beggar","floor":20,"gold_loss":75},{"damage_healed":0,"gold_gain":0,"player_choice":"Succumb - +25HP/Cursed Relic","duelist":true,"damage_taken":0,"max_hp_gain":0,"max_hp_loss":0,"event_name":"Tomb of the Nameless","floor":22,"gold_loss":0},{"damage_healed":0,"gold_gain":0,"player_choice":"Leave","duelist":true,"damage_taken":0,"max_hp_gain":0,"max_hp_loss":0,"event_name":"Egyptian Village","floor":29,"gold_loss":0},{"damage_healed":0,"gold_gain":0,"player_choice":"Dig - random Duelist relic","duelist":true,"damage_taken":0,"max_hp_gain":0,"max_hp_loss":0,"event_name":"Aknamkanon\u0027s Tomb","floor":31,"gold_loss":0},{"damage_healed":0,"gold_gain":0,"player_choice":"Took item - Received: Millennium Coin","duelist":true,"damage_taken":0,"max_hp_gain":0,"max_hp_loss":0,"event_name":"Millennium Items","floor":36,"gold_loss":0}],"is_beta":false,"boss_relics":[{"not_picked":["SacredBark","Calling Bell"],"picked":"Runic Cube"},{"not_picked":["Pandora\u0027s Box","theDuelist:MillenniumKey"],"picked":"theDuelist:GamblerChip"}],"items_purged_floors":[46],"is_endless":false,"potions_floor_spawned":[2,5,13,14,21,24,33,38,39,44,45,48],"ascension_level":20}}