{"host":"x1qj4d8ympd5jdqh","time":1609591798,"event":{"mods":["AchievementEnabler","AlwaysNeverKeys","BaseMod","Colored Map","Custom Start","DeckTracker","Highlight Path","Minty Spire (QoL Compilation)","StSLib","SuperFastMode"],"gold_per_floor":[118,118,118,15,35,35,45,45,127,156,169,169,203,222,222,294,294,305,317,317,59,59,92,92,120,120,136,11,61,61,78,78,157,157,171,181,181,131,146,146,175,175,198,198,66,77,22,40,40,40,40],"floor_reached":50,"playtime":1264,"items_purged":["Strike_R","Searing Blow","Twin Strike"],"score":1136,"play_id":"a40c1566-9863-48f2-a7b8-edceff5d3fa7","local_time":"20210102214958","is_ascension_mode":true,"campfire_choices":[{"data":"Whirlwind","floor":6.0,"key":"SMITH"},{"data":"Bash","floor":12.0,"key":"SMITH"},{"data":"Pommel Strike","floor":15.0,"key":"SMITH"},{"data":"Double Tap","floor":24.0,"key":"SMITH"},{"data":"Fiend Fire","floor":30.0,"key":"SMITH"},{"data":"Dual Wield","floor":32.0,"key":"SMITH"},{"data":"Shrug It Off","floor":40.0,"key":"SMITH"},{"data":"Body Slam","floor":42.0,"key":"SMITH"},{"data":"Burning Pact","floor":49.0,"key":"SMITH"}],"circlet_count":0,"master_deck":["AscendersBane","Defend_R+1","Defend_R","Defend_R","Bash+1","Dual Wield+1","Shrug It Off+1","Whirlwind+1","Barricade+1","Pommel Strike+1","Fiend Fire+1","Double Tap+1","Brutality+1","Warcry+1","Body Slam+1","Impatience","Burning Pact+1"],"relics":["Burning Blood","Kunai","Sundial","Frozen Egg 2","Coffee Dripper","Lee\u0027s Waffle","Torii","WingedGreaves","Letter Opener","Runic Pyramid","Dream Catcher","Ancient Tea Set"],"acts_visited":["Exordium","TheCity","TheBeyond"],"potions_floor_usage":[],"damage_taken":[{"damage":2.0,"enemies":"2 Louse","floor":1.0,"turns":3.0},{"damage":6.0,"enemies":"Cultist","floor":5.0,"turns":3.0},{"damage":0.0,"enemies":"Small Slimes","floor":7.0,"turns":2.0},{"damage":10.0,"enemies":"3 Sentries","floor":10.0,"turns":2.0},{"damage":5.0,"enemies":"2 Fungi Beasts","floor":11.0,"turns":3.0},{"damage":8.0,"enemies":"Gremlin Nob","floor":13.0,"turns":3.0},{"damage":8.0,"enemies":"Blue Slaver","floor":14.0,"turns":4.0},{"damage":18.0,"enemies":"The Guardian","floor":16.0,"turns":18.0},{"damage":13.0,"enemies":"Spheric Guardian","floor":18.0,"turns":8.0},{"damage":20.0,"enemies":"2 Thieves","floor":19.0,"turns":3.0},{"damage":20.0,"enemies":"Slavers","floor":23.0,"turns":3.0},{"damage":0.0,"enemies":"Gremlin Leader","floor":25.0,"turns":5.0},{"damage":19.0,"enemies":"3 Cultists","floor":27.0,"turns":4.0},{"damage":10.0,"enemies":"Chosen and Byrds","floor":31.0,"turns":3.0},{"damage":13.0,"enemies":"Collector","floor":33.0,"turns":6.0},{"damage":24.0,"enemies":"3 Darklings","floor":35.0,"turns":3.0},{"damage":12.0,"enemies":"3 Shapes","floor":36.0,"turns":4.0},{"damage":39.0,"enemies":"Spire Growth","floor":39.0,"turns":3.0},{"damage":9.0,"enemies":"Nemesis","floor":41.0,"turns":5.0},{"damage":0.0,"enemies":"3 Darklings","floor":46.0,"turns":2.0},{"damage":1.0,"enemies":"Jaw Worm Horde","floor":48.0,"turns":2.0},{"damage":0,"enemies":"Time Eater","floor":50,"turns":2}],"seed_played":"-618834301353531680","potions_obtained":[{"floor":7.0,"key":"SkillPotion"},{"floor":13.0,"key":"Explosive Potion"},{"floor":19.0,"key":"DistilledChaos"},{"floor":25.0,"key":"FearPotion"},{"floor":33.0,"key":"PowerPotion"},{"floor":36.0,"key":"ColorlessPotion"},{"floor":39.0,"key":"EntropicBrew"},{"floor":46.0,"key":"Explosive Potion"}],"is_trial":false,"path_per_floor":["M","?","?","$","M","R","M","?","T","E","M","R","E","M","R","B",null,"M","M","?","$","?","E","R","E","T","M","$","?","R","M","R","B",null,"M","M","?","$","M","R","E","R","T","?","$","M","$","M","R","B"],"character_chosen":"IRONCLAD","items_purchased":["Shrug It Off","Lee\u0027s Waffle","Body Slam","Burning Pact","Swift Potion","FearPotion"],"campfire_rested":0,"item_purchase_floors":[4,21,38,45,45,47],"current_hp_per_floor":[54,31,31,31,31,31,37,37,37,33,34,34,32,30,30,18,61,54,40,40,82,58,44,44,50,50,37,37,37,37,33,33,26,72,54,48,48,48,15,15,12,12,12,12,12,18,18,23,23,23,23],"gold":40,"neow_bonus":"TRANSFORM_TWO_CARDS","is_daily":false,"chose_seed":false,"campfire_upgraded":9,"win_rate":0.0,"timestamp":1609591798,"path_taken":["M","?","?","$","M","R","?","?","T","E","M","R","E","M","R","BOSS","M","M","?","$","?","E","R","E","T","M","$","?","R","M","R","BOSS","M","M","?","$","M","R","E","R","T","?","$","?","?","M","R","BOSS"],"items_purchased_type":["Card","Relic","Card","Card","Potion","Potion"],"build_version":"2020-12-22","purchased_purges":3,"victory":false,"max_hp_per_floor":[75,75,75,75,75,75,75,75,75,75,75,75,75,75,75,75,75,75,75,75,82,87,87,87,87,87,87,87,87,87,87,87,87,87,87,87,87,87,87,87,87,87,87,87,87,87,87,87,87,87,87],"card_choices":[{"not_picked":["Clothesline","Combust"],"picked":"Twin Strike","floor":1.0},{"not_picked":["Perfected Strike","Shrug It Off"],"picked":"Whirlwind","floor":5.0},{"not_picked":["Hemokinesis","Clash","Thunderclap"],"picked":"SKIP","floor":7.0},{"not_picked":["Havoc","Flex","Thunderclap"],"picked":"SKIP","floor":10.0},{"not_picked":["Headbutt","Clothesline","Havoc"],"picked":"SKIP","floor":11.0},{"not_picked":["Armaments","Combust+1"],"picked":"Barricade+1","floor":13.0},{"not_picked":["Ghostly Armor","Cleave"],"picked":"Pommel Strike","floor":14.0},{"not_picked":["Barricade+1","Reaper"],"picked":"Fiend Fire","floor":16.0},{"not_picked":["True Grit","Sword Boomerang","Cleave"],"picked":"SKIP","floor":18.0},{"not_picked":["Warcry","Sword Boomerang","Whirlwind"],"picked":"SKIP","floor":19.0},{"not_picked":["True Grit","Bloodletting","Thunderclap"],"picked":"SKIP","floor":23.0},{"not_picked":["Iron Wave","Pommel Strike","Wild Strike"],"picked":"SKIP","floor":25.0},{"not_picked":["Iron Wave","Pommel Strike","Wild Strike"],"picked":"SKIP","floor":25.0},{"not_picked":["Pommel Strike","Metallicize+1","Bloodletting"],"picked":"SKIP","floor":27.0},{"not_picked":["Pummel","Anger","Iron Wave"],"picked":"SKIP","floor":31.0},{"not_picked":["Double Tap","Berserk+1"],"picked":"Brutality+1","floor":33.0},{"not_picked":["Iron Wave","Anger+1"],"picked":"Warcry+1","floor":35.0},{"not_picked":["Thunderclap","Sword Boomerang+1","Iron Wave"],"picked":"SKIP","floor":36.0},{"not_picked":["Iron Wave","Dropkick","Armaments"],"picked":"SKIP","floor":39.0},{"not_picked":["Wild Strike","Body Slam","Flex+1"],"picked":"SKIP","floor":41.0},{"not_picked":["Wild Strike","Body Slam","Flex+1"],"picked":"SKIP","floor":41.0},{"not_picked":["HandOfGreed","Trip"],"picked":"Impatience","floor":44.0},{"not_picked":["Anger","Twin Strike","Armaments+1"],"picked":"SKIP","floor":46.0},{"not_picked":["Warcry","Heavy Blade","Cleave"],"picked":"SKIP","floor":48.0}],"player_experience":1307716,"relics_obtained":[{"floor":9.0,"key":"Kunai"},{"floor":10.0,"key":"Sundial"},{"floor":13.0,"key":"Frozen Egg 2"},{"floor":23.0,"key":"Torii"},{"floor":25.0,"key":"WingedGreaves"},{"floor":26.0,"key":"Letter Opener"},{"floor":41.0,"key":"Dream Catcher"},{"floor":43.0,"key":"Ancient Tea Set"}],"event_choices":[{"damage_healed":0.0,"max_hp_gain":0.0,"max_hp_loss":0.0,"gold_gain":0.0,"event_name":"Shining Light","player_choice":"Entered Light","floor":2.0,"gold_loss":0.0,"damage_taken":23.0,"cards_upgraded":["Defend_R","Defend_R"]},{"cards_removed":["Strike_R"],"damage_healed":0.0,"max_hp_gain":0.0,"max_hp_loss":0.0,"gold_gain":0.0,"event_name":"Purifier","player_choice":"Purged","floor":3.0,"gold_loss":0.0,"damage_taken":0.0},{"damage_healed":0.0,"max_hp_gain":0.0,"max_hp_loss":0.0,"gold_gain":0.0,"event_name":"Living Wall","player_choice":"Grow","floor":8.0,"gold_loss":0.0,"damage_taken":0.0,"cards_upgraded":["Heavy Blade"]},{"damage_healed":0.0,"max_hp_gain":0.0,"max_hp_loss":0.0,"gold_gain":0.0,"cards_transformed":["Strike_R","Heavy Blade"],"event_name":"Drug Dealer","player_choice":"Became Test Subject","floor":20.0,"gold_loss":0.0,"damage_taken":0.0,"cards_obtained":["Double Tap","Searing Blow"]},{"damage_healed":0.0,"max_hp_gain":5.0,"max_hp_loss":0.0,"gold_gain":0.0,"event_name":"Forgotten Altar","player_choice":"Shed Blood","floor":22.0,"gold_loss":0.0,"damage_taken":29.0},{"damage_healed":0.0,"max_hp_gain":0.0,"max_hp_loss":0.0,"gold_gain":50.0,"event_name":"Nest","player_choice":"Stole From Cult","floor":29.0,"gold_loss":0.0,"damage_taken":0.0},{"cards_removed":["Defend_R"],"damage_healed":0.0,"max_hp_gain":0.0,"max_hp_loss":0.0,"gold_gain":0.0,"event_name":"Falling","player_choice":"Removed Skill","floor":37.0,"gold_loss":0.0,"damage_taken":0.0},{"damage_healed":0.0,"max_hp_gain":0.0,"max_hp_loss":0.0,"gold_gain":0.0,"event_name":"SensoryStone","player_choice":"Memory 1","floor":44.0,"gold_loss":0.0,"damage_taken":0.0}],"is_beta":false,"boss_relics":[{"not_picked":["Snecko Eye","Cursed Key"],"picked":"Coffee Dripper"},{"not_picked":["Tiny House","Fusion Hammer"],"picked":"Runic Pyramid"}],"items_purged_floors":[4,21,28],"is_endless":false,"potions_floor_spawned":[7,13,19,25,33,36,39,46],"killed_by":"Time Eater","ascension_level":20}}