{"host":"o5jvvi5yapo90aia","time":1609604117,"event":{"mods":["BaseMod","CapriCore","Minty Spire (QoL Compilation)","MostiFishMod","Prisma Mod","Spicy Shops","StSLib","TestMod","The Immortal","Yakumo Yukari mod","【人物mod】游戏王New YuGiOh mod","【功能Mod】Neow奖励"],"gold_per_floor":[119,142,163,186,111,156,81,117,117,154,180,180,210,235,235,324,324,359,359,387,422,455,455,498,527,553,601,601,645,676,705,705,792,792,817,857,322,354,382,429,444,475,499,499,546,575,616,659,659,674,689,689,689,67,108,123],"floor_reached":57,"playtime":3857,"items_purged":["Strike_R"],"score":4091,"play_id":"9645caa4-ce89-4450-bd8a-24a742e958dc","local_time":"20210103001517","is_ascension_mode":true,"campfire_choices":[{"data":"Strike_R","floor":12.0,"key":"PURGE"},{"data":"Strike_R","floor":15.0,"key":"PURGE"},{"data":"Bash","floor":23.0,"key":"PURGE"},{"data":"Strike_R","floor":32.0,"key":"PURGE"},{"floor":49.0,"key":"RECALL"},{"data":"MostiFishMod:FrostNova+1","floor":53.0,"key":"PURGE"}],"circlet_count":0,"master_deck":["Defend_R+1","Defend_R+1","Second Wind+1","Sword Boomerang+1","MostiFishMod:FlyOverUtopia+1","MostiFishMod:RainCloud+1","Pummel+1","MostiFishMod:WinterMarkForm+1","Burning Pact"],"relics":["DaveBox","testmod-TestBox","ExusiaiGun","Civilization","testmod-ChristmasGift","Mummified Hand","testmod-LifeArmor","Potion Belt","Blue Candle","SacredBark","Pantograph","testmod-Hope","The Courier","FrostBlade","FossilizedHelix","Medical Kit","WingedGreaves","Technique","Akabeko","War Paint","Vajra","testmod-Justice","Molten Egg 2","Happy Flower","ImprovedEquipment","Toy Ornithopter","PrismaticShard","Nunchaku"],"acts_visited":["Exordium","TheCity","TheBeyond","TheEnding"],"potions_floor_usage":[56,56,56,56,56,56,56,56,56,56],"damage_taken":[{"damage":0.0,"enemies":"Jaw Worm","floor":1.0,"turns":1.0},{"damage":0.0,"enemies":"Small Slimes","floor":2.0,"turns":1.0},{"damage":0.0,"enemies":"2 Louse","floor":3.0,"turns":1.0},{"damage":0.0,"enemies":"Looter","floor":4.0,"turns":1.0},{"damage":0.0,"enemies":"Lagavulin","floor":6.0,"turns":2.0},{"damage":0.0,"enemies":"Gremlin Nob","floor":8.0,"turns":1.0},{"damage":0.0,"enemies":"3 Sentries","floor":10.0,"turns":1.0},{"damage":0.0,"enemies":"2 Fungi Beasts","floor":11.0,"turns":1.0},{"damage":0.0,"enemies":"Exordium Wildlife","floor":13.0,"turns":1.0},{"damage":0.0,"enemies":"3 Louse","floor":14.0,"turns":2.0},{"damage":0.0,"enemies":"The Guardian","floor":16.0,"turns":2.0},{"damage":0.0,"enemies":"2 Thieves","floor":18.0,"turns":1.0},{"damage":0.0,"enemies":"Chosen","floor":20.0,"turns":1.0},{"damage":0.0,"enemies":"Centurion and Healer","floor":21.0,"turns":1.0},{"damage":0.0,"enemies":"Shelled Parasite and Fungi","floor":22.0,"turns":1.0},{"damage":0.0,"enemies":"Book of Stabbing","floor":24.0,"turns":1.0},{"damage":0.0,"enemies":"Snake Plant","floor":25.0,"turns":1.0},{"damage":4.0,"enemies":"Gremlin Leader","floor":27.0,"turns":1.0},{"damage":0.0,"enemies":"Book of Stabbing","floor":29.0,"turns":1.0},{"damage":0.0,"enemies":"Cultist and Chosen","floor":30.0,"turns":1.0},{"damage":0.0,"enemies":"Shelled Parasite and Fungi","floor":31.0,"turns":1.0},{"damage":0.0,"enemies":"Automaton","floor":33.0,"turns":1.0},{"damage":0.0,"enemies":"3 Shapes","floor":35.0,"turns":1.0},{"damage":0.0,"enemies":"Mind Bloom Boss Battle","floor":36.0,"turns":1.0},{"damage":0.0,"enemies":"3 Darklings","floor":38.0,"turns":2.0},{"damage":0.0,"enemies":"4 Shapes","floor":39.0,"turns":1.0},{"damage":0.0,"enemies":"Giant Head","floor":40.0,"turns":1.0},{"damage":0.0,"enemies":"Giant Head","floor":41.0,"turns":1.0},{"damage":0.0,"enemies":"Jaw Worm Horde","floor":42.0,"turns":1.0},{"damage":0.0,"enemies":"Reptomancer","floor":45.0,"turns":1.0},{"damage":0.0,"enemies":"Transient","floor":46.0,"turns":1.0},{"damage":0.0,"enemies":"Giant Head","floor":47.0,"turns":1.0},{"damage":0.0,"enemies":"Nemesis","floor":48.0,"turns":1.0},{"damage":0.0,"enemies":"Time Eater","floor":50.0,"turns":1.0},{"damage":0.0,"enemies":"Donu and Deca","floor":51.0,"turns":1.0},{"damage":0.0,"enemies":"Shield and Spear","floor":55.0,"turns":1.0},{"damage":16,"enemies":"The Heart","floor":56,"turns":9}],"seed_played":"6155757609657270426","potions_obtained":[{"floor":2.0,"key":"BlessingOfTheForge"},{"floor":4.0,"key":"ElixirPotion"},{"floor":13.0,"key":"SteroidPotion"},{"floor":16.0,"key":"SpeedPotion"},{"floor":27.0,"key":"PowerPotion"},{"floor":55,"key":"testmod-SpacePotion"}],"is_trial":false,"path_per_floor":["M","M","M","M","?","E","$","E","T","E","M","R","M","M","R","B",null,"M","?","M","M","M","R","E","M","T","E","?","E","M","M","R","B",null,"M","?","$","M","M","E","?","M","T","?","E","M","E","E","R","B","B",null,"R","$","E","B",null],"character_chosen":"IRONCLAD","items_purchased":["Medical Kit","WingedGreaves","Technique","Happy Flower","ImprovedEquipment","Toy Ornithopter","PrismaticShard"],"campfire_rested":0,"item_purchase_floors":[37,37,37,54,54,54,54],"current_hp_per_floor":[71,76,83,90,90,97,97,105,105,116,129,129,144,162,162,181,181,202,202,224,248,274,274,301,329,329,356,356,392,426,462,462,499,499,539,580,580,627,678,730,790,853,853,853,919,986,1054,1123,1123,1193,1265,1265,1265,1265,1339,1414],"gold":123,"neow_bonus":"BOSS_RELIC","is_daily":false,"chose_seed":false,"campfire_upgraded":0,"win_rate":0.0,"timestamp":1609604117,"path_taken":["M","M","M","M","?","E","$","E","T","E","M","R","M","M","R","BOSS","M","?","M","M","M","R","E","M","T","E","?","E","M","M","R","BOSS","M","?","$","M","M","E","?","M","T","?","E","M","E","E","R","BOSS","BOSS","R","$","E","BOSS"],"items_purchased_type":["Relic","Relic","Relic","Relic","Relic","Relic","Relic"],"build_version":"2020-12-22","purchased_purges":1,"victory":true,"max_hp_per_floor":[76,79,84,90,90,97,97,105,105,116,129,129,144,162,162,181,181,202,202,224,248,274,274,301,329,329,360,360,392,426,462,462,499,499,539,580,580,627,678,730,790,853,853,853,919,986,1054,1123,1123,1193,1265,1265,1265,1265,1339,1414],"card_choices":[{"not_picked":["Clash","Iron Wave"],"picked":"Second Wind","floor":1.0},{"not_picked":["Hemokinesis","Twin Strike"],"picked":"Sword Boomerang","floor":2.0},{"not_picked":["Second Wind","Heavy Blade","Flame Barrier"],"picked":"SKIP","floor":3.0},{"not_picked":["True Grit","Sentinel","Thunderclap"],"picked":"SKIP","floor":4.0},{"not_picked":["Battle Trance","Pommel Strike","Immolate"],"picked":"SKIP","floor":6.0},{"not_picked":["Clothesline","Intimidate","Wild Strike"],"picked":"SKIP","floor":8.0},{"not_picked":["Armaments","Warcry","Intimidate"],"picked":"SKIP","floor":10.0},{"not_picked":["Sword Boomerang","Evolve","Havoc"],"picked":"SKIP","floor":11.0},{"not_picked":["Dual Wield","Anger","Clash"],"picked":"SKIP","floor":13.0},{"not_picked":["Feed","Iron Wave","Armaments"],"picked":"SKIP","floor":14.0},{"not_picked":["MostiFishMod:FireWorks","MostiFishMod:NewArrival"],"picked":"MostiFishMod:FlyOverUtopia","floor":16.0},{"not_picked":["Havoc","Shrug It Off","Carnage"],"picked":"SKIP","floor":18.0},{"not_picked":["Flex","Flame Barrier","Anger"],"picked":"SKIP","floor":20.0},{"not_picked":["Heavy Blade","Infernal Blade","Rupture"],"picked":"SKIP","floor":21.0},{"not_picked":["Twin Strike","Iron Wave","MostiFishMod:OrdinaryWorld"],"picked":"SKIP","floor":22.0},{"not_picked":["Anger","Pommel Strike","MostiFishMod:#F4004"],"picked":"SKIP","floor":24.0},{"not_picked":["True Grit","Body Slam","Shrug It Off"],"picked":"SKIP","floor":25.0},{"not_picked":["Blood for Blood","Combust","Intimidate"],"picked":"SKIP","floor":27.0},{"not_picked":["Armaments","Combust","Bloodletting"],"picked":"SKIP","floor":29.0},{"not_picked":["Headbutt","Iron Wave","Anger"],"picked":"SKIP","floor":30.0},{"not_picked":["Rage","True Grit","Battle Trance+1"],"picked":"SKIP","floor":31.0},{"not_picked":["Whirlwind","Armaments+1","Clash"],"picked":"SKIP","floor":35.0},{"not_picked":["Perfected Strike+1","Iron Wave","Feel No Pain"],"picked":"SKIP","floor":38.0},{"not_picked":["True Grit","Metallicize","Flame Barrier"],"picked":"SKIP","floor":39.0},{"not_picked":["Sentinel+1","Pummel","True Grit"],"picked":"SKIP","floor":40.0},{"not_picked":["Ghostly Armor","Flame Barrier","Sword Boomerang"],"picked":"SKIP","floor":42.0},{"not_picked":["Wild Strike+1","Heavy Blade+1"],"picked":"Burning Pact","floor":44.0},{"not_picked":["Warcry","Inflame+1","Hemokinesis"],"picked":"SKIP","floor":45.0},{"not_picked":["Clash","Bloodletting","Anger+1"],"picked":"SKIP","floor":46.0},{"not_picked":["Second Wind+1","Carnage+1","Dropkick"],"picked":"SKIP","floor":47.0},{"not_picked":["Anger+1","MostiFishMod:PerfectStrikeMKII+1","Hemokinesis+1"],"picked":"SKIP","floor":48.0},{"not_picked":["DemoGhost+1","MokouMod:Firecracker","DownHell"],"picked":"SKIP","floor":55}],"player_experience":1374672,"relics_obtained":[{"floor":6.0,"key":"Mummified Hand"},{"floor":8.0,"key":"testmod-LifeArmor"},{"floor":9.0,"key":"Potion Belt"},{"floor":10.0,"key":"Blue Candle"},{"floor":24.0,"key":"Pantograph"},{"floor":27.0,"key":"testmod-Hope"},{"floor":29.0,"key":"The Courier"},{"floor":36.0,"key":"FossilizedHelix"},{"floor":40.0,"key":"Akabeko"},{"floor":43.0,"key":"War Paint"},{"floor":45.0,"key":"Vajra"},{"floor":47.0,"key":"testmod-Justice"},{"floor":48.0,"key":"Molten Egg 2"},{"floor":55,"key":"Nunchaku"}],"event_choices":[{"cards_removed":["Strike_R"],"damage_healed":0.0,"max_hp_gain":0.0,"max_hp_loss":0.0,"gold_gain":0.0,"event_name":"The Cleric","player_choice":"Card Removal","floor":5.0,"gold_loss":75.0,"damage_taken":0.0},{"damage_healed":0.0,"max_hp_gain":0.0,"max_hp_loss":0.0,"gold_gain":0.0,"cards_transformed":["Defend_R","Defend_R"],"event_name":"Drug Dealer","player_choice":"Became Test Subject","floor":19.0,"gold_loss":0.0,"damage_taken":0.0,"cards_obtained":["MostiFishMod:RainCloud","Pummel"]},{"damage_healed":0.0,"max_hp_gain":0.0,"max_hp_loss":0.0,"gold_gain":0.0,"event_name":"Vampires","player_choice":"Ignored","floor":28.0,"gold_loss":0.0,"damage_taken":0.0},{"damage_healed":0.0,"max_hp_gain":0.0,"max_hp_loss":0.0,"gold_gain":0.0,"event_name":"MindBloom","player_choice":"Fight","floor":36.0,"gold_loss":0.0,"damage_taken":0.0},{"damage_healed":0.0,"max_hp_gain":0.0,"max_hp_loss":0.0,"gold_gain":0.0,"event_name":"给自己的盒子","player_choice":"Swap Relic","floor":44.0,"relics_lost":["Orrery"],"gold_loss":0.0,"damage_taken":0.0,"relics_obtained":["Orrery"]}],"is_beta":false,"boss_relics":[{"not_picked":["Empty Cage","Runic Cube"],"picked":"SacredBark"},{"not_picked":["Tiny House","Cursed Key"],"picked":"FrostBlade"}],"items_purged_floors":[7],"is_endless":false,"potions_floor_spawned":[2,4,8,13,16,20,25,27,31,33,36,39,40,42,45,47,55],"ascension_level":20}}