{"host":"6pgtslebjnyv5xmi","time":1609602705,"event":{"mods":["AchievementEnabler","BaseMod","Colored Map","Minty Spire (QoL Compilation)","Rare Cards Sparkle","StSLib","SuperFastMode","Td1madao Mod","everything is the same but u backflip on backflip"],"gold_per_floor":[112,187,187,112,125,159,159,176,202,202,213,228,228,243,243,341,341,360,360,105,105,117,117,117,117],"floor_reached":24,"playtime":663,"items_purged":["Regret"],"score":271,"play_id":"3b2294f6-408b-44af-9b45-47ca079de9f3","local_time":"20210103005145","is_ascension_mode":false,"campfire_choices":[{"data":"Creative AI","floor":15,"key":"SMITH"},{"floor":23,"key":"REST"}],"circlet_count":0,"master_deck":["Strike_B","Strike_B","Strike_B","Defend_B","Defend_B","Defend_B","Defend_B+1","Zap+1","Dualcast+1","Cold Snap+1","Coolheaded","Creative AI+1","Rebound+1","Core Surge+1","Reinforced Body+1","Barrage+1"],"relics":["Cracked Core","NeowsBlessing","Regal Pillow","Molten Egg 2","War Paint","Black Star","Bottled Tornado"],"acts_visited":["Exordium","TheCity"],"potions_floor_usage":[11,16,16,16],"damage_taken":[{"damage":0,"enemies":"Jaw Worm","floor":1,"turns":1},{"damage":0,"enemies":"2 Louse","floor":5,"turns":1},{"damage":0,"enemies":"3 Sentries","floor":6,"turns":1},{"damage":0,"enemies":"Cultist","floor":8,"turns":5},{"damage":7,"enemies":"Exordium Wildlife","floor":11,"turns":4},{"damage":0,"enemies":"Blue Slaver","floor":12,"turns":3},{"damage":1,"enemies":"Large Slime","floor":14,"turns":5},{"damage":0,"enemies":"The Guardian","floor":16,"turns":9},{"damage":19,"enemies":"3 Byrds","floor":18,"turns":5},{"damage":27,"enemies":"2 Thieves","floor":22,"turns":3}],"seed_played":"-2038568040049608072","potions_obtained":[{"floor":1,"key":"EssenceOfSteel"},{"floor":5,"key":"Swift Potion"},{"floor":8,"key":"BlessingOfTheForge"},{"floor":12,"key":"FocusPotion"},{"floor":22,"key":"Swift Potion"}],"is_trial":false,"path_per_floor":["M","?","?","$","M","E","$","M","T","?","M","M","?","M","R","B",null,"M","?","$","?","M","R","$"],"character_chosen":"DEFECT","items_purchased":["Bottled Tornado"],"campfire_rested":1,"item_purchase_floors":[20],"current_hp_per_floor":[75,64,64,64,64,64,64,64,64,49,42,42,42,41,41,41,75,56,56,56,56,29,66,66,66],"gold":117,"neow_bonus":"THREE_ENEMY_KILL","is_daily":false,"chose_seed":false,"campfire_upgraded":1,"win_rate":0.0,"timestamp":1609602705,"path_taken":["M","?","?","$","M","E","?","?","T","?","M","M","?","M","R","BOSS","M","?","$","?","M","R","$"],"items_purchased_type":["Relic"],"build_version":"2020-12-22","purchased_purges":1,"victory":false,"max_hp_per_floor":[75,75,75,75,75,75,75,75,75,75,75,75,75,75,75,75,75,75,75,75,75,75,75,75,75],"card_choices":[{"not_picked":["Leap","Static Discharge"],"picked":"Cold Snap","floor":1},{"not_picked":["Undo","Streamline"],"picked":"Coolheaded","floor":5},{"not_picked":["Steam Power","Lockon+1"],"picked":"Creative AI","floor":6},{"not_picked":["Compile Driver+1","Darkness","Conserve Battery"],"picked":"SKIP","floor":8},{"not_picked":["Steam","Barrage+1"],"picked":"Rebound+1","floor":11},{"not_picked":["Hologram","Stack","Recycle"],"picked":"SKIP","floor":12},{"not_picked":["Skim","Compile Driver+1","Stack"],"picked":"SKIP","floor":14},{"not_picked":["Buffer","Biased Cognition"],"picked":"Core Surge+1","floor":16},{"not_picked":["Hologram","Heatsinks","Stack"],"picked":"SKIP","floor":18},{"not_picked":["Go for the Eyes+1","Hologram"],"picked":"Barrage+1","floor":22}],"player_experience":646636,"relics_obtained":[{"floor":6,"key":"Molten Egg 2"},{"floor":9,"key":"War Paint"}],"event_choices":[{"damage_healed":0,"gold_gain":75,"player_choice":"Gather Gold","damage_taken":11,"max_hp_gain":0,"max_hp_loss":0,"event_name":"World of Goop","floor":2,"gold_loss":0},{"damage_healed":0,"gold_gain":0,"player_choice":"Box","damage_taken":0,"relics_obtained":["Regal Pillow"],"max_hp_gain":0,"max_hp_loss":0,"event_name":"Big Fish","floor":3,"gold_loss":0,"cards_obtained":["Regret"]},{"damage_healed":0,"gold_gain":0,"player_choice":"Entered Light","damage_taken":15,"max_hp_gain":0,"max_hp_loss":0,"event_name":"Shining Light","floor":10,"gold_loss":0,"cards_upgraded":["Dualcast","Cold Snap"]},{"cards_removed":["Strike_B"],"damage_healed":0,"gold_gain":0,"player_choice":"Forget","damage_taken":0,"max_hp_gain":0,"max_hp_loss":0,"event_name":"Living Wall","floor":13,"gold_loss":0},{"damage_healed":0,"gold_gain":0,"player_choice":"Read","damage_taken":0,"max_hp_gain":0,"max_hp_loss":0,"event_name":"The Library","floor":19,"gold_loss":0,"cards_obtained":["Reinforced Body"]},{"damage_healed":0,"gold_gain":0,"player_choice":"Forge","damage_taken":0,"max_hp_gain":0,"max_hp_loss":0,"event_name":"Accursed Blacksmith","floor":21,"gold_loss":0,"cards_upgraded":["Reinforced Body"]}],"is_beta":false,"boss_relics":[{"not_picked":["Coffee Dripper","Cursed Key"],"picked":"Black Star"}],"items_purged_floors":[4],"is_endless":false,"potions_floor_spawned":[1,5,8,12,22],"ascension_level":0}}