{"host":"9rplp4stncpaeegj","time":1609576809,"event":{"mods":["AchievementEnabler","BaseMod","Best Route Mod","Colored Map","Evolution","Highlight Path","Keyboard Shortcuts","Minty Spire (QoL Compilation)","Shop Mod","StSLib","The Animator"],"gold_per_floor":[119,140,65,65,65,65,98,124,124,198,230,244,244,254,254,333,333,347,347,347,76,76,106,106,106,106],"floor_reached":25,"playtime":1433,"items_purged":["animator:Chris"],"score":554,"play_id":"1b623c18-29f1-47f4-a912-8351a76bcef1","local_time":"20210102094009","is_ascension_mode":true,"campfire_choices":[{"data":"animator:DolaSchwi","floor":6.0,"key":"SMITH"},{"data":"animator:IzunaHatsuse","floor":13.0,"key":"SMITH"},{"data":"animator:Benimaru","floor":15.0,"key":"SMITH"},{"floor":24,"key":"REST"}],"circlet_count":0,"master_deck":["AscendersBane","animator:Strike_NoGameNoLife","animator:Defend_NoGameNoLife","animator:Strike+1","animator:Strike","animator:Defend","animator:Defend","animator:DolaSchwi+1","animator:DolaCouronne","animator:IzunaHatsuse+1","animator:Rimuru","animator:DolaSchwi+1","animator:DolaRiku","animator:Tet","animator:Jibril","animator:TakanashiRikka","animator:Kaijin"],"relics":["animator:LivingPicture","animator:TheMissingPiece","EVO:Axolotl","animator:PurgingStone","NeowsBlessing","Blood Vial","White Beast Statue","InkBottle","FossilizedHelix","animator:RacePiece","Orichalcum","Bronze Scales"],"acts_visited":["Exordium","TheCity"],"potions_floor_usage":[18,23,25],"damage_taken":[{"damage":0.0,"enemies":"2 Louse","floor":1.0,"turns":2.0},{"damage":0.0,"enemies":"Small Slimes","floor":2.0,"turns":1.0},{"damage":0.0,"enemies":"3 Sentries","floor":7.0,"turns":2.0},{"damage":12.0,"enemies":"Jaw Worm","floor":8.0,"turns":4.0},{"damage":0.0,"enemies":"Lagavulin","floor":11.0,"turns":5.0},{"damage":0.0,"enemies":"2 Fungi Beasts","floor":12.0,"turns":4.0},{"damage":0.0,"enemies":"Large Slime","floor":14.0,"turns":4.0},{"damage":9.0,"enemies":"Hexaghost","floor":16.0,"turns":9.0},{"damage":12,"enemies":"3 Byrds","floor":18,"turns":4},{"damage":43,"enemies":"Gremlin Leader","floor":23,"turns":6},{"damage":34,"enemies":"Book of Stabbing","floor":25,"turns":5}],"seed_played":"-6333425268579594905","potions_obtained":[{"floor":7.0,"key":"Strength Potion"},{"floor":8.0,"key":"animator:FalseLifePotion"},{"floor":11.0,"key":"FearPotion"},{"floor":12.0,"key":"Strength Potion"},{"floor":14.0,"key":"PowerPotion"},{"floor":16.0,"key":"Explosive Potion"},{"floor":18,"key":"Explosive Potion"},{"floor":23,"key":"animator:FalseLifePotion"}],"is_trial":false,"path_per_floor":["M","M","$","?","$","R","E","M","T","?","E","M","R","M","R","B",null,"M","?","?","$","T","E","R","E"],"character_chosen":"THE_ANIMATOR","items_purchased":["animator:TakanashiRikka","animator:Kaijin"],"campfire_rested":1,"item_purchase_floors":[21,21],"current_hp_per_floor":[54,54,54,36,36,36,38,28,28,28,30,32,32,34,34,27,52,43,43,43,43,43,2,20,0,0],"gold":106,"neow_bonus":"THREE_ENEMY_KILL","is_daily":false,"chose_seed":false,"campfire_upgraded":3,"win_rate":0.0,"timestamp":1609576809,"path_taken":["M","M","$","?","$","R","E","M","T","?","E","?","R","M","R","BOSS","M","?","?","$","?","E","R","E"],"items_purchased_type":["Card","Card"],"build_version":"2020-12-22","purchased_purges":1,"victory":false,"max_hp_per_floor":[60,60,60,60,60,60,60,60,60,60,60,60,60,60,60,60,60,61,61,61,61,61,61,61,61,61],"card_choices":[{"not_picked":["animator:DolaSchwi","animator:Gluttony"],"picked":"animator:Chris","floor":1.0},{"not_picked":["animator:Tyuule","animator:Viivi","animator:Bozes"],"picked":"SKIP","floor":2.0},{"not_picked":["animator:KrulTepes","animator:DolaRiku"],"picked":"animator:Benimaru","floor":7.0},{"not_picked":["animator:DolaSchwi","animator:ChlammyZell"],"picked":"animator:IzunaHatsuse","floor":8.0},{"not_picked":["animator:Bozes","animator:ChaikaBohdan","animator:Shichika"],"picked":"SKIP","floor":11.0},{"not_picked":["animator:Mitsurugi","animator:Ciel","animator:Nanami"],"picked":"SKIP","floor":12.0},{"not_picked":["animator:Benimaru","animator:Illya","animator:YaoHaDucy"],"picked":"SKIP","floor":14.0},{"not_picked":["animator:GoblinSlayer","animator:Saitama"],"picked":"animator:Rimuru","floor":16.0},{"not_picked":["animator:DolaRiku","animator:DolaSchwi"],"picked":"animator:Jibril","floor":18},{"not_picked":["animator:WinryRockbell","animator:Assassin","animator:Demiurge"],"picked":"SKIP","floor":23}],"player_experience":131861,"relics_obtained":[{"floor":7.0,"key":"White Beast Statue"},{"floor":9.0,"key":"InkBottle"},{"floor":11.0,"key":"FossilizedHelix"},{"floor":22,"key":"Orichalcum"},{"floor":23,"key":"Bronze Scales"}],"event_choices":[{"damage_healed":0.0,"max_hp_gain":0.0,"max_hp_loss":0.0,"gold_gain":0.0,"event_name":"Scrap Ooze","player_choice":"Success","floor":4.0,"gold_loss":0.0,"damage_taken":18.0,"relics_obtained":["Blood Vial"]},{"damage_healed":0.0,"max_hp_gain":0.0,"max_hp_loss":0.0,"gold_gain":74.0,"event_name":"Golden Wing","player_choice":"Gained Gold","floor":10.0,"gold_loss":0.0,"damage_taken":0.0},{"damage_healed":0,"gold_gain":0,"player_choice":"Ignored","damage_taken":0,"max_hp_gain":0,"max_hp_loss":0,"event_name":"Vampires","floor":19,"gold_loss":0},{"damage_healed":0,"gold_gain":0,"player_choice":"Ignored","damage_taken":0,"max_hp_gain":0,"max_hp_loss":0,"event_name":"Beggar","floor":20,"gold_loss":0}],"is_beta":false,"boss_relics":[{"not_picked":["Coffee Dripper","SacredBark"],"picked":"animator:RacePiece"}],"items_purged_floors":[3],"is_endless":false,"potions_floor_spawned":[7,8,11,12,14,16,18,23],"killed_by":"Book of Stabbing","ascension_level":20}}