{"host":"ynimr9ugvc6f046i","time":1609553617,"event":{"mods":["2.2 Compatiblity","BaseMod","Colored Map","DeckTracker","Highlight Path","Keyboard Shortcuts","Minty Spire (QoL Compilation)","Permanent Neow","Quick Restart","StSLib","SuperFastMode"],"gold_per_floor":[113,113,174,194,169,169,294,320,320,295,359,359,409,425,425,501,501,511,246,221,284,295,295,345,220,220,270,335,385,385,63,63,138,138,149,199,212,226,294,321,321,349,349,349,399,461,560,385,385,385,385],"floor_reached":52,"playtime":5609,"items_purged":["Defend_G","Strike_G","Defend_G","Defend_G","Concentrate"],"score":2316,"play_id":"fed45a0f-f420-46c3-a881-95cad0c70015","local_time":"20210102111337","is_ascension_mode":true,"campfire_choices":[{"data":"Poisoned Stab","floor":6.0,"key":"SMITH"},{"floor":12.0,"key":"REST"},{"data":"Caltrops","floor":15.0,"key":"SMITH"},{"data":"Calculated Gamble","floor":23.0,"key":"SMITH"},{"data":"Acrobatics","floor":30.0,"key":"SMITH"},{"data":"Tactician","floor":32.0,"key":"SMITH"},{"data":"Reflex","floor":41,"key":"SMITH"},{"data":"A Thousand Cuts","floor":44,"key":"SMITH"},{"data":"Poisoned Stab+1","floor":49,"key":"PURGE"}],"circlet_count":0,"master_deck":["AscendersBane","Survivor","Neutralize","Backflip","Calculated Gamble+1","Caltrops+1","Escape Plan","Tactician","Acrobatics+1","Prepared+1","Tactician+1","Crippling Poison","Calculated Gamble+1","Reflex+1","A Thousand Cuts+1","Reflex+1"],"relics":["Ring of the Snake","SsserpentHead","WingedGreaves","Tingsha","Runic Pyramid","Orrery","Pantograph","DollysMirror","Runic Dome","Ancient Tea Set","Nunchaku","Bottled Tornado","Peace Pipe"],"acts_visited":["Exordium","TheCity","TheBeyond"],"potions_floor_usage":[40],"damage_taken":[{"damage":1.0,"enemies":"Jaw Worm","floor":1.0,"turns":4.0},{"damage":0.0,"enemies":"Cultist","floor":3.0,"turns":4.0},{"damage":0.0,"enemies":"2 Louse","floor":4.0,"turns":4.0},{"damage":37.0,"enemies":"3 Sentries","floor":8.0,"turns":13.0},{"damage":0.0,"enemies":"Looter","floor":11.0,"turns":3.0},{"damage":1.0,"enemies":"Exordium Wildlife","floor":14.0,"turns":3.0},{"damage":30.0,"enemies":"Hexaghost","floor":16.0,"turns":9.0},{"damage":4.0,"enemies":"Chosen","floor":18.0,"turns":4.0},{"damage":1.0,"enemies":"2 Thieves","floor":21.0,"turns":3.0},{"damage":5.0,"enemies":"Sentry and Sphere","floor":22.0,"turns":4.0},{"damage":0.0,"enemies":"Centurion and Healer","floor":28.0,"turns":2.0},{"damage":0.0,"enemies":"Automaton","floor":33.0,"turns":1.0},{"damage":0.0,"enemies":"3 Shapes","floor":35.0,"turns":1.0},{"damage":0.0,"enemies":"3 Darklings","floor":37.0,"turns":1.0},{"damage":0.0,"enemies":"Sphere and 2 Shapes","floor":38.0,"turns":1.0},{"damage":5.0,"enemies":"Writhing Mass","floor":39.0,"turns":2.0},{"damage":0,"enemies":"Nemesis","floor":40,"turns":1},{"damage":0,"enemies":"Reptomancer","floor":42,"turns":1},{"damage":0,"enemies":"Spire Growth","floor":46,"turns":1},{"damage":0,"enemies":"2 Orb Walkers","floor":47,"turns":1},{"damage":0,"enemies":"Awakened One","floor":50,"turns":2},{"damage":0,"enemies":"Donu and Deca","floor":51,"turns":1}],"seed_played":"-7062522247480821676","potions_obtained":[{"floor":3.0,"key":"SteroidPotion"},{"floor":4.0,"key":"Poison Potion"},{"floor":8.0,"key":"Strength Potion"},{"floor":21.0,"key":"GamblersBrew"},{"floor":33.0,"key":"Weak Potion"},{"floor":45,"key":"FearPotion"}],"is_trial":false,"path_per_floor":["M","?","M","M","$","R","?","E","T","?","M","R","?","M","R","B",null,"M","$","?","M","M","R","?","$","T","?","M","T","R","$","R","B",null,"M","?","M","M","M","E","R","E","T","R","?","M","?","$","R","B","B",null],"character_chosen":"THE_SILENT","items_purchased":["Orrery","DollysMirror"],"campfire_rested":1,"item_purchase_floors":[19,31],"current_hp_per_floor":[58,58,58,58,58,58,47,10,10,10,10,28,33,32,32,2,49,45,45,45,44,39,39,39,39,39,39,39,39,39,39,39,64,65,65,65,65,65,60,60,60,60,60,60,60,60,60,60,60,65,65],"gold":385,"neow_bonus":"REMOVE_TWO","is_daily":false,"chose_seed":false,"campfire_upgraded":7,"win_rate":0.0,"timestamp":1609553617,"path_taken":["M","?","?","M","?","R","?","E","T","?","?","R","?","M","R","BOSS","M","$","?","?","M","R","?","$","T","?","?","?","R","$","R","BOSS","M","?","M","M","?","E","R","E","T","R","?","?","?","$","R","BOSS","BOSS"],"items_purchased_type":["Relic","Relic"],"build_version":"2020-12-22","purchased_purges":5,"victory":true,"max_hp_per_floor":[60,60,60,60,60,60,60,60,60,60,60,60,65,65,65,65,65,65,65,65,65,65,65,65,65,65,65,65,65,65,65,65,65,65,65,65,65,65,65,65,65,65,65,65,65,65,65,65,65,65,65],"card_choices":[{"not_picked":["Outmaneuver","Leg Sweep"],"picked":"Backflip","floor":1.0},{"not_picked":["Deflect","Acrobatics"],"picked":"Calculated Gamble","floor":3.0},{"not_picked":["Outmaneuver","Dodge and Roll"],"picked":"Poisoned Stab","floor":4.0},{"not_picked":["Slice","Predator","Caltrops"],"picked":"SKIP","floor":8.0},{"not_picked":["Slice","Predator"],"picked":"Caltrops","floor":8.0},{"not_picked":["Flying Knee","Caltrops"],"picked":"Escape Plan","floor":11.0},{"not_picked":["Choke","Infinite Blades","PiercingWail"],"picked":"SKIP","floor":14.0},{"not_picked":["Quick Slash","All Out Attack","Well Laid Plans"],"picked":"SKIP","floor":18.0},{"not_picked":["Deflect+1","Escape Plan"],"picked":"Tactician","floor":19.0},{"not_picked":["Setup","Quick Slash"],"picked":"Acrobatics","floor":19.0},{"not_picked":["Quick Slash+1","Caltrops"],"picked":"Prepared+1","floor":19.0},{"not_picked":["Dagger Spray","Flying Knee"],"picked":"Tactician","floor":19.0},{"not_picked":["Bane","Bouncing Flask","Cloak And Dagger"],"picked":"SKIP","floor":21.0},{"not_picked":["Quick Slash","Bane","Dagger Spray"],"picked":"SKIP","floor":22.0},{"not_picked":["Cloak And Dagger+1","All Out Attack","Finisher"],"picked":"SKIP","floor":28.0},{"not_picked":["Acrobatics+1","PiercingWail"],"picked":"Reflex","floor":35.0},{"not_picked":["Finisher","Noxious Fumes+1","Backflip"],"picked":"SKIP","floor":37.0},{"not_picked":["Predator+1","Blade Dance+1","Bane"],"picked":"SKIP","floor":38.0},{"not_picked":["Eviscerate","Flying Knee+1","Bane"],"picked":"SKIP","floor":39.0},{"not_picked":["Underhanded Strike+1","Choke","Dash"],"picked":"SKIP","floor":40},{"not_picked":["PiercingWail+1","Burst","Flying Knee"],"picked":"SKIP","floor":42},{"not_picked":["Prepared+1","Noxious Fumes"],"picked":"Reflex+1","floor":46}],"player_experience":526309,"relics_obtained":[{"floor":8.0,"key":"WingedGreaves"},{"floor":9.0,"key":"Tingsha"},{"floor":26.0,"key":"Pantograph"},{"floor":40,"key":"Ancient Tea Set"},{"floor":42,"key":"Nunchaku"},{"floor":43,"key":"Bottled Tornado"},{"floor":47,"key":"Peace Pipe"}],"event_choices":[{"damage_healed":0.0,"max_hp_gain":0.0,"max_hp_loss":0.0,"gold_gain":0.0,"event_name":"FaceTrader","player_choice":"Trade","floor":2.0,"gold_loss":0.0,"damage_taken":0.0,"relics_obtained":["SsserpentHead"]},{"damage_healed":0.0,"max_hp_gain":0.0,"max_hp_loss":0.0,"gold_gain":75.0,"event_name":"World of Goop","player_choice":"Gather Gold","floor":7.0,"gold_loss":0.0,"damage_taken":11.0},{"cards_removed":["Strike_G"],"damage_healed":0.0,"max_hp_gain":0.0,"max_hp_loss":0.0,"gold_gain":0.0,"event_name":"The Cleric","player_choice":"Card Removal","floor":10.0,"gold_loss":75.0,"damage_taken":0.0},{"damage_healed":0.0,"max_hp_gain":5.0,"max_hp_loss":0.0,"gold_gain":0.0,"event_name":"Big Fish","player_choice":"Donut","floor":13.0,"gold_loss":0.0,"damage_taken":0.0},{"cards_removed":["Strike_G"],"damage_healed":0.0,"max_hp_gain":0.0,"max_hp_loss":0.0,"gold_gain":0.0,"event_name":"Designer","player_choice":"Single Remove","floor":20.0,"gold_loss":75.0,"damage_taken":0.0},{"damage_healed":0.0,"max_hp_gain":0.0,"max_hp_loss":0.0,"gold_gain":0.0,"cards_transformed":["Strike_G","Defend_G"],"event_name":"Drug Dealer","player_choice":"Became Test Subject","floor":24.0,"gold_loss":0.0,"damage_taken":0.0,"cards_obtained":["Crippling Poison","Concentrate"]},{"damage_healed":0.0,"max_hp_gain":0.0,"max_hp_loss":0.0,"gold_gain":0.0,"event_name":"Wheel of Change","player_choice":"Cursed","floor":27.0,"gold_loss":0.0,"damage_taken":0.0,"cards_obtained":["Decay"]},{"damage_healed":0.0,"max_hp_gain":0.0,"max_hp_loss":0.0,"gold_gain":0.0,"event_name":"Match and Keep!","player_choice":"1 cards matched","floor":36.0,"gold_loss":0.0,"damage_taken":0.0,"cards_obtained":["A Thousand Cuts"]},{"damage_healed":0,"gold_gain":0,"player_choice":"Got Potions","damage_taken":0,"max_hp_gain":0,"max_hp_loss":0,"event_name":"Lab","floor":45,"gold_loss":0},{"damage_healed":0,"gold_gain":0,"player_choice":"Fight","damage_taken":0,"max_hp_gain":0,"max_hp_loss":0,"event_name":"Mysterious Sphere","floor":47,"gold_loss":0}],"is_beta":false,"boss_relics":[{"not_picked":["Calling Bell","Black Star"],"picked":"Runic Pyramid"},{"not_picked":["Snecko Eye","WristBlade"],"picked":"Runic Dome"}],"items_purged_floors":[5,19,25,31,48],"is_endless":false,"potions_floor_spawned":[3,4,8,21,33,35,38],"ascension_level":20}}