{"host":"359hz4210ybch7ku","time":1609572475,"event":{"mods":["BaseMod","Block Reminder","Colored Map","Colored Powertips","Highlight Path","Minty Spire (QoL Compilation)","Slay the Relics Exporter","StSLib"],"gold_per_floor":[112,112,112,34,48,48,75,95,95,95,121,138,138,138,138,236,236,248,248,267,45,45,45,375,375,375,375,401,412,431,462,462,566,566,583,37,49,59,59,59,87,87,87,87,87,115,130,163,163,163],"floor_reached":51,"playtime":5977,"items_purged":["Defend_P"],"score":865,"play_id":"2f112273-a18a-4c09-8296-72fe73960ba8","local_time":"20210101232755","is_ascension_mode":true,"campfire_choices":[{"data":"Study","floor":6,"key":"SMITH"},{"floor":10,"key":"REST"},{"data":"Eruption","floor":13,"key":"SMITH"},{"data":"TalkToTheHand","floor":15,"key":"SMITH"},{"data":"MasterReality","floor":23,"key":"SMITH"},{"data":"WaveOfTheHand","floor":27,"key":"SMITH"},{"data":"Devotion","floor":32,"key":"SMITH"},{"data":"DevaForm","floor":40,"key":"SMITH"},{"data":"Meditate","floor":42,"key":"SMITH"},{"data":"Consecrate","floor":45,"key":"SMITH"},{"data":"MentalFortress","floor":49,"key":"SMITH"}],"circlet_count":0,"master_deck":["Strike_P","Strike_P","Strike_P","Defend_P","Defend_P","Defend_P","Eruption+1","Vigilance","Study+1","Fasting2+1","Prostrate","FearNoEvil","LikeWater+1","Devotion+1","TalkToTheHand+1","MasterReality+1","CurseOfTheBell","Wallop+1","WaveOfTheHand+1","Decay","Prostrate+1","Consecrate+1","Meditate+1","SashWhip+1","DevaForm+1","Wallop+1","Sanctity","Bandage Up","MentalFortress+1","MentalFortress","Prostrate+1","Consecrate+1","ForeignInfluence+1"],"relics":["HolyWater","Du-Vu Doll","Unceasing Top","Letter Opener","Incense Burner","Calling Bell","MealTicket","White Beast Statue","Ice Cream","MutagenicStrength","Frozen Eye","Old Coin","Eternal Feather","Question Card","Bronze Scales","Lantern","Potion Belt","Oddly Smooth Stone","Gambling Chip","Happy Flower","TungstenRod"],"acts_visited":["Exordium","TheCity","TheBeyond"],"potions_floor_usage":[18,31,33,33,47,47,48,50,50,50],"damage_taken":[{"damage":0,"enemies":"2 Louse","floor":1,"turns":2},{"damage":3,"enemies":"Jaw Worm","floor":5,"turns":6},{"damage":10,"enemies":"Lagavulin","floor":7,"turns":9},{"damage":3,"enemies":"Small Slimes","floor":8,"turns":4},{"damage":12,"enemies":"3 Sentries","floor":11,"turns":9},{"damage":0,"enemies":"Looter","floor":12,"turns":3},{"damage":2,"enemies":"Slime Boss","floor":16,"turns":12},{"damage":6,"enemies":"Shell Parasite","floor":18,"turns":6},{"damage":8,"enemies":"Spheric Guardian","floor":20,"turns":4},{"damage":4,"enemies":"Book of Stabbing","floor":24,"turns":7},{"damage":18,"enemies":"Gremlin Leader","floor":28,"turns":6},{"damage":5,"enemies":"Centurion and Healer","floor":29,"turns":7},{"damage":8,"enemies":"Sentry and Sphere","floor":30,"turns":6},{"damage":11,"enemies":"Book of Stabbing","floor":31,"turns":7},{"damage":0,"enemies":"Automaton","floor":33,"turns":8},{"damage":18,"enemies":"3 Shapes","floor":35,"turns":5},{"damage":22,"enemies":"3 Darklings","floor":37,"turns":4},{"damage":16,"enemies":"Maw","floor":38,"turns":7},{"damage":6,"enemies":"Giant Head","floor":41,"turns":8},{"damage":22,"enemies":"Nemesis","floor":46,"turns":7},{"damage":3,"enemies":"Spire Growth","floor":47,"turns":5},{"damage":0,"enemies":"Giant Head","floor":48,"turns":6},{"damage":53,"enemies":"Time Eater","floor":50,"turns":10}],"seed_played":"5995495676130378673","potions_obtained":[{"floor":1,"key":"Strength Potion"},{"floor":5,"key":"SmokeBomb"},{"floor":7,"key":"SkillPotion"},{"floor":18,"key":"SmokeBomb"},{"floor":20,"key":"Swift Potion"},{"floor":24,"key":"BottledMiracle"},{"floor":29,"key":"BottledMiracle"},{"floor":31,"key":"AttackPotion"},{"floor":33,"key":"BottledMiracle"},{"floor":35,"key":"BottledMiracle"},{"floor":37,"key":"FearPotion"},{"floor":38,"key":"Regen Potion"},{"floor":46,"key":"AttackPotion"},{"floor":47,"key":"Weak Potion"},{"floor":48,"key":"FearPotion"}],"is_trial":false,"path_per_floor":["M","?","?","$","M","R","E","M","T","R","E","M","R","?","R","B",null,"M","?","M","$","?","R","E","?","T","R","E","M","M","E","R","B",null,"M","$","M","M","?","R","E","R","T","?","R","E","M","E","R","B",null],"character_chosen":"WATCHER","items_purchased":["Fasting2","WaveOfTheHand","Frozen Eye","Lantern","Potion Belt","Sanctity","Bandage Up"],"campfire_rested":1,"item_purchase_floors":[4,21,21,36,36,36,36],"current_hp_per_floor":[51,44,44,44,41,41,31,28,28,49,37,37,37,37,37,35,72,66,66,58,72,72,72,68,68,68,72,54,49,41,30,45,45,72,54,69,47,35,35,53,51,69,69,69,72,54,55,59,72,34],"gold":163,"neow_bonus":"ONE_RARE_RELIC","is_daily":false,"chose_seed":false,"campfire_upgraded":10,"win_rate":0.0,"timestamp":1609572475,"path_taken":["M","?","?","$","M","R","E","M","T","R","E","?","R","?","R","BOSS","M","?","M","$","?","R","E","?","T","R","E","M","M","E","R","BOSS","M","$","?","M","?","R","E","R","T","?","R","E","M","E","R","BOSS"],"items_purchased_type":["Card","Card","Relic","Relic","Relic","Card","Card"],"build_version":"2020-12-22","purchased_purges":1,"victory":true,"max_hp_per_floor":[72,72,72,72,72,72,72,72,72,72,72,72,72,72,72,72,72,72,72,72,72,72,72,72,72,72,72,72,72,72,72,72,72,72,72,72,72,72,72,72,72,72,72,72,72,72,72,72,72,72],"card_choices":[{"not_picked":["WheelKick","Nirvana"],"picked":"Study","floor":1},{"not_picked":["Evaluate","CutThroughFate"],"picked":"Prostrate","floor":5},{"not_picked":["Conclude","WheelKick"],"picked":"FearNoEvil","floor":7},{"not_picked":["ClearTheMind","FlurryOfBlows"],"picked":"LikeWater","floor":8},{"not_picked":["Conclude","EmptyBody"],"picked":"Devotion","floor":11},{"not_picked":["Consecrate","Tantrum"],"picked":"TalkToTheHand","floor":12},{"not_picked":["Scrawl","Brilliance"],"picked":"MasterReality","floor":16},{"not_picked":["Consecrate","BowlingBash"],"picked":"EmptyBody+1","floor":18},{"not_picked":["Collect","BowlingBash"],"picked":"Wallop+1","floor":20},{"not_picked":["EmptyFist+1","Conclude","PathToVictory"],"picked":"SKIP","floor":24},{"not_picked":["BowlingBash+1","CutThroughFate"],"picked":"Prostrate+1","floor":28},{"not_picked":["Wireheading","SashWhip","JustLucky+1"],"picked":"Consecrate","floor":29},{"not_picked":["Collect+1","Protect","FlyingSleeves"],"picked":"Meditate","floor":30},{"not_picked":["Nirvana+1","Prostrate","ClearTheMind+1"],"picked":"SashWhip+1","floor":31},{"not_picked":["Establishment","Alpha","MasterReality"],"picked":"DevaForm","floor":33},{"not_picked":["ForeignInfluence+1","Evaluate","Adaptation"],"picked":"Wallop+1","floor":35},{"not_picked":["Pray","Study+1","FlyingSleeves"],"picked":"MentalFortress","floor":37},{"not_picked":["EmptyBody+1","FlyingSleeves+1","Protect"],"picked":"MentalFortress","floor":38},{"not_picked":["CutThroughFate+1","FollowUp+1","EmptyBody+1"],"picked":"Prostrate+1","floor":41},{"not_picked":["ClearTheMind+1","DeceiveReality","CrushJoints","Meditate"],"picked":"SKIP","floor":46},{"not_picked":["EmptyMind+1","SpiritShield","FollowUp+1"],"picked":"Consecrate+1","floor":47},{"not_picked":["BowlingBash","LessonLearned","Evaluate"],"picked":"ForeignInfluence+1","floor":48}],"player_experience":118262,"relics_obtained":[{"floor":7,"key":"Unceasing Top"},{"floor":9,"key":"Letter Opener"},{"floor":11,"key":"Incense Burner"},{"floor":17,"key":"MealTicket"},{"floor":17,"key":"White Beast Statue"},{"floor":17,"key":"Ice Cream"},{"floor":24,"key":"Old Coin"},{"floor":26,"key":"Eternal Feather"},{"floor":28,"key":"Question Card"},{"floor":31,"key":"Bronze Scales"},{"floor":41,"key":"Oddly Smooth Stone"},{"floor":43,"key":"Gambling Chip"},{"floor":46,"key":"Happy Flower"},{"floor":48,"key":"TungstenRod"}],"event_choices":[{"cards_removed":["Strike_P"],"damage_healed":0,"gold_gain":0,"player_choice":"Card Removal","damage_taken":7,"max_hp_gain":0,"max_hp_loss":0,"event_name":"Golden Wing","floor":2,"gold_loss":0},{"damage_healed":0,"gold_gain":0,"player_choice":"Leave","damage_taken":0,"max_hp_gain":0,"max_hp_loss":0,"event_name":"The Cleric","floor":3,"gold_loss":0},{"damage_healed":0,"gold_gain":0,"player_choice":"Grow","damage_taken":0,"max_hp_gain":0,"max_hp_loss":0,"event_name":"Living Wall","floor":14,"gold_loss":0,"cards_upgraded":["LikeWater"]},{"damage_healed":0,"gold_gain":0,"player_choice":"Inject Mutagens","damage_taken":0,"relics_obtained":["MutagenicStrength"],"max_hp_gain":0,"max_hp_loss":0,"event_name":"Drug Dealer","floor":19,"gold_loss":0},{"damage_healed":0,"gold_gain":0,"player_choice":"Smashed Altar","damage_taken":0,"max_hp_gain":0,"max_hp_loss":0,"event_name":"Forgotten Altar","floor":22,"gold_loss":0,"cards_obtained":["Decay"]},{"damage_healed":0,"gold_gain":0,"player_choice":"Forge","damage_taken":0,"max_hp_gain":0,"max_hp_loss":0,"event_name":"Accursed Blacksmith","floor":25,"gold_loss":0,"cards_upgraded":["Fasting2"]},{"cards_removed":["EmptyBody"],"damage_healed":0,"gold_gain":0,"player_choice":"Removed Skill","damage_taken":0,"max_hp_gain":0,"max_hp_loss":0,"event_name":"Falling","floor":39,"gold_loss":0},{"damage_healed":0,"gold_gain":0,"player_choice":"Ignored","damage_taken":0,"max_hp_gain":0,"max_hp_loss":0,"event_name":"Transmorgrifier","floor":44,"gold_loss":0}],"is_beta":false,"boss_relics":[{"not_picked":["Coffee Dripper","Runic Dome"],"picked":"Calling Bell"},{"not_picked":["SacredBark","Snecko Eye"],"picked":"HolyWater"}],"items_purged_floors":[36],"is_endless":false,"potions_floor_spawned":[1,5,7,18,20,24,28,29,30,31,33,35,37,38,41,46,47,48],"ascension_level":1}}