{"host":"2xariuzyq9toul80","time":1609592184,"event":{"mods":["AchievementEnabler","BaseMod","Hermit","Highlight Path","Hubris","Infinite Spire","Lobotomy","LobotomyExtend","Minty Spire (QoL Compilation)","Quick Restart","Replay The Spire","StSLib","The Cursed","The Hierophant","vexMod"],"gold_per_floor":[111,126,126,49,67,67,101,101,101,101,101,114,114,114,114,114,114],"floor_reached":16,"playtime":690,"items_purged":[],"score":98,"play_id":"f687ffb4-568e-499c-82fd-59ce0ffa5d79","local_time":"20210102215624","is_ascension_mode":false,"campfire_choices":[{"data":"Offering","floor":6,"key":"SMITH"},{"data":"Rupture","floor":8,"key":"SMITH"},{"data":"Warcry","floor":11,"key":"SMITH"},{"data":"Pummel","floor":15,"key":"SMITH"}],"circlet_count":0,"master_deck":["Strike_R","Strike_R","Strike_R","Strike_R","Strike_R","Defend_R","Defend_R","Defend_R","Defend_R","Bash","ShyLook","Run Through","MeatLantern","Offering+1","Scorched","Warcry+1","Murderer","Rupture+1","OSAHOGD","Pummel+1"],"relics":["Burning Blood","CogitoBucket","LetterFromLob","Replay:Wax Seal","hubris:TinFlute","Gremlin Horn","Blue Candle","Akabeko"],"acts_visited":["Exordium"],"potions_floor_usage":[],"damage_taken":[{"damage":6.0,"enemies":"Cultist","floor":1.0,"turns":3.0},{"damage":13.0,"enemies":"Jaw Worm","floor":2.0,"turns":3.0},{"damage":6,"enemies":"2 Louse","floor":5,"turns":2},{"damage":19,"enemies":"Lagavulin","floor":7,"turns":5},{"damage":0,"enemies":"Lots of Slimes","floor":12,"turns":1},{"damage":31,"enemies":"Slime Boss","floor":16,"turns":3}],"seed_played":"-5316151467639804421","potions_obtained":[{"floor":2.0,"key":"Ancient Potion"},{"floor":7,"key":"ColorlessPotion"},{"floor":10,"key":"FairyPotion"},{"floor":10,"key":"FairyPotion"}],"is_trial":false,"path_per_floor":["M","M","?","$","M","R","E","R","T","?","R","M","T","?","R","B"],"character_chosen":"IRONCLAD","items_purchased":["Replay:Wax Seal"],"campfire_rested":0,"item_purchase_floors":[4],"current_hp_per_floor":[80,73,80,80,80,80,67,67,67,67,67,73,73,73,73,42,42],"gold":114,"neow_bonus":"","is_daily":false,"chose_seed":false,"campfire_upgraded":4,"win_rate":0.0,"timestamp":1609592184,"path_taken":["M","?","?","$","M","R","E","R","T","?","R","?","?","?","R","BOSS"],"items_purchased_type":["Relic"],"build_version":"2020-12-22","purchased_purges":0,"victory":false,"max_hp_per_floor":[80,80,80,80,80,80,80,80,80,80,80,80,80,80,80,80,80],"card_choices":[{"not_picked":["OSAHOGD","FieryBird"],"picked":"ShyLook","floor":1.0},{"not_picked":["Feel No Pain","Twin Strike"],"picked":"Run Through","floor":1.0},{"not_picked":["RedShoes","DespairKnight"],"picked":"MeatLantern","floor":2.0},{"not_picked":["Headbutt","Clash"],"picked":"Offering","floor":2.0},{"not_picked":["WallGazer","Murderer"],"picked":"Scorched","floor":5},{"not_picked":["Body Slam","hubris:ReadiedAction"],"picked":"Warcry","floor":5},{"not_picked":["GalaxyChild","WallGazer"],"picked":"Murderer","floor":7},{"not_picked":["hubris:SharpeningStone","Disarm"],"picked":"Rupture","floor":7},{"not_picked":["BigBird","PunishingBird"],"picked":"OSAHOGD","floor":12},{"not_picked":["Inflame","Armaments"],"picked":"Pummel","floor":12}],"player_experience":369890,"relics_obtained":[{"floor":1.0,"key":"LetterFromLob"},{"floor":7,"key":"hubris:TinFlute"},{"floor":9,"key":"Gremlin Horn"},{"floor":13,"key":"Blue Candle"}],"event_choices":[{"damage_healed":0,"gold_gain":0,"player_choice":"Got Potions","damage_taken":0,"max_hp_gain":0,"max_hp_loss":0,"event_name":"Lab","floor":10,"gold_loss":0},{"damage_healed":0,"gold_gain":0,"player_choice":"Gave Potion","damage_taken":0,"relics_obtained":["Akabeko"],"max_hp_gain":0,"max_hp_loss":0,"event_name":"WeMeetAgain","floor":14,"gold_loss":0}],"is_beta":false,"boss_relics":[],"items_purged_floors":[],"is_endless":false,"potions_floor_spawned":[2,7],"killed_by":"Slime Boss","ascension_level":0}}