{"host":"qxeepl7ydvsgmfdb","time":1609591515,"event":{"mods":["AchievementEnabler","BaseMod","Colored Powertips","Minty Spire (QoL Compilation)","Quick Restart","slay the spire mod where everything is the same but ironclad has a cowboy hat"],"gold_per_floor":[113,188,208,208,208,208,240,253,304,318,283,283,283,297,297,395,395,414,414,414,428,428,428,442,149,230,230,257,267,285,285,285,285,285],"floor_reached":33,"playtime":956,"items_purged":["Defend_G+1"],"score":475,"play_id":"702b89fa-96ef-419d-bc51-0432e5f87de3","local_time":"20210102074515","is_ascension_mode":true,"campfire_choices":[{"data":"Deadly Poison","floor":6,"key":"SMITH"},{"data":"Poisoned Stab","floor":12,"key":"SMITH"},{"floor":15,"key":"REST"},{"floor":23,"key":"REST"},{"floor":27,"key":"REST"},{"floor":32,"key":"REST"}],"circlet_count":0,"master_deck":["Strike_G+1","Strike_G+1","Strike_G+1","Defend_G+1","Defend_G+1","Defend_G+1","Defend_G+1","Survivor","Neutralize","Flying Knee","Deadly Poison+1","Dagger Spray","Poisoned Stab+1","Slice","Sucker Punch","Die Die Die","Cloak And Dagger+1","Terror","Venomology","Deflect","Blade Dance","Cloak And Dagger"],"relics":["Ring of the Snake","NeowsBlessing","Lantern","Snake Skull","SlaversCollar","Membership Card","PreservedInsect","White Beast Statue","Orichalcum"],"acts_visited":["Exordium","TheCity"],"potions_floor_usage":[16,16,21,24,28,28,30,33,33,33],"damage_taken":[{"damage":0,"enemies":"Small Slimes","floor":1,"turns":1},{"damage":0,"enemies":"Cultist","floor":3,"turns":1},{"damage":0,"enemies":"Lagavulin","floor":7,"turns":1},{"damage":0,"enemies":"2 Louse","floor":8,"turns":3},{"damage":14,"enemies":"Large Slime","floor":10,"turns":5},{"damage":6,"enemies":"Red Slaver","floor":14,"turns":3},{"damage":0,"enemies":"Slime Boss","floor":16,"turns":4},{"damage":37,"enemies":"Spheric Guardian","floor":18,"turns":6},{"damage":7,"enemies":"3 Byrds","floor":21,"turns":4},{"damage":29,"enemies":"Shelled Parasite and Fungi","floor":24,"turns":5},{"damage":0,"enemies":"Slavers","floor":28,"turns":2},{"damage":6,"enemies":"Chosen and Byrds","floor":29,"turns":5},{"damage":9,"enemies":"Snecko","floor":30,"turns":4},{"damage":69,"enemies":"Automaton","floor":33,"turns":8}],"seed_played":"6578157928588454801","potions_obtained":[{"floor":1,"key":"Fire Potion"},{"floor":3,"key":"GamblersBrew"},{"floor":8,"key":"DuplicationPotion"},{"floor":21,"key":"SneckoOil"},{"floor":28,"key":"AttackPotion"},{"floor":29,"key":"AttackPotion"},{"floor":30,"key":"Energy Potion"}],"is_trial":false,"path_per_floor":["M","?","M","?","$","R","E","M","T","M","?","R","?","M","R","B",null,"M","?","?","M","?","R","M","$","T","R","E","M","M","?","R","B"],"character_chosen":"THE_SILENT","items_purchased":["Membership Card","PreservedInsect","Cloak And Dagger"],"campfire_rested":4,"item_purchase_floors":[25,25,25],"current_hp_per_floor":[63,52,52,52,52,52,52,52,52,38,55,55,55,49,70,70,70,33,33,33,26,13,35,6,6,6,28,28,22,13,38,60,0,0],"gold":285,"neow_bonus":"THREE_ENEMY_KILL","is_daily":false,"chose_seed":false,"campfire_upgraded":2,"win_rate":0.0,"timestamp":1609591515,"path_taken":["M","?","M","?","$","R","E","M","T","?","?","R","?","?","R","BOSS","M","?","?","?","?","R","M","?","T","R","E","M","M","?","R","BOSS"],"items_purchased_type":["Relic","Relic","Card"],"build_version":"2020-12-22","purchased_purges":1,"victory":false,"max_hp_per_floor":[70,70,70,70,70,70,70,70,70,70,70,70,70,70,70,70,70,70,70,70,70,75,75,75,75,75,75,75,75,75,75,75,75,75],"card_choices":[{"not_picked":["Riddle With Holes","Dodge and Roll"],"picked":"Flying Knee","floor":1},{"not_picked":["Dodge and Roll","Reflex"],"picked":"Deadly Poison","floor":3},{"not_picked":["Quick Slash","Slice"],"picked":"Dagger Spray","floor":7},{"not_picked":["Accuracy","Skewer"],"picked":"Poisoned Stab","floor":8},{"not_picked":["Blur","PiercingWail"],"picked":"Slice","floor":10},{"not_picked":["Dodge and Roll","Bullet Time"],"picked":"Sucker Punch","floor":14},{"not_picked":["Doppelganger","Grand Finale"],"picked":"Die Die Die","floor":16},{"not_picked":["Acrobatics","Skewer+1"],"picked":"Cloak And Dagger+1","floor":18},{"not_picked":["Footwork","Underhanded Strike"],"picked":"Deflect","floor":21},{"not_picked":["Dash","Backflip+1"],"picked":"Blade Dance","floor":24},{"not_picked":["Storm of Steel","Dagger Throw","Bane"],"picked":"SKIP","floor":28},{"not_picked":["Blur+1","Dagger Throw","Tactician+1"],"picked":"SKIP","floor":29},{"not_picked":["Prepared+1","Well Laid Plans","Grand Finale"],"picked":"SKIP","floor":30}],"player_experience":353874,"relics_obtained":[{"floor":7,"key":"Lantern"},{"floor":9,"key":"Snake Skull"},{"floor":26,"key":"White Beast Statue"},{"floor":28,"key":"Orichalcum"}],"event_choices":[{"damage_healed":0,"gold_gain":75,"player_choice":"Gather Gold","damage_taken":11,"max_hp_gain":0,"max_hp_loss":0,"event_name":"World of Goop","floor":2,"gold_loss":0},{"cards_removed":["Strike_G"],"damage_healed":0,"gold_gain":0,"player_choice":"Purged","damage_taken":0,"max_hp_gain":0,"max_hp_loss":0,"event_name":"Purifier","floor":4,"gold_loss":0},{"damage_healed":17,"gold_gain":0,"player_choice":"Healed","damage_taken":0,"max_hp_gain":0,"max_hp_loss":0,"event_name":"The Cleric","floor":11,"gold_loss":35},{"cards_removed":["Strike_G"],"damage_healed":0,"gold_gain":0,"player_choice":"Offered Basic","damage_taken":0,"max_hp_gain":0,"max_hp_loss":0,"event_name":"Bonfire Elementals","floor":13,"gold_loss":0},{"damage_healed":0,"gold_gain":0,"player_choice":"Simplicity","damage_taken":0,"max_hp_gain":0,"max_hp_loss":0,"event_name":"Back to Basics","floor":19,"gold_loss":0,"cards_upgraded":["Strike_G","Strike_G","Strike_G","Defend_G","Defend_G","Defend_G","Defend_G","Defend_G"]},{"damage_healed":0,"gold_gain":0,"player_choice":"2 cards matched","damage_taken":0,"max_hp_gain":0,"max_hp_loss":0,"event_name":"Match and Keep!","floor":20,"gold_loss":0,"cards_obtained":["Terror","Venomology"]},{"damage_healed":0,"gold_gain":0,"player_choice":"Shed Blood","damage_taken":18,"max_hp_gain":5,"max_hp_loss":0,"event_name":"Forgotten Altar","floor":22,"gold_loss":0},{"damage_healed":25,"gold_gain":0,"player_choice":"Heal","damage_taken":0,"max_hp_gain":0,"max_hp_loss":0,"event_name":"The Library","floor":31,"gold_loss":0}],"is_beta":false,"boss_relics":[{"not_picked":["Runic Pyramid","Astrolabe"],"picked":"SlaversCollar"}],"items_purged_floors":[25],"is_endless":false,"potions_floor_spawned":[1,3,8,21,28,29,30],"killed_by":"Automaton","ascension_level":6}}