{"host":"dcj2yvrgcvh5dl2s","time":1609559684,"event":{"mods":["BaseMod","Better Note","Block Reminder","Colored Powertips","DeckTracker","Minty Spire (QoL Compilation)","Quick Restart","Rare Cards Sparkle","Relic Stats","StSLib"],"gold_per_floor":[109,34,46,57,20,45,61,61,61],"floor_reached":8,"playtime":452,"items_purged":[],"score":110,"play_id":"7b925a25-51b6-4866-8140-92ceef3c7152","local_time":"20210102135444","is_ascension_mode":true,"campfire_choices":[],"circlet_count":0,"master_deck":["AscendersBane","Strike_R","Strike_R","Strike_R","Strike_R","Defend_R","Defend_R","Defend_R","Defend_R","Bash","Heavy Blade","Inflame","Feed","Shrug It Off"],"relics":["Burning Blood","NeowsBlessing","Anchor"],"acts_visited":["Exordium"],"potions_floor_usage":[6,7],"damage_taken":[{"damage":0,"enemies":"Cultist","floor":1,"turns":1},{"damage":0,"enemies":"Jaw Worm","floor":3,"turns":1},{"damage":0,"enemies":"2 Louse","floor":4,"turns":1},{"damage":32,"enemies":"Gremlin Nob","floor":6,"turns":4},{"damage":18,"enemies":"Lots of Slimes","floor":7,"turns":5},{"damage":44,"enemies":"3 Sentries","floor":8,"turns":10}],"seed_played":"-8837073644754906091","potions_obtained":[{"floor":3,"key":"LiquidMemories"},{"floor":6,"key":"BlessingOfTheForge"}],"is_trial":false,"path_per_floor":["M","?","M","M","$","E","M","E"],"character_chosen":"IRONCLAD","items_purchased":["Inflame"],"campfire_rested":0,"item_purchase_floors":[5],"current_hp_per_floor":[74,74,75,75,75,49,41,0,0],"gold":61,"neow_bonus":"THREE_ENEMY_KILL","is_daily":false,"chose_seed":false,"campfire_upgraded":0,"win_rate":0.0,"timestamp":1609559684,"path_taken":["M","?","M","M","$","E","M","E"],"items_purchased_type":["Card"],"build_version":"2020-12-22","purchased_purges":0,"victory":false,"max_hp_per_floor":[75,75,75,75,75,75,79,79,79],"relic_stats":{"counters":[6,22],"obtain_stats":[{"Anchor":6,"NeowsBlessing":0,"Burning Blood":0},{"Anchor":4,"NeowsBlessing":0,"Burning Blood":0},{"Anchor":7,"NeowsBlessing":0,"Burning Blood":0}],"Burning Blood":19},"card_choices":[{"not_picked":["Anger","Cleave"],"picked":"Heavy Blade","floor":1},{"not_picked":["Dual Wield","Wild Strike","Feel No Pain"],"picked":"SKIP","floor":3},{"not_picked":["Evolve","Heavy Blade","Havoc"],"picked":"SKIP","floor":4},{"not_picked":["Brutality","Clothesline"],"picked":"Feed","floor":6},{"not_picked":["Cleave","Wild Strike"],"picked":"Shrug It Off","floor":7}],"player_experience":2145642,"relics_obtained":[{"floor":6,"key":"Anchor"}],"event_choices":[{"cards_removed":["Strike_R"],"damage_healed":0,"gold_gain":0,"player_choice":"Card Removal","damage_taken":0,"max_hp_gain":0,"max_hp_loss":0,"event_name":"The Cleric","floor":2,"gold_loss":75}],"is_beta":false,"boss_relics":[],"items_purged_floors":[],"is_endless":false,"potions_floor_spawned":[3,6],"killed_by":"3 Sentries","ascension_level":18}}