{"host":"lhth1efayex2023z","time":1609550693,"event":{"mods":["BaseMod","Colored Map","Googly Eyes","Minty Spire (QoL Compilation)","StSLib"],"gold_per_floor":[13,23,23,40,40,70,70,85,85,118,9,9,84,116,116,116,116],"floor_reached":16,"playtime":542,"items_purged":["Regret"],"score":195,"play_id":"9dbb326a-2df1-404c-a3d8-fde58cbfdd2e","local_time":"20210101182453","is_ascension_mode":true,"campfire_choices":[{"data":"Body Slam","floor":12,"key":"SMITH"},{"data":"Dark Embrace","floor":15,"key":"SMITH"}],"circlet_count":0,"master_deck":["AscendersBane","Strike_R","Strike_R","Strike_R","Strike_R","Defend_R","Defend_R","Defend_R","Defend_R","Bash","Clash+1","Body Slam+1","True Grit","Fiend Fire+1","Power Through","Dark Embrace+1"],"relics":["Burning Blood","Du-Vu Doll","Lantern","Paper Frog","Bag of Marbles","Juzu Bracelet","Ornamental Fan","Whetstone"],"acts_visited":["Exordium"],"potions_floor_usage":[14,16],"damage_taken":[{"damage":14.0,"enemies":"Small Slimes","floor":1.0,"turns":4.0},{"damage":2.0,"enemies":"Jaw Worm","floor":2.0,"turns":3.0},{"damage":0,"enemies":"Cultist","floor":4,"turns":2},{"damage":23,"enemies":"Lagavulin","floor":6,"turns":6},{"damage":0,"enemies":"Exordium Wildlife","floor":8,"turns":3},{"damage":10,"enemies":"Gremlin Nob","floor":10,"turns":3},{"damage":3,"enemies":"3 Sentries","floor":14,"turns":9},{"damage":63,"enemies":"The Guardian","floor":16,"turns":15}],"seed_played":"-316705524024779961","potions_obtained":[{"floor":6,"key":"HeartOfIron"},{"floor":8,"key":"BlessingOfTheForge"},{"floor":10,"key":"LiquidMemories"}],"is_trial":false,"path_per_floor":["M","M","?","M","?","E","?","M","T","E","$","R","?","E","R","B"],"character_chosen":"IRONCLAD","items_purchased":["Dark Embrace"],"campfire_rested":0,"item_purchase_floors":[11],"current_hp_per_floor":[64,68,68,74,74,57,50,56,56,52,52,52,41,44,44,0,0],"gold":116,"neow_bonus":"ONE_RARE_RELIC","is_daily":false,"chose_seed":false,"campfire_upgraded":2,"win_rate":0.0,"timestamp":1609550693,"path_taken":["M","M","?","M","?","E","?","M","T","E","?","R","?","E","R","BOSS"],"items_purchased_type":["Card"],"build_version":"2020-12-22","purchased_purges":1,"victory":false,"max_hp_per_floor":[80,80,80,80,80,80,80,80,80,80,80,80,80,80,80,80,80],"card_choices":[{"not_picked":["Pommel Strike","Shrug It Off"],"picked":"Clash","floor":1.0},{"not_picked":["Twin Strike","Perfected Strike"],"picked":"Body Slam","floor":2.0},{"not_picked":["Inflame","Warcry"],"picked":"True Grit","floor":4},{"not_picked":["Perfected Strike","Anger","Clash"],"picked":"SKIP","floor":6},{"not_picked":["Dropkick","Clash"],"picked":"Fiend Fire","floor":8},{"not_picked":["Anger","Pommel Strike"],"picked":"Power Through","floor":10},{"not_picked":["Warcry","Anger","Pommel Strike"],"picked":"SKIP","floor":14}],"player_experience":441285,"relics_obtained":[{"floor":6,"key":"Paper Frog"},{"floor":9,"key":"Juzu Bracelet"},{"floor":10,"key":"Ornamental Fan"},{"floor":14,"key":"Whetstone"}],"event_choices":[{"cards_removed":["Strike_R"],"damage_healed":0,"gold_gain":0,"player_choice":"Forget","damage_taken":0,"max_hp_gain":0,"max_hp_loss":0,"event_name":"Living Wall","floor":3,"gold_loss":0},{"damage_healed":0,"gold_gain":0,"player_choice":"Box","damage_taken":0,"relics_obtained":["Lantern"],"max_hp_gain":0,"max_hp_loss":0,"event_name":"Big Fish","floor":5,"gold_loss":0,"cards_obtained":["Regret"]},{"damage_healed":0,"gold_gain":0,"player_choice":"Success","damage_taken":7,"relics_obtained":["Bag of Marbles"],"max_hp_gain":0,"max_hp_loss":0,"event_name":"Scrap Ooze","floor":7,"gold_loss":0},{"damage_healed":0,"gold_gain":75,"player_choice":"Gather Gold","damage_taken":11,"max_hp_gain":0,"max_hp_loss":0,"event_name":"World of Goop","floor":13,"gold_loss":0}],"is_beta":false,"boss_relics":[],"items_purged_floors":[11],"is_endless":false,"potions_floor_spawned":[6,8,10],"killed_by":"The Guardian","ascension_level":13}}