{"host":"1c52r9kaxdyo25eq","time":1609573213,"event":{"mods":["AchievementEnabler","BaseMod","Minty Spire (QoL Compilation)","Rare Cards Sparkle","SuperFastMode","everything is the same but u backflip on backflip"],"gold_per_floor":[114,164,174,185,110,110,145,145,168,178,17,17,37,37,37,110,110,123,123,143,43,43,43],"floor_reached":22,"playtime":503,"items_purged":["Strike_G","Defend_G"],"score":368,"play_id":"d25ef58f-db90-414d-be97-88ccd59068f0","local_time":"20210102164013","is_ascension_mode":true,"campfire_choices":[{"data":"Dagger Spray","floor":6.0,"key":"SMITH"},{"floor":8.0,"key":"REST"},{"data":"Predator","floor":12.0,"key":"SMITH"},{"floor":15.0,"key":"REST"}],"circlet_count":0,"master_deck":["AscendersBane","Defend_G+1","Defend_G","Survivor+1","Neutralize","Dagger Spray+1","Well Laid Plans","Predator+1","After Image","Terror","Die Die Die","Deadly Poison+1","Calculated Gamble+1","Storm of Steel+1","Escape Plan","Noxious Fumes"],"relics":["Ring of the Snake","War Paint","Vajra","Astrolabe"],"acts_visited":["Exordium","TheCity"],"potions_floor_usage":[20,22],"damage_taken":[{"damage":2.0,"enemies":"Jaw Worm","floor":1.0,"turns":6.0},{"damage":1.0,"enemies":"Cultist","floor":3.0,"turns":4.0},{"damage":0.0,"enemies":"2 Louse","floor":4.0,"turns":3.0},{"damage":42.0,"enemies":"Gremlin Nob","floor":7.0,"turns":5.0},{"damage":4.0,"enemies":"Exordium Thugs","floor":10.0,"turns":4.0},{"damage":0.0,"enemies":"Lots of Slimes","floor":13.0,"turns":2.0},{"damage":27.0,"enemies":"Slime Boss","floor":16.0,"turns":7.0},{"damage":10,"enemies":"3 Byrds","floor":18,"turns":5},{"damage":7,"enemies":"Chosen","floor":20,"turns":4},{"damage":31,"enemies":"Shelled Parasite and Fungi","floor":22,"turns":3}],"seed_played":"-9047905970580947314","potions_obtained":[{"floor":3.0,"key":"Weak Potion"},{"floor":7.0,"key":"LiquidMemories"},{"floor":13.0,"key":"EssenceOfSteel"},{"floor":14.0,"key":"EntropicBrew"},{"floor":14.0,"key":"CunningPotion"},{"floor":18,"key":"SkillPotion"}],"is_trial":false,"path_per_floor":["M","?","M","M","$","R","E","R","T","M","$","R","M","?","R","B",null,"M","?","M","$","M"],"character_chosen":"THE_SILENT","items_purchased":["Vajra"],"campfire_rested":2,"item_purchase_floors":[11],"current_hp_per_floor":[57,51,50,50,50,50,8,26,26,22,22,22,22,22,40,13,48,38,38,31,31,0,0],"gold":43,"neow_bonus":"REMOVE_TWO","is_daily":false,"chose_seed":false,"campfire_upgraded":2,"win_rate":0.0,"timestamp":1609573213,"path_taken":["M","?","?","M","$","R","E","R","T","?","$","R","M","?","R","BOSS","M","?","M","?","?"],"items_purchased_type":["Relic"],"build_version":"2020-12-22","purchased_purges":2,"victory":false,"max_hp_per_floor":[60,60,60,60,60,60,60,60,60,60,60,60,60,60,60,60,60,60,60,60,60,60,60],"card_choices":[{"not_picked":["Prepared","Slice"],"picked":"Dagger Spray","floor":1.0},{"not_picked":["Underhanded Strike","Dodge and Roll"],"picked":"Well Laid Plans","floor":3.0},{"not_picked":["Dagger Throw","Flying Knee"],"picked":"Predator","floor":4.0},{"not_picked":["Dagger Throw","Accuracy"],"picked":"After Image","floor":7.0},{"not_picked":["Sucker Punch","Leg Sweep"],"picked":"Terror","floor":10.0},{"not_picked":["Expertise","PiercingWail","Deadly Poison"],"picked":"SKIP","floor":13.0},{"not_picked":["Tools of the Trade","Night Terror"],"picked":"Die Die Die","floor":16.0},{"not_picked":["Infinite Blades","Acrobatics"],"picked":"Escape Plan","floor":18},{"not_picked":["Caltrops","Blade Dance","Masterful Stab"],"picked":"SKIP","floor":20}],"player_experience":539420,"relics_obtained":[{"floor":7.0,"key":"War Paint"}],"event_choices":[{"damage_healed":0.0,"max_hp_gain":0.0,"max_hp_loss":0.0,"gold_gain":50.0,"event_name":"FaceTrader","player_choice":"Touch","floor":2.0,"gold_loss":0.0,"damage_taken":6.0},{"damage_healed":0.0,"max_hp_gain":0.0,"max_hp_loss":0.0,"gold_gain":0.0,"event_name":"Lab","player_choice":"Got Potions","floor":14.0,"gold_loss":0.0,"damage_taken":0.0},{"damage_healed":0,"gold_gain":0,"cards_transformed":["Strike_G"],"player_choice":"Transformed","damage_taken":0,"max_hp_gain":0,"max_hp_loss":0,"event_name":"Transmorgrifier","floor":19,"gold_loss":0,"cards_obtained":["Noxious Fumes"]}],"is_beta":false,"boss_relics":[{"not_picked":["Ring of the Serpent","Philosopher\u0027s Stone"],"picked":"Astrolabe"}],"items_purged_floors":[5,21],"is_endless":false,"potions_floor_spawned":[3,7,10,13,18],"killed_by":"Shelled Parasite and Fungi","ascension_level":20}}