{"host":"i09pxcjttd31eh4q","time":1609599677,"event":{"mods":["AchievementEnabler","BaseMod","Colored Map","Keyboard Shortcuts","Minty Spire (QoL Compilation)","StSLib","SuperFastMode"],"gold_per_floor":[113,133,133,144,63,88,88,116,165,130,148,168,108,122,122,122,122],"floor_reached":16,"playtime":312,"items_purged":["Strike_B"],"score":224,"play_id":"1fd56f0b-1985-4478-a15d-1e821dbcfb2b","local_time":"20210103000117","is_ascension_mode":true,"campfire_choices":[{"data":"Zap","floor":7,"key":"SMITH"},{"data":"Consume","floor":15,"key":"SMITH"}],"circlet_count":0,"master_deck":["AscendersBane","Strike_B","Strike_B","Strike_B","Defend_B","Defend_B","Defend_B","Defend_B","Zap+1","Dualcast","Rip and Tear","Sweeping Beam","Coolheaded","Capacitor","All For One","Glacier","Coolheaded","Consume+1","Hologram"],"relics":["Cracked Core","NeowsBlessing","The Courier","Nunchaku","Boot"],"acts_visited":["Exordium"],"potions_floor_usage":[6,8,12],"damage_taken":[{"damage":0,"enemies":"Cultist","floor":1,"turns":1},{"damage":0,"enemies":"Small Slimes","floor":2,"turns":1},{"damage":0,"enemies":"2 Louse","floor":4,"turns":1},{"damage":28,"enemies":"Lagavulin","floor":6,"turns":7},{"damage":32,"enemies":"3 Sentries","floor":8,"turns":7},{"damage":13,"enemies":"Blue Slaver","floor":11,"turns":2},{"damage":7,"enemies":"3 Louse","floor":12,"turns":4},{"damage":6,"enemies":"2 Fungi Beasts","floor":14,"turns":4},{"damage":11,"enemies":"Hexaghost","floor":16,"turns":9}],"seed_played":"2888119292194398153","potions_obtained":[{"floor":3,"key":"EssenceOfSteel"},{"floor":3,"key":"FocusPotion"},{"floor":8,"key":"Regen Potion"},{"floor":12,"key":"SpeedPotion"}],"is_trial":false,"path_per_floor":["M","M","?","M","$","E","R","E","T","?","M","M","$","M","R","B"],"character_chosen":"DEFECT","items_purchased":["Capacitor"],"campfire_rested":0,"item_purchase_floors":[5],"current_hp_per_floor":[64,64,64,64,64,36,36,4,4,21,8,13,13,7,7,0,0],"gold":122,"neow_bonus":"THREE_ENEMY_KILL","is_daily":false,"chose_seed":false,"campfire_upgraded":2,"win_rate":0.0,"timestamp":1609599677,"path_taken":["M","?","?","M","?","E","R","E","T","?","M","M","?","M","R","BOSS"],"items_purchased_type":["Card"],"build_version":"2020-12-22","purchased_purges":1,"victory":false,"max_hp_per_floor":[71,71,71,71,71,71,71,71,71,71,71,71,71,71,71,71,71],"card_choices":[{"not_picked":["Sweeping Beam","Blizzard"],"picked":"Rip and Tear","floor":1},{"not_picked":["Hello World","Lockon"],"picked":"Sweeping Beam","floor":2},{"not_picked":["Genetic Algorithm","Compile Driver"],"picked":"Coolheaded","floor":4},{"not_picked":["White Noise","FTL"],"picked":"All For One","floor":6},{"not_picked":["Steam","Go for the Eyes"],"picked":"Glacier","floor":8},{"not_picked":["Redo","Capacitor"],"picked":"Coolheaded","floor":11},{"not_picked":["Cold Snap","Coolheaded"],"picked":"Consume","floor":12},{"not_picked":["Consume","Stack"],"picked":"Hologram","floor":14}],"player_experience":823696,"relics_obtained":[{"floor":6,"key":"The Courier"},{"floor":8,"key":"Nunchaku"},{"floor":9,"key":"Boot"}],"event_choices":[{"damage_healed":0,"gold_gain":0,"player_choice":"Got Potions","damage_taken":0,"max_hp_gain":0,"max_hp_loss":0,"event_name":"Lab","floor":3,"gold_loss":0},{"damage_healed":17,"gold_gain":0,"player_choice":"Healed","damage_taken":0,"max_hp_gain":0,"max_hp_loss":0,"event_name":"The Cleric","floor":10,"gold_loss":35}],"is_beta":false,"boss_relics":[],"items_purged_floors":[13],"is_endless":false,"potions_floor_spawned":[4,8,12],"killed_by":"Hexaghost","ascension_level":20}}