{"host":"fal5b55xqvompnbi","time":1609548364,"event":{"mods":["AchievementEnabler","BaseMod","BetterRewards","Downfall","Infinite Spire","Marisa????????","Minty Spire (QoL Compilation)","Replay The Spire","Shop Mod","StSLib"],"gold_per_floor":[118,136,147,160,134,134,134,134,134,166,166,179,189,200,200,302,302,312,52,52,52,40,40,40,40,40,40,40,59,76,96,96,111,111,215,215,232,232,248,248,248],"floor_reached":40,"playtime":2579,"items_purged":["Delirium"],"score":415,"play_id":"49a334a5-77d0-40ae-9ea0-586045f1ecb8","local_time":"20210102014604","is_ascension_mode":false,"campfire_choices":[{"data":"Pommel Strike","floor":6,"key":"SMITH"},{"data":"Perfected Strike","floor":8,"key":"SMITH"},{"data":"infinitespire:OneForAll","floor":11,"key":"SMITH"},{"data":"Anger","floor":15,"key":"SMITH"},{"data":"ReplayReversal","floor":23,"key":"SMITH"},{"data":"Impervious","floor":26,"key":"SMITH"},{"data":"Flex","floor":32,"key":"SMITH"},{"data":"expansioncontent:DonusPower","floor":34,"key":"SMITH"}],"circlet_count":0,"master_deck":["Strike_R","Strike_R","Strike_R","Strike_R","Defend_R","Defend_R+1","Defend_R","Defend_R","Bash","Bloodletting","Perfected Strike+1","Infernal Blade+1","Cleave","Pommel Strike+1","infinitespire:OneForAll+1","ReplayReversal+1","Shrug It Off","Anger+1","Impervious+1","Parasite","Decay","Heavy Blade+1","Body Slam","Fire Breathing","Pommel Strike","expansioncontent:DonusPower+1","Infernal Blade","True Grit","Flex+1","Flex+1","Reaper","CommonCold","Looming Evil","ReplayTheSpireMod:Strike From Hell","Armaments+1"],"relics":["Burning Blood","Bottled Flame","ReplayFunnel","Quantum Egg","Replay:Ancient Bell","War Paint","Divine Protection","FossilizedHelix","Gremlin Horn","Kintsugi"],"acts_visited":["Exordium","TheCity","TheBeyond"],"potions_floor_usage":[35,40,40],"damage_taken":[{"damage":22,"enemies":"infinitespire:Voidling","floor":1,"turns":6},{"damage":1,"enemies":"Cultist","floor":2,"turns":3},{"damage":2,"enemies":"Small Slimes","floor":3,"turns":4},{"damage":18,"enemies":"2 Fungi Beasts","floor":4,"turns":3},{"damage":17,"enemies":"3 Sentries","floor":10,"turns":7},{"damage":5,"enemies":"Exordium Thugs","floor":12,"turns":4},{"damage":0,"enemies":"Exordium Wildlife","floor":13,"turns":3},{"damage":3,"enemies":"Large Slime","floor":14,"turns":6},{"damage":28,"enemies":"Slime Boss","floor":16,"turns":10},{"damage":9,"enemies":"3 Byrds","floor":18,"turns":7},{"damage":12,"enemies":"2 Thieves","floor":22,"turns":4},{"damage":3,"enemies":"Cultist and Chosen","floor":29,"turns":5},{"damage":0,"enemies":"Chosen and Byrds","floor":30,"turns":3},{"damage":37,"enemies":"Centurion and Healer","floor":31,"turns":5},{"damage":3,"enemies":"Snake Plant","floor":33,"turns":3},{"damage":41,"enemies":"Automaton","floor":35,"turns":6},{"damage":27,"enemies":"3 Shapes","floor":37,"turns":3},{"damage":45,"enemies":"3 Darklings","floor":39,"turns":4},{"damage":30,"enemies":"Sphere and 2 Shapes","floor":40,"turns":3}],"seed_played":"-2250782550755362257","potions_obtained":[{"floor":1,"key":"DistilledChaos"},{"floor":10,"key":"FearPotion"},{"floor":14,"key":"Slimebound:ThreeZeroPotion"},{"floor":16,"key":"Reflective Coating"},{"floor":35,"key":"Energy Potion"}],"is_trial":false,"path_per_floor":["M","M","M","M","$","R","T","R","T","E","R","M","M","M","R","B",null,"M","$","?","$","M","R","PTL","PTL","R","?","T","M","M","M","R","M","R","B",null,"M","AVR","M","M"],"character_chosen":"IRONCLAD","items_purchased":["Pommel Strike","Body Slam","Abandon","Fire Breathing"],"campfire_rested":0,"item_purchase_floors":[5,19,19,19],"current_hp_per_floor":[79,84,88,76,76,76,76,76,76,65,65,66,72,75,75,53,88,85,85,85,85,79,79,79,79,79,79,79,82,88,57,57,60,60,25,88,67,67,28,0,0],"gold":248,"neow_bonus":"TEN_PERCENT_HP_BONUS","is_daily":false,"chose_seed":false,"campfire_upgraded":8,"win_rate":0.0,"timestamp":1609548364,"path_taken":["M","?","M","M","$","R","?","R","T","E","R","M","M","M","R","BOSS","M","$","?","$","M","R","PTL","PTL","R","?","T","M","M","M","R","M","R","BOSS","M","AVR","M","M"],"items_purchased_type":["Card","Card","Card","Card"],"build_version":"2020-12-22","purchased_purges":1,"victory":false,"max_hp_per_floor":[88,88,88,88,88,88,88,88,88,88,88,88,88,88,88,88,88,88,88,88,88,88,88,88,88,88,88,88,88,88,88,88,88,88,88,88,88,88,88,88,88],"card_choices":[{"not_picked":["Run Through","Feel No Pain"],"picked":"Bloodletting","floor":1},{"not_picked":["Heavy Blade","Thunderclap"],"picked":"Perfected Strike","floor":2},{"not_picked":["Shrug It Off","Twin Strike"],"picked":"Infernal Blade","floor":3},{"not_picked":["Headbutt","Carnage"],"picked":"Cleave","floor":4},{"not_picked":["Armaments","Cleave"],"picked":"infinitespire:OneForAll","floor":10},{"not_picked":["Rupture","Heavy Blade"],"picked":"ReplayReversal","floor":12},{"not_picked":["Juggernaut","Armaments"],"picked":"Shrug It Off","floor":13},{"not_picked":["Dropkick","Sever Soul"],"picked":"Anger","floor":14},{"not_picked":["Limit Break","Demon Form"],"picked":"Impervious","floor":16},{"not_picked":["Shame","Delirium"],"picked":"Parasite","floor":17},{"not_picked":["ReplayTheSpireMod:Splinters","CurseOfTheBell"],"picked":"Decay","floor":17},{"not_picked":["hexamod:Haunted","Voices"],"picked":"Delirium","floor":17},{"not_picked":["Rage","Sword Boomerang"],"picked":"Heavy Blade+1","floor":18},{"not_picked":["Replay:Undeath\u0027s Touch","Eclipse"],"picked":"Pommel Strike","floor":22},{"not_picked":["Inflame","Pommel Strike"],"picked":"Infernal Blade","floor":29},{"not_picked":["Metallicize+1","Sword Boomerang"],"picked":"True Grit","floor":30},{"not_picked":["ReplayTheSpireMod:LeadingStrike+1","Flame Barrier"],"picked":"Flex","floor":31},{"not_picked":["Anger","Perfected Strike"],"picked":"Flex+1","floor":33},{"not_picked":["Fiend Fire","Hemogenesis"],"picked":"Reaper","floor":35},{"not_picked":["Second Wind","True Grit"],"picked":"ReplayTheSpireMod:Strike From Hell","floor":37},{"not_picked":["Shrug It Off","Headbutt"],"picked":"Armaments+1","floor":39}],"player_experience":35479,"relics_obtained":[{"floor":7,"key":"Bottled Flame"},{"floor":9,"key":"ReplayFunnel"},{"floor":10,"key":"Quantum Egg"},{"floor":28,"key":"Gremlin Horn"}],"event_choices":[{"damage_healed":0,"gold_gain":0,"player_choice":"Ignored","damage_taken":0,"max_hp_gain":0,"max_hp_loss":0,"event_name":"Vampires","floor":20,"gold_loss":0},{"damage_healed":0,"gold_gain":0,"player_choice":"1 cards matched","damage_taken":0,"max_hp_gain":0,"max_hp_loss":0,"event_name":"Match and Keep!","floor":27,"gold_loss":0,"cards_obtained":["expansioncontent:DonusPower"]}],"is_beta":false,"boss_relics":[{"not_picked":["Replay:Drink Me","Honey Jar"],"picked":"Replay:Ancient Bell"},{"not_picked":["PreservedInsect","infinitespire:Satchel"],"picked":"War Paint"},{"not_picked":["Letter Opener","ReplayTheSpireMod:Ninjato"],"picked":"Divine Protection"},{"not_picked":["WingedGreaves","Replay:Kaleidoscope"],"picked":"FossilizedHelix"},{"not_picked":["Astrolabe","Empty Cage"],"picked":"Kintsugi"}],"items_purged_floors":[19],"is_endless":false,"potions_floor_spawned":[1,10,14,16,18,29,31,33,35],"killed_by":"Sphere and 2 Shapes","ascension_level":0}}