{"host":"k85tjwrh7mjrrc9a","time":1609552904,"event":{"mods":["AchievementEnabler","BaseMod","Colored Powertips","Highlight Path","Minty Spire (QoL Compilation)","Rare Cards Sparkle","StSLib"],"gold_per_floor":[115,115,115,70,82,97,144,162,162,192,210,210,229,154,154,257,257,271,271,281,281,281,281,293,293,320,336,370,383,298,298,298,298,298],"floor_reached":33,"playtime":1942,"items_purged":["Regret"],"score":305,"play_id":"78475778-65a0-467a-bb9c-a46864e26c8f","local_time":"20210101210144","is_ascension_mode":true,"campfire_choices":[{"floor":12,"key":"REST"},{"floor":15,"key":"REST"},{"data":"Coolheaded","floor":23,"key":"SMITH"},{"data":"Coolheaded","floor":25,"key":"SMITH"},{"floor":32,"key":"REST"}],"circlet_count":0,"master_deck":["Strike_B+1","Strike_B+1","Strike_B+1","Strike_B+1","Defend_B+1","Defend_B+1","Defend_B+1","Defend_B+1","Zap","Dualcast","Coolheaded+1","Sweeping Beam","Steam","Turbo","Sweeping Beam","Coolheaded+1","Go for the Eyes","Seek","Static Discharge","Ball Lightning","Redo+1","Hologram+1","Compile Driver","Conserve Battery+1"],"relics":["Cracked Core","Tiny Chest","Ancient Tea Set","Art of War","CaptainsWheel","Pear","Nuclear Battery","MutagenicStrength","Toxic Egg 2","Toy Ornithopter","Prayer Wheel","HornCleat"],"acts_visited":["Exordium","TheCity"],"potions_floor_usage":[10,16,28,29,33,33],"damage_taken":[{"damage":1,"enemies":"2 Louse","floor":1,"turns":2},{"damage":6,"enemies":"Jaw Worm","floor":5,"turns":3},{"damage":7,"enemies":"Cultist","floor":6,"turns":3},{"damage":28,"enemies":"Gremlin Gang","floor":8,"turns":4},{"damage":38,"enemies":"3 Sentries","floor":10,"turns":9},{"damage":9,"enemies":"Looter","floor":11,"turns":3},{"damage":1,"enemies":"Red Slaver","floor":13,"turns":3},{"damage":26,"enemies":"Slime Boss","floor":16,"turns":13},{"damage":20,"enemies":"Chosen","floor":18,"turns":8},{"damage":21,"enemies":"2 Thieves","floor":20,"turns":4},{"damage":1,"enemies":"Cultist and Chosen","floor":24,"turns":5},{"damage":19,"enemies":"Sentry and Sphere","floor":27,"turns":5},{"damage":28,"enemies":"Gremlin Leader","floor":28,"turns":8},{"damage":0,"enemies":"Centurion and Healer","floor":29,"turns":3},{"damage":52,"enemies":"Collector","floor":33,"turns":10}],"seed_played":"7485170040097294758","potions_obtained":[{"floor":8,"key":"FearPotion"},{"floor":11,"key":"Explosive Potion"},{"floor":13,"key":"Ancient Potion"},{"floor":20,"key":"AttackPotion"},{"floor":24,"key":"DistilledChaos"},{"floor":29,"key":"SpeedPotion"}],"is_trial":false,"path_per_floor":["M","?","?","$","M","M","T","M","T","E","M","R","M","$","R","B",null,"M","$","M","?","T","R","M","R","T","M","E","M","?","?","R","B"],"character_chosen":"DEFECT","items_purchased":["Coolheaded"],"campfire_rested":3,"item_purchase_floors":[4],"current_hp_per_floor":[81,81,81,81,75,68,68,40,40,12,3,30,29,29,56,30,92,72,72,51,51,51,51,50,50,50,31,8,13,13,13,40,0,0],"gold":298,"neow_bonus":"TEN_PERCENT_HP_BONUS","is_daily":false,"chose_seed":false,"campfire_upgraded":2,"win_rate":0.0,"timestamp":1609552904,"path_taken":["M","?","?","$","?","?","?","?","T","E","M","R","M","?","R","BOSS","M","$","M","?","?","R","M","R","T","M","E","?","?","?","R","BOSS"],"items_purchased_type":["Card"],"build_version":"2020-12-22","purchased_purges":1,"victory":false,"max_hp_per_floor":[82,82,82,82,82,82,82,82,82,92,92,92,92,92,92,92,92,92,92,92,92,92,92,92,92,92,92,92,92,92,92,92,92,92],"card_choices":[{"not_picked":["White Noise","Lockon"],"picked":"Compile Driver","floor":1},{"not_picked":["Streamline","Consume"],"picked":"Sweeping Beam","floor":5},{"not_picked":["Conserve Battery","Leap"],"picked":"Steam","floor":6},{"not_picked":["Storm","Coolheaded"],"picked":"Turbo","floor":8},{"not_picked":["Double Energy","Ball Lightning"],"picked":"Sweeping Beam","floor":10},{"not_picked":["Ball Lightning","Self Repair"],"picked":"Coolheaded","floor":11},{"not_picked":["Cold Snap","Self Repair"],"picked":"Go for the Eyes","floor":13},{"not_picked":["Hyperbeam","Core Surge"],"picked":"Seek","floor":16},{"not_picked":["Streamline","Cold Snap+1"],"picked":"Static Discharge","floor":18},{"not_picked":["Lockon+1","Sweeping Beam"],"picked":"Ball Lightning","floor":20},{"not_picked":["Gash","Coolheaded+1"],"picked":"Redo+1","floor":24},{"not_picked":["Heatsinks","Lockon"],"picked":"Hologram+1","floor":27},{"not_picked":["Recycle+1","Rainbow+1"],"picked":"Compile Driver","floor":28},{"not_picked":["Gash","Static Discharge"],"picked":"Conserve Battery+1","floor":29},{"not_picked":["Darkness+1","Rebound","Blizzard"],"picked":"SKIP","floor":29}],"player_experience":118733,"relics_obtained":[{"floor":7,"key":"Art of War"},{"floor":9,"key":"CaptainsWheel"},{"floor":10,"key":"Pear"},{"floor":22,"key":"Toxic Egg 2"},{"floor":26,"key":"Toy Ornithopter"},{"floor":28,"key":"Prayer Wheel"}],"event_choices":[{"damage_healed":0,"gold_gain":0,"player_choice":"Box","damage_taken":0,"relics_obtained":["Tiny Chest"],"max_hp_gain":0,"max_hp_loss":0,"event_name":"Big Fish","floor":2,"gold_loss":0,"cards_obtained":["Regret"]},{"cards_removed":["Compile Driver"],"damage_healed":0,"gold_gain":0,"player_choice":"Gave Card","damage_taken":0,"relics_obtained":["Ancient Tea Set"],"max_hp_gain":0,"max_hp_loss":0,"event_name":"WeMeetAgain","floor":3,"gold_loss":0},{"damage_healed":0,"gold_gain":0,"player_choice":"Inject Mutagens","damage_taken":0,"relics_obtained":["MutagenicStrength"],"max_hp_gain":0,"max_hp_loss":0,"event_name":"Drug Dealer","floor":21,"gold_loss":0},{"damage_healed":0,"gold_gain":0,"player_choice":"Obtained Relic","damage_taken":0,"relics_obtained":["HornCleat"],"max_hp_gain":0,"max_hp_loss":0,"event_name":"Addict","floor":30,"gold_loss":85},{"damage_healed":0,"gold_gain":0,"player_choice":"Simplicity","damage_taken":0,"max_hp_gain":0,"max_hp_loss":0,"event_name":"Back to Basics","floor":31,"gold_loss":0,"cards_upgraded":["Strike_B","Strike_B","Strike_B","Strike_B","Defend_B","Defend_B","Defend_B","Defend_B"]}],"is_beta":false,"boss_relics":[{"not_picked":["Empty Cage","Fusion Hammer"],"picked":"Nuclear Battery"}],"items_purged_floors":[14],"is_endless":false,"potions_floor_spawned":[8,11,13,20,24,29],"killed_by":"Collector","ascension_level":1}}