{"host":"lreod2rejfd0az5i","time":1609568481,"event":{"mods":["AchievementEnabler","Aspiration","BaseMod","Colored Powertips","Conspire","Downfall","Highlight Path","Hubris","Infinite Spire","Mad Scientist","Minty Spire (QoL Compilation)","Rare Cards Sparkle","Relic Stats","Replay The Spire","StSLib","The Bug Knight","The Jungle"],"gold_per_floor":[113,113,113,127,165,192,192,192,192,69,69,69,69,84,84,160,160,172,72,91,41,41,41,41,41,67,67,67,67,103,103,103,198,198,240,265,215,90,90,90,90,90,90,119,119,119,119,119,119,141,163],"floor_reached":52,"playtime":1079,"items_purged":["Clumsy","Sickly","hubris:Despair","Injury","conspire:SpireCoStock"],"score":1801,"play_id":"58a837f8-7660-4b1d-96bf-69f864646699","local_time":"20210101232121","is_ascension_mode":true,"campfire_choices":[{"data":"Sword Boomerang","floor":8.0,"key":"SMITH"},{"data":"Bash","floor":11.0,"key":"SMITH"},{"data":"Dropkick","floor":13.0,"key":"SMITH"},{"data":"Strike_R","floor":15.0,"key":"SMITH"},{"data":"Whirlwind","floor":23.0,"key":"SMITH"},{"data":"Immolate","floor":24.0,"key":"SMITH"},{"data":"Strike_R","floor":41.0,"key":"SMITH"},{"floor":45.0,"key":"REST"},{"floor":49.0,"key":"REST"}],"circlet_count":0,"master_deck":["AscendersBane","Strike_R","Strike_R+1","Strike_R","Strike_R+1","Defend_R","Defend_R","Defend_R","Defend_R","Bash+1","Sword Boomerang+1","Pommel Strike+1","Demon Form+1","Dropkick+1","Immolate+1","Whirlwind+1","Shrug It Off+1"],"relics":["Black Blood","NeowsBlessing","MealTicket","ReplayTheSpireMod:CursedCoin","Blood Vial","WingedGreaves","Shuriken","Replay:Ancient Bell","Bag of Marbles","hubris:Reverence","hubris:GlazedTorus","Replay:Bandana","Lantern","Brimstone","MutagenicStrength","hubris:Icosahedron","hubris:ChampionShield","infinitespire:BottledMercury"],"acts_visited":["Exordium","TheCity","TheBeyond"],"potions_floor_usage":[],"damage_taken":[{"damage":0.0,"enemies":"Cultist","floor":1.0,"turns":1.0},{"damage":0.0,"enemies":"Small Slimes","floor":4.0,"turns":1.0},{"damage":0.0,"enemies":"3 Sentries","floor":6.0,"turns":2.0},{"damage":7.0,"enemies":"Jaw Worm","floor":14.0,"turns":2.0},{"damage":34.0,"enemies":"Fading Forest","floor":16.0,"turns":13.0},{"damage":27.0,"enemies":"conspire:FuzzyDice","floor":18.0,"turns":6.0},{"damage":23.0,"enemies":"Chosen","floor":20.0,"turns":5.0},{"damage":5.0,"enemies":"Sentry and Sphere","floor":30.0,"turns":3.0},{"damage":50.0,"enemies":"Collector","floor":33.0,"turns":5.0},{"damage":3.0,"enemies":"3 Darklings","floor":35.0,"turns":3.0},{"damage":7.0,"enemies":"Orb Walker","floor":36.0,"turns":2.0},{"damage":55.0,"enemies":"4 Shapes","floor":44.0,"turns":3.0},{"damage":23.0,"enemies":"hubris:GrandSnecko","floor":50.0,"turns":8.0},{"damage":56,"enemies":"Time Eater","floor":51,"turns":4}],"seed_played":"-8561087715434075262","potions_obtained":[{"floor":18.0,"key":"SpeedPotion"},{"floor":35.0,"key":"Energy Potion"}],"is_trial":false,"path_per_floor":["M","?","?","M","$","E","T","R","T","$","R","?","R","M","R","B",null,"M","$","M","$","?","R","R","T","T","AVR","?","?","M","?","R","B",null,"M","M","?","$","?","R","R","$","T","M","R","?","?","AVR","R","B","B",null],"character_chosen":"IRONCLAD","items_purchased":["ReplayTheSpireMod:CursedCoin","Pommel Strike+1","Demon Form+1","Shrug It Off"],"campfire_rested":2,"item_purchase_floors":[5,5,10,21],"current_hp_per_floor":[74,74,63,69,75,75,75,75,75,75,75,75,75,74,74,55,70,51,66,51,66,66,66,66,66,66,66,66,70,73,73,73,31,64,75,75,75,75,75,75,75,75,75,32,54,57,57,57,78,67,25],"gold":163,"neow_bonus":"THREE_ENEMY_KILL","is_daily":false,"chose_seed":false,"campfire_upgraded":7,"win_rate":0.0,"timestamp":1609568481,"path_taken":["M","?","?","?","$","E","?","R","T","?","R","?","R","M","R","BOSS","M","$","M","?","?","R","R","?","T","AVR","?","?","?","?","R","BOSS","M","M","?","$","?","R","R","$","T","?","R","?","?","AVR","R","BOSS","BOSS"],"items_purchased_type":["Relic","Card","Card","Card"],"build_version":"2020-12-22","purchased_purges":5,"victory":true,"max_hp_per_floor":[75,75,75,75,75,75,75,75,75,75,75,75,75,75,75,75,75,75,75,75,75,75,75,75,75,75,75,75,75,75,75,75,75,75,75,75,75,75,75,75,75,75,75,75,75,78,78,78,78,78,78],"relic_stats":{"Blood Vial":13,"counters":[14,58],"Shuriken":[16],"Black Blood":103,"MealTicket":36,"obtain_stats":[{"infinitespire:BottledMercury":48,"Lantern":26,"NeowsBlessing":0,"ReplayTheSpireMod:CursedCoin":5,"Black Blood":34,"Replay:Ancient Bell":17,"Burning Blood":0,"Blood Vial":6,"Replay:Bandana":25,"hubris:Icosahedron":31,"Shuriken":9,"Brimstone":27,"MutagenicStrength":28,"MealTicket":2,"WingedGreaves":7,"Bag of Marbles":17,"hubris:ChampionShield":43,"hubris:Reverence":17,"hubris:GlazedTorus":17},{"infinitespire:BottledMercury":12,"Lantern":7,"NeowsBlessing":0,"ReplayTheSpireMod:CursedCoin":2,"Black Blood":9,"Replay:Ancient Bell":5,"Burning Blood":0,"Blood Vial":3,"Replay:Bandana":7,"hubris:Icosahedron":8,"Shuriken":3,"Brimstone":7,"MutagenicStrength":7,"MealTicket":1,"WingedGreaves":3,"Bag of Marbles":5,"hubris:ChampionShield":11,"hubris:Reverence":5,"hubris:GlazedTorus":5},{"infinitespire:BottledMercury":46,"Lantern":30,"NeowsBlessing":0,"ReplayTheSpireMod:CursedCoin":2,"Black Blood":38,"Replay:Ancient Bell":19,"Burning Blood":0,"Blood Vial":4,"Replay:Bandana":30,"hubris:Icosahedron":33,"Shuriken":4,"Brimstone":30,"MutagenicStrength":30,"MealTicket":1,"WingedGreaves":4,"Bag of Marbles":19,"hubris:ChampionShield":43,"hubris:Reverence":19,"hubris:GlazedTorus":19}]},"card_choices":[{"not_picked":["Seeing Red","Combust"],"picked":"Sword Boomerang","floor":1.0},{"not_picked":["Pommel Strike","Run Through","Bloodletting"],"picked":"SKIP","floor":4.0},{"not_picked":["Spot Weakness","Body Slam","Fiend Fire"],"picked":"SKIP","floor":6.0},{"not_picked":["Warcry","Evolve","True Grit"],"picked":"SKIP","floor":14.0},{"not_picked":["Offering","Demonic Infusion"],"picked":"Immolate","floor":16.0},{"not_picked":["Voices","infinitespire:Pacifist"],"picked":"hubris:Despair","floor":17.0},{"not_picked":["ReplayTheSpireMod:Splinters","Parasite"],"picked":"Sickly","floor":17.0},{"not_picked":["conspire:NecroticWound","Delirium"],"picked":"Injury","floor":17.0},{"not_picked":["Cleave","Flex"],"picked":"Whirlwind","floor":18.0},{"not_picked":["Twin Strike","Disarm","Feed"],"picked":"SKIP","floor":20.0},{"not_picked":["Body Slam","Havoc","Rupture"],"picked":"SKIP","floor":30.0},{"not_picked":["Shockwave+1","Run Through+1","Battle Trance"],"picked":"SKIP","floor":35.0},{"not_picked":["Feel No Pain","Replay:Undeath\u0027s Touch","Armaments+1"],"picked":"SKIP","floor":36.0},{"not_picked":["Shockwave","Rampage","Havoc"],"picked":"SKIP","floor":44.0}],"player_experience":879069,"relics_obtained":[{"floor":2.0,"key":"MealTicket"},{"floor":6.0,"key":"Blood Vial"},{"floor":7.0,"key":"WingedGreaves"},{"floor":9.0,"key":"Shuriken"},{"floor":25.0,"key":"Replay:Bandana"},{"floor":26.0,"key":"Lantern"},{"floor":43.0,"key":"hubris:ChampionShield"}],"event_choices":[{"damage_healed":0.0,"max_hp_gain":0.0,"max_hp_loss":0.0,"gold_gain":0.0,"event_name":"Wheel of Change","player_choice":"Damaged","floor":3.0,"gold_loss":0.0,"damage_taken":11.0},{"damage_healed":0.0,"max_hp_gain":0.0,"max_hp_loss":0.0,"gold_gain":0.0,"cards_transformed":["Strike_R"],"event_name":"Transmorgrifier","player_choice":"Transformed","floor":12.0,"gold_loss":0.0,"damage_taken":0.0,"cards_obtained":["Dropkick"]},{"damage_healed":0.0,"max_hp_gain":0.0,"max_hp_loss":0.0,"gold_gain":0.0,"event_name":"Drug Dealer","player_choice":"Inject Mutagens","floor":28.0,"gold_loss":0.0,"damage_taken":0.0,"relics_obtained":["MutagenicStrength"]},{"damage_healed":0.0,"max_hp_gain":0.0,"max_hp_loss":0.0,"gold_gain":0.0,"event_name":"Ghosts","player_choice":"Ignored","floor":32.0,"gold_loss":0.0,"damage_taken":0.0},{"damage_healed":0.0,"max_hp_gain":0.0,"max_hp_loss":0.0,"gold_gain":0.0,"event_name":"conspire:Investor","player_choice":"Invest 1","floor":37.0,"gold_loss":0.0,"damage_taken":0.0},{"damage_healed":0.0,"max_hp_gain":0.0,"max_hp_loss":0.0,"gold_gain":0.0,"event_name":"Accursed Blacksmith","player_choice":"Forge","floor":39.0,"gold_loss":0.0,"damage_taken":0.0,"cards_upgraded":["Shrug It Off"]}],"is_beta":false,"boss_relics":[{"not_picked":["infinitespire:Cupcake","Astrolabe"],"picked":"Replay:Ancient Bell"},{"not_picked":["War Paint","aspiration:HiddenCompartment"],"picked":"Bag of Marbles"},{"not_picked":["Frozen Egg 2","hubris:DuctTape"],"picked":"hubris:Reverence"},{"not_picked":["Gambling Chip","Incense Burner"],"picked":"hubris:GlazedTorus"},{"not_picked":["SacredBark","hubris:HollowSoul"],"picked":"Black Blood"}],"items_purged_floors":[5,19,27,38,48],"is_endless":false,"potions_floor_spawned":[18,35],"ascension_level":20}}