{"host":"tl8jdqk9pnwb74j1","time":1609586184,"event":{"mods":["BaseMod","BetterRewards","Custom Start","Minty Spire (QoL Compilation)","Shop Mod","StSLib","SuperFastMode"],"gold_per_floor":[117,117,69,82,102,136,61,61,109,109,84,103,103,120,120,217,217,233,33,33,33,50,50,50,50,120,120,135,154,183,214,226,238,238],"floor_reached":33,"playtime":1317,"items_purged":["Defend_G"],"score":265,"play_id":"934d489a-bcc7-4b66-9229-307670b0ac7d","local_time":"20210102191624","is_ascension_mode":false,"campfire_choices":[{"data":"Backflip","floor":8,"key":"SMITH"},{"data":"Survivor","floor":10,"key":"SMITH"},{"data":"Prepared","floor":13,"key":"SMITH"},{"data":"Deflect","floor":15,"key":"SMITH"},{"data":"Deadly Poison","floor":23,"key":"SMITH"},{"data":"Escape Plan","floor":27,"key":"SMITH"},{"data":"All Out Attack","floor":32,"key":"SMITH"}],"circlet_count":0,"master_deck":["Strike_G+1","Strike_G+1","Strike_G+1","Strike_G+1","Defend_G+1","Defend_G+1","Survivor+1","Neutralize","Blade Dance+1","Backflip+1","Backstab","Calculated Gamble","Prepared+1","Expertise","Deflect+1","Night Terror","Heel Hook+1","Malaise+1","Caltrops+1","All Out Attack+1","Deadly Poison+1","Shame","Escape Plan+1","Reflex+1","Deadly Poison","Underhanded Strike"],"relics":["Ring of the Snake","NeowsBlessing","MealTicket","PreservedInsect","Astrolabe","Lantern","Bag of Preparation","White Beast Statue","MawBank"],"acts_visited":["Exordium","TheCity"],"potions_floor_usage":[16,16,29,30,30,33,33],"damage_taken":[{"damage":0,"enemies":"Small Slimes","floor":1,"turns":1},{"damage":0,"enemies":"Cultist","floor":4,"turns":1},{"damage":0,"enemies":"Jaw Worm","floor":5,"turns":1},{"damage":30,"enemies":"Gremlin Nob","floor":6,"turns":5},{"damage":0,"enemies":"Large Slime","floor":12,"turns":3},{"damage":4,"enemies":"2 Fungi Beasts","floor":14,"turns":2},{"damage":31,"enemies":"Hexaghost","floor":16,"turns":10},{"damage":1,"enemies":"Shell Parasite","floor":18,"turns":5},{"damage":16,"enemies":"2 Thieves","floor":22,"turns":4},{"damage":3,"enemies":"Snake Plant","floor":28,"turns":4},{"damage":15,"enemies":"Shelled Parasite and Fungi","floor":29,"turns":4},{"damage":15,"enemies":"Slavers","floor":30,"turns":4},{"damage":7,"enemies":"Snecko","floor":31,"turns":4},{"damage":33,"enemies":"Collector","floor":33,"turns":3}],"seed_played":"1632293166795931290","potions_obtained":[{"floor":1,"key":"DuplicationPotion"},{"floor":5,"key":"CultistPotion"},{"floor":12,"key":"Poison Potion"},{"floor":22,"key":"PowerPotion"},{"floor":28,"key":"Weak Potion"},{"floor":29,"key":"SmokeBomb"},{"floor":30,"key":"CunningPotion"},{"floor":31,"key":"Strength Potion"}],"is_trial":false,"path_per_floor":["M","?","$","M","M","E","$","R","T","R","$","M","R","M","R","B",null,"M","$","?","?","M","R","?","$","T","R","M","M","E","M","R","B"],"character_chosen":"THE_SILENT","items_purchased":["Backflip","Prepared","Lantern","Deadly Poison"],"campfire_rested":0,"item_purchase_floors":[3,11,19,19],"current_hp_per_floor":[70,70,70,70,70,40,55,55,55,55,70,70,70,66,66,35,70,69,70,70,70,54,54,54,69,69,69,66,51,36,29,29,0,0],"gold":238,"neow_bonus":"THREE_ENEMY_KILL","is_daily":false,"chose_seed":false,"campfire_upgraded":7,"win_rate":0.0,"timestamp":1609586184,"path_taken":["M","?","$","M","?","E","$","R","T","R","?","M","R","M","R","BOSS","M","$","?","?","M","R","?","$","T","R","?","M","E","M","R","BOSS"],"items_purchased_type":["Card","Card","Relic","Card"],"build_version":"2020-12-22","purchased_purges":1,"victory":false,"max_hp_per_floor":[70,70,70,70,70,70,70,70,70,70,70,70,70,70,70,70,70,70,70,70,70,70,70,70,70,70,70,70,70,70,70,70,70,70],"card_choices":[{"not_picked":["Blur","Underhanded Strike"],"picked":"Blade Dance","floor":1},{"not_picked":["Quick Slash","Deadly Poison"],"picked":"Backstab","floor":4},{"not_picked":["Blade Dance","Reflex"],"picked":"Calculated Gamble","floor":5},{"not_picked":["Skewer","Poisoned Stab","Eviscerate"],"picked":"SKIP","floor":6},{"not_picked":["Quick Slash","Slice"],"picked":"Expertise","floor":12},{"not_picked":["Skewer","Backflip"],"picked":"Deflect","floor":14},{"not_picked":["Tools of the Trade","Wraith Form v2"],"picked":"Night Terror","floor":16},{"not_picked":["Acrobatics","Deadly Poison"],"picked":"All Out Attack","floor":18},{"not_picked":["Dodge and Roll","Backflip"],"picked":"Escape Plan","floor":22},{"not_picked":["Dagger Throw","Backflip"],"picked":"Reflex+1","floor":28},{"not_picked":["Night Terror","Reflex+1","Tactician"],"picked":"SKIP","floor":29},{"not_picked":["Blade Dance","Backflip+1"],"picked":"Deadly Poison","floor":30},{"not_picked":["Slice","Acrobatics"],"picked":"Underhanded Strike","floor":31}],"player_experience":952783,"relics_obtained":[{"floor":6,"key":"MealTicket"},{"floor":9,"key":"PreservedInsect"},{"floor":26,"key":"White Beast Statue"},{"floor":30,"key":"MawBank"}],"event_choices":[{"damage_healed":0,"gold_gain":0,"player_choice":"Forge","damage_taken":0,"max_hp_gain":0,"max_hp_loss":0,"event_name":"Accursed Blacksmith","floor":2,"gold_loss":0,"cards_upgraded":["Blade Dance"]},{"damage_healed":0,"gold_gain":0,"player_choice":"Ignored","damage_taken":0,"max_hp_gain":0,"max_hp_loss":0,"event_name":"Ghosts","floor":20,"gold_loss":0},{"damage_healed":0,"gold_gain":0,"player_choice":"Stole Relic","damage_taken":0,"relics_obtained":["Bag of Preparation"],"max_hp_gain":0,"max_hp_loss":0,"event_name":"Addict","floor":21,"gold_loss":0,"cards_obtained":["Shame"]},{"damage_healed":0,"gold_gain":0,"player_choice":"Simplicity","damage_taken":0,"max_hp_gain":0,"max_hp_loss":0,"event_name":"Back to Basics","floor":24,"gold_loss":0,"cards_upgraded":["Strike_G","Strike_G","Strike_G","Strike_G","Defend_G","Defend_G"]}],"is_beta":false,"boss_relics":[{"not_picked":["Ectoplasm","Velvet Choker"],"picked":"Astrolabe"}],"items_purged_floors":[7],"is_endless":false,"potions_floor_spawned":[1,5,12,22,28,29,30,31],"killed_by":"Collector","ascension_level":0}}