{"host":"n900smz9wr3yo27a","time":1609608132,"event":{"mods":["Arknights The Spire","BaseMod","CapriCore","GungeonMod","Hermit","Koishi","Lobotomy","Marisa£¨Ùöéë¡¡Øª×âÞÞ£©","Minty Spire (QoL Compilation)","Prisma Mod","Replay The Spire","StSLib","Td1madao Mod","The Animator","The Bug Knight","The Cursed","The Dragon Tamer","The Gatherer","The Hierophant","The Immortal","The Jungle","The Necromancer","The Poker Player","The Runesmith","WarShipGirlsR/??á´Ò³R mod"],"gold_per_floor":[114,220,240,254,272,272,272,272,272,300,300,300,324,345,345,466,466,482,138,138,138,153,153,153,153,153,196,209,250,325,325,325,444,444,469,494,492,492,515,515,515,515,515,558,112,125,146,189,189,189,189,189,189,13,53,53,53,53],"floor_reached":56,"playtime":3125,"items_purged":["DTMod:Strike","animator:Curse_Greed"],"score":670,"play_id":"7ba47643-cae1-4c3a-a2db-ffb1030c12a5","local_time":"20210103022212","is_ascension_mode":false,"metric_token":1631,"campfire_choices":[{"data":"DTMod:Training","floor":6.0,"key":"SMITH"},{"data":"DTMod:Training","floor":8.0,"key":"SMITH"},{"data":"DTMod:Punisher","floor":11.0,"key":"SMITH"},{"data":"DTMod:ShadowImage","floor":15,"key":"SMITH"},{"floor":23,"key":"RECALL"},{"data":"Mayhem","floor":25,"key":"SMITH"},{"floor":32,"key":"REST"},{"data":"DTMod:Harmonize","floor":40,"key":"SMITH"},{"data":"DTMod:ComboAttack","floor":42,"key":"SMITH"},{"floor":49,"key":"REST"},{"data":"DTMod:Safeguard","floor":53,"key":"SMITH"}],"dtmod_dragon_data":[0,56,0,3,8,2],"circlet_count":0,"master_deck":["DTMod:Strike","DTMod:Strike","DTMod:Strike","DTMod:DoubleHit","DTMod:TargetDefense","DTMod:TargetDefense","DTMod:TargetDefense","DTMod:SwitchingTactic","DTMod:MagicField","DTMod:Training+1","DTMod:BreakAttack","DTMod:ShieldDrain","DTMod:Training+1","DTMod:BuildUp","DTMod:Punisher+1","DTMod:QuickFly","DTMod:ShadowImage+1","DTMod:Safeguard+1","DTMod:DragonDance","DTMod:GearUp","Mayhem+1","DTMod:Threaten+1","DTMod:CleansingStrike","DTMod:Overwhelm+1","DTMod:Harmonize+1","DTMod:ForkedFire+1","DTMod:ComboAttack+1","DTMod:HeatWave","DTMod:TagTeam+1","DTMod:SneakAttack+1","DTMod:BizarreTactic","DTMod:Overwhelm"],"relics":["Ring of Chaos","MealTicket","Meat on the Bone","DemoMod:Antibody","Golden Idol","Painkiller Herb","BargainBundle","Garlic","Replay:Accelerometer","DemoMod:JetPack","ReplayTheSpireMod:CursedCoin","DTMod:TacticalNote","HandDrill","Iron Hammer","Kunai","DemoMod:MonsterBlood","Replay:Baseball"],"acts_visited":["Exordium","TheCity","TheBeyond","TheEnding"],"potions_floor_usage":[27,27,31,50,50,56,56],"damage_taken":[{"damage":1.0,"enemies":"Cultist","floor":1.0,"turns":3.0},{"damage":0.0,"enemies":"2 Louse","floor":3.0,"turns":2.0},{"damage":0.0,"enemies":"Jaw Worm","floor":4.0,"turns":3.0},{"damage":8.0,"enemies":"2 Fungi Beasts","floor":5.0,"turns":5.0},{"damage":9.0,"enemies":"Lagavulin","floor":10.0,"turns":3.0},{"damage":1,"enemies":"3 Louse","floor":13,"turns":3},{"damage":10,"enemies":"Looter","floor":14,"turns":2},{"damage":13,"enemies":"Fading Forest","floor":16,"turns":11},{"damage":1,"enemies":"3 Byrds","floor":18,"turns":6},{"damage":12,"enemies":"Shell Parasite","floor":22,"turns":4},{"damage":22,"enemies":"Slavers","floor":27,"turns":8},{"damage":0,"enemies":"Snecko","floor":28,"turns":5},{"damage":17,"enemies":"Gremlin Leader","floor":29,"turns":12},{"damage":14,"enemies":"3 Cultists","floor":31,"turns":5},{"damage":0,"enemies":"Champ","floor":33,"turns":11},{"damage":23,"enemies":"3 Shapes","floor":35,"turns":6},{"damage":9,"enemies":"Orb Walker","floor":36,"turns":5},{"damage":22,"enemies":"Spire Growth","floor":39,"turns":6},{"damage":0,"enemies":"Nemesis","floor":44,"turns":9},{"damage":0,"enemies":"Transient","floor":46,"turns":5},{"damage":0,"enemies":"3 Darklings","floor":47,"turns":4},{"damage":4,"enemies":"Giant Head","floor":48,"turns":9},{"damage":31,"enemies":"Replay:Hell Engine","floor":50,"turns":11},{"damage":17,"enemies":"Shield and Spear","floor":55,"turns":10},{"damage":47,"enemies":"The Heart","floor":56,"turns":15}],"seed_played":"1052373477031535568","potions_obtained":[{"floor":4.0,"key":"AttackPotion"},{"floor":13,"key":"DistilledChaos"},{"floor":16,"key":"Swift Potion"},{"floor":18,"key":"SmokeBomb"},{"floor":28,"key":"Elixir"},{"floor":33,"key":"Milkshake"},{"floor":47,"key":"DemoMod:LeadSkinPotion"},{"floor":55,"key":"Flashbang"}],"is_trial":false,"path_per_floor":["M","?","M","M","M","R","?","R","T","E","R","?","M","M","R","B",null,"?","T","?","?","?","T","?","T","T","E","?","E","?","?","T","B",null,"?","?","T","?","?","T","?","T","T","E","T","?","?","E","T","B",null,null,"T","T","E","B"],"character_chosen":"THE_DT","items_purchased":["BargainBundle","ColorlessPotion","DTMod:GearUp","Mayhem","ReplayTheSpireMod:CursedCoin","DemoMod:LeadSkinPotion","HandDrill","Iron Hammer","DTMod:HeatWave","DemoMod:MonsterBlood","DTMod:BizarreTactic"],"campfire_rested":2,"item_purchase_floors":[19,19,19,19,37,37,45,45,45,54,54],"current_hp_per_floor":[44,33,33,33,25,25,18,18,18,21,21,10,21,35,35,32,45,44,45,45,45,33,33,45,45,45,23,23,30,26,24,45,45,45,34,25,45,43,43,43,43,43,43,43,43,43,43,39,43,36,36,43,43,50,33,0,0,0],"gold":53,"neow_bonus":"BOSS_RELIC","is_daily":false,"chose_seed":false,"campfire_upgraded":8,"win_rate":0.0,"timestamp":1609608132,"path_taken":["M","?","M","M","M","R","?","R","T","E","R","?","M","M","R","BOSS","?","T","?","?","?","T","?","T","T","E","?","E","?","?","T","BOSS","?","?","T","?","?","T","?","T","T","E","?","?","?","E","T","BOSS","T","T","E","BOSS"],"items_purchased_type":["Relic","Potion","Card","Card","Relic","Undefined","Relic","Relic","Card","Relic","Card"],"build_version":"2020-12-22","purchased_purges":2,"victory":false,"max_hp_per_floor":[45,45,45,45,45,45,45,45,45,45,45,45,45,45,45,45,45,45,45,45,45,45,45,45,45,45,45,45,45,45,45,45,45,45,45,45,45,43,43,43,43,43,43,43,43,43,43,43,43,43,43,43,43,50,50,50,50,50],"card_choices":[{"not_picked":["DTMod:MasterPlan","DTMod:Cover"],"picked":"DTMod:MagicField","floor":1.0},{"not_picked":["DTMod:ComboAttack","DTMod:PurifyingFlame"],"picked":"DTMod:Training","floor":2.0},{"not_picked":["DTMod:RunningTactic","DTMod:Training"],"picked":"DTMod:BreakAttack","floor":2.0},{"not_picked":["DTMod:Observe","DTMod:PurifyingFlame"],"picked":"DTMod:ShieldDrain","floor":3.0},{"not_picked":["DTMod:BlazingStrike","DTMod:DeepFocus"],"picked":"DTMod:Training","floor":4.0},{"not_picked":["DTMod:Cover","DTMod:BlueScale"],"picked":"DTMod:BuildUp","floor":5.0},{"not_picked":["DTMod:StarRain","DTMod:Observe"],"picked":"DTMod:Punisher","floor":10.0},{"not_picked":["DTMod:MagicField","DTMod:Haste"],"picked":"DTMod:QuickFly","floor":13},{"not_picked":["DTMod:StarRain","DTMod:Overwhelm"],"picked":"DTMod:ShadowImage","floor":14},{"not_picked":["DTMod:Outburst","DTMod:Harmonize"],"picked":"DTMod:Safeguard","floor":16},{"not_picked":["DTMod:MagicField","DTMod:Training"],"picked":"DTMod:DragonDance","floor":18},{"not_picked":["DTMod:BlazingStrike","DTMod:Training"],"picked":"DTMod:Threaten+1","floor":22},{"not_picked":["DTMod:BreakAttack+1","DTMod:Cover"],"picked":"DTMod:CleansingStrike","floor":27},{"not_picked":["DTMod:LightShield","DTMod:QuickFly","DTMod:ForkedFire"],"picked":"SKIP","floor":28},{"not_picked":["DTMod:BuildUp+1","DTMod:CleansingStrike"],"picked":"DTMod:Overwhelm+1","floor":29},{"not_picked":["DTMod:Safeguard","DTMod:StunTrap"],"picked":"DTMod:Harmonize","floor":33},{"not_picked":["DTMod:RunningTactic+1","DTMod:BuildUp+1","DTMod:BreakAttack"],"picked":"SKIP","floor":35},{"not_picked":["DTMod:BurningForce","DTMod:BreakAttack+1"],"picked":"DTMod:ForkedFire+1","floor":36},{"not_picked":["DTMod:Haste+1","DTMod:BuildUp"],"picked":"DTMod:ComboAttack","floor":39},{"not_picked":["DTMod:BlueScale","DTMod:BuildUp","DTMod:MaximumCharge"],"picked":"SKIP","floor":44},{"not_picked":["DTMod:BlazingStrike","DTMod:Adaptation+1"],"picked":"DTMod:TagTeam+1","floor":46},{"not_picked":["DTMod:Punisher","DTMod:BlazingStrike","DTMod:DragonDance"],"picked":"SKIP","floor":47},{"not_picked":["DTMod:LastStand+1","DTMod:Overwhelm"],"picked":"DTMod:SneakAttack+1","floor":48},{"not_picked":["DTMod:MagicField","DTMod:Cover+1"],"picked":"DTMod:Overwhelm","floor":55}],"player_experience":760143,"relics_obtained":[{"floor":2.0,"key":"MealTicket"},{"floor":9.0,"key":"Meat on the Bone"},{"floor":10.0,"key":"DemoMod:Antibody"},{"floor":26,"key":"Garlic"},{"floor":27,"key":"Replay:Accelerometer"},{"floor":29,"key":"DemoMod:JetPack"},{"floor":44,"key":"DTMod:TacticalNote"},{"floor":48,"key":"Kunai"},{"floor":55,"key":"Replay:Baseball"}],"event_choices":[{"cards_removed":["DTMod:TargetDefense"],"damage_healed":0.0,"max_hp_gain":0.0,"max_hp_loss":0.0,"gold_gain":0.0,"event_name":"Golden Wing","player_choice":"Card Removal","floor":7.0,"gold_loss":0.0,"damage_taken":7.0},{"damage_healed":0.0,"max_hp_gain":0.0,"max_hp_loss":0.0,"gold_gain":0.0,"event_name":"Golden Idol","player_choice":"Take Damage","floor":12.0,"gold_loss":0.0,"damage_taken":11.0,"relics_obtained":["Golden Idol"]},{"damage_healed":0,"gold_gain":0,"player_choice":"Ignored","damage_taken":0,"max_hp_gain":0,"max_hp_loss":0,"event_name":"Cursed Tome","floor":20,"gold_loss":0},{"damage_healed":15,"gold_gain":0,"player_choice":"Heal","damage_taken":0,"max_hp_gain":0,"max_hp_loss":0,"event_name":"The Library","floor":24,"gold_loss":0},{"damage_healed":0,"gold_gain":75,"player_choice":"Touch","damage_taken":4,"max_hp_gain":0,"max_hp_loss":0,"event_name":"FaceTrader","floor":30,"gold_loss":0},{"damage_healed":0,"gold_gain":0,"player_choice":"Max HP","damage_taken":0,"max_hp_gain":0,"max_hp_loss":2,"event_name":"Winding Halls","floor":38,"gold_loss":0},{"damage_healed":0,"gold_gain":0,"player_choice":"Ignored","damage_taken":0,"max_hp_gain":0,"max_hp_loss":0,"event_name":"Tomb of Lord Red Mask","floor":41,"gold_loss":0}],"is_beta":false,"boss_relics":[{"not_picked":["SacredBark","Kintsugi"],"picked":"Painkiller Herb"},{"not_picked":["Honey Jar","ChewingGum","ReplayTheSpireMod:DimensionalGlitch"]}],"items_purged_floors":[19,37],"is_endless":false,"potions_floor_spawned":[4,13,16,18,28,31,33,39,44,47,55],"killed_by":"The Heart","ascension_level":0}}