{"host":"dcj2yvrgcvh5dl2s","time":1609586798,"event":{"mods":["BaseMod","Better Note","Block Reminder","Colored Powertips","DeckTracker","Minty Spire (QoL Compilation)","Quick Restart","Rare Cards Sparkle","Relic Stats","StSLib"],"gold_per_floor":[114,128,142,161,161,94,124,140,140,140,10,10,10,10,10,103,103,103,103,4,4,4,4,4,4,4,4,4,4,4,4,4,4,4],"floor_reached":33,"playtime":864,"items_purged":["Strike_R"],"score":481,"play_id":"de8192a9-10ff-4056-b94c-c23649e7ee7f","local_time":"20210102212638","is_ascension_mode":true,"campfire_choices":[{"floor":10,"key":"REST"},{"data":"1","floor":12,"key":"LIFT"},{"data":"2","floor":15,"key":"LIFT"},{"floor":23,"key":"REST"},{"floor":25,"key":"REST"},{"data":"3","floor":27,"key":"LIFT"},{"data":"Heavy Blade","floor":29,"key":"SMITH"},{"data":"Flex","floor":32,"key":"SMITH"}],"circlet_count":0,"master_deck":["AscendersBane","Strike_R","Strike_R","Strike_R","Defend_R","Defend_R","Defend_R","Defend_R","Bash","Heavy Blade+1","Shrug It Off","True Grit","Flex+1","Limit Break","Dramatic Entrance","Pommel Strike","Whirlwind+1"],"relics":["Burning Blood","Girya","Matryoshka","Golden Idol","Mercury Hourglass","Bottled Flame","Ectoplasm","Lantern","Darkstone Periapt","Gambling Chip","Eternal Feather","Red Mask"],"acts_visited":["Exordium","TheCity"],"potions_floor_usage":[3,16,16,22,33],"damage_taken":[{"damage":11,"enemies":"Cultist","floor":1,"turns":4},{"damage":3,"enemies":"2 Louse","floor":2,"turns":3},{"damage":10,"enemies":"Small Slimes","floor":3,"turns":4},{"damage":17,"enemies":"Looter","floor":4,"turns":3},{"damage":7,"enemies":"3 Louse","floor":8,"turns":3},{"damage":52,"enemies":"Slime Boss","floor":16,"turns":12},{"damage":14,"enemies":"Spheric Guardian","floor":18,"turns":5},{"damage":19,"enemies":"Shell Parasite","floor":21,"turns":4},{"damage":19,"enemies":"Snake Plant","floor":22,"turns":2},{"damage":15,"enemies":"Gremlin Leader","floor":24,"turns":5},{"damage":17,"enemies":"Cultist and Chosen","floor":28,"turns":4},{"damage":12,"enemies":"Masked Bandits","floor":30,"turns":2},{"damage":75,"enemies":"Champ","floor":33,"turns":6}],"seed_played":"3227160235081754412","potions_obtained":[{"floor":1,"key":"EntropicBrew"},{"floor":4,"key":"Explosive Potion"},{"floor":16,"key":"Strength Potion"},{"floor":24,"key":"EssenceOfSteel"}],"is_trial":false,"path_per_floor":["M","M","M","M","?","?","?","M","T","R","$","R","?","T","R","B",null,"M","T","$","M","M","R","E","R","T","R","M","R","?","?","R","B"],"character_chosen":"IRONCLAD","items_purchased":["BloodPotion","Dramatic Entrance"],"campfire_rested":3,"item_purchase_floors":[11,20],"current_hp_per_floor":[45,48,44,33,26,26,26,25,25,47,47,47,47,47,47,14,55,47,47,47,34,21,41,32,52,52,61,50,59,53,53,62,0,0],"gold":4,"neow_bonus":"ONE_RARE_RELIC","is_daily":false,"chose_seed":false,"campfire_upgraded":2,"win_rate":0.0,"timestamp":1609586798,"path_taken":["M","M","?","M","?","?","?","M","T","R","?","R","?","?","R","BOSS","M","?","$","?","M","R","E","R","T","R","?","R","?","?","R","BOSS"],"items_purchased_type":["Potion","Card"],"build_version":"2020-12-22","purchased_purges":1,"victory":false,"max_hp_per_floor":[75,75,75,75,75,75,75,75,75,75,75,75,68,68,68,68,68,68,68,68,68,68,68,68,68,68,68,68,68,68,68,68,68,68],"relic_stats":{"Darkstone Periapt":0,"counters":[13,57],"Golden Idol":50,"Gambling Chip":[6],"Eternal Feather":27,"Ectoplasm":157,"obtain_stats":[{"Darkstone Periapt":19,"Girya":0,"Bottled Flame":14,"Lantern":19,"Matryoshka":9,"Golden Idol":13,"Gambling Chip":24,"Eternal Feather":26,"Ectoplasm":17,"Red Mask":30,"Burning Blood":0,"Mercury Hourglass":14},{"Darkstone Periapt":7,"Girya":0,"Bottled Flame":5,"Lantern":7,"Matryoshka":5,"Golden Idol":5,"Gambling Chip":10,"Eternal Feather":10,"Ectoplasm":6,"Red Mask":12,"Burning Blood":0,"Mercury Hourglass":5},{"Darkstone Periapt":34,"Girya":0,"Bottled Flame":17,"Lantern":34,"Matryoshka":17,"Golden Idol":17,"Gambling Chip":45,"Eternal Feather":45,"Ectoplasm":29,"Red Mask":51,"Burning Blood":0,"Mercury Hourglass":17}],"Burning Blood":72,"Mercury Hourglass":[126]},"card_choices":[{"not_picked":["Second Wind","Armaments"],"picked":"Heavy Blade","floor":1},{"not_picked":["Burning Pact","Iron Wave"],"picked":"Shrug It Off","floor":2},{"not_picked":["Sentinel","Dual Wield"],"picked":"True Grit","floor":3},{"not_picked":["Clothesline","Dark Embrace","Second Wind"],"picked":"SKIP","floor":4},{"not_picked":["Clothesline","Cleave"],"picked":"Flex","floor":8},{"not_picked":["Demon Form","Exhume"],"picked":"Limit Break","floor":16},{"not_picked":["Wild Strike","Carnage","Seeing Red"],"picked":"SKIP","floor":18},{"not_picked":["Burning Pact","Blood for Blood","Dual Wield"],"picked":"SKIP","floor":21},{"not_picked":["Havoc","Armaments"],"picked":"Pommel Strike","floor":22},{"not_picked":["Wild Strike","Rage"],"picked":"Whirlwind+1","floor":24},{"not_picked":["Warcry","Pommel Strike+1","Iron Wave+1"],"picked":"SKIP","floor":28}],"player_experience":2145642,"relics_obtained":[{"floor":9,"key":"Matryoshka"},{"floor":14,"key":"Mercury Hourglass"},{"floor":14,"key":"Bottled Flame"},{"floor":19,"key":"Lantern"},{"floor":19,"key":"Darkstone Periapt"},{"floor":24,"key":"Gambling Chip"},{"floor":26,"key":"Eternal Feather"},{"floor":30,"key":"Red Mask"}],"event_choices":[{"cards_removed":["Strike_R"],"damage_healed":0,"gold_gain":0,"player_choice":"Card Removal","damage_taken":7,"max_hp_gain":0,"max_hp_loss":0,"event_name":"Golden Wing","floor":5,"gold_loss":0},{"damage_healed":0,"gold_gain":0,"player_choice":"Left Gold","damage_taken":0,"max_hp_gain":0,"max_hp_loss":0,"event_name":"World of Goop","floor":6,"gold_loss":67},{"damage_healed":0,"gold_gain":30,"player_choice":"Searched \u00271\u0027 times","damage_taken":0,"max_hp_gain":0,"max_hp_loss":0,"event_name":"Dead Adventurer","floor":7,"gold_loss":0},{"damage_healed":0,"gold_gain":0,"player_choice":"Lose Max HP","damage_taken":0,"relics_obtained":["Golden Idol"],"max_hp_gain":0,"max_hp_loss":7,"event_name":"Golden Idol","floor":13,"gold_loss":0},{"damage_healed":0,"gold_gain":0,"player_choice":"Fought Bandits","damage_taken":0,"max_hp_gain":0,"max_hp_loss":0,"event_name":"Masked Bandits","floor":30,"gold_loss":0},{"damage_healed":0,"gold_gain":0,"player_choice":"Ignored","damage_taken":0,"max_hp_gain":0,"max_hp_loss":0,"event_name":"Vampires","floor":31,"gold_loss":0}],"is_beta":false,"boss_relics":[{"not_picked":["Calling Bell","Runic Cube"],"picked":"Ectoplasm"}],"items_purged_floors":[11],"is_endless":false,"potions_floor_spawned":[1,4,8,16,24],"killed_by":"Champ","ascension_level":18}}