{"host":"wgmbtq7u7cgqo6r7","time":1609564363,"event":{"mods":["BaseMod","Colored Powertips","Marisa（霧雨　魔理沙）","Minty Spire (QoL Compilation)","Rare Cards Sparkle","StSLib","everything is the same but u backflip on backflip"],"gold_per_floor":[117,132,132,149,166,166,181,181,181,194,194,212,229,247,247,346,346,359,127,42,58,73,100,100,100,125,158,158,174,222,255,255,669,669,695,695,695,159,187,47,47,112,112,112,112,112,112,141,141,141,141,141,64,104,104,104],"floor_reached":55,"playtime":3135,"items_purged":["Strike_MRS","Defend_MRS"],"score":756,"play_id":"3e4a6b93-3fc5-45bd-8a28-bb5e62b5815f","local_time":"20210102001243","is_ascension_mode":false,"campfire_choices":[{"floor":6,"key":"RECALL"},{"data":"MillisecondPulsars","floor":8,"key":"SMITH"},{"floor":15,"key":"REST"},{"floor":25,"key":"REST"},{"floor":32,"key":"REST"},{"floor":41,"key":"REST"},{"floor":44,"key":"REST"},{"floor":47,"key":"REST"},{"floor":49,"key":"REST"},{"floor":52,"key":"REST"}],"circlet_count":0,"master_deck":["Strike_MRS","Strike_MRS","Strike_MRS","Defend_MRS","Defend_MRS+1","MasterSpark","UpSweep","GrandCross","DragonMeteor","MillisecondPulsars+1","FairyDestructionRay","SporeBomb+1","AsteroidBelt","MaximisePower","TreasureHunter","OrrerysSun+1","DarkSpark+1","GrandCross+1","WitchOfGreed","UnstableBomb+1","FinalSpark","EarthLightRay+1","Secret Weapon","Panache","GalacticHalo","Dark Shackles","CasketOfStar","EarthLightRay","CollectingQuirk"],"relics":["MiniHakkero","Question Card","Gremlin Horn","Fusion Hammer","Omamori","War Paint","Juzu Bracelet","Pear","MutagenicStrength","Letter Opener","Old Coin","SlaversCollar","Kunai","StoneCalendar","TungstenRod","Pantograph","Gambling Chip"],"acts_visited":["Exordium","TheCity","TheBeyond","TheEnding"],"potions_floor_usage":[10,16,16,22,30,31,33,33,46,50,50,55],"damage_taken":[{"damage":0,"enemies":"2 Louse","floor":1,"turns":2},{"damage":6,"enemies":"Cultist","floor":2,"turns":3},{"damage":3,"enemies":"Small Slimes","floor":4,"turns":3},{"damage":2,"enemies":"Blue Slaver","floor":5,"turns":3},{"damage":0,"enemies":"Large Slime","floor":7,"turns":4},{"damage":10,"enemies":"Exordium Thugs","floor":10,"turns":4},{"damage":17,"enemies":"Exordium Wildlife","floor":12,"turns":3},{"damage":8,"enemies":"Red Slaver","floor":13,"turns":2},{"damage":0,"enemies":"2 Fungi Beasts","floor":14,"turns":1},{"damage":22,"enemies":"Hexaghost","floor":16,"turns":7},{"damage":2,"enemies":"Spheric Guardian","floor":18,"turns":3},{"damage":5,"enemies":"Chosen","floor":21,"turns":3},{"damage":20,"enemies":"Centurion and Healer","floor":22,"turns":4},{"damage":29,"enemies":"Book of Stabbing","floor":23,"turns":4},{"damage":7,"enemies":"Chosen and Byrds","floor":27,"turns":4},{"damage":10,"enemies":"Cultist and Chosen","floor":29,"turns":3},{"damage":45,"enemies":"Gremlin Leader","floor":30,"turns":6},{"damage":21,"enemies":"Snake Plant","floor":31,"turns":3},{"damage":54,"enemies":"Collector","floor":33,"turns":12},{"damage":15,"enemies":"Orb Walker","floor":35,"turns":2},{"damage":25,"enemies":"3 Shapes","floor":39,"turns":4},{"damage":7,"enemies":"Mind Bloom Boss Battle","floor":42,"turns":5},{"damage":66,"enemies":"Giant Head","floor":46,"turns":7},{"damage":8,"enemies":"Sphere and 2 Shapes","floor":48,"turns":4},{"damage":95,"enemies":"Awakened One","floor":50,"turns":11},{"damage":80,"enemies":"Shield and Spear","floor":54,"turns":6},{"damage":96,"enemies":"The Heart","floor":55,"turns":5}],"seed_played":"-5551485417122130307","potions_obtained":[{"floor":1,"key":"Weak Potion"},{"floor":4,"key":"ColorlessPotion"},{"floor":5,"key":"BottledSpark"},{"floor":14,"key":"FearPotion"},{"floor":21,"key":"Block Potion"},{"floor":23,"key":"SmokeBomb"},{"floor":27,"key":"Regen Potion"},{"floor":27,"key":"Energy Potion"},{"floor":30,"key":"Regen Potion"},{"floor":31,"key":"Swift Potion"},{"floor":33,"key":"FairyPotion"},{"floor":35,"key":"Ancient Potion"},{"floor":39,"key":"Strength Potion"},{"floor":48,"key":"BottledSpark"},{"floor":54,"key":"Swift Potion"}],"is_trial":false,"path_per_floor":["M","M","?","M","M","R","M","R","T","M","?","M","M","M","R","B",null,"M","$","?","M","M","E","?","R","T","M","?","M","E","M","R","B",null,"M","?","?","$","M","$","R","?","T","R","?","E","R","M","R","B",null,"R","$","E","B"],"character_chosen":"MARISA","items_purchased":["Omamori","Kunai","Panache","GalacticHalo","Dark Shackles","EarthLightRay"],"campfire_rested":8,"item_purchase_floors":[19,38,38,40,40,53],"current_hp_per_floor":[82,76,76,73,71,71,71,71,71,61,61,44,36,36,60,38,82,80,80,80,75,55,36,36,63,63,56,86,76,45,33,60,6,92,77,77,77,77,58,58,85,84,84,92,92,32,59,57,84,3,92,92,92,18,0,0],"gold":104,"neow_bonus":"TEN_PERCENT_HP_BONUS","is_daily":false,"chose_seed":false,"campfire_upgraded":1,"win_rate":0.0,"timestamp":1609564363,"path_taken":["M","M","?","?","M","R","M","R","T","M","?","?","M","M","R","BOSS","M","$","?","M","M","E","?","R","T","M","?","M","E","M","R","BOSS","M","?","?","$","M","?","R","?","T","R","?","E","R","M","R","BOSS","R","$","E","BOSS"],"items_purchased_type":["Relic","Relic","Card","Card","Card","Card"],"build_version":"2020-12-22","purchased_purges":2,"victory":false,"max_hp_per_floor":[82,82,82,82,82,82,82,82,82,82,82,82,82,82,82,82,82,82,82,82,82,82,92,92,92,92,92,92,92,92,92,92,92,92,92,92,92,92,92,92,92,92,92,92,92,92,92,92,92,92,92,92,92,92,92,92],"card_choices":[{"not_picked":["PropBag","DoubleSpark","ShootTheMoon"],"picked":"SKIP","floor":1},{"not_picked":["UnstableBomb","ShootingEcho"],"picked":"GrandCross","floor":2},{"not_picked":["Orbital","MysteriousBeam","ManaConvection"],"picked":"SKIP","floor":4},{"not_picked":["MagicChant","DC"],"picked":"DragonMeteor","floor":5},{"not_picked":["IllusionStar","DC"],"picked":"MillisecondPulsars","floor":7},{"not_picked":["Robbery","MysteriousBeam","DC"],"picked":"FairyDestructionRay","floor":10},{"not_picked":["GravityBeat","Acceleration","DoubleSpark"],"picked":"SporeBomb","floor":12},{"not_picked":["IllusionStar","MilkyWay","6A"],"picked":"AsteroidBelt","floor":13},{"not_picked":["SporeBomb","MysteriousBeam","MagicAbsorber"],"picked":"MaximisePower","floor":14},{"not_picked":["SatelliteIllusion","CasketOfStar","ManaRampage"],"picked":"TreasureHunter","floor":16},{"not_picked":["PulseMagic","MagicChant","Occultation"],"picked":"OrrerysSun+1","floor":18},{"not_picked":["SuperPerseids","6A","DoubleSpark"],"picked":"DarkSpark+1","floor":21},{"not_picked":["MilkyWay+1","PulseMagic+1","DoubleSpark"],"picked":"GrandCross+1","floor":22},{"not_picked":["OneTimeOff","WitchLeyline","NonDirectionalLaser"],"picked":"WitchOfGreed","floor":23},{"not_picked":["Acceleration","MillisecondPulsars","DC"],"picked":"UnstableBomb+1","floor":27},{"not_picked":["DragonMeteor","DoubleSpark+1","EnergyFlow","Singularity"],"picked":"SKIP","floor":29},{"not_picked":["PropBag","DoubleSpark","SporeBomb+1","DC"],"picked":"SKIP","floor":30},{"not_picked":["GrandCross","IllusionStar","WitchLeyline","MachineGunSpark"],"picked":"SKIP","floor":31},{"not_picked":["CollectingQuirk","SuperNova","ManaRampage"],"picked":"FinalSpark","floor":33},{"not_picked":["DC+1","GravityBeat","OrrerysSun+1"],"picked":"EarthLightRay+1","floor":35},{"not_picked":["Forethought","Trip","Flash of Steel"],"picked":"Secret Weapon","floor":37},{"not_picked":["WitchLeyline","NonDirectionalLaser","PropBag+1","PulseMagic+1"],"picked":"SKIP","floor":39},{"not_picked":["Orbital","SporeBomb+1","6A+1","UnstableBomb+1"],"picked":"SKIP","floor":48},{"not_picked":["IllusionStar","OrrerysSun+1","DarkMatter"],"picked":"CollectingQuirk","floor":54}],"player_experience":115612,"relics_obtained":[{"floor":9,"key":"Question Card"},{"floor":23,"key":"Juzu Bracelet"},{"floor":23,"key":"Pear"},{"floor":30,"key":"Letter Opener"},{"floor":33,"key":"Old Coin"},{"floor":42,"key":"StoneCalendar"},{"floor":42,"key":"TungstenRod"},{"floor":43,"key":"Pantograph"},{"floor":54,"key":"Gambling Chip"}],"event_choices":[{"damage_healed":0,"gold_gain":0,"cards_transformed":["Defend_MRS"],"player_choice":"Transformed","damage_taken":0,"max_hp_gain":0,"max_hp_loss":0,"event_name":"Transmorgrifier","floor":3,"gold_loss":0,"cards_obtained":["DarkMatter"]},{"cards_removed":["DarkMatter"],"damage_healed":0,"gold_gain":0,"player_choice":"Gave Card","damage_taken":0,"relics_obtained":["Gremlin Horn"],"max_hp_gain":0,"max_hp_loss":0,"event_name":"WeMeetAgain","floor":11,"gold_loss":0},{"damage_healed":0,"gold_gain":0,"player_choice":"Obtained Relic","damage_taken":0,"relics_obtained":["War Paint"],"max_hp_gain":0,"max_hp_loss":0,"event_name":"Addict","floor":20,"gold_loss":85},{"damage_healed":0,"gold_gain":0,"player_choice":"Inject Mutagens","damage_taken":0,"relics_obtained":["MutagenicStrength"],"max_hp_gain":0,"max_hp_loss":0,"event_name":"Drug Dealer","floor":24,"gold_loss":0},{"damage_healed":30,"gold_gain":0,"player_choice":"Heal","damage_taken":0,"max_hp_gain":0,"max_hp_loss":0,"event_name":"The Library","floor":28,"gold_loss":0},{"damage_healed":0,"gold_gain":0,"player_choice":"Ignored","damage_taken":0,"max_hp_gain":0,"max_hp_loss":0,"event_name":"Tomb of Lord Red Mask","floor":36,"gold_loss":0},{"damage_healed":0,"gold_gain":0,"player_choice":"Memory 1","damage_taken":0,"max_hp_gain":0,"max_hp_loss":0,"event_name":"SensoryStone","floor":37,"gold_loss":0},{"damage_healed":0,"gold_gain":0,"player_choice":"Fight","damage_taken":0,"max_hp_gain":0,"max_hp_loss":0,"event_name":"MindBloom","floor":42,"gold_loss":0},{"damage_healed":0,"gold_gain":0,"player_choice":"1 cards matched","damage_taken":0,"max_hp_gain":0,"max_hp_loss":0,"event_name":"Match and Keep!","floor":45,"gold_loss":0,"cards_obtained":["CasketOfStar"]}],"is_beta":false,"boss_relics":[{"not_picked":["Sozu","SacredBark"],"picked":"Fusion Hammer"},{"not_picked":["Runic Dome","Empty Cage"],"picked":"SlaversCollar"}],"items_purged_floors":[19,38],"is_endless":false,"potions_floor_spawned":[1,4,5,14,21,23,27,29,35,39,46],"killed_by":"The Heart","ascension_level":0}}