{"host":"wy5pcbg592uilh9l","time":1609569460,"event":{"mods":["AchievementEnabler","BaseMod","BetterRewards","Hubris","Infinite Spire","Minty Spire (QoL Compilation)","Permanent Neow","Replay The Spire","StSLib"],"gold_per_floor":[112,112,112,126,171,171,191,191,218,250,250,261,278,309,309,404,404,424,424,442,32,43,70,70,70,70],"floor_reached":25,"playtime":1620,"items_purged":[],"score":352,"play_id":"e8031f78-d20f-4fa2-a459-aa46df2d60f8","local_time":"20210102003740","is_ascension_mode":true,"campfire_choices":[{"floor":6,"key":"REST"},{"floor":8,"key":"REST"},{"floor":11,"key":"RECALL"},{"floor":15,"key":"REST"},{"floor":24,"key":"REST"}],"circlet_count":0,"master_deck":["Strike_P","Strike_P","Strike_P","Defend_P","Defend_P","Defend_P","Defend_P","Eruption","Vigilance","Flash of Steel","Swivel","DeceiveReality","Consecrate","FlurryOfBlows","WindmillStrike","FlurryOfBlows","Flash of Steel","Replay:ManipulateFuture+1","EmptyBody"],"relics":["PureWater","hubris:GlazedTorus","hubris:Potato","Tiny Chest","hubris:ToyBattleship","infinitespire:Lucky Rock","Regal Pillow","Toy Ornithopter","VioletLotus","Pondfish Scales","Smiling Mask"],"acts_visited":["Exordium","TheCity"],"potions_floor_usage":[13,14,23,25],"damage_taken":[{"damage":19,"enemies":"Small Slimes","floor":1,"turns":2},{"damage":0,"enemies":"Jaw Worm","floor":4,"turns":3},{"damage":0,"enemies":"Cultist","floor":7,"turns":2},{"damage":4,"enemies":"3 Sentries","floor":10,"turns":7},{"damage":4,"enemies":"Exordium Thugs","floor":12,"turns":3},{"damage":5,"enemies":"Gremlin Gang","floor":13,"turns":3},{"damage":0,"enemies":"Gremlin Nob","floor":14,"turns":3},{"damage":0,"enemies":"Slime Boss","floor":16,"turns":5},{"damage":3,"enemies":"Spheric Guardian","floor":18,"turns":3},{"damage":2,"enemies":"Shell Parasite","floor":20,"turns":3},{"damage":35,"enemies":"Shelled Parasite and Fungi","floor":22,"turns":3},{"damage":42,"enemies":"Nightmare","floor":23,"turns":10},{"damage":75,"enemies":"Slavers","floor":25,"turns":4}],"seed_played":"-7969032354913492242","potions_obtained":[{"floor":1,"key":"Ancient Potion"},{"floor":10,"key":"LifebloodPotion"},{"floor":12,"key":"Fire Potion"},{"floor":16,"key":"Venom Potion"},{"floor":18,"key":"Elixir"}],"is_trial":false,"path_per_floor":["M","?","?","M","T","R","M","R","T","E","R","M","M","E","R","B",null,"M","?","M","$","M","NM","R","E"],"character_chosen":"WATCHER","items_purchased":["Flash of Steel","Tiny Chest","Swivel","Pondfish Scales","FairyPotion"],"campfire_rested":4,"item_purchase_floors":[0,0,0,21,21],"current_hp_per_floor":[21,21,9,9,9,30,30,51,51,47,47,43,38,38,72,72,72,69,69,67,67,32,21,57,0,0],"gold":70,"neow_bonus":"","is_daily":false,"chose_seed":false,"campfire_upgraded":0,"win_rate":0.0,"timestamp":1609569460,"path_taken":["M","?","?","?","?","R","M","R","T","E","R","M","?","E","R","BOSS","M","?","?","$","M","NM","R","E"],"items_purchased_type":["Card","Relic","Card","Relic","Potion"],"build_version":"2020-12-22","purchased_purges":0,"victory":false,"max_hp_per_floor":[72,72,72,72,72,72,72,72,72,72,72,72,72,72,72,72,72,72,72,72,72,72,72,72,72,72],"card_choices":[{"not_picked":["Worship","Prostrate"],"picked":"DeceiveReality","floor":1},{"not_picked":["Conclude","Sanctity","LikeWater"],"picked":"SKIP","floor":4},{"not_picked":["Replay:ManipulateFuture","Sanctity"],"picked":"Consecrate","floor":7},{"not_picked":["Evaluate","Replay:BluntJabs"],"picked":"FlurryOfBlows","floor":10},{"not_picked":["Worship","Collect"],"picked":"WindmillStrike","floor":12},{"not_picked":["Replay:DivineShield","PathToVictory","SpiritShield"],"picked":"SKIP","floor":13},{"not_picked":["PathToVictory","Worship"],"picked":"FlurryOfBlows","floor":14},{"not_picked":["Weave","BowlingBash","MentalFortress"],"picked":"SKIP","floor":18},{"not_picked":["Halt","FollowUp"],"picked":"Replay:ManipulateFuture+1","floor":20},{"not_picked":["JustLucky","Halt","Adaptation"],"picked":"SKIP","floor":22},{"not_picked":["MentalFortress","Replay:DivineShield"],"picked":"EmptyBody","floor":23}],"player_experience":188043,"relics_obtained":[{"floor":9,"key":"infinitespire:Lucky Rock"},{"floor":10,"key":"Regal Pillow"},{"floor":14,"key":"Toy Ornithopter"},{"floor":23,"key":"Smiling Mask"}],"event_choices":[{"cards_removed":["Strike_P"],"damage_healed":0,"gold_gain":0,"player_choice":"Forget","damage_taken":0,"max_hp_gain":0,"max_hp_loss":0,"event_name":"Living Wall","floor":2,"gold_loss":0},{"damage_healed":0,"gold_gain":0,"player_choice":"Success","damage_taken":12,"relics_obtained":["hubris:ToyBattleship"],"max_hp_gain":0,"max_hp_loss":0,"event_name":"Scrap Ooze","floor":3,"gold_loss":0},{"damage_healed":0,"gold_gain":0,"player_choice":"Copied","damage_taken":0,"max_hp_gain":0,"max_hp_loss":0,"event_name":"Duplicator","floor":19,"gold_loss":0,"cards_obtained":["Flash of Steel"]}],"is_beta":false,"boss_relics":[{"not_picked":["infinitespire:Cupcake","Replay:Bronze Core"],"picked":"VioletLotus"}],"items_purged_floors":[],"is_endless":true,"potions_floor_spawned":[1,10,12,16,18,22],"killed_by":"Slavers","ascension_level":3}}