{"host":"8m3txu8mcyu46pv6","time":1609579134,"event":{"mods":["ATMod(°¢èªMod)","BaseMod","Minty Spire (QoL Compilation)","StSLib"],"gold_per_floor":[109,122,297,297,297,331,331,359,359,376,376,387,419,437,437,533,533,552,569,579,235,334,334,369,369,369,387,417,37,64,81,81,178,178,188,463,482,269,286,321,334,334,334,369,369,369,399,399,399,399,399,399,105,131,131],"floor_reached":56,"playtime":2095,"items_purged":["Strike_R","Strike_R","Regret"],"score":2128,"play_id":"a853fa47-dcd8-4241-9440-21ad51b24eb8","local_time":"20210102171854","is_ascension_mode":true,"campfire_choices":[{"data":"AT_FamilyPortrait","floor":7.0,"key":"SMITH"},{"data":"Body Slam","floor":11.0,"key":"SMITH"},{"floor":15.0,"key":"REST"},{"data":"Entrench","floor":23.0,"key":"SMITH"},{"data":"AT_BodySlamDance","floor":25.0,"key":"SMITH"},{"floor":32.0,"key":"RECALL"},{"data":"AT_DiedThrough","floor":42,"key":"SMITH"},{"data":"Bash","floor":45,"key":"SMITH"},{"data":"Defend_R","floor":49,"key":"SMITH"},{"data":"Strike_R","floor":52,"key":"SMITH"}],"circlet_count":0,"master_deck":["AscendersBane","Strike_R","Strike_R+1","Defend_R+1","Defend_R","Defend_R","Defend_R","Bash+1","AT_FamilyPortrait+1","Body Slam+1","Metallicize+1","AT_DiedThrough+1","Entrench+1","Armaments+1","AT_BodySlamDance+1","AT_ShrugMaster+1","Barricade+1","Entrench+1","Dark Embrace+1","Impervious+1","AT_BodySlamDance+1","Bloodletting+1","Offering+1"],"relics":["AT_ATBox","Runic Pyramid","Champion Belt","Frozen Egg 2","Gremlin Horn","AT_TrinityForce","Lee\u0027s Waffle","Question Card","Letter Opener","Bird Faced Urn","Toxic Egg 2","Lantern","Mark of Pain","AT_Manta","AT_BellowingDragoncrestRing","CaptainsWheel","AT_SpeedBoots","Molten Egg 2","Gambling Chip","AT_BladeRuinedKing"],"acts_visited":["Exordium","TheCity","TheBeyond","TheEnding"],"potions_floor_usage":[55,55],"damage_taken":[{"damage":0.0,"enemies":"Cultist","floor":1.0,"turns":4.0},{"damage":11.0,"enemies":"Small Slimes","floor":2.0,"turns":3.0},{"damage":10.0,"enemies":"3 Sentries","floor":6.0,"turns":10.0},{"damage":18.0,"enemies":"Lagavulin","floor":8.0,"turns":5.0},{"damage":4.0,"enemies":"Jaw Worm","floor":10.0,"turns":5.0},{"damage":15.0,"enemies":"Exordium Thugs","floor":12.0,"turns":6.0},{"damage":2.0,"enemies":"Gremlin Nob","floor":13.0,"turns":4.0},{"damage":0.0,"enemies":"Exordium Wildlife","floor":14.0,"turns":4.0},{"damage":4.0,"enemies":"Hexaghost","floor":16.0,"turns":11.0},{"damage":11.0,"enemies":"Spheric Guardian","floor":18.0,"turns":4.0},{"damage":11.0,"enemies":"2 Thieves","floor":19.0,"turns":3.0},{"damage":8.0,"enemies":"Centurion and Healer","floor":20.0,"turns":5.0},{"damage":8.0,"enemies":"Gremlin Leader","floor":24.0,"turns":3.0},{"damage":6.0,"enemies":"Shelled Parasite and Fungi","floor":27.0,"turns":2.0},{"damage":2.0,"enemies":"Book of Stabbing","floor":28.0,"turns":3.0},{"damage":0.0,"enemies":"Gremlin Leader","floor":30.0,"turns":2.0},{"damage":0.0,"enemies":"Sentry and Sphere","floor":31.0,"turns":2.0},{"damage":6.0,"enemies":"Champ","floor":33.0,"turns":5.0},{"damage":0.0,"enemies":"3 Shapes","floor":35.0,"turns":4.0},{"damage":0,"enemies":"Orb Walker","floor":37,"turns":2},{"damage":0,"enemies":"Sphere and 2 Shapes","floor":39,"turns":3},{"damage":0,"enemies":"Reptomancer","floor":40,"turns":2},{"damage":0,"enemies":"Spire Growth","floor":41,"turns":2},{"damage":0,"enemies":"Nemesis","floor":44,"turns":3},{"damage":3,"enemies":"Giant Head","floor":47,"turns":3},{"damage":19,"enemies":"Awakened One","floor":50,"turns":3},{"damage":0,"enemies":"Shield and Spear","floor":54,"turns":2},{"damage":20,"enemies":"The Heart","floor":55,"turns":4}],"seed_played":"8332413314910578231","potions_obtained":[{"floor":2.0,"key":"Block Potion"},{"floor":12.0,"key":"GamblersBrew"},{"floor":13.0,"key":"Energy Potion"},{"floor":16.0,"key":"BlessingOfTheForge"},{"floor":20.0,"key":"DistilledChaos"},{"floor":27.0,"key":"LiquidMemories"},{"floor":31.0,"key":"PowerPotion"},{"floor":37,"key":"BloodPotion"}],"is_trial":false,"path_per_floor":["M","M","?","?","?","E","R","E","T","M","R","M","E","M","R","B",null,"M","M","M","$","?","R","E","R","T","M","E","$","E","M","R","B",null,"M","?","M","$","M","E","M","R","T","E","R","?","E","T","R","B",null,"R","$","E","B",null],"character_chosen":"IRONCLAD","items_purchased":["AT_BodySlamDance","Lee\u0027s Waffle","AT_ShrugMaster+1","Toxic Egg 2","Entrench+1","AT_BodySlamDance+1","Bloodletting+1","Gambling Chip"],"campfire_rested":1,"item_purchase_floors":[21,21,21,29,29,38,38,53],"current_hp_per_floor":[72,61,61,61,54,44,44,26,26,22,22,7,5,13,37,33,68,57,46,38,87,87,87,79,79,79,73,71,71,75,81,81,83,86,87,87,87,87,87,87,87,87,87,87,87,83,80,80,80,69,80,80,80,82,83],"gold":131,"neow_bonus":"BOSS_RELIC","is_daily":false,"chose_seed":false,"campfire_upgraded":8,"win_rate":0.0,"timestamp":1609579134,"path_taken":["M","M","?","?","?","E","R","E","T","M","R","M","E","M","R","BOSS","M","M","M","$","?","R","E","R","T","M","E","?","E","M","R","BOSS","M","?","M","$","M","E","?","R","T","E","R","?","E","?","R","BOSS","R","$","E","BOSS"],"items_purchased_type":["Card","Relic","Card","Relic","Card","Card","Card","Relic"],"build_version":"2020-12-22","purchased_purges":3,"victory":true,"max_hp_per_floor":[80,80,80,80,80,80,80,80,80,80,80,80,80,80,80,80,80,80,80,80,87,87,87,87,87,87,87,87,87,87,87,87,87,87,87,87,87,87,87,87,87,87,87,87,87,83,83,83,83,83,83,83,83,83,83],"card_choices":[{"not_picked":["Flame Barrier","Clash"],"picked":"Body Slam","floor":1.0},{"not_picked":["Wild Strike","Clothesline","Thunderclap"],"picked":"SKIP","floor":2.0},{"not_picked":["Reckless Charge","Berserk","Body Slam"],"picked":"SKIP","floor":6.0},{"not_picked":["Sever Soul","Inflame+1"],"picked":"Metallicize+1","floor":8.0},{"not_picked":["Pommel Strike","Pummel"],"picked":"AT_DiedThrough","floor":10.0},{"not_picked":["Body Slam","Carnage"],"picked":"Entrench","floor":12.0},{"not_picked":["Inflame+1","Heavy Blade","Sword Boomerang"],"picked":"SKIP","floor":13.0},{"not_picked":["Whirlwind","Sword Boomerang","Heavy Blade"],"picked":"SKIP","floor":14.0},{"not_picked":["AT_GerminateFire","Cleave"],"picked":"Armaments+1","floor":18.0},{"not_picked":["Body Slam","Metallicize+1","Warcry"],"picked":"SKIP","floor":19.0},{"not_picked":["Demon Form+1","Havoc+1","Thunderclap+1"],"picked":"SKIP","floor":20.0},{"not_picked":["AT_GerminateFire","Entrench","Hemokinesis"],"picked":"SKIP","floor":24.0},{"not_picked":["Perfected Strike","Warcry","Heavy Blade","Entrench"],"picked":"SKIP","floor":27.0},{"not_picked":["Clash+1","Cleave","Pommel Strike"],"picked":"Barricade+1","floor":28.0},{"not_picked":["Sentinel+1","True Grit+1","Thunderclap+1"],"picked":"Dark Embrace+1","floor":30.0},{"not_picked":["Fire Breathing+1","Body Slam","Clash+1","Clothesline"],"picked":"SKIP","floor":31.0},{"not_picked":["Brutality+1","Fiend Fire","Immolate"],"picked":"Impervious+1","floor":33.0},{"not_picked":["Perfected Strike","Dropkick+1","Twin Strike+1","Cleave+1"],"picked":"SKIP","floor":35.0},{"not_picked":["AT_ManFootWork+1","Clothesline","Body Slam+1","Infernal Blade+1"],"picked":"SKIP","floor":37},{"not_picked":["Pommel Strike","Headbutt","Twin Strike+1","AT_GerminateFire+1"],"picked":"SKIP","floor":39},{"not_picked":["AT_IchimonjiDouble+1","Armaments+1","AT_ShrugMaster+1","Spot Weakness+1"],"picked":"SKIP","floor":40},{"not_picked":["Dual Wield+1","Barricade+1","Shrug It Off+1","Seeing Red+1"],"picked":"SKIP","floor":41},{"not_picked":["Uppercut+1","Heavy Blade","Whirlwind","Rampage+1"],"picked":"SKIP","floor":44},{"not_picked":["Combust+1","AT_CaressingTears+1","AT_IchimonjiDouble+1","True Grit+1"],"picked":"SKIP","floor":47},{"not_picked":["Battle Trance+1","Warcry+1","Iron Wave+1"],"picked":"Offering+1","floor":54}],"player_experience":49440,"relics_obtained":[{"floor":6.0,"key":"Champion Belt"},{"floor":8.0,"key":"Frozen Egg 2"},{"floor":13.0,"key":"Gremlin Horn"},{"floor":24.0,"key":"Question Card"},{"floor":26.0,"key":"Letter Opener"},{"floor":28.0,"key":"Bird Faced Urn"},{"floor":30.0,"key":"Lantern"},{"floor":40,"key":"AT_Manta"},{"floor":43,"key":"AT_BellowingDragoncrestRing"},{"floor":44,"key":"CaptainsWheel"},{"floor":47,"key":"AT_SpeedBoots"},{"floor":48,"key":"Molten Egg 2"},{"floor":54,"key":"AT_BladeRuinedKing"}],"event_choices":[{"damage_healed":0.0,"max_hp_gain":0.0,"max_hp_loss":0.0,"gold_gain":175.0,"event_name":"Liars Game","player_choice":"AGREE","floor":3.0,"gold_loss":0.0,"damage_taken":0.0,"cards_obtained":["Doubt"]},{"cards_removed":["Doubt"],"damage_healed":0.0,"max_hp_gain":0.0,"max_hp_loss":0.0,"gold_gain":0.0,"event_name":"Living Wall","player_choice":"Forget","floor":4.0,"gold_loss":0.0,"damage_taken":0.0},{"cards_removed":["Strike_R"],"damage_healed":0.0,"max_hp_gain":0.0,"max_hp_loss":0.0,"gold_gain":0.0,"event_name":"Golden Wing","player_choice":"Card Removal","floor":5.0,"gold_loss":0.0,"damage_taken":7.0},{"damage_healed":0.0,"max_hp_gain":0.0,"max_hp_loss":0.0,"gold_gain":99.0,"event_name":"Nest","player_choice":"Stole From Cult","floor":22.0,"gold_loss":0.0,"damage_taken":0.0},{"damage_healed":0,"gold_gain":275,"player_choice":"Desecrate","damage_taken":0,"max_hp_gain":0,"max_hp_loss":0,"event_name":"Golden Shrine","floor":36,"gold_loss":0,"cards_obtained":["Regret"]},{"damage_healed":0,"gold_gain":0,"player_choice":"Max HP","damage_taken":0,"max_hp_gain":0,"max_hp_loss":4,"event_name":"Winding Halls","floor":46,"gold_loss":0}],"is_beta":false,"boss_relics":[{"not_picked":["Fusion Hammer","Sozu"],"picked":"AT_TrinityForce"},{"not_picked":["Tiny House","Philosopher\u0027s Stone"],"picked":"Mark of Pain"}],"items_purged_floors":[21,29,38],"is_endless":false,"potions_floor_spawned":[2,12,13,16,20,27,31,37,39,47],"ascension_level":11}}