{"host":"x1qj4d8ympd5jdqh","time":1609588181,"event":{"mods":["AchievementEnabler","AlwaysNeverKeys","BaseMod","Colored Map","Custom Start","DeckTracker","Highlight Path","Minty Spire (QoL Compilation)","StSLib","SuperFastMode"],"gold_per_floor":[127,157,187,213,240,252,264,292,375,416,428,308,308,308,308,385,385,403,418,149,165,177,177,177],"floor_reached":23,"playtime":702,"items_purged":["Strike_P","Nirvana"],"score":390,"play_id":"12b03b43-95bd-42a1-afa5-f246b231a188","local_time":"20210102204941","is_ascension_mode":true,"campfire_choices":[{"data":"Eruption","floor":6.0,"key":"SMITH"},{"floor":13.0,"key":"REST"},{"data":"MentalFortress","floor":15.0,"key":"SMITH"}],"circlet_count":0,"master_deck":["AscendersBane","Eruption+1","Vigilance","FearNoEvil","InnerPeace","Tantrum","CrushJoints+1","MentalFortress+1","WreathOfFlame","Devotion","MentalFortress","SpiritShield","Halt","Meditate","TalkToTheHand+1","Adaptation+1"],"relics":["PureWater","MawBank","Shuriken","Torii","Pandora\u0027s Box","ClockworkSouvenir"],"acts_visited":["Exordium","TheCity"],"potions_floor_usage":[23,23],"damage_taken":[{"damage":17.0,"enemies":"Cultist","floor":1.0,"turns":6.0},{"damage":2.0,"enemies":"Jaw Worm","floor":2.0,"turns":6.0},{"damage":6.0,"enemies":"Small Slimes","floor":3.0,"turns":4.0},{"damage":1.0,"enemies":"Exordium Thugs","floor":4.0,"turns":2.0},{"damage":1.0,"enemies":"2 Fungi Beasts","floor":5.0,"turns":2.0},{"damage":8.0,"enemies":"3 Louse","floor":8.0,"turns":2.0},{"damage":16.0,"enemies":"Gremlin Nob","floor":10.0,"turns":3.0},{"damage":20.0,"enemies":"Hexaghost","floor":16.0,"turns":7.0},{"damage":6.0,"enemies":"Shell Parasite","floor":18.0,"turns":5.0},{"damage":1.0,"enemies":"3 Byrds","floor":19.0,"turns":6.0},{"damage":0.0,"enemies":"Cultist and Chosen","floor":21.0,"turns":5.0},{"damage":26.0,"enemies":"Centurion and Healer","floor":22.0,"turns":5.0},{"damage":25,"enemies":"Slavers","floor":23,"turns":1}],"seed_played":"-6762443157671623940","potions_obtained":[{"floor":2.0,"key":"Explosive Potion"},{"floor":3.0,"key":"DuplicationPotion"},{"floor":16.0,"key":"DistilledChaos"},{"floor":21.0,"key":"Weak Potion"}],"is_trial":false,"path_per_floor":["M","M","M","M","M","R","?","M","T","E","?","$","R","?","R","B",null,"M","M","$","M","M","E"],"character_chosen":"WATCHER","items_purchased":["AttackPotion","ClockworkSouvenir"],"campfire_rested":1,"item_purchase_floors":[12,20],"current_hp_per_floor":[44,42,36,35,34,34,34,26,26,10,10,10,30,30,30,10,54,48,47,47,47,21,0,0],"gold":177,"neow_bonus":"RANDOM_COMMON_RELIC","is_daily":false,"chose_seed":false,"campfire_upgraded":2,"win_rate":0.0,"timestamp":1609588181,"path_taken":["M","M","?","M","?","R","?","?","T","E","?","?","R","?","R","BOSS","M","M","$","M","M","E"],"items_purchased_type":["Potion","Relic"],"build_version":"2020-12-22","purchased_purges":2,"victory":false,"max_hp_per_floor":[68,68,68,68,68,68,68,68,68,68,68,68,68,68,68,68,68,68,68,68,68,68,68,68],"card_choices":[{"not_picked":["ClearTheMind","EmptyFist"],"picked":"FearNoEvil","floor":1.0},{"not_picked":["Fasting2","Perseverance"],"picked":"InnerPeace","floor":2.0},{"not_picked":["WreathOfFlame","Study"],"picked":"Tantrum","floor":3.0},{"not_picked":["JustLucky","SashWhip"],"picked":"CrushJoints","floor":4.0},{"not_picked":["Sanctity","Evaluate","CutThroughFate"],"picked":"SKIP","floor":5.0},{"not_picked":["Meditate","Nirvana","FlyingSleeves"],"picked":"SKIP","floor":8.0},{"not_picked":["FlurryOfBlows","Brilliance"],"picked":"MentalFortress","floor":10.0},{"not_picked":["SignatureMove","WreathOfFlame","WheelKick"],"picked":"SKIP","floor":18.0},{"not_picked":["Crescendo","JustLucky","SignatureMove"],"picked":"SKIP","floor":19.0},{"not_picked":["Protect+1","Meditate"],"picked":"TalkToTheHand+1","floor":21.0},{"not_picked":["WheelKick","CutThroughFate"],"picked":"Adaptation+1","floor":22.0}],"player_experience":1305537,"relics_obtained":[{"floor":9.0,"key":"Shuriken"},{"floor":10.0,"key":"Torii"}],"event_choices":[{"damage_healed":0.0,"max_hp_gain":0.0,"max_hp_loss":0.0,"gold_gain":0.0,"event_name":"Accursed Blacksmith","player_choice":"Forge","floor":7.0,"gold_loss":0.0,"damage_taken":0.0,"cards_upgraded":["CrushJoints"]},{"damage_healed":0.0,"max_hp_gain":0.0,"max_hp_loss":0.0,"gold_gain":0.0,"event_name":"Liars Game","player_choice":"Ignored","floor":11.0,"gold_loss":0.0,"damage_taken":0.0},{"damage_healed":0.0,"max_hp_gain":0.0,"max_hp_loss":0.0,"gold_gain":0.0,"event_name":"Shining Light","player_choice":"Ignored","floor":14.0,"gold_loss":0.0,"damage_taken":0.0}],"is_beta":false,"boss_relics":[{"not_picked":["HolyWater","Ectoplasm"],"picked":"Pandora\u0027s Box"}],"items_purged_floors":[12,20],"is_endless":false,"potions_floor_spawned":[2,3,16,21],"killed_by":"Slavers","ascension_level":20}}