{"host":"vmo6qas4tfa0p776","time":1609617245,"event":{"mods":["AchievementEnabler","BaseMod","Bestiary","Better Altar","Better Match","Better Note","Better Sensory Stone","Better Skull","Better Third Choice","Clawfect","Colored Map","Colored Powertips","Downfall","Googly Eyes","GungeonMod","Minty Spire (QoL Compilation)","Relic Stats","Robot Space Explorer","Spicy Shops","StSLib","Synergy Search","The Cursed","The Disciple","The Jungle","The Marked","Unceasing Turn Reminder","everything is the same but u backflip on backflip"],"gold_per_floor":[399,416,416,16,16,16,69,91,60,60,81,90,90],"floor_reached":12,"playtime":885,"items_purged":[],"score":66,"play_id":"bdab25a1-68f1-4864-b782-77d3ab694d84","local_time":"20210102145405","is_ascension_mode":false,"campfire_choices":[{"data":"Strike_Br","floor":1,"key":"SMITH"},{"data":"LockedScales","floor":10,"key":"SMITH"}],"circlet_count":0,"master_deck":["Strike_Br","Strike_Br","Strike_Br","Strike_Br+1","Defend_Br","Defend_Br","Defend_Br","Defend_Br","SecondHand","PatternShift","Regret","HandsUpB","hexamod:PhantomCloak","LockedScales+1","CrunchTime","HandsUpB","Panache","Allargando","LockedLightning","WindUp","OverTime","Facsimile","CrunchTime","EscortCommand","Allegro"],"relics":["Chronometer","Old Coin","Membership Card","Art of War","InkBottle","Happy Flower","CeramicFish","Orrery"],"acts_visited":["Exordium"],"potions_floor_usage":[9],"damage_taken":[{"damage":4,"enemies":"Small Slimes","floor":2,"turns":4},{"damage":5,"enemies":"downfall:FleeingMerchant","floor":4,"turns":4},{"damage":1,"enemies":"Cultist","floor":8,"turns":3},{"damage":1,"enemies":"downfall:FleeingMerchant","floor":9,"turns":4},{"damage":22,"enemies":"Jaw Worm","floor":11,"turns":5},{"damage":37,"enemies":"Lagavulin","floor":12,"turns":6}],"seed_played":"787336886380175767","potions_obtained":[{"floor":2,"key":"Block Potion"}],"is_trial":false,"path_per_floor":["R","M","?","$","?","T","T","M","$","R","M","E"],"character_chosen":"CHRONO_CLASS","items_purchased":["Membership Card","Art of War","InkBottle","CrunchTime","HandsUpB","Orrery"],"campfire_rested":0,"item_purchase_floors":[4,4,4,4,4,9],"current_hp_per_floor":[65,61,61,56,56,56,56,55,54,54,32,0,0],"gold":90,"neow_bonus":"ONE_RARE_RELIC","is_daily":false,"chose_seed":false,"campfire_upgraded":2,"win_rate":0.0,"timestamp":1609617245,"path_taken":["R","M","?","$","?","?","T","M","$","R","M","E"],"items_purchased_type":["Relic","Relic","Relic","Card","Card","Relic"],"build_version":"2020-12-22","purchased_purges":0,"victory":false,"max_hp_per_floor":[65,65,65,65,65,65,65,65,65,65,65,65,65],"relic_stats":{"Happy Flower":[6],"counters":[6,26],"CeramicFish":90,"Art of War":[5],"obtain_stats":[{"Happy Flower":6,"Chronometer":0,"CeramicFish":7,"Orrery":9,"DemoMod:GlassGuonStoneRelic":2,"Art of War":4,"Membership Card":4,"InkBottle":4,"Old Coin":0},{"Happy Flower":2,"Chronometer":0,"CeramicFish":2,"Orrery":4,"DemoMod:GlassGuonStoneRelic":1,"Art of War":2,"Membership Card":2,"InkBottle":2,"Old Coin":0},{"Happy Flower":8,"Chronometer":0,"CeramicFish":8,"Orrery":15,"DemoMod:GlassGuonStoneRelic":4,"Art of War":8,"Membership Card":8,"InkBottle":8,"Old Coin":0}],"InkBottle":[6]},"card_choices":[{"not_picked":["LockedMedicine","PrimeTime"],"picked":"HandsUpB","floor":2},{"not_picked":["BiteCommand","HandsUpB"],"picked":"LockedScales","floor":4},{"not_picked":["expansioncontent:ManipulateTime","expansioncontent:LastStand"],"picked":"Panache","floor":5},{"not_picked":["Break","HandsUpB"],"picked":"Tempo","floor":8},{"not_picked":["PrimeTime","LockedWarPaint"],"picked":"LockedLightning","floor":9},{"not_picked":["LockedOrichalcum","Echoward"],"picked":"WindUp","floor":9},{"not_picked":["ReapSow","LockedBlood"],"picked":"OverTime","floor":9},{"not_picked":["HandsUpC","Engulf"],"picked":"Facsimile","floor":9},{"not_picked":["Parity","ShortSighted"],"picked":"CrunchTime","floor":9},{"not_picked":["PrimeTime","Engulf"],"picked":"EscortCommand","floor":9},{"not_picked":["HandsUpB","ShortSighted"],"picked":"Tempo","floor":11}],"player_experience":240792,"relics_obtained":[{"floor":6,"key":"Happy Flower"},{"floor":7,"key":"CeramicFish"}],"event_choices":[{"cards_removed":["Regret"],"damage_healed":0,"gold_gain":0,"player_choice":"Take \u0026 Give","damage_taken":0,"max_hp_gain":0,"max_hp_loss":0,"event_name":"betterNote:BetterNote","floor":3,"gold_loss":0,"cards_obtained":["hexamod:PhantomCloak"]},{"damage_healed":0,"gold_gain":1,"player_choice":"1","damage_taken":0,"max_hp_gain":0,"max_hp_loss":0,"event_name":"betterStone:BetterStone","floor":5,"gold_loss":0}],"is_beta":false,"boss_relics":[],"items_purged_floors":[],"is_endless":false,"potions_floor_spawned":[2],"killed_by":"Lagavulin","ascension_level":0}}