{"host":"Nexxot","time":1609587338,"event":{"mods":["AchievementEnabler","BaseMod","Colored Map","Downfall","Highlight Path","Jorbs\u0027s Wanderer Trilogy","Minty Spire (QoL Compilation)","Relic Stats","StSLib"],"gold_per_floor":[99,115,171,271,271,17,17,17,52,72,72,72,91,91,108,204,204,204,221,232,232,232,251,251,251,285,304,335,347,7,25,36,135,135,135,147,147,162,115,145,195,45,56,70,82,115,40,51,65,65,65,92,92,92,92],"floor_reached":56,"playtime":9989,"items_purged":["Guardian:Strike_Guardian","Guardian:Strike_Guardian","Guardian:Strike_Guardian"],"score":1484,"play_id":"dadc359d-fe09-4c0a-9f3b-291a458c5e5d","local_time":"20210102123538","is_ascension_mode":true,"campfire_choices":[{"data":"Guardian:TwinSlam","floor":1.0,"key":"SMITH"},{"data":"expansioncontent:StudyTheSpire","floor":8.0,"key":"SMITH"},{"floor":11.0,"key":"REST"},{"data":"Guardian:DonusPower","floor":18.0,"key":"SMITH"},{"data":"Guardian:GemFire","floor":25.0,"key":"SMITH"},{"floor":35.0,"key":"RECALL"},{"data":"Guardian:TimeCapacitor","floor":42,"key":"SMITH"},{"floor":47,"key":"REST"},{"floor":54,"key":"REST"}],"circlet_count":0,"master_deck":["Guardian:Defend_Guardian","Guardian:Defend_Guardian","Guardian:Defend_Guardian","Guardian:Defend_Guardian+1","Guardian:CurlUp","Guardian:TwinSlam+1","Guardian:GemFire+1","Guardian:ChargeCore","Guardian:DonusPower+1","Guardian:GemFinder","expansioncontent:StudyTheSpire+1","Guardian:Clone+1","Guardian:WalkerClaw","Guardian:Reroute","Guardian:SphericShield+1","Guardian:PiercingHide","Guardian:AncientConstruct","Guardian:RollAttack+1","Guardian:FloatingOrbs","Guardian:FloatingOrbs","Guardian:ShieldCharger+1","Guardian:Emergency","Guardian:SentryBeam","Guardian:FastForward","Guardian:TimeCapacitor+1","Guardian:PiercingHide+1","Guardian:Recover","Guardian:StasisField","Guardian:Orbwalk","Guardian:Clone","Guardian:PrismaticBeam","Guardian:ExploitGems","Guardian:EvasiveProtocol+1","Guardian:Harden+1"],"relics":["Guardian:ModeShifterPlus","Dream Catcher","Nunchaku","Shuriken","PreservedInsect","Guardian:StasisCodex","Toy Ornithopter","Regal Pillow","OrangePellets","Snecko Eye","Anchor","downfall:HeartBlessingRed","downfall:HeartBlessingBlue","Pocketwatch","downfall:HeartBlessingGreen","Orichalcum"],"acts_visited":["Exordium","TheCity","TheBeyond","TheEnding"],"potions_floor_usage":[40,46,55],"damage_taken":[{"damage":7.0,"enemies":"Jaw Worm","floor":2.0,"turns":4.0},{"damage":24.0,"enemies":"3 Sentries","floor":3.0,"turns":11.0},{"damage":5.0,"enemies":"downfall:FleeingMerchant","floor":6.0,"turns":4.0},{"damage":29.0,"enemies":"Gremlin Nob","floor":9.0,"turns":5.0},{"damage":5.0,"enemies":"2 Louse","floor":10.0,"turns":5.0},{"damage":12.0,"enemies":"Small Slimes","floor":13.0,"turns":3.0},{"damage":8.0,"enemies":"3 Louse","floor":15.0,"turns":3.0},{"damage":16.0,"enemies":"downfall:Watcher","floor":16.0,"turns":8.0},{"damage":13.0,"enemies":"3 Byrds","floor":19.0,"turns":3.0},{"damage":11.0,"enemies":"Spheric Guardian","floor":20.0,"turns":3.0},{"damage":0.0,"enemies":"Snecko","floor":23.0,"turns":4.0},{"damage":0.0,"enemies":"Book of Stabbing","floor":26.0,"turns":3.0},{"damage":8.0,"enemies":"Snake Plant","floor":27.0,"turns":4.0},{"damage":12.0,"enemies":"Gremlin Leader","floor":28.0,"turns":3.0},{"damage":7.0,"enemies":"Sentry and Sphere","floor":29.0,"turns":3.0},{"damage":0.0,"enemies":"downfall:FleeingMerchant","floor":30.0,"turns":4.0},{"damage":0.0,"enemies":"Snecko","floor":31.0,"turns":3.0},{"damage":0.0,"enemies":"Snake Plant","floor":32.0,"turns":3.0},{"damage":4.0,"enemies":"downfall:Defect","floor":33.0,"turns":6.0},{"damage":1.0,"enemies":"Orb Walker","floor":36.0,"turns":4.0},{"damage":0.0,"enemies":"3 Shapes","floor":38.0,"turns":3.0},{"damage":0,"enemies":"downfall:FleeingMerchant","floor":39,"turns":1},{"damage":7,"enemies":"Nemesis","floor":40,"turns":5},{"damage":52,"enemies":"Transient","floor":43,"turns":5},{"damage":0,"enemies":"4 Shapes","floor":44,"turns":3},{"damage":16,"enemies":"3 Darklings","floor":45,"turns":4},{"damage":3,"enemies":"Reptomancer","floor":46,"turns":4},{"damage":13,"enemies":"Jaw Worm Horde","floor":48,"turns":2},{"damage":0,"enemies":"Spire Growth","floor":49,"turns":3},{"damage":0,"enemies":"downfall:Ironclad","floor":50,"turns":9},{"damage":17,"enemies":"downfall:CharBossMerchant","floor":52,"turns":7},{"damage":0,"enemies":"downfall:NeowBoss","floor":55,"turns":20}],"seed_played":"-8460909142197480074","potions_obtained":[{"floor":2.0,"key":"Swift Potion"},{"floor":3.0,"key":"SkillPotion"},{"floor":13.0,"key":"champ:CounterPotion"},{"floor":27.0,"key":"FearPotion"},{"floor":28.0,"key":"Guardian:DefensiveModePotion"},{"floor":29.0,"key":"SteroidPotion"},{"floor":38.0,"key":"SpeedPotion"},{"floor":40,"key":"LiquidBronze"},{"floor":48,"key":"DuplicationPotion"}],"is_trial":false,"path_per_floor":["R","M","?","?","?","$","T","R","E","M","R","?","M","?","M","B",null,"R","M","M","?","?","M","T","R","E","M","E","M","$","M","M","B",null,"R","M","?","M","$","E","T","R","M","M","M","E","R","M","M","B",null,"E","$","R","B",null],"character_chosen":"GUARDIAN","items_purchased":["expansioncontent:StudyTheSpire","OrangePellets","Guardian:TimeCapacitor","Guardian:Recover","Guardian:StasisField","Guardian:Orbwalk"],"campfire_rested":3,"item_purchase_floors":[6,30,30,39,39,39],"current_hp_per_floor":[80,73,49,49,46,41,41,41,32,27,51,51,39,39,31,15,80,80,67,56,56,56,56,56,56,56,48,36,29,29,29,29,25,80,80,79,79,79,79,73,73,83,31,31,15,17,59,46,46,46,90,73,73,90,90],"gold":92,"neow_bonus":"ONE_RANDOM_RARE_CARD","is_daily":false,"chose_seed":false,"campfire_upgraded":5,"win_rate":0.0,"timestamp":1609587338,"path_taken":["R","M","?","?","?","?","T","R","E","M","R","?","M","?","M","BOSS","R","M","M","?","?","M","T","R","E","M","E","M","$","?","M","BOSS","R","M","?","M","$","E","T","R","M","M","?","E","R","M","M","BOSS","E","$","R","BOSS"],"items_purchased_type":["Card","Relic","Card","Card","Card","Card"],"build_version":"2020-12-18","purchased_purges":3,"victory":true,"max_hp_per_floor":[80,80,80,80,80,80,80,80,80,80,80,80,80,80,80,80,80,80,80,80,80,80,80,80,80,80,80,80,80,80,80,80,80,80,80,80,80,80,80,80,80,90,90,90,90,90,90,90,90,90,90,90,90,90,90],"relic_stats":{"OrangePellets":[32],"Dream Catcher":3,"Nunchaku":[28],"Regal Pillow":15,"counters":[32,152],"Shuriken":[54],"Snecko Eye":[49,41,42,54],"PreservedInsect":369,"Orichalcum":[12],"obtain_stats":[{"Regal Pillow":28,"Guardian:ModeShifterPlus":17,"downfall:HeartBlessingRed":42,"Guardian:ModeShifter":0,"Guardian:StasisCodex":24,"downfall:HeartBlessingGreen":47,"PreservedInsect":9,"Orichalcum":52,"OrangePellets":30,"Dream Catcher":3,"Nunchaku":5,"Anchor":40,"Shuriken":7,"downfall:HeartBlessingBlue":42,"Snecko Eye":34,"Toy Ornithopter":26,"Pocketwatch":46},{"Regal Pillow":14,"Guardian:ModeShifterPlus":8,"downfall:HeartBlessingRed":23,"Guardian:ModeShifter":0,"Guardian:StasisCodex":11,"downfall:HeartBlessingGreen":27,"PreservedInsect":4,"Orichalcum":31,"OrangePellets":16,"Dream Catcher":2,"Nunchaku":2,"Anchor":23,"Shuriken":3,"downfall:HeartBlessingBlue":23,"Snecko Eye":19,"Toy Ornithopter":12,"Pocketwatch":27},{"Regal Pillow":63,"Guardian:ModeShifterPlus":43,"downfall:HeartBlessingRed":95,"Guardian:ModeShifter":0,"Guardian:StasisCodex":53,"downfall:HeartBlessingGreen":111,"PreservedInsect":24,"Orichalcum":132,"OrangePellets":70,"Dream Catcher":15,"Nunchaku":15,"Anchor":95,"Shuriken":19,"downfall:HeartBlessingBlue":95,"Snecko Eye":82,"Toy Ornithopter":56,"Pocketwatch":111}],"Toy Ornithopter":6,"Pocketwatch":[7]},"card_choices":[{"not_picked":["Guardian:ShieldSpikes","Guardian:TemporalShield"],"picked":"Guardian:ChargeCore","floor":2.0},{"not_picked":["Guardian:WalkerClaw","Guardian:PiercingHide"],"picked":"Guardian:DonusPower","floor":3.0},{"not_picked":["Guardian:ChargeCore","Guardian:RefractedBeam"],"picked":"Guardian:GemFinder","floor":6.0},{"not_picked":["Guardian:Gem_Cyan","Guardian:Gem_Lightblue"],"picked":"Guardian:Gem_Red","floor":9.0},{"not_picked":["Guardian:Recover","Guardian:RefractedBeam"],"picked":"Guardian:Clone","floor":9.0},{"not_picked":["Guardian:TemporalShield","Guardian:GemFinder"],"picked":"Guardian:WalkerClaw","floor":10.0},{"not_picked":["Guardian:Gem_Red","Guardian:PrimingBeam"],"picked":"Guardian:Reroute","floor":11.0},{"not_picked":["Guardian:Gem_Red","Guardian:Gem_Cyan"],"picked":"Guardian:Gem_Green","floor":13.0},{"not_picked":["Guardian:Gem_Red","Guardian:Gem_Lightblue"],"picked":"Guardian:SphericShield","floor":13.0},{"not_picked":["Guardian:PolyBeam","Guardian:Recover"],"picked":"Guardian:PiercingHide","floor":15.0},{"not_picked":["Guardian:Gem_Red","Guardian:Gem_Cyan"],"picked":"Guardian:Gem_Green","floor":16.0},{"not_picked":["Guardian:ConstructionForm","Guardian:GatlingBeam"],"picked":"Guardian:AncientConstruct","floor":16.0},{"not_picked":["Guardian:ArmoredProtocol","Guardian:Harden"],"picked":"Guardian:RollAttack+1","floor":19.0},{"not_picked":["Guardian:Gem_Lightblue","Guardian:Gem_Green"],"picked":"Guardian:Gem_Cyan","floor":19.0},{"not_picked":["Guardian:Gem_White","Guardian:RefractedBeam"],"picked":"Guardian:FloatingOrbs","floor":20.0},{"not_picked":["Guardian:Gem_Green","Guardian:Gem_Red"],"picked":"Guardian:Gem_Cyan","floor":20.0},{"not_picked":["Guardian:ChargeCore","Guardian:RefractedBeam","Guardian:BronzeArmor"],"picked":"SKIP","floor":23.0},{"not_picked":["Guardian:Repulse+1","Guardian:TemporalShield+1"],"picked":"Guardian:ShieldCharger+1","floor":26.0},{"not_picked":["Guardian:Gem_Lightblue","Guardian:Gem_Red"],"picked":"Guardian:Gem_Green","floor":26.0},{"not_picked":["Guardian:Gem_Crimson","Guardian:Harden"],"picked":"Guardian:Emergency","floor":27.0},{"not_picked":["Guardian:VentSteam","Guardian:RefractedBeam"],"picked":"Guardian:SentryBeam","floor":28.0},{"not_picked":["Guardian:Harden","Guardian:Gem_Lightblue"],"picked":"Guardian:FastForward","floor":29.0},{"not_picked":["Guardian:Gem_Red","Guardian:SentryBeam","Guardian:Recover"],"picked":"SKIP","floor":30.0},{"not_picked":["Guardian:Gem_Lightblue","Guardian:Recover"],"picked":"Guardian:Gem_White","floor":31.0},{"not_picked":["Guardian:Gem_Fragmented","Guardian:VentSteam"],"picked":"Guardian:Gem_Yellow","floor":32.0},{"not_picked":["Guardian:RevengeProtocol","Guardian:GemFinder"],"picked":"Guardian:Gem_Synthetic","floor":33.0},{"not_picked":["Guardian:Gem_Red","Guardian:Gem_Green"],"picked":"Guardian:Gem_Cyan","floor":33.0},{"not_picked":["Guardian:FloatingOrbs","Guardian:ChargeCore","Guardian:TemporalShield"],"picked":"SKIP","floor":36.0},{"not_picked":["Guardian:ChargeCore+1","Guardian:Gem_Lightblue"],"picked":"Guardian:PiercingHide+1","floor":38.0},{"not_picked":["Guardian:Incinerate","Guardian:Preprogram","Guardian:BronzeArmor"],"picked":"SKIP","floor":39},{"not_picked":["Guardian:Planning","Guardian:RefractedBeam+1"],"picked":"Guardian:Clone","floor":40},{"not_picked":["Guardian:EvasiveProtocol+1","Guardian:ShieldSpikes+1"],"picked":"Guardian:PrismaticBeam","floor":43},{"not_picked":["Guardian:ShieldCharger","Guardian:PrismaticBeam","Guardian:MultiBeam"],"picked":"SKIP","floor":44},{"not_picked":["Guardian:WalkerClaw","Guardian:ChargeCore"],"picked":"Guardian:Gem_White","floor":45},{"not_picked":["Guardian:CrystalBeam","Guardian:Gem_Green"],"picked":"Guardian:ExploitGems","floor":46},{"not_picked":["Guardian:Gem_Red","Guardian:Gem_Green"],"picked":"Guardian:Gem_Cyan","floor":46},{"not_picked":["Guardian:PrismaticBeam","Guardian:Gem_Fragmented","Guardian:PrimingBeam"],"picked":"SKIP","floor":48},{"not_picked":["Guardian:Gem_Fragmented","Guardian:Preprogram"],"picked":"Guardian:EvasiveProtocol+1","floor":49},{"not_picked":["Guardian:Gem_Blue","Guardian:PiercingHide+1","Guardian:ChargeCore"],"picked":"SKIP","floor":52},{"not_picked":["Guardian:Incinerate+1","Guardian:ArmoredProtocol"],"picked":"Guardian:Harden+1","floor":54}],"player_experience":393057,"relics_obtained":[{"floor":3.0,"key":"Dream Catcher"},{"floor":7.0,"key":"Shuriken"},{"floor":9.0,"key":"PreservedInsect"},{"floor":24.0,"key":"Guardian:StasisCodex"},{"floor":26.0,"key":"Toy Ornithopter"},{"floor":28.0,"key":"Regal Pillow"},{"floor":40,"key":"Anchor"},{"floor":46,"key":"Pocketwatch"},{"floor":52,"key":"Orichalcum"}],"event_choices":[{"damage_healed":0.0,"max_hp_gain":0.0,"max_hp_loss":0.0,"gold_gain":0.0,"event_name":"Scrap Ooze","player_choice":"Success","floor":5.0,"gold_loss":0.0,"damage_taken":3.0,"relics_obtained":["Nunchaku"]},{"cards_removed":["Guardian:Strike_Guardian"],"damage_healed":0.0,"max_hp_gain":0.0,"max_hp_loss":0.0,"gold_gain":0.0,"event_name":"The Cleric","player_choice":"Card Removal","floor":12.0,"gold_loss":0.0,"damage_taken":0.0},{"damage_healed":0.0,"max_hp_gain":0.0,"max_hp_loss":0.0,"gold_gain":0.0,"event_name":"Duplicator","player_choice":"Copied","floor":22.0,"gold_loss":0.0,"damage_taken":0.0,"cards_obtained":["Guardian:FloatingOrbs"]}],"is_beta":true,"boss_relics":[{"not_picked":["Philosopher\u0027s Stone","Empty Cage"],"picked":"Guardian:ModeShifterPlus"},{"not_picked":["Astrolabe","Pandora\u0027s Box"],"picked":"Snecko Eye"}],"items_purged_floors":[6,30,39],"is_endless":false,"potions_floor_spawned":[2,3,13,27,28,29,31,32,38,40,48,49],"ascension_level":3}}