{"host":"sc0o2qwpf9j16a4i","time":1609624487,"event":{"mods":["AchievementEnabler","BaseMod","BetterRewards","Block Reminder","Colored Map","Colored Powertips","Custom Start","Highlight Path","Minty Spire (QoL Compilation)","Relic Stats"],"gold_per_floor":[113,133,208,173,191,223,223,17,17,17,17,44,44,72,72,146,146,160,160,179,191,191,191,217,232,286,297,297,322,342,442,442,516,516,531,531,545,545,558,558,604,618,618,634,649,666,666,666,666],"floor_reached":48,"playtime":1939,"items_purged":["Grand Finale"],"score":1094,"play_id":"8dacc4d4-cf03-4b93-b0a3-486814f4397f","local_time":"20210102235447","is_ascension_mode":true,"campfire_choices":[{"data":"Adrenaline","floor":7.0,"key":"SMITH"},{"data":"Catalyst","floor":11.0,"key":"SMITH"},{"floor":13.0,"key":"REST"},{"data":"Neutralize","floor":15.0,"key":"SMITH"},{"floor":23,"key":"REST"},{"floor":28,"key":"REST"},{"floor":32,"key":"REST"},{"floor":40,"key":"RECALL"},{"floor":47,"key":"REST"}],"circlet_count":0,"master_deck":["AscendersBane","Survivor","Neutralize+1","Dash","Corpse Explosion","Flechettes","Blade Dance","Adrenaline+1","Flechettes","Infinite Blades","Endless Agony","Catalyst+1","Blur","Deadly Poison","Footwork","Finisher","Cloak And Dagger","Venomology","Necronomicurse","PiercingWail","Deflect","PiercingWail","Leg Sweep","PiercingWail","Pain","Footwork+1","Footwork+1","Wraith Form v2"],"relics":["Pandora\u0027s Box","Singing Bowl","Gremlin Horn","Regal Pillow","Matryoshka","Runic Pyramid","Necronomicon","GremlinMask","Pen Nib","Kunai","Lantern","Ancient Tea Set","Blood Vial","Mango","Eternal Feather","Sozu","WarpedTongs","Pocketwatch"],"acts_visited":["Exordium","TheCity","TheBeyond"],"potions_floor_usage":[20,20,24,27,31,31,31,31,33,41,41],"damage_taken":[{"damage":4.0,"enemies":"Cultist","floor":1.0,"turns":3.0},{"damage":0.0,"enemies":"Small Slimes","floor":2.0,"turns":2.0},{"damage":5.0,"enemies":"2 Louse","floor":5.0,"turns":3.0},{"damage":0.0,"enemies":"3 Sentries","floor":6.0,"turns":2.0},{"damage":31.0,"enemies":"Lagavulin","floor":12.0,"turns":7.0},{"damage":10.0,"enemies":"3 Sentries","floor":14.0,"turns":3.0},{"damage":31.0,"enemies":"Hexaghost","floor":16.0,"turns":8.0},{"damage":3.0,"enemies":"3 Byrds","floor":18.0,"turns":4.0},{"damage":19,"enemies":"Spheric Guardian","floor":20,"turns":4},{"damage":12,"enemies":"3 Cultists","floor":21,"turns":3},{"damage":14,"enemies":"Book of Stabbing","floor":24,"turns":5},{"damage":3,"enemies":"Centurion and Healer","floor":25,"turns":4},{"damage":22,"enemies":"Sentry and Sphere","floor":27,"turns":4},{"damage":7,"enemies":"Snake Plant","floor":30,"turns":4},{"damage":0,"enemies":"Colosseum Slavers","floor":31,"turns":5},{"damage":37,"enemies":"Colosseum Nobs","floor":31,"turns":4},{"damage":5,"enemies":"Collector","floor":33,"turns":7},{"damage":23,"enemies":"Orb Walker","floor":35,"turns":4},{"damage":5,"enemies":"3 Shapes","floor":37,"turns":4},{"damage":0,"enemies":"3 Darklings","floor":39,"turns":2},{"damage":15,"enemies":"2 Orb Walkers","floor":41,"turns":4},{"damage":33,"enemies":"Spire Growth","floor":42,"turns":5},{"damage":31,"enemies":"4 Shapes","floor":44,"turns":11},{"damage":14,"enemies":"Jaw Worm Horde","floor":45,"turns":5},{"damage":8,"enemies":"Spire Growth","floor":46,"turns":6},{"damage":55,"enemies":"Nemesis","floor":48,"turns":5}],"seed_played":"-8667083877625751998","potions_obtained":[{"floor":5.0,"key":"Strength Potion"},{"floor":12.0,"key":"DistilledChaos"},{"floor":16.0,"key":"Dexterity Potion"},{"floor":21,"key":"ColorlessPotion"},{"floor":33,"key":"GhostInAJar"}],"is_trial":false,"path_per_floor":["M","M","?","?","M","E","R","$","T","$","R","E","R","E","R","B",null,"M","?","M","M","?","R","E","M","T","M","R","T","M","?","R","B",null,"M","?","M","?","M","R","?","M","T","M","M","M","R","E"],"character_chosen":"THE_SILENT","items_purchased":["Footwork","Finisher"],"campfire_rested":5,"item_purchase_floors":[8,8],"current_hp_per_floor":[55,55,44,60,55,57,57,57,57,57,57,26,61,53,53,22,58,57,36,19,7,7,44,30,27,27,5,42,42,39,34,88,87,91,71,71,68,68,72,87,76,47,47,20,8,4,65,12,12],"gold":666,"neow_bonus":"BOSS_RELIC","is_daily":false,"chose_seed":false,"campfire_upgraded":3,"win_rate":0.0,"timestamp":1609624487,"path_taken":["M","?","?","?","M","E","R","$","T","?","R","E","R","E","R","BOSS","M","?","M","M","?","R","E","?","T","M","R","?","M","?","R","BOSS","M","?","?","?","?","R","?","M","T","M","M","M","R","E"],"items_purchased_type":["Card","Card"],"build_version":"2020-12-22","purchased_purges":1,"victory":false,"max_hp_per_floor":[66,66,66,66,66,68,68,68,68,68,68,68,68,70,70,70,70,72,72,74,74,74,74,74,74,74,74,74,74,76,90,90,92,92,94,94,94,94,96,96,98,100,100,102,102,104,104,104,104],"relic_stats":{"Regal Pillow":75,"Singing Bowl":24,"Gremlin Horn":[8,8],"counters":[26,118],"Eternal Feather":42,"Pen Nib":[12],"WarpedTongs":[41],"Blood Vial":25,"Sozu":5,"Pandora\u0027s Box":["Dash","Corpse Explosion","Flechettes","Blade Dance","Adrenaline","Flechettes","Infinite Blades","Endless Agony","Grand Finale","Catalyst"],"Necronomicon":[15],"Kunai":[22],"obtain_stats":[{"Regal Pillow":12,"Lantern":26,"Singing Bowl":6,"Gremlin Horn":9,"GremlinMask":22,"Mango":31,"Eternal Feather":31,"Pen Nib":24,"Ancient Tea Set":29,"WarpedTongs":36,"Blood Vial":29,"Sozu":34,"Matryoshka":14,"Pandora\u0027s Box":0,"Necronomicon":19,"Kunai":26,"Ring of the Snake":0,"Runic Pyramid":17,"Pocketwatch":41},{"Regal Pillow":5,"Lantern":12,"Singing Bowl":4,"Gremlin Horn":4,"GremlinMask":10,"Mango":16,"Eternal Feather":16,"Pen Nib":11,"Ancient Tea Set":13,"WarpedTongs":18,"Blood Vial":13,"Sozu":17,"Matryoshka":6,"Pandora\u0027s Box":0,"Necronomicon":8,"Kunai":12,"Ring of the Snake":0,"Runic Pyramid":7,"Pocketwatch":21},{"Regal Pillow":17,"Lantern":48,"Singing Bowl":10,"Gremlin Horn":10,"GremlinMask":39,"Mango":65,"Eternal Feather":65,"Pen Nib":44,"Ancient Tea Set":52,"WarpedTongs":76,"Blood Vial":52,"Sozu":72,"Matryoshka":20,"Pandora\u0027s Box":0,"Necronomicon":32,"Kunai":48,"Ring of the Snake":0,"Runic Pyramid":28,"Pocketwatch":86}],"Pocketwatch":[3]},"card_choices":[{"not_picked":["Prepared","Underhanded Strike"],"picked":"Blur","floor":1.0},{"not_picked":["Dagger Spray","Quick Slash"],"picked":"Deadly Poison","floor":2.0},{"not_picked":["Underhanded Strike","Bullet Time","Dodge and Roll"],"picked":"SKIP","floor":5.0},{"not_picked":["Backflip","Blur","Prepared"],"picked":"Singing Bowl","floor":6.0},{"not_picked":["Doppelganger","Phantasmal Killer"],"picked":"Cloak And Dagger","floor":12.0},{"not_picked":["Flechettes","Dagger Spray","Distraction"],"picked":"Singing Bowl","floor":14.0},{"not_picked":["Grand Finale","Storm of Steel"],"picked":"Venomology","floor":16.0},{"not_picked":["Slice","Eviscerate","Prepared"],"picked":"Singing Bowl","floor":18.0},{"not_picked":["Well Laid Plans","Eviscerate","Bane"],"picked":"Singing Bowl","floor":20},{"not_picked":["Predator","Acrobatics"],"picked":"PiercingWail","floor":21},{"not_picked":["Prepared","Deadly Poison"],"picked":"Deflect","floor":24},{"not_picked":["Infinite Blades","Choke+1"],"picked":"PiercingWail","floor":25},{"not_picked":["Flying Knee","Dagger Throw"],"picked":"Leg Sweep","floor":27},{"not_picked":["Infinite Blades","Cloak And Dagger","Prepared+1"],"picked":"Singing Bowl","floor":30},{"not_picked":["Underhanded Strike+1","Acrobatics"],"picked":"PiercingWail","floor":31},{"not_picked":["Doppelganger","Grand Finale","Unload"],"picked":"Singing Bowl","floor":33},{"not_picked":["Poisoned Stab","Caltrops","Bane+1"],"picked":"Singing Bowl","floor":35},{"not_picked":["Deflect+1","Dash"],"picked":"Footwork+1","floor":37},{"not_picked":["Heel Hook","Underhanded Strike","Poisoned Stab+1"],"picked":"Singing Bowl","floor":39},{"not_picked":["Accuracy+1","Sucker Punch","Expertise"],"picked":"Singing Bowl","floor":41},{"not_picked":["Tactician+1","Predator","Sucker Punch"],"picked":"Singing Bowl","floor":42},{"not_picked":["Acrobatics","Poisoned Stab","Blade Dance"],"picked":"Singing Bowl","floor":44},{"not_picked":["Backflip+1","Poisoned Stab"],"picked":"Wraith Form v2","floor":45},{"not_picked":["Sucker Punch","Prepared","Flechettes"],"picked":"Singing Bowl","floor":46}],"player_experience":527409,"relics_obtained":[{"floor":6.0,"key":"Singing Bowl"},{"floor":9.0,"key":"Gremlin Horn"},{"floor":12.0,"key":"Regal Pillow"},{"floor":14.0,"key":"Matryoshka"},{"floor":19,"key":"Necronomicon"},{"floor":24,"key":"Pen Nib"},{"floor":26,"key":"Kunai"},{"floor":26,"key":"Lantern"},{"floor":29,"key":"Ancient Tea Set"},{"floor":29,"key":"Blood Vial"},{"floor":31,"key":"Mango"},{"floor":31,"key":"Eternal Feather"},{"floor":41,"key":"Pocketwatch"}],"event_choices":[{"damage_healed":0.0,"max_hp_gain":0.0,"max_hp_loss":0.0,"gold_gain":75.0,"event_name":"World of Goop","player_choice":"Gather Gold","floor":3.0,"gold_loss":0.0,"damage_taken":11.0},{"damage_healed":16.0,"max_hp_gain":0.0,"max_hp_loss":0.0,"gold_gain":0.0,"event_name":"The Cleric","player_choice":"Healed","floor":4.0,"gold_loss":35.0,"damage_taken":0.0},{"damage_healed":0,"gold_gain":0,"player_choice":"Obtained Book","damage_taken":21,"max_hp_gain":0,"max_hp_loss":0,"event_name":"Cursed Tome","floor":19,"gold_loss":0},{"damage_healed":0,"gold_gain":0,"player_choice":"Trade","damage_taken":0,"relics_obtained":["GremlinMask"],"max_hp_gain":0,"max_hp_loss":0,"event_name":"FaceTrader","floor":22,"gold_loss":0},{"damage_healed":0,"gold_gain":0,"player_choice":"Fight","damage_taken":0,"max_hp_gain":0,"max_hp_loss":0,"event_name":"Colosseum","floor":31,"gold_loss":0},{"damage_healed":0,"gold_gain":0,"player_choice":"Fought Nobs","damage_taken":0,"max_hp_gain":0,"max_hp_loss":0,"event_name":"Colosseum","floor":31,"gold_loss":0},{"damage_healed":0,"gold_gain":0,"player_choice":"Rummage","damage_taken":0,"relics_obtained":["WarpedTongs"],"max_hp_gain":0,"max_hp_loss":0,"event_name":"Accursed Blacksmith","floor":36,"gold_loss":0,"cards_obtained":["Pain"]},{"damage_healed":0,"gold_gain":0,"player_choice":"Copied","damage_taken":0,"max_hp_gain":0,"max_hp_loss":0,"event_name":"Duplicator","floor":38,"gold_loss":0,"cards_obtained":["Footwork"]},{"damage_healed":0,"gold_gain":0,"player_choice":"Fight","damage_taken":0,"max_hp_gain":0,"max_hp_loss":0,"event_name":"Mysterious Sphere","floor":41,"gold_loss":0}],"is_beta":false,"boss_relics":[{"not_picked":["Tiny House","Black Star"],"picked":"Runic Pyramid"},{"not_picked":["Fusion Hammer","Philosopher\u0027s Stone"],"picked":"Sozu"}],"items_purged_floors":[8],"is_endless":false,"potions_floor_spawned":[5,12,16,21,27,30,33,37,42,46],"killed_by":"Nemesis","ascension_level":20}}