{"host":"sum4dy402bbv9y4o","time":1609603950,"event":{"mods":["Aspiration","BaseMod","Conspire","Highlight Path","Minty Spire (QoL Compilation)","StSLib"],"gold_per_floor":[113,131,131,50,50,75,99,130,156,4,4,31,31,41,41,115,115,133,133,33,50,60,60,77,77,125,154,164,164,196,206,206,283,283,294,312,21,35,35,35,35,35],"floor_reached":41,"playtime":1428,"items_purged":["Strike_P","Strike_P","Defend_P"],"score":1098,"play_id":"1044e86c-67ad-4078-aff9-5147327577d5","local_time":"20210102191230","is_ascension_mode":true,"campfire_choices":[{"data":"Eruption","floor":11,"key":"SMITH"},{"data":"FlyingSleeves","floor":13,"key":"SMITH"},{"data":"ReachHeaven","floor":15,"key":"SMITH"},{"data":"LessonLearned","floor":23,"key":"SMITH"},{"data":"MentalFortress","floor":25,"key":"SMITH"},{"floor":32,"key":"REST"},{"floor":40,"key":"REST"}],"circlet_count":0,"master_deck":["AscendersBane","Defend_P+1","Defend_P+1","Eruption+1","Vigilance","Judgement+1","ReachHeaven+1","FlurryOfBlows","FearNoEvil","FlyingSleeves+1","EmptyBody","FlyingSleeves+1","WheelKick+1","LessonLearned+1","BowlingBash","Eruption+1","Wallop+1","MentalFortress+1","MentalFortress+1","Consecrate","Halt","DeusExMachina","Tantrum"],"relics":["PureWater","Damaru","Odd Mushroom","Eternal Feather","conspire:TopHat","Anchor","aspiration:SecretTechniqueScroll","PreservedInsect","conspire:BottledYoYo","Calipers","Empty Cage","Bag of Marbles"],"acts_visited":["Exordium","TheCity","TheBeyond"],"potions_floor_usage":[12,21,28,33,33,35],"damage_taken":[{"damage":0,"enemies":"Jaw Worm","floor":1,"turns":2},{"damage":0,"enemies":"2 Louse","floor":2,"turns":2},{"damage":10,"enemies":"3 Sentries","floor":6,"turns":4},{"damage":10,"enemies":"The Mushroom Lair","floor":7,"turns":4},{"damage":6,"enemies":"Gremlin Nob","floor":8,"turns":3},{"damage":0,"enemies":"Lagavulin","floor":12,"turns":2},{"damage":0,"enemies":"Cultist","floor":14,"turns":3},{"damage":0,"enemies":"Slime Boss","floor":16,"turns":4},{"damage":17,"enemies":"2 Thieves","floor":18,"turns":3},{"damage":4,"enemies":"3 Byrds","floor":21,"turns":5},{"damage":8,"enemies":"Centurion and Healer","floor":22,"turns":6},{"damage":4,"enemies":"3 Cultists","floor":24,"turns":3},{"damage":0,"enemies":"Slavers","floor":27,"turns":3},{"damage":0,"enemies":"Chosen and Byrds","floor":28,"turns":3},{"damage":26,"enemies":"Gremlin Leader","floor":30,"turns":4},{"damage":9,"enemies":"Shelled Parasite and Fungi","floor":31,"turns":4},{"damage":11,"enemies":"conspire:MysteriousRune","floor":33,"turns":6},{"damage":18,"enemies":"3 Darklings","floor":35,"turns":3},{"damage":7,"enemies":"Orb Walker","floor":36,"turns":3},{"damage":16,"enemies":"Maw","floor":38,"turns":9},{"damage":82,"enemies":"Nemesis","floor":41,"turns":4}],"seed_played":"-3834571794630758042","potions_obtained":[{"floor":2,"key":"Swift Potion"},{"floor":7,"key":"DistilledChaos"},{"floor":8,"key":"SteroidPotion"},{"floor":12,"key":"BottledMiracle"},{"floor":24,"key":"Dexterity Potion"},{"floor":31,"key":"LiquidBronze"},{"floor":33,"key":"ColorlessPotion"},{"floor":35,"key":"Ancient Potion"},{"floor":36,"key":"Explosive Potion"}],"is_trial":false,"path_per_floor":["M","M","?","$","?","E","?","E","T","$","R","E","R","M","R","B",null,"M","?","$","M","M","R","M","R","T","E","M","?","E","M","R","B",null,"M","M","$","M","?","R","E"],"character_chosen":"WATCHER","items_purchased":["FearNoEvil","WheelKick","Bag of Marbles"],"campfire_rested":2,"item_purchase_floors":[4,10,37],"current_hp_per_floor":[61,61,54,54,54,44,34,28,28,28,37,37,46,46,55,55,65,48,48,48,44,36,48,44,56,56,56,56,56,30,21,53,42,62,44,37,37,21,21,53,0,0],"gold":35,"neow_bonus":"ONE_RANDOM_RARE_CARD","is_daily":false,"chose_seed":false,"campfire_upgraded":5,"win_rate":0.0,"timestamp":1609603950,"path_taken":["M","M","?","$","?","E","?","E","T","$","R","E","R","M","R","BOSS","M","?","$","M","M","R","?","R","T","E","M","?","E","M","R","BOSS","M","M","$","M","?","R","E"],"items_purchased_type":["Card","Card","Relic"],"build_version":"2020-12-22","purchased_purges":3,"victory":false,"max_hp_per_floor":[68,68,68,68,68,68,68,68,68,68,68,68,68,68,68,68,68,68,68,68,68,68,68,68,68,68,68,68,68,68,68,68,68,68,68,68,68,68,68,68,68,68],"card_choices":[{"not_picked":["PathToVictory","Fasting2"],"picked":"ReachHeaven","floor":1},{"not_picked":["Protect","CrushJoints"],"picked":"FlurryOfBlows","floor":2},{"not_picked":["Protect","ClearTheMind"],"picked":"FlyingSleeves","floor":6},{"not_picked":["FollowUp","Pray"],"picked":"EmptyBody","floor":7},{"not_picked":["Nirvana","Sanctity"],"picked":"FlyingSleeves","floor":8},{"not_picked":["JustLucky","Evaluate","Alpha"],"picked":"SKIP","floor":12},{"not_picked":["ForeignInfluence","Weave","CrushJoints"],"picked":"SKIP","floor":14},{"not_picked":["Judgement","DeusExMachina"],"picked":"LessonLearned","floor":16},{"not_picked":["CrushJoints","Prostrate"],"picked":"BowlingBash","floor":18},{"not_picked":["DeceiveReality","LikeWater"],"picked":"Wallop+1","floor":21},{"not_picked":["Evaluate","FlyingSleeves+1","Crescendo"],"picked":"SKIP","floor":22},{"not_picked":["Vengeance","SignatureMove"],"picked":"MentalFortress","floor":24},{"not_picked":["SashWhip","LessonLearned","BowlingBash"],"picked":"SKIP","floor":27},{"not_picked":["CrushJoints","FearNoEvil"],"picked":"MentalFortress","floor":28},{"not_picked":["FearNoEvil","Indignation"],"picked":"Consecrate","floor":30},{"not_picked":["CrushJoints","ClearTheMind"],"picked":"Halt","floor":31},{"not_picked":["Ragnarok","ConjureBlade"],"picked":"DeusExMachina","floor":33},{"not_picked":["Consecrate","Collect"],"picked":"Tantrum","floor":35},{"not_picked":["BattleHymn","JustLucky","Study+1"],"picked":"SKIP","floor":36},{"not_picked":["Consecrate","FollowUp","SashWhip"],"picked":"SKIP","floor":38}],"player_experience":2886625,"relics_obtained":[{"floor":6,"key":"Damaru"},{"floor":7,"key":"Odd Mushroom"},{"floor":8,"key":"Eternal Feather"},{"floor":9,"key":"conspire:TopHat"},{"floor":12,"key":"Anchor"},{"floor":26,"key":"PreservedInsect"},{"floor":27,"key":"conspire:BottledYoYo"},{"floor":30,"key":"Calipers"}],"event_choices":[{"cards_removed":["Strike_P"],"damage_healed":0,"gold_gain":0,"player_choice":"Card Removal","damage_taken":7,"max_hp_gain":0,"max_hp_loss":0,"event_name":"Golden Wing","floor":3,"gold_loss":0},{"damage_healed":0,"gold_gain":0,"player_choice":"Ignored","damage_taken":0,"max_hp_gain":0,"max_hp_loss":0,"event_name":"Liars Game","floor":5,"gold_loss":0},{"damage_healed":0,"gold_gain":0,"player_choice":"Fought Mushrooms","damage_taken":0,"max_hp_gain":0,"max_hp_loss":0,"event_name":"Mushrooms","floor":7,"gold_loss":0},{"damage_healed":0,"gold_gain":0,"player_choice":"Copied","damage_taken":0,"max_hp_gain":0,"max_hp_loss":0,"event_name":"Duplicator","floor":19,"gold_loss":0,"cards_obtained":["Eruption"]},{"damage_healed":0,"gold_gain":0,"player_choice":"Ignored","damage_taken":0,"max_hp_gain":0,"max_hp_loss":0,"event_name":"Vampires","floor":29,"gold_loss":0}],"is_beta":false,"boss_relics":[{"not_picked":["Sozu","Black Star"],"picked":"aspiration:SecretTechniqueScroll"},{"not_picked":["Philosopher\u0027s Stone","Busted Crown"],"picked":"Empty Cage"}],"items_purged_floors":[10,20,37],"is_endless":false,"potions_floor_spawned":[2,7,8,12,24,27,31,33,35,36],"killed_by":"Nemesis","ascension_level":20}}