{"host":"97feeoqujgl2pi7v","time":1609595611,"event":{"mods":["AchievementEnabler","Act Like it!","Aspiration","Bard","BaseMod","Better Third Choice","Colored Map","Colored Powertips","Conspire","DeckTracker","Downfall","Duelist Mod","Gensokyo","GifTheSpireLib","Gremlin Mod","Halation","Hallownest","Hermit","Hubris","Infinite Spire","Jorbs\u0027s Wanderer Trilogy","Koishi","Mad Scientist","Marisa（霧雨　魔理沙）","Minty Spire (QoL Compilation)","Rare Cards Sparkle","Reimu（博丽灵梦）","Replay The Spire","Robot Space Explorer","Shop Mod","StSLib","Td1madao Mod","The Administrix","The Animator","The Blackbeard","The Bladedancer","The Bug Knight","The Construct","The Cursed","The Disciple","The Dragon Tamer","The Marked","The Mystic","The Necromancer","The Runesmith","The Saiyan","The Senshi","The Servant 0.9.4","TheBandit","Yuri Mod"],"gold_per_floor":[113,113,128,152,169,199,199,227,254,267,267,267,55,68,68,163,188,200,218,243,256,341,341,246,256,281,295,295,315,340,365,390,513,538,573,573,207,232,273,343,393,426,501,551,551,551,551,140,165,177,177,177,177,25,120,140,140],"floor_reached":56,"playtime":9973,"items_purged":["Delirium"],"score":802,"play_id":"21be0348-c8c5-438e-bfb7-f73d45628b60","local_time":"20210102085331","is_ascension_mode":false,"campfire_choices":[{"data":"animator:Aqua","floor":7,"key":"SMITH"},{"floor":11,"key":"RECALL"},{"data":"animator:Gilgamesh","floor":15,"key":"SMITH"},{"data":"animator:Benimaru","floor":23,"key":"SMITH"},{"floor":28,"key":"REST"},{"floor":32,"key":"DIG"},{"floor":47,"key":"REST"},{"floor":49,"key":"DIG"},{"data":"animator:Urushihara","floor":52,"key":"SMITH"}],"circlet_count":0,"master_deck":["animator:Strike_Konosuba","animator:Defend_Konosuba","animator:Strike","animator:Strike","animator:Strike","animator:Defend","animator:Defend","animator:Kazuma","animator:Aqua+1","animator:Melzalgald+1","animator:Lancer+1","animator:Megumin+6","animator:YunYun","animator:Entoma+2","animator:CrowleyEusford","animator:Mikaela","animator:YachiyoNanami+1","animator:Gilgamesh+22","animator:Berserker+1","animator:ShinjiMatou+1","animator:Benimaru+1","animator:Yuuichirou","animator:Sonic","animator:MumenRider","animator:Illya","animator:Rimuru","animator:Ainz+1","animator:PandorasActor+1","animator:Urushihara+1","animator:Patchouli","animator:Archer+1","animator:Mitsurugi","animator:Shinoa+1","animator:Alexander+1","infinitespire:Execution+1","animator:SakuraMatou+1"],"relics":["animator:LivingPicture","animator:TheMissingPiece","RuthlessExorcism:ReiMu","Guide Book","animator:HolyGrailRelic","halation:PinkSoulGem","halation:Toothbrush","Gensokyo:MaskOfHope","halation:BottledLove","Frozen Egg 2","halation:EternalFortune","Replay:Bandana","Honey Jar","MerchantsRug","hubris:Icosahedron","Torii","Ring of Searing","ReplayTheSpireMod:Ring of Collecting","Ring of Peace","hubris:TenFootPole","Black Star","Tea:ReiMu","Sling","Replay:Bottled Steam","animator:Buoy","infinitespire:Lucky Rock","hubris:ToyBattleship","Oddly Smooth Stone"],"acts_visited":["Gensokyo:Gensokyo","Gensokyo:Gensokyoer","TheBeyond","TheEnding"],"potions_floor_usage":[16,16,27,33,33,33,40,55,56],"damage_taken":[{"damage":2,"enemies":"Gensokyo:3_Fairies","floor":1,"turns":6},{"damage":11,"enemies":"Gensokyo:Python","floor":3,"turns":3},{"damage":3,"enemies":"Gensokyo:Gryphon","floor":4,"turns":4},{"damage":0,"enemies":"Gensokyo:LivingMonolith","floor":5,"turns":3},{"damage":6,"enemies":"Gensokyo:Mamizou","floor":6,"turns":8},{"damage":7,"enemies":"Gensokyo:2_Rabbits","floor":8,"turns":3},{"damage":10,"enemies":"Gensokyo:Kitsune","floor":10,"turns":3},{"damage":8,"enemies":"Gensokyo:Gryphon_and_Rabbit","floor":14,"turns":3},{"damage":23,"enemies":"Gensokyo:Kokoro","floor":16,"turns":10},{"damage":2,"enemies":"Gensokyo:2_Gloops","floor":18,"turns":3},{"damage":26,"enemies":"Gensokyo:3_Dogs","floor":19,"turns":4},{"damage":7,"enemies":"Gensokyo:Wraith","floor":21,"turns":3},{"damage":16,"enemies":"Gensokyo:Slime_Group","floor":25,"turns":3},{"damage":13,"enemies":"Gensokyo:Swordslinger","floor":27,"turns":3},{"damage":4,"enemies":"Gensokyo:3_Gloops","floor":29,"turns":3},{"damage":58,"enemies":"Gensokyo:Eiki","floor":33,"turns":6},{"damage":0,"enemies":"Orb Walker","floor":35,"turns":2},{"damage":0,"enemies":"3 Shapes","floor":39,"turns":2},{"damage":79,"enemies":"Giant Head","floor":40,"turns":8},{"damage":11,"enemies":"4 Shapes","floor":42,"turns":2},{"damage":18,"enemies":"hubris:GrandSnecko","floor":50,"turns":8},{"damage":46,"enemies":"Shield and Spear","floor":55,"turns":5},{"damage":47,"enemies":"The Heart","floor":56,"turns":4}],"seed_played":"1624095121920414421","potions_obtained":[{"floor":5,"key":"Elixir"},{"floor":8,"key":"sneckomod:MuddlingPotion"},{"floor":14,"key":"hexamod:EctoCoolerPotion"},{"floor":16,"key":"AttackPotion"},{"floor":18,"key":"FearPotion"},{"floor":25,"key":"BlessingOfTheForge"},{"floor":29,"key":"AttackPotion"},{"floor":39,"key":"ColorlessPotion"},{"floor":40,"key":"Dexterity Potion"},{"floor":55,"key":"Weak Potion"}],"is_trial":false,"path_per_floor":["M","?","M","M","M","E","R","M","T","M","R","?","$","M","R","B",null,"M","M","?","M","?","R","?","M","T","M","R","M","T","?","R_BF","B",null,"M","?","$","?","M","E","?","M","T","AVR","?","?","R","$","R_BF","B",null,"R","??","$","E","B"],"character_chosen":"THE_ANIMATOR","items_purchased":["Guide Book","animator:YachiyoNanami+1","animator:Patchouli","animator:Archer+1","MerchantsRug","Sling","Replay:Bottled Steam","infinitespire:Lucky Rock"],"campfire_rested":2,"item_purchase_floors":[13,13,37,37,37,48,48,54],"current_hp_per_floor":[72,72,61,60,63,59,59,57,57,51,51,51,51,46,46,26,84,84,65,65,63,63,63,63,50,50,40,65,66,66,69,69,14,89,86,86,86,86,88,56,56,50,50,53,53,53,80,80,80,67,90,90,90,90,41,0,0],"gold":140,"neow_bonus":"TEN_PERCENT_HP_BONUS","is_daily":false,"chose_seed":false,"campfire_upgraded":4,"win_rate":0.0,"timestamp":1609595611,"path_taken":["M","?","?","M","M","E","R","M","T","M","R","?","$","M","R","BOSS","M","M","?","M","?","R","?","M","T","M","R","M","?","?","R_BF","BOSS","M","?","$","?","M","E","?","M","T","AVR","?","?","R","?","R_BF","BOSS","R","??","$","E","BOSS"],"items_purchased_type":["Relic","Card","Card","Card","Relic","Relic","Relic","Relic"],"build_version":"2020-12-22","purchased_purges":1,"victory":false,"max_hp_per_floor":[72,72,72,72,73,73,73,75,75,76,76,76,76,76,76,76,84,86,90,90,92,92,92,92,89,89,86,86,88,88,91,91,89,89,86,86,86,86,88,86,86,88,88,91,91,91,91,91,91,90,90,90,90,90,87,84,84],"card_choices":[{"not_picked":["animator:Assassin","animator:ShinjiMatou"],"picked":"animator:Melzalgald","floor":1},{"not_picked":["animator:Illya","animator:Sebas"],"picked":"animator:Lancer","floor":3},{"not_picked":["animator:EmiyaShirou","animator:Mikaela"],"picked":"animator:Megumin","floor":4},{"not_picked":["animator:Chris","animator:Mitsurugi"],"picked":"animator:YunYun","floor":5},{"not_picked":["animator:CrowleyEusford","animator:SilverFang"],"picked":"animator:Entoma","floor":6},{"not_picked":["animator:Shion","animator:OrikoMikuni"],"picked":"animator:CrowleyEusford","floor":8},{"not_picked":["animator:Saitama","animator:Yoichi"],"picked":"animator:Mikaela","floor":10},{"not_picked":["animator:Lancer","animator:Assassin"],"picked":"animator:Gilgamesh","floor":14},{"not_picked":["animator:Wiz","animator:Kyubey"],"picked":"animator:Gilgamesh","floor":16},{"not_picked":["animator:MumenRider","animator:PandorasActor"],"picked":"animator:Berserker+1","floor":18},{"not_picked":["animator:Cocytus+1","animator:Alexander"],"picked":"animator:ShinjiMatou+1","floor":19},{"not_picked":["animator:Sebas","animator:Hakurou+1"],"picked":"animator:Benimaru","floor":21},{"not_picked":["animator:Sebas+1","animator:SilverFang"],"picked":"animator:Yuuichirou","floor":22},{"not_picked":["animator:CrowleyEusford+1","animator:Geryuganshoop"],"picked":"animator:Sonic","floor":22},{"not_picked":["animator:Geryuganshoop","animator:SilverFang"],"picked":"animator:MumenRider","floor":25},{"not_picked":["animator:Cocytus","animator:Sebas+1"],"picked":"animator:Illya","floor":27},{"not_picked":["animator:MamiTomoe+1","animator:Alexander"],"picked":"animator:Rimuru","floor":29},{"not_picked":["animator:Rimuru","animator:Shizu"],"picked":"animator:Ainz+1","floor":33},{"not_picked":["animator:Demiurge+1","animator:SuzuneAmano","animator:Lancer"],"picked":"animator:PandorasActor+1","floor":35},{"not_picked":["animator:IchigoKurosaki","animator:HarukoHaruhara","animator:TanyaDegurechaff"],"picked":"animator:Urushihara","floor":36},{"not_picked":["animator:Aqua","animator:Megumin","animator:Darkness+1"],"picked":"animator:Mitsurugi","floor":39},{"not_picked":["animator:Illya+1","animator:Eris","animator:Lancer"],"picked":"animator:Shinoa+1","floor":40},{"not_picked":["animator:OrikoMikuni","animator:Demiurge","animator:Lancer+1"],"picked":"animator:Alexander+1","floor":42},{"not_picked":["animator:Caster+1","animator:Mikaela+1","animator:Vesta+1"],"picked":"animator:SakuraMatou+1","floor":55}],"player_experience":384691,"relics_obtained":[{"floor":6,"key":"RuthlessExorcism:ReiMu"},{"floor":22,"key":"halation:Toothbrush"},{"floor":26,"key":"halation:BottledLove"},{"floor":30,"key":"Frozen Egg 2"},{"floor":32,"key":"Replay:Bandana"},{"floor":40,"key":"Torii"},{"floor":41,"key":"Ring of Searing"},{"floor":41,"key":"ReplayTheSpireMod:Ring of Collecting"},{"floor":43,"key":"Ring of Peace"},{"floor":43,"key":"hubris:TenFootPole"},{"floor":49,"key":"animator:Buoy"},{"floor":55,"key":"hubris:ToyBattleship"},{"floor":55,"key":"Oddly Smooth Stone"}],"event_choices":[{"damage_healed":0,"gold_gain":0,"player_choice":"Leave","damage_taken":0,"max_hp_gain":0,"max_hp_loss":0,"event_name":"conspire:Investor","floor":2,"gold_loss":0},{"damage_healed":0,"gold_gain":0,"player_choice":"Memory 1","damage_taken":0,"max_hp_gain":0,"max_hp_loss":0,"event_name":"SensoryStone","floor":36,"gold_loss":0},{"damage_healed":0,"gold_gain":0,"player_choice":"Ignored","damage_taken":0,"max_hp_gain":0,"max_hp_loss":0,"event_name":"Tomb of Lord Red Mask","floor":46,"gold_loss":0}],"is_beta":false,"boss_relics":[{"not_picked":["Replay:Ancient Bell","hubris:BlackHole"],"picked":"animator:HolyGrailRelic"},{"not_picked":["animator:RacePiece","halation:CatFaceCupcake"],"picked":"Honey Jar"}],"items_purged_floors":[44],"is_endless":false,"potions_floor_spawned":[5,8,14,16,18,25,29,39,40,55],"killed_by":"The Heart","ascension_level":0}}