{"host":"512s0dw15c3jqxy4","time":1609550094,"event":{"mods":["BaseMod","Colored Powertips","Highlight Path","Minty Spire (QoL Compilation)","Quick Restart","Relic Stats"],"gold_per_floor":[113,63,38,38,53,79,79,79,104,134,144,162,193,193,193,297,297,308,273,323,373,392,427,502,532,557,640,690,379,394,460,460,565,565,579,629,901,917,124,124,156,156,156,261,288,288,349,91,91,91],"floor_reached":51,"playtime":4579,"items_purged":["Hyperbeam"],"score":1078,"play_id":"b4d7c7a3-f845-4d9e-b2a8-ecc70eb05ff2","local_time":"20210101151454","is_ascension_mode":true,"campfire_choices":[{"data":"Zap","floor":8.0,"key":"SMITH"},{"data":"Loop","floor":15.0,"key":"SMITH"},{"floor":32.0,"key":"REST"},{"data":"Ghostly","floor":40.0,"key":"SMITH"},{"data":"Ghostly","floor":42.0,"key":"SMITH"},{"data":"Creative AI","floor":46,"key":"SMITH"},{"data":"Ghostly","floor":49,"key":"SMITH"}],"circlet_count":0,"master_deck":["Zap+1","Dualcast","Streamline+1","Hologram+1","Ball Lightning","Coolheaded","Defragment","Coolheaded","Loop+1","Ball Lightning","Creative AI+1","Hologram","Glacier","Compile Driver","Undo","Steam Power","Ghostly+1","Ghostly","Ghostly","Ghostly+1","Ghostly+1","Double Energy","Defragment","Leap","Turbo","Genetic Algorithm","Seek","Glacier","Redo+1","Thunder Strike","CurseOfTheBell","Leap+1","Madness","Madness","Fusion","Beam Cell","Mayhem","BootSequence+1","Stack+1","FTL+1","Capacitor","Amplify","Panache"],"relics":["Cracked Core","NeowsBlessing","Whetstone","Lizard Tail","Bronze Scales","Art of War","The Courier","SsserpentHead","Pandora\u0027s Box","Sundial","Centennial Puzzle","Regal Pillow","Lantern","Ancient Tea Set","Red Mask","Calling Bell","MealTicket","Pear","Calipers","DataDisk","Cables","Frozen Eye","Bag of Preparation","Akabeko","Eternal Feather","Incense Burner","Torii"],"acts_visited":["Exordium","TheCity","TheBeyond"],"potions_floor_usage":[50,50],"damage_taken":[{"damage":0.0,"enemies":"Jaw Worm","floor":1.0,"turns":1.0},{"damage":0.0,"enemies":"2 Louse","floor":5.0,"turns":1.0},{"damage":0.0,"enemies":"Lagavulin","floor":6.0,"turns":2.0},{"damage":6.0,"enemies":"3 Sentries","floor":10.0,"turns":6.0},{"damage":0.0,"enemies":"Cultist","floor":11.0,"turns":2.0},{"damage":1.0,"enemies":"Blue Slaver","floor":12.0,"turns":3.0},{"damage":14.0,"enemies":"Gremlin Nob","floor":13.0,"turns":4.0},{"damage":20.0,"enemies":"Hexaghost","floor":16.0,"turns":7.0},{"damage":15.0,"enemies":"Chosen","floor":18.0,"turns":7.0},{"damage":4.0,"enemies":"2 Thieves","floor":22.0,"turns":3.0},{"damage":7.0,"enemies":"Book of Stabbing","floor":23.0,"turns":5.0},{"damage":36.0,"enemies":"Gremlin Leader","floor":25.0,"turns":8.0},{"damage":6.0,"enemies":"Masked Bandits","floor":27.0,"turns":6.0},{"damage":0.0,"enemies":"3 Cultists","floor":30.0,"turns":7.0},{"damage":7.0,"enemies":"Chosen and Byrds","floor":31.0,"turns":8.0},{"damage":0.0,"enemies":"Champ","floor":33.0,"turns":15.0},{"damage":5.0,"enemies":"3 Darklings","floor":35.0,"turns":8.0},{"damage":1.0,"enemies":"3 Shapes","floor":38.0,"turns":6.0},{"damage":12.0,"enemies":"Nemesis","floor":41.0,"turns":7.0},{"damage":2,"enemies":"2 Orb Walkers","floor":44,"turns":8},{"damage":0,"enemies":"Reptomancer","floor":45,"turns":11},{"damage":1,"enemies":"Maw","floor":47,"turns":12},{"damage":1,"enemies":"Donu and Deca","floor":50,"turns":18}],"seed_played":"-1284165486552271685","potions_obtained":[{"floor":10.0,"key":"SteroidPotion"},{"floor":11.0,"key":"SpeedPotion"},{"floor":22.0,"key":"Strength Potion"},{"floor":23.0,"key":"DuplicationPotion"},{"floor":38.0,"key":"ColorlessPotion"},{"floor":44,"key":"Explosive Potion"},{"floor":47,"key":"LiquidBronze"}],"is_trial":false,"path_per_floor":["M","?","$","?","M","E","T","R","T","E","M","M","E","?","R","B",null,"M","?","?","?","M","E","T","E","T","?","?","$","M","M","R","B",null,"M","?","?","M","$","R","E","R","T","?","E","R","M","$","R","B",null],"character_chosen":"DEFECT","items_purchased":["Hologram","Leap","Turbo","Genetic Algorithm","Seek","DataDisk","Cables","Frozen Eye","Fusion","Bag of Preparation","Beam Cell","Mayhem","Capacitor","Amplify","Panache"],"campfire_rested":1,"item_purchase_floors":[3,29,29,29,29,39,39,39,39,39,39,39,48,48,48],"current_hp_per_floor":[75,75,75,60,60,60,60,60,60,54,54,53,39,39,39,19,75,60,60,60,37,33,26,26,18,18,12,8,8,8,1,28,28,52,47,40,40,39,52,52,40,40,40,38,38,52,51,52,52,51],"gold":91,"neow_bonus":"THREE_ENEMY_KILL","is_daily":false,"chose_seed":false,"campfire_upgraded":6,"win_rate":0.0,"timestamp":1609550094,"path_taken":["M","?","?","?","?","E","?","R","T","E","M","M","E","?","R","BOSS","M","?","?","?","M","E","?","E","T","?","?","$","M","?","R","BOSS","M","?","?","M","$","R","E","R","T","?","E","R","?","$","R","BOSS"],"items_purchased_type":["Card","Card","Card","Card","Card","Relic","Relic","Relic","Card","Relic","Card","Card","Card","Card","Card"],"build_version":"2020-12-22","purchased_purges":1,"victory":true,"max_hp_per_floor":[75,75,75,75,75,75,75,75,75,75,75,75,75,75,75,75,75,75,75,75,37,37,37,37,37,37,37,42,42,42,42,42,42,52,52,52,52,52,52,52,52,52,52,52,52,52,52,52,52,52],"relic_stats":{"Regal Pillow":15,"Torii":5,"counters":[23,153],"Eternal Feather":14,"Bag of Preparation":[10],"Whetstone":["Streamline","Strike_B"],"Cables":[53,19,29,0,5],"SsserpentHead":550,"Lizard Tail":18,"Centennial Puzzle":[27],"Sundial":[14],"Bronze Scales":[568],"Pandora\u0027s Box":["Hologram","Sunder","Glacier","Compile Driver","Hyperbeam","Undo","Steam Power"],"MealTicket":14,"Art of War":[62],"obtain_stats":[{"Regal Pillow":24,"Lantern":25,"Calipers":34,"Torii":45,"Bag of Preparation":39,"Incense Burner":44,"Whetstone":6,"Ancient Tea Set":26,"SsserpentHead":14,"Frozen Eye":39,"Lizard Tail":7,"Centennial Puzzle":23,"Sundial":19,"MealTicket":34,"Red Mask":27,"Cracked Core":0,"Pear":34,"NeowsBlessing":0,"Eternal Feather":43,"The Courier":13,"Akabeko":41,"Cables":39,"Calling Bell":34,"DataDisk":39,"Bronze Scales":9,"Pandora\u0027s Box":17,"Art of War":10},{"Regal Pillow":11,"Lantern":12,"Calipers":16,"Torii":21,"Bag of Preparation":18,"Incense Burner":20,"Whetstone":3,"Ancient Tea Set":12,"SsserpentHead":7,"Frozen Eye":18,"Lizard Tail":3,"Centennial Puzzle":11,"Sundial":9,"MealTicket":16,"Red Mask":13,"Cracked Core":0,"Pear":16,"NeowsBlessing":0,"Eternal Feather":19,"The Courier":7,"Akabeko":19,"Cables":18,"Calling Bell":16,"DataDisk":18,"Bronze Scales":3,"Pandora\u0027s Box":8,"Art of War":4},{"Regal Pillow":40,"Lantern":48,"Calipers":84,"Torii":123,"Bag of Preparation":98,"Incense Burner":112,"Whetstone":4,"Ancient Tea Set":48,"SsserpentHead":19,"Frozen Eye":98,"Lizard Tail":4,"Centennial Puzzle":40,"Sundial":32,"MealTicket":84,"Red Mask":54,"Cracked Core":0,"Pear":84,"NeowsBlessing":0,"Eternal Feather":105,"The Courier":19,"Akabeko":105,"Cables":98,"Calling Bell":84,"DataDisk":98,"Bronze Scales":4,"Pandora\u0027s Box":26,"Art of War":10}]},"card_choices":[{"not_picked":["Stack","Coolheaded"],"picked":"Streamline","floor":1.0},{"not_picked":["Auto Shields","Coolheaded"],"picked":"Ball Lightning","floor":5.0},{"not_picked":["Self Repair","Stack"],"picked":"Coolheaded","floor":6.0},{"not_picked":["Chaos","Coolheaded"],"picked":"Defragment","floor":10.0},{"not_picked":["All For One","Beam Cell"],"picked":"Coolheaded","floor":11.0},{"not_picked":["Barrage","Reinforced Body"],"picked":"Loop","floor":12.0},{"not_picked":["Reinforced Body","Stack"],"picked":"Ball Lightning","floor":13.0},{"not_picked":["Multi-Cast","Core Surge"],"picked":"Creative AI","floor":16.0},{"not_picked":["Sweeping Beam+1","Sunder+1","Gash"],"picked":"SKIP","floor":18.0},{"not_picked":["Beam Cell","Sunder+1","Heatsinks"],"picked":"SKIP","floor":22.0},{"not_picked":["Redo","Turbo"],"picked":"Double Energy","floor":23.0},{"not_picked":["Sweeping Beam+1","Barrage","Rebound"],"picked":"SKIP","floor":25.0},{"not_picked":["Barrage","Melter+1"],"picked":"Defragment","floor":27.0},{"not_picked":["Go for the Eyes","Rebound"],"picked":"Glacier","floor":30.0},{"not_picked":["Chaos","Beam Cell"],"picked":"Redo+1","floor":31.0},{"not_picked":["Biased Cognition","Fission"],"picked":"Thunder Strike","floor":33.0},{"not_picked":["Barrage+1","Glacier"],"picked":"Leap+1","floor":35.0},{"not_picked":["Auto Shields+1","Rebound","Barrage+1"],"picked":"SKIP","floor":38.0},{"not_picked":["Blizzard+1","Heatsinks+1"],"picked":"BootSequence+1","floor":41.0},{"not_picked":["Reboot","Rebound"],"picked":"Stack+1","floor":44},{"not_picked":["Coolheaded","Streamline+1"],"picked":"FTL+1","floor":45},{"not_picked":["Reprogram","Ball Lightning","Go for the Eyes"],"picked":"SKIP","floor":47}],"player_experience":218532,"relics_obtained":[{"floor":6.0,"key":"Whetstone"},{"floor":7.0,"key":"Lizard Tail"},{"floor":9.0,"key":"Bronze Scales"},{"floor":10.0,"key":"Art of War"},{"floor":13.0,"key":"The Courier"},{"floor":23.0,"key":"Centennial Puzzle"},{"floor":24.0,"key":"Regal Pillow"},{"floor":25.0,"key":"Lantern"},{"floor":26.0,"key":"Ancient Tea Set"},{"floor":27.0,"key":"Red Mask"},{"floor":34.0,"key":"MealTicket"},{"floor":34.0,"key":"Pear"},{"floor":34.0,"key":"Calipers"},{"floor":41.0,"key":"Akabeko"},{"floor":43.0,"key":"Eternal Feather"},{"floor":44,"key":"Incense Burner"},{"floor":45,"key":"Torii"}],"event_choices":[{"cards_removed":["Strike_B"],"damage_healed":0.0,"max_hp_gain":0.0,"max_hp_loss":0.0,"gold_gain":0.0,"event_name":"The Cleric","player_choice":"Card Removal","floor":2.0,"gold_loss":50.0,"damage_taken":0.0},{"damage_healed":0.0,"max_hp_gain":0.0,"max_hp_loss":0.0,"gold_gain":0.0,"event_name":"Shining Light","player_choice":"Entered Light","floor":4.0,"gold_loss":0.0,"damage_taken":15.0,"cards_upgraded":["Hologram","Defend_B"]},{"damage_healed":0.0,"max_hp_gain":0.0,"max_hp_loss":0.0,"gold_gain":0.0,"event_name":"FaceTrader","player_choice":"Trade","floor":14.0,"gold_loss":0.0,"damage_taken":0.0,"relics_obtained":["SsserpentHead"]},{"damage_healed":0.0,"max_hp_gain":0.0,"max_hp_loss":0.0,"gold_gain":0.0,"event_name":"Addict","player_choice":"Obtained Relic","floor":19.0,"gold_loss":85.0,"damage_taken":0.0,"relics_obtained":["Sundial"]},{"cards_removed":["Sunder"],"damage_healed":0.0,"max_hp_gain":0.0,"max_hp_loss":0.0,"gold_gain":0.0,"event_name":"Back to Basics","player_choice":"Elegance","floor":20.0,"gold_loss":0.0,"damage_taken":0.0},{"damage_healed":0.0,"max_hp_gain":0.0,"max_hp_loss":38.0,"gold_gain":0.0,"event_name":"Ghosts","player_choice":"Became a Ghost","floor":21.0,"gold_loss":0.0,"damage_taken":0.0,"cards_obtained":["Ghostly","Ghostly","Ghostly","Ghostly","Ghostly"]},{"damage_healed":0.0,"max_hp_gain":0.0,"max_hp_loss":0.0,"gold_gain":0.0,"event_name":"Masked Bandits","player_choice":"Fought Bandits","floor":27.0,"gold_loss":0.0,"damage_taken":0.0},{"damage_healed":0.0,"max_hp_gain":5.0,"max_hp_loss":0.0,"gold_gain":0.0,"event_name":"Forgotten Altar","player_choice":"Shed Blood","floor":28.0,"gold_loss":0.0,"damage_taken":9.0},{"damage_healed":0.0,"max_hp_gain":0.0,"max_hp_loss":0.0,"gold_gain":0.0,"event_name":"Winding Halls","player_choice":"Embrace Madness","floor":36.0,"gold_loss":0.0,"damage_taken":7.0,"cards_obtained":["Madness","Madness"]},{"damage_healed":0.0,"max_hp_gain":0.0,"max_hp_loss":0.0,"gold_gain":222.0,"event_name":"Tomb of Lord Red Mask","player_choice":"Wore Mask","floor":37.0,"gold_loss":0.0,"damage_taken":0.0},{"damage_healed":0,"gold_gain":0,"player_choice":"Fight","damage_taken":0,"max_hp_gain":0,"max_hp_loss":0,"event_name":"Mysterious Sphere","floor":44,"gold_loss":0}],"is_beta":false,"boss_relics":[{"not_picked":["SacredBark","Black Star"],"picked":"Pandora\u0027s Box"},{"not_picked":["FrozenCore","Runic Pyramid"],"picked":"Calling Bell"}],"items_purged_floors":[29],"is_endless":false,"potions_floor_spawned":[10,11,22,23,38,44,47],"ascension_level":3}}