{"host":"vsdszi3rnxsdp24p","time":1609613349,"event":{"mods":["AchievementEnabler","BaseMod","Colored Map","Colored Powertips","Hermit","Highlight Path","Minty Spire (QoL Compilation)","Quick Restart","Relic Sorter","Relic Stats","StSLib","SuperFastMode","Synergy Search","The Cursed","The Mystic"],"gold_per_floor":[112,187,202,215,228,228,228,228,254,265,11,23,38,13,13,13,13],"floor_reached":16,"playtime":317,"items_purged":[],"score":94,"play_id":"f7dbbb8c-b4a9-410f-b3b3-44ae8435e03c","local_time":"20210102194909","is_ascension_mode":false,"campfire_choices":[{"floor":6,"key":"REST"},{"data":"Loop","floor":8,"key":"SMITH"},{"floor":15,"key":"REST"}],"circlet_count":0,"master_deck":["Strike_B","Strike_B","Strike_B","Strike_B","Defend_B","Defend_B","Defend_B","Defend_B+1","Zap+1","Dualcast","Blizzard","Turbo","Loop+1","Conserve Battery","Tempest","Regret","Melter","Hello World","Genetic Algorithm","PanicButton","Compile Driver","Hello World","Sunder","Coolheaded"],"relics":["Cracked Core","War Paint","Oddly Smooth Stone"],"acts_visited":["Exordium"],"potions_floor_usage":[],"damage_taken":[{"damage":13,"enemies":"2 Louse","floor":1,"turns":2},{"damage":8,"enemies":"Jaw Worm","floor":3,"turns":3},{"damage":7,"enemies":"Small Slimes","floor":4,"turns":3},{"damage":12,"enemies":"Blue Slaver","floor":5,"turns":3},{"damage":7,"enemies":"Red Slaver","floor":10,"turns":3},{"damage":23,"enemies":"Lots of Slimes","floor":12,"turns":4},{"damage":12,"enemies":"2 Fungi Beasts","floor":13,"turns":3},{"damage":28,"enemies":"Slime Boss","floor":16,"turns":3}],"seed_played":"-4193478050643897245","potions_obtained":[{"floor":10,"key":"SteroidPotion"},{"floor":13,"key":"DuplicationPotion"}],"is_trial":false,"path_per_floor":["M","?","M","M","M","R","?","R","T","M","$","M","M","$","R","B"],"character_chosen":"DEFECT","items_purchased":["Hello World","Genetic Algorithm","PanicButton","Compile Driver","Coolheaded"],"campfire_rested":2,"item_purchase_floors":[11,11,11,11,14],"current_hp_per_floor":[62,51,43,36,24,46,46,46,46,39,39,16,4,4,26,0,0],"gold":13,"neow_bonus":"THREE_CARDS","is_daily":false,"chose_seed":false,"campfire_upgraded":1,"win_rate":0.0,"timestamp":1609613349,"path_taken":["M","?","M","M","M","R","?","R","T","M","$","M","M","?","R","BOSS"],"items_purchased_type":["Card","Card","Card","Card","Card"],"build_version":"2020-12-22","purchased_purges":0,"victory":false,"max_hp_per_floor":[75,75,75,75,75,75,75,75,75,75,75,75,75,75,75,75,75],"relic_stats":{"counters":[8,24],"War Paint":["Defend_B","Zap"],"obtain_stats":[{"Oddly Smooth Stone":9,"War Paint":7,"Cracked Core":0},{"Oddly Smooth Stone":4,"War Paint":4,"Cracked Core":0},{"Oddly Smooth Stone":11,"War Paint":11,"Cracked Core":0}]},"card_choices":[{"not_picked":["Steam","Leap"],"picked":"Blizzard","floor":0},{"not_picked":["Hologram","Darkness"],"picked":"Turbo","floor":1},{"not_picked":["Blizzard","Heatsinks"],"picked":"Loop","floor":3},{"not_picked":["Steam","Streamline"],"picked":"Conserve Battery","floor":4},{"not_picked":["Fusion","Gash"],"picked":"Tempest","floor":5},{"not_picked":["Sweeping Beam","Rebound"],"picked":"Melter","floor":10},{"not_picked":["Undo","Compile Driver"],"picked":"Hello World","floor":12},{"not_picked":["Gash","Streamline"],"picked":"Sunder","floor":13}],"player_experience":121961,"relics_obtained":[{"floor":9,"key":"Oddly Smooth Stone"}],"event_choices":[{"damage_healed":0,"gold_gain":75,"player_choice":"Gather Gold","damage_taken":11,"max_hp_gain":0,"max_hp_loss":0,"event_name":"World of Goop","floor":2,"gold_loss":0},{"damage_healed":0,"gold_gain":0,"player_choice":"Box","damage_taken":0,"relics_obtained":["War Paint"],"max_hp_gain":0,"max_hp_loss":0,"event_name":"Big Fish","floor":7,"gold_loss":0,"cards_obtained":["Regret"]}],"is_beta":false,"boss_relics":[],"items_purged_floors":[],"is_endless":false,"potions_floor_spawned":[10,13],"killed_by":"Slime Boss","ascension_level":0}}