{"host":"wmovrua22dwk70u6","time":1609582408,"event":{"mods":["AchievementEnabler","BaseMod","Colored Map","Colored Powertips","DeckTracker","Hermit","Highlight Path","KOR Keyword Fix","KinomotoSakuraMod(Ÿ Ò˝‹‚?)","Minty Spire (QoL Compilation)","Quick Restart","Rare Cards Sparkle","StSLib","SuperFastMode","The Bug Knight","The Cursed","The Hierophant","The Poker Player","The Senshi","everything is the same but u backflip on backflip","slay the spire mod where everything is the same but ironclad has a cowboy hat"],"gold_per_floor":[110,35,35,35,47,47,47,63,63,63,63,87,105,121,121,121,121],"floor_reached":16,"playtime":3200,"items_purged":["Injury"],"score":92,"play_id":"e33590c5-bf8b-41f5-9f65-8b565d8aa230","local_time":"20210102191328","is_ascension_mode":false,"campfire_choices":[{"floor":6,"key":"REST"},{"floor":11,"key":"RECALL"},{"floor":15,"key":"REST"}],"circlet_count":0,"master_deck":["Strike_R","Strike_R","Strike_R","Strike_R","Strike_R","Defend_R","Defend_R","Defend_R","Defend_R","Bash","Barricade","Body Slam","Perfected Strike"],"relics":["Burning Blood","Ornamental Fan","Pantograph","Golden Idol"],"acts_visited":["Exordium"],"potions_floor_usage":[12],"damage_taken":[{"damage":12,"enemies":"Cultist","floor":1,"turns":5},{"damage":14,"enemies":"Jaw Worm","floor":5,"turns":6},{"damage":0,"enemies":"Small Slimes","floor":8,"turns":3},{"damage":13,"enemies":"3 Louse","floor":12,"turns":5},{"damage":14,"enemies":"Exordium Thugs","floor":13,"turns":6},{"damage":17,"enemies":"Exordium Wildlife","floor":14,"turns":6},{"damage":93,"enemies":"The Guardian","floor":16,"turns":11}],"seed_played":"2187146137958716354","potions_obtained":[{"floor":1,"key":"PowerPotion"},{"floor":12,"key":"Explosive Potion"}],"is_trial":false,"path_per_floor":["M","$","?","$","M","R","?","M","T","?","R","M","M","M","R","B"],"character_chosen":"IRONCLAD","items_purchased":[],"campfire_rested":2,"item_purchase_floors":[],"current_hp_per_floor":[74,74,41,41,33,57,62,68,68,47,47,40,32,21,46,0,0],"gold":121,"neow_bonus":"THREE_RARE_CARDS","is_daily":false,"chose_seed":false,"campfire_upgraded":0,"win_rate":0.0,"timestamp":1609582408,"path_taken":["M","$","?","$","M","R","?","M","T","?","R","M","M","M","R","BOSS"],"items_purchased_type":[],"build_version":"2020-12-22","purchased_purges":1,"victory":false,"max_hp_per_floor":[80,80,80,80,80,80,85,85,85,85,85,85,85,85,85,85,85],"card_choices":[{"not_picked":["Feed","Immolate"],"picked":"Barricade","floor":0},{"not_picked":["Headbutt","Anger"],"picked":"Body Slam","floor":1},{"not_picked":["Shrug It Off","True Grit"],"picked":"Perfected Strike","floor":5},{"not_picked":["Clash","Headbutt","Heavy Blade"],"picked":"SKIP","floor":8},{"not_picked":["Dual Wield","Fiend Fire","Hemokinesis"],"picked":"SKIP","floor":12},{"not_picked":["Cleave","Armaments","Flame Barrier"],"picked":"SKIP","floor":13},{"not_picked":["Sever Soul","Iron Wave","Flame Barrier"],"picked":"SKIP","floor":14}],"player_experience":343315,"relics_obtained":[{"floor":9,"key":"Pantograph"}],"event_choices":[{"damage_healed":0,"gold_gain":0,"player_choice":"Success","damage_taken":33,"relics_obtained":["Ornamental Fan"],"max_hp_gain":0,"max_hp_loss":0,"event_name":"Scrap Ooze","floor":3,"gold_loss":0},{"damage_healed":0,"gold_gain":0,"player_choice":"Donut","damage_taken":0,"max_hp_gain":5,"max_hp_loss":0,"event_name":"Big Fish","floor":7,"gold_loss":0},{"damage_healed":0,"gold_gain":0,"player_choice":"Take Damage","damage_taken":21,"relics_obtained":["Golden Idol"],"max_hp_gain":0,"max_hp_loss":0,"event_name":"Golden Idol","floor":10,"gold_loss":0}],"is_beta":false,"boss_relics":[],"items_purged_floors":[2],"is_endless":false,"potions_floor_spawned":[1,12],"killed_by":"The Guardian","ascension_level":0}}