{"host":"u7lm8z2rvb4dg2oo","time":1609567426,"event":{"mods":["AchievementEnabler","BaseMod","Colored Map","Colored Powertips","Curses Come First","Googly Eyes","Highlight Path","Minty Spire (QoL Compilation)","Quick Restart","StSLib"],"gold_per_floor":[117,117,117,82,105,105,126,126,126,126,141,181,202,202,202,331,331,352,205,229,248,264,264,264,264,264,264,305,305,24,39,39,39,39],"floor_reached":33,"playtime":1462,"items_purged":["Strike_P"],"score":356,"play_id":"b69c1d79-c17c-4002-b52d-d69c720ecc8f","local_time":"20210102010346","is_ascension_mode":true,"campfire_choices":[{"data":"ForeignInfluence","floor":6.0,"key":"SMITH"},{"data":"MasterReality","floor":8.0,"key":"SMITH"},{"data":"Eruption","floor":15.0,"key":"SMITH"},{"data":"Wireheading","floor":23.0,"key":"SMITH"},{"floor":25.0,"key":"REST"},{"floor":32.0,"key":"REST"}],"circlet_count":0,"master_deck":["Strike_P","Strike_P","Defend_P","Defend_P","Defend_P","Defend_P","Eruption+1","Vigilance","MasterReality+1","ForeignInfluence+1","Prostrate","WreathOfFlame+1","Scrawl+1","Prostrate+1","Pray+1","ReachHeaven","Wireheading+1","Blasphemy+1","Tantrum","LessonLearned"],"relics":["PureWater","Golden Idol","TeardropLocket","Toxic Egg 2","CultistMask","Runic Pyramid","Kunai","Calipers","Membership Card"],"acts_visited":["Exordium","TheCity"],"potions_floor_usage":[],"damage_taken":[{"damage":2.0,"enemies":"Jaw Worm","floor":1.0,"turns":3.0},{"damage":0.0,"enemies":"Small Slimes","floor":5.0,"turns":3.0},{"damage":0.0,"enemies":"2 Louse","floor":7.0,"turns":1.0},{"damage":0.0,"enemies":"Gremlin Gang","floor":11.0,"turns":4.0},{"damage":4.0,"enemies":"Lagavulin","floor":12.0,"turns":5.0},{"damage":0.0,"enemies":"2 Fungi Beasts","floor":13.0,"turns":3.0},{"damage":27.0,"enemies":"Slime Boss","floor":16.0,"turns":8.0},{"damage":15.0,"enemies":"Shell Parasite","floor":18.0,"turns":4.0},{"damage":0.0,"enemies":"Chosen","floor":20.0,"turns":3.0},{"damage":0.0,"enemies":"Shelled Parasite and Fungi","floor":21.0,"turns":1.0},{"damage":11.0,"enemies":"Centurion and Healer","floor":22.0,"turns":3.0},{"damage":0.0,"enemies":"Book of Stabbing","floor":24.0,"turns":2.0},{"damage":32.0,"enemies":"Gremlin Leader","floor":28.0,"turns":3.0},{"damage":21.0,"enemies":"Snake Plant","floor":31.0,"turns":4.0},{"damage":74,"enemies":"Collector","floor":33,"turns":3}],"seed_played":"-8950889054993842794","potions_obtained":[{"floor":7.0,"key":"BottledMiracle"},{"floor":12.0,"key":"SmokeBomb"},{"floor":13.0,"key":"BlessingOfTheForge"},{"floor":18.0,"key":"BlessingOfTheForge"},{"floor":21.0,"key":"AttackPotion"},{"floor":28.0,"key":"Regen Potion"}],"is_trial":false,"path_per_floor":["M","?","?","?","M","R","M","R","T","?","M","E","M","?","R","B",null,"M","$","M","M","M","R","E","R","T","?","E","?","$","M","R","B"],"character_chosen":"WATCHER","items_purchased":["Regen Potion","Membership Card","LessonLearned","PowerPotion","SkillPotion"],"campfire_rested":2,"item_purchase_floors":[19,30,30,30,30],"current_hp_per_floor":[70,63,45,63,63,63,63,63,63,63,63,59,59,59,59,32,62,47,47,52,52,41,41,41,62,62,62,30,30,30,18,39,0,0],"gold":39,"neow_bonus":"ONE_RANDOM_RARE_CARD","is_daily":false,"chose_seed":false,"campfire_upgraded":4,"win_rate":0.0,"timestamp":1609567426,"path_taken":["M","?","?","?","M","R","M","R","T","?","M","E","?","?","R","BOSS","M","$","M","M","?","R","E","R","T","?","E","?","$","?","R","BOSS"],"items_purchased_type":["Potion","Relic","Card","Potion","Potion"],"build_version":"2020-12-22","purchased_purges":1,"victory":false,"max_hp_per_floor":[72,72,72,72,72,72,72,72,72,72,72,72,72,72,72,72,72,72,72,72,72,72,72,72,72,72,72,72,72,72,72,72,72,72],"card_choices":[{"not_picked":["CrushJoints","FlurryOfBlows","BowlingBash"],"picked":"SKIP","floor":1.0},{"not_picked":["Pray","Wallop"],"picked":"ForeignInfluence","floor":5.0},{"not_picked":["FlurryOfBlows","SashWhip","InnerPeace"],"picked":"SKIP","floor":7.0},{"not_picked":["Sanctity","EmptyBody"],"picked":"Prostrate","floor":11.0},{"not_picked":["Consecrate","CrushJoints","JustLucky"],"picked":"SKIP","floor":12.0},{"not_picked":["EmptyMind+1","Evaluate+1"],"picked":"WreathOfFlame+1","floor":13.0},{"not_picked":["Judgement+1","Brilliance"],"picked":"Scrawl+1","floor":16.0},{"not_picked":["Evaluate+1","Meditate+1"],"picked":"Prostrate+1","floor":18.0},{"not_picked":["EmptyMind+1","Crescendo+1"],"picked":"Pray+1","floor":20.0},{"not_picked":["FollowUp","Meditate+1"],"picked":"ReachHeaven","floor":21.0},{"not_picked":["Pray+1","ThirdEye+1"],"picked":"Wireheading","floor":22.0},{"not_picked":["Consecrate+1","JustLucky"],"picked":"Tantrum","floor":28.0},{"not_picked":["CrushJoints+1","ClearTheMind+1","FlurryOfBlows+1"],"picked":"SKIP","floor":31.0}],"player_experience":1033051,"relics_obtained":[{"floor":9.0,"key":"TeardropLocket"},{"floor":12.0,"key":"Toxic Egg 2"},{"floor":26.0,"key":"Kunai"},{"floor":28.0,"key":"Calipers"}],"event_choices":[{"cards_removed":["Strike_P"],"damage_healed":0.0,"max_hp_gain":0.0,"max_hp_loss":0.0,"gold_gain":0.0,"event_name":"Golden Wing","player_choice":"Card Removal","floor":2.0,"gold_loss":0.0,"damage_taken":7.0},{"damage_healed":0.0,"max_hp_gain":0.0,"max_hp_loss":0.0,"gold_gain":0.0,"event_name":"Golden Idol","player_choice":"Take Damage","floor":3.0,"gold_loss":0.0,"damage_taken":18.0,"relics_obtained":["Golden Idol"]},{"damage_healed":18.0,"max_hp_gain":0.0,"max_hp_loss":0.0,"gold_gain":0.0,"event_name":"The Cleric","player_choice":"Healed","floor":4.0,"gold_loss":35.0,"damage_taken":0.0},{"damage_healed":0.0,"max_hp_gain":0.0,"max_hp_loss":0.0,"gold_gain":0.0,"event_name":"Liars Game","player_choice":"Ignored","floor":10.0,"gold_loss":0.0,"damage_taken":0.0},{"damage_healed":0.0,"max_hp_gain":0.0,"max_hp_loss":0.0,"gold_gain":0.0,"event_name":"FaceTrader","player_choice":"Trade","floor":14.0,"gold_loss":0.0,"damage_taken":0.0,"relics_obtained":["CultistMask"]},{"damage_healed":0.0,"max_hp_gain":0.0,"max_hp_loss":0.0,"gold_gain":0.0,"event_name":"The Library","player_choice":"Read","floor":27.0,"gold_loss":0.0,"damage_taken":0.0,"cards_obtained":["Blasphemy"]},{"damage_healed":0.0,"max_hp_gain":0.0,"max_hp_loss":0.0,"gold_gain":0.0,"event_name":"Match and Keep!","player_choice":"0 cards matched","floor":29.0,"gold_loss":0.0,"damage_taken":0.0,"cards_obtained":[]}],"is_beta":false,"boss_relics":[{"not_picked":["Runic Dome","Empty Cage"],"picked":"Runic Pyramid"}],"items_purged_floors":[19],"is_endless":false,"potions_floor_spawned":[7,12,13,18,21,24,28],"killed_by":"Collector","ascension_level":5}}