{"host":"qxeepl7ydvsgmfdb","time":1609592608,"event":{"mods":["AchievementEnabler","BaseMod","Colored Powertips","Minty Spire (QoL Compilation)","Quick Restart","slay the spire mod where everything is the same but ironclad has a cowboy hat"],"gold_per_floor":[111,125,125,125,138,181,181,194,194,194,209,244,319,335,335,460,460,485,501,501,426,147,147,147],"floor_reached":23,"playtime":1088,"items_purged":["Strike_G"],"score":261,"play_id":"f37ad20a-5d01-4e4e-be86-a8748ad35aef","local_time":"20210102080328","is_ascension_mode":true,"campfire_choices":[{"floor":7,"key":"REST"},{"floor":10,"key":"REST"},{"floor":15,"key":"REST"}],"circlet_count":0,"master_deck":["Strike_G","Strike_G","Strike_G","Defend_G","Defend_G","Defend_G+1","Defend_G","Defend_G","Survivor","Neutralize","Dagger Spray","Blade Dance","Quick Slash","Prepared+1","Backflip","Tools of the Trade","Envenom","CurseOfTheBell","Sucker Punch+1","Noxious Fumes","Poisoned Stab"],"relics":["Ring of the Snake","NeowsBlessing","Golden Idol","Tough Bandages","Eternal Feather","Bottled Flame","Calling Bell","Regal Pillow","The Courier","Gambling Chip","MutagenicStrength","War Paint"],"acts_visited":["Exordium","TheCity"],"potions_floor_usage":[6,6,6,8,12,12,16,16],"damage_taken":[{"damage":0,"enemies":"2 Louse","floor":1,"turns":1},{"damage":0,"enemies":"Cultist","floor":2,"turns":1},{"damage":0,"enemies":"Jaw Worm","floor":5,"turns":1},{"damage":18,"enemies":"Lagavulin","floor":6,"turns":5},{"damage":0,"enemies":"2 Fungi Beasts","floor":8,"turns":2},{"damage":13,"enemies":"Red Slaver","floor":11,"turns":4},{"damage":9,"enemies":"Gremlin Nob","floor":12,"turns":4},{"damage":1,"enemies":"Blue Slaver","floor":14,"turns":4},{"damage":60,"enemies":"Hexaghost","floor":16,"turns":16},{"damage":11,"enemies":"Shell Parasite","floor":18,"turns":10},{"damage":16,"enemies":"Chosen","floor":19,"turns":8},{"damage":31,"enemies":"Book of Stabbing","floor":23,"turns":7}],"seed_played":"-6925630320930325895","potions_obtained":[{"floor":2,"key":"EntropicBrew"},{"floor":4,"key":"Block Potion"},{"floor":4,"key":"PowerPotion"},{"floor":8,"key":"SteroidPotion"},{"floor":12,"key":"Poison Potion"}],"is_trial":false,"path_per_floor":["M","M","?","?","M","E","R","M","T","R","M","E","?","M","R","B",null,"M","M","?","?","$","E"],"character_chosen":"THE_SILENT","items_purchased":["Noxious Fumes","Poisoned Stab","War Paint"],"campfire_rested":3,"item_purchase_floors":[22,22,22],"current_hp_per_floor":[63,63,46,46,46,28,49,49,49,70,57,48,37,36,66,6,54,43,27,27,27,27,0,0],"gold":147,"neow_bonus":"THREE_ENEMY_KILL","is_daily":false,"chose_seed":false,"campfire_upgraded":0,"win_rate":0.0,"timestamp":1609592608,"path_taken":["M","M","?","?","?","E","R","M","T","R","M","E","?","M","R","BOSS","M","M","?","?","$","E"],"items_purchased_type":["Card","Card","Relic"],"build_version":"2020-12-22","purchased_purges":1,"victory":false,"max_hp_per_floor":[70,70,70,70,70,70,70,70,70,70,70,70,70,70,70,70,70,70,70,70,70,70,70,70],"card_choices":[{"not_picked":["Blade Dance","Outmaneuver"],"picked":"Dagger Spray","floor":1},{"not_picked":["Endless Agony","Blur","Underhanded Strike"],"picked":"SKIP","floor":2},{"not_picked":["PiercingWail","Underhanded Strike"],"picked":"Blade Dance","floor":5},{"not_picked":["Crippling Poison","Prepared","Flying Knee"],"picked":"SKIP","floor":6},{"not_picked":["Terror","Dagger Throw"],"picked":"Quick Slash","floor":8},{"not_picked":["Reflex","Outmaneuver"],"picked":"Prepared","floor":11},{"not_picked":["Acrobatics","Expertise"],"picked":"Backflip","floor":12},{"not_picked":["Dodge and Roll","Blur"],"picked":"Tools of the Trade","floor":14},{"not_picked":["After Image","Storm of Steel"],"picked":"Envenom","floor":16},{"not_picked":["Flying Knee","Finisher","Escape Plan+1"],"picked":"SKIP","floor":18},{"not_picked":["Reflex","Bouncing Flask"],"picked":"Sucker Punch+1","floor":19}],"player_experience":353874,"relics_obtained":[{"floor":6,"key":"Tough Bandages"},{"floor":9,"key":"Eternal Feather"},{"floor":12,"key":"Bottled Flame"},{"floor":17,"key":"Regal Pillow"},{"floor":17,"key":"The Courier"},{"floor":17,"key":"Gambling Chip"}],"event_choices":[{"damage_healed":0,"gold_gain":0,"player_choice":"Take Damage","damage_taken":17,"relics_obtained":["Golden Idol"],"max_hp_gain":0,"max_hp_loss":0,"event_name":"Golden Idol","floor":3,"gold_loss":0},{"damage_healed":0,"gold_gain":0,"player_choice":"Got Potions","damage_taken":0,"max_hp_gain":0,"max_hp_loss":0,"event_name":"Lab","floor":4,"gold_loss":0},{"damage_healed":0,"gold_gain":75,"player_choice":"Gather Gold","damage_taken":11,"max_hp_gain":0,"max_hp_loss":0,"event_name":"World of Goop","floor":13,"gold_loss":0},{"damage_healed":0,"gold_gain":0,"player_choice":"Inject Mutagens","damage_taken":0,"relics_obtained":["MutagenicStrength"],"max_hp_gain":0,"max_hp_loss":0,"event_name":"Drug Dealer","floor":20,"gold_loss":0},{"cards_removed":["Strike_G"],"damage_healed":0,"gold_gain":0,"player_choice":"Gave Gold","damage_taken":0,"max_hp_gain":0,"max_hp_loss":0,"event_name":"Beggar","floor":21,"gold_loss":75}],"is_beta":false,"boss_relics":[{"not_picked":["SacredBark","Astrolabe"],"picked":"Calling Bell"}],"items_purged_floors":[22],"is_endless":false,"potions_floor_spawned":[2,8,12],"killed_by":"Book of Stabbing","ascension_level":6}}