{"host":"bbjnqymry46jz0fa","time":1609586784,"event":{"mods":["BaseMod","DeckTracker","Minty Spire (QoL Compilation)","Quick Restart","StSLib","SuperFastMode"],"gold_per_floor":[112,37,55,55,79,79,79,111,111,131,145,157,173,206,206,279,279,297,347,347,373,288,288,308,324,324,19,36,70,83,94,94,94,94],"floor_reached":33,"playtime":826,"items_purged":[],"score":608,"play_id":"93a6baf9-065c-4f19-9992-de5b2ca00d91","local_time":"20210102202624","is_ascension_mode":true,"campfire_choices":[{"data":"Carnage","floor":6,"key":"SMITH"},{"data":"Uppercut","floor":15,"key":"SMITH"},{"data":"Ghostly Armor","floor":23,"key":"SMITH"},{"data":"Shrug It Off","floor":32,"key":"SMITH"}],"circlet_count":0,"master_deck":["AscendersBane","Strike_R","Strike_R","Strike_R","Strike_R","Defend_R","Defend_R","Defend_R","Defend_R","Bash","Carnage+1","Uppercut+1","Headbutt","Shrug It Off+1","Offering","Ghostly Armor+1","Sentinel"],"relics":["Burning Blood","NeowsBlessing","Vajra","Blood Vial","Eternal Feather","Gambling Chip","Ginger","Coffee Dripper","Nilry\u0027s Codex","Red Mask","Torii","Membership Card","Kunai","Pen Nib"],"acts_visited":["Exordium","TheCity"],"potions_floor_usage":[16,18,21,24,29,29,30],"damage_taken":[{"damage":0,"enemies":"Jaw Worm","floor":1,"turns":1},{"damage":0,"enemies":"Small Slimes","floor":3,"turns":1},{"damage":0,"enemies":"Lagavulin","floor":8,"turns":1},{"damage":1,"enemies":"2 Louse","floor":10,"turns":3},{"damage":15,"enemies":"Exordium Wildlife","floor":11,"turns":4},{"damage":6,"enemies":"Looter","floor":12,"turns":2},{"damage":4,"enemies":"2 Fungi Beasts","floor":13,"turns":2},{"damage":27,"enemies":"3 Sentries","floor":14,"turns":6},{"damage":39,"enemies":"The Guardian","floor":16,"turns":11},{"damage":11,"enemies":"3 Byrds","floor":18,"turns":3},{"damage":29,"enemies":"Masked Bandits","floor":21,"turns":3},{"damage":0,"enemies":"2 Thieves","floor":24,"turns":4},{"damage":24,"enemies":"Snake Plant","floor":25,"turns":3},{"damage":9,"enemies":"Centurion and Healer","floor":28,"turns":7},{"damage":22,"enemies":"Book of Stabbing","floor":29,"turns":5},{"damage":7,"enemies":"Cultist and Chosen","floor":30,"turns":5},{"damage":10,"enemies":"Snecko","floor":31,"turns":4},{"damage":41,"enemies":"Champ","floor":33,"turns":8}],"seed_played":"-5498723066253892681","potions_obtained":[{"floor":8,"key":"BlessingOfTheForge"},{"floor":13,"key":"Explosive Potion"},{"floor":16,"key":"SneckoOil"},{"floor":21,"key":"HeartOfIron"},{"floor":24,"key":"SteroidPotion"},{"floor":25,"key":"SkillPotion"},{"floor":29,"key":"AttackPotion"}],"is_trial":false,"path_per_floor":["M","?","M","?","T","R","?","E","T","M","M","M","M","E","R","B",null,"M","?","?","?","?","R","M","M","T","$","M","E","M","M","R","B"],"character_chosen":"IRONCLAD","items_purchased":["Membership Card","Kunai"],"campfire_rested":0,"item_purchase_floors":[27,27],"current_hp_per_floor":[74,74,75,70,70,70,75,80,80,80,71,73,77,58,64,33,68,65,65,44,23,23,32,40,24,24,24,23,9,10,8,17,0,0],"gold":94,"neow_bonus":"THREE_ENEMY_KILL","is_daily":false,"chose_seed":false,"campfire_upgraded":4,"win_rate":0.0,"timestamp":1609586784,"path_taken":["M","?","M","?","?","R","?","E","T","M","M","M","M","E","R","BOSS","M","?","?","?","?","R","M","?","T","$","M","E","M","M","R","BOSS"],"items_purchased_type":["Relic","Relic"],"build_version":"2020-12-22","purchased_purges":0,"victory":false,"max_hp_per_floor":[75,75,75,75,75,75,80,80,80,80,80,80,80,80,80,80,80,80,80,80,80,80,80,80,80,80,80,80,80,80,80,80,80,80],"card_choices":[{"not_picked":["Sword Boomerang","Cleave"],"picked":"Carnage","floor":1},{"not_picked":["Pummel","Heavy Blade","Perfected Strike"],"picked":"SKIP","floor":3},{"not_picked":["Twin Strike","Evolve","Flex"],"picked":"SKIP","floor":8},{"not_picked":["Warcry","True Grit","Searing Blow"],"picked":"SKIP","floor":10},{"not_picked":["Warcry","Twin Strike"],"picked":"Uppercut","floor":11},{"not_picked":["Twin Strike","Heavy Blade"],"picked":"Headbutt","floor":12},{"not_picked":["Twin Strike","Clothesline"],"picked":"Shrug It Off","floor":13},{"not_picked":["Rage","Dual Wield","Whirlwind"],"picked":"SKIP","floor":14},{"not_picked":["Bludgeon","Double Tap"],"picked":"Offering","floor":16},{"not_picked":["Heavy Blade","Wild Strike+1"],"picked":"Ghostly Armor","floor":18},{"not_picked":["Seeing Red","Twin Strike"],"picked":"Sentinel","floor":21},{"not_picked":["Sever Soul","Heavy Blade","Headbutt+1"],"picked":"SKIP","floor":24},{"not_picked":["Cleave+1","Metallicize","Brutality"],"picked":"SKIP","floor":25},{"not_picked":["Flex","Clash","Ghostly Armor"],"picked":"SKIP","floor":28},{"not_picked":["Rage","Twin Strike","Blood for Blood"],"picked":"SKIP","floor":29},{"not_picked":["Iron Wave","Heavy Blade","Sword Boomerang"],"picked":"SKIP","floor":30},{"not_picked":["Heavy Blade","Warcry","Sword Boomerang"],"picked":"SKIP","floor":31}],"player_experience":728225,"relics_obtained":[{"floor":5,"key":"Blood Vial"},{"floor":8,"key":"Eternal Feather"},{"floor":9,"key":"Gambling Chip"},{"floor":14,"key":"Ginger"},{"floor":20,"key":"Nilry\u0027s Codex"},{"floor":21,"key":"Red Mask"},{"floor":29,"key":"Pen Nib"}],"event_choices":[{"cards_removed":["Strike_R"],"damage_healed":0,"gold_gain":0,"player_choice":"Card Removal","damage_taken":0,"max_hp_gain":0,"max_hp_loss":0,"event_name":"The Cleric","floor":2,"gold_loss":75},{"damage_healed":0,"gold_gain":0,"player_choice":"Success","damage_taken":5,"relics_obtained":["Vajra"],"max_hp_gain":0,"max_hp_loss":0,"event_name":"Scrap Ooze","floor":4,"gold_loss":0},{"damage_healed":0,"gold_gain":0,"player_choice":"Donut","damage_taken":0,"max_hp_gain":5,"max_hp_loss":0,"event_name":"Big Fish","floor":7,"gold_loss":0},{"damage_healed":0,"gold_gain":50,"player_choice":"Stole From Cult","damage_taken":0,"max_hp_gain":0,"max_hp_loss":0,"event_name":"Nest","floor":19,"gold_loss":0},{"damage_healed":0,"gold_gain":0,"player_choice":"Obtained Book","damage_taken":21,"max_hp_gain":0,"max_hp_loss":0,"event_name":"Cursed Tome","floor":20,"gold_loss":0},{"damage_healed":0,"gold_gain":0,"player_choice":"Fought Bandits","damage_taken":0,"max_hp_gain":0,"max_hp_loss":0,"event_name":"Masked Bandits","floor":21,"gold_loss":0},{"damage_healed":0,"gold_gain":0,"player_choice":"Obtained Relic","damage_taken":0,"relics_obtained":["Torii"],"max_hp_gain":0,"max_hp_loss":0,"event_name":"Addict","floor":22,"gold_loss":85}],"is_beta":false,"boss_relics":[{"not_picked":["Runic Cube","Empty Cage"],"picked":"Coffee Dripper"}],"items_purged_floors":[],"is_endless":false,"potions_floor_spawned":[8,13,16,21,24,25,29],"killed_by":"Champ","ascension_level":20}}