{"host":"e1pm3b7xpcm97e5w","time":1609548880,"event":{"mods":["BaseMod","Better Skull","Googly Eyes","Minty Spire (QoL Compilation)","Relic Stats","Shop Mod","Spicy Shops","StSLib"],"gold_per_floor":[119,44,64,79,96,124,124,140,164,164,176,176,176,201,201,277,277,294,344,363,398,412,412,412,412,412,412,412,423,423,423],"floor_reached":30,"playtime":819,"items_purged":["Pain"],"score":432,"play_id":"16fb5084-3314-4239-8143-5bf0b14e0fe4","local_time":"20210101195440","is_ascension_mode":true,"campfire_choices":[{"floor":7,"key":"REST"},{"data":"Demon Form","floor":10,"key":"SMITH"},{"floor":13,"key":"REST"},{"floor":15,"key":"REST"},{"floor":23,"key":"REST"},{"floor":25,"key":"REST"},{"data":"Limit Break","floor":27,"key":"SMITH"}],"circlet_count":0,"master_deck":["AscendersBane","Strike_R","Strike_R","Strike_R","Strike_R","Strike_R","Defend_R","Defend_R","Defend_R","Defend_R","Bash","Berserk","Pommel Strike","Thunderclap","Clothesline","Demon Form+1","Combust+1","Inflame","Disarm","Limit Break+1","Armaments","Cleave","Dropkick+1"],"relics":["Burning Blood","Mummified Hand","Art of War","Red Skull","Runic Cube","Red Mask","Nilry\u0027s Codex","Bottled Tornado"],"acts_visited":["Exordium","TheCity"],"potions_floor_usage":[18,20,29],"damage_taken":[{"damage":25,"enemies":"Cultist","floor":1,"turns":5},{"damage":9,"enemies":"2 Louse","floor":3,"turns":3},{"damage":0,"enemies":"Small Slimes","floor":4,"turns":3},{"damage":14,"enemies":"Red Slaver","floor":5,"turns":4},{"damage":27,"enemies":"Gremlin Nob","floor":6,"turns":4},{"damage":15,"enemies":"Blue Slaver","floor":8,"turns":4},{"damage":17,"enemies":"3 Louse","floor":11,"turns":3},{"damage":24,"enemies":"3 Sentries","floor":14,"turns":5},{"damage":36,"enemies":"Slime Boss","floor":16,"turns":5},{"damage":25,"enemies":"Spheric Guardian","floor":18,"turns":5},{"damage":14,"enemies":"Chosen","floor":20,"turns":4},{"damage":18,"enemies":"Masked Bandits","floor":21,"turns":3},{"damage":14,"enemies":"Centurion and Healer","floor":22,"turns":4},{"damage":24,"enemies":"Snake Plant","floor":29,"turns":4},{"damage":18,"enemies":"Snecko","floor":30,"turns":2}],"seed_played":"2099707988123828728","potions_obtained":[{"floor":4,"key":"SpeedPotion"},{"floor":5,"key":"GamblersBrew"},{"floor":11,"key":"Swift Potion"},{"floor":18,"key":"Block Potion"},{"floor":22,"key":"FearPotion"}],"is_trial":false,"path_per_floor":["M","$","M","M","M","E","R","M","T","R","M","?","R","E","R","B",null,"M","?","M","?","M","R","?","R","T","R","?","M","M"],"character_chosen":"IRONCLAD","items_purchased":[],"campfire_rested":5,"item_purchase_floors":[],"current_hp_per_floor":[49,49,46,52,44,23,45,36,36,36,25,25,47,29,51,21,62,43,36,28,16,8,30,9,31,31,31,31,13,0,0],"gold":423,"neow_bonus":"THREE_RARE_CARDS","is_daily":false,"chose_seed":false,"campfire_upgraded":2,"win_rate":0.0,"timestamp":1609548880,"path_taken":["M","$","M","M","?","E","R","M","T","R","M","?","R","E","R","BOSS","M","?","?","?","M","R","?","R","T","R","?","?","M"],"items_purchased_type":[],"build_version":"2020-12-22","purchased_purges":1,"victory":false,"max_hp_per_floor":[75,75,75,75,75,75,75,75,75,75,75,75,75,75,75,75,75,75,75,75,75,75,75,75,75,75,75,75,75,75,75],"relic_stats":{"counters":[15,58],"Mummified Hand":[33],"Art of War":[1],"obtain_stats":[{"Mummified Hand":6,"Nilry\u0027s Codex":24,"Art of War":9,"Red Mask":21,"Bottled Tornado":26,"Burning Blood":0,"Red Skull":14,"Runic Cube":17},{"Mummified Hand":5,"Nilry\u0027s Codex":13,"Art of War":6,"Red Mask":12,"Bottled Tornado":13,"Burning Blood":0,"Red Skull":8,"Runic Cube":9},{"Mummified Hand":19,"Nilry\u0027s Codex":52,"Art of War":23,"Red Mask":48,"Bottled Tornado":52,"Burning Blood":0,"Red Skull":31,"Runic Cube":36}],"Burning Blood":84,"Runic Cube":[19]},"card_choices":[{"not_picked":["Limit Break","Double Tap"],"picked":"Berserk","floor":0},{"not_picked":["Havoc","Sword Boomerang"],"picked":"Pommel Strike","floor":1},{"not_picked":["Dropkick","Sword Boomerang"],"picked":"Thunderclap","floor":3},{"not_picked":["Rupture","Carnage"],"picked":"Clothesline","floor":4},{"not_picked":["True Grit","Heavy Blade"],"picked":"Demon Form","floor":5},{"not_picked":["Pommel Strike","Intimidate"],"picked":"Combust","floor":6},{"not_picked":["Second Wind","Entrench"],"picked":"Inflame","floor":8},{"not_picked":["Dark Embrace","Sentinel"],"picked":"Disarm","floor":11},{"not_picked":["Sever Soul","Perfected Strike","Seeing Red"],"picked":"SKIP","floor":14},{"not_picked":["Demon Form","Bludgeon"],"picked":"Limit Break","floor":16},{"not_picked":["Iron Wave","Wild Strike","Dropkick"],"picked":"SKIP","floor":18},{"not_picked":["Second Wind","Combust"],"picked":"Armaments","floor":20},{"not_picked":["Perfected Strike","Thunderclap"],"picked":"Cleave","floor":21},{"not_picked":["Sentinel","Warcry","Clash"],"picked":"SKIP","floor":22},{"not_picked":["Iron Wave","Ghostly Armor"],"picked":"Dropkick+1","floor":29}],"player_experience":503985,"relics_obtained":[{"floor":6,"key":"Mummified Hand"},{"floor":9,"key":"Art of War"},{"floor":14,"key":"Red Skull"},{"floor":21,"key":"Red Mask"},{"floor":24,"key":"Nilry\u0027s Codex"},{"floor":26,"key":"Bottled Tornado"}],"event_choices":[{"damage_healed":0,"gold_gain":0,"player_choice":"Grow","damage_taken":0,"max_hp_gain":0,"max_hp_loss":0,"event_name":"Living Wall","floor":12,"gold_loss":0,"cards_upgraded":["Combust"]},{"damage_healed":0,"gold_gain":50,"player_choice":"Touch","damage_taken":7,"max_hp_gain":0,"max_hp_loss":0,"event_name":"FaceTrader","floor":19,"gold_loss":0},{"damage_healed":0,"gold_gain":0,"player_choice":"Fought Bandits","damage_taken":0,"max_hp_gain":0,"max_hp_loss":0,"event_name":"Masked Bandits","floor":21,"gold_loss":0},{"damage_healed":0,"gold_gain":0,"player_choice":"Obtained Book","damage_taken":21,"max_hp_gain":0,"max_hp_loss":0,"event_name":"Cursed Tome","floor":24,"gold_loss":0},{"damage_healed":0,"gold_gain":0,"player_choice":"Ignored","damage_taken":0,"max_hp_gain":0,"max_hp_loss":0,"event_name":"Vampires","floor":28,"gold_loss":0}],"is_beta":false,"boss_relics":[{"not_picked":["Coffee Dripper","Runic Dome"],"picked":"Runic Cube"}],"items_purged_floors":[2],"is_endless":false,"potions_floor_spawned":[4,5,11,18,22],"killed_by":"Snecko","ascension_level":16}}