{"host":"mitsb0f2d3kywzzp","time":1609610572,"event":{"mods":["AchievementEnabler","BaseMod","Colored Map","Colored Powertips","Downfall","Hermit","Highlight Path","Marisa????????","Minty Spire (QoL Compilation)","READ ME - Guardian Mod","Rare Cards Sparkle","Replay The Spire","StSLib","SuperFastMode","The Cursed","The Necromancer","The Servant 0.9.4"],"gold_per_floor":[119,4,14,29,43,43,53,53,53,73,73,34,53,67,67,167,167,182,61,73,93,93,93,93,93],"floor_reached":24,"playtime":2443,"items_purged":["TheCursedMod:Defend_TheCursed"],"score":202,"play_id":"ade26861-9ca9-46e9-82bf-72beb40d1821","local_time":"20210102130252","is_ascension_mode":false,"campfire_choices":[{"floor":8,"key":"REST"},{"floor":11,"key":"REST"},{"floor":15,"key":"REST"},{"data":"TheCursedMod:LuckyCharm","floor":23,"key":"SMITH"}],"circlet_count":0,"master_deck":["TheCursedMod:Strike_TheCursed","TheCursedMod:Strike_TheCursed","TheCursedMod:Strike_TheCursed","TheCursedMod:Strike_TheCursed","TheCursedMod:Defend_TheCursed","TheCursedMod:Defend_TheCursed","TheCursedMod:Defend_TheCursed","TheCursedMod:CursedWand","TheCursedMod:CleanUpWorkshop","TheCursedMod:Dregs","TheCursedMod:RapidMovement","TheCursedMod:CursedArmor","TheCursedMod:SpitefulPlan","TheCursedMod:ReleasedKnowledge","TheCursedMod:LuckyCharm","TheCursedMod:SurpriseAttack","TheCursedMod:SurpriseAttack","TheCursedMod:CircleOfCorruption","TheCursedMod:ManaBullet","TheCursedMod:LuckyCharm+1","TheCursedMod:AbyssShockwave","TheCursedMod:VoidForm","TheCursedMod:RapidMovement","TheCursedMod:WearCloak","TheCursedMod:TroublousMinions+1","TheCursedMod:CursedArmor"],"relics":["TheCursedMod:BlackMagicAdvanced","NeowsBlessing","Peace Pipe","Ring of Peace"],"acts_visited":["Exordium","TheCity"],"potions_floor_usage":[6,16,16],"damage_taken":[{"damage":0,"enemies":"Cultist","floor":1,"turns":1},{"damage":0,"enemies":"Jaw Worm","floor":3,"turns":1},{"damage":0,"enemies":"Small Slimes","floor":4,"turns":1},{"damage":7,"enemies":"Blue Slaver","floor":5,"turns":7},{"damage":50,"enemies":"Gremlin Nob","floor":6,"turns":8},{"damage":6,"enemies":"2 Fungi Beasts","floor":7,"turns":8},{"damage":1,"enemies":"Large Slime","floor":10,"turns":10},{"damage":9,"enemies":"Exordium Thugs","floor":13,"turns":6},{"damage":13,"enemies":"3 Louse","floor":14,"turns":4},{"damage":46,"enemies":"Fading Forest","floor":16,"turns":11},{"damage":5,"enemies":"Spheric Guardian","floor":18,"turns":6},{"damage":3,"enemies":"Shell Parasite","floor":20,"turns":7},{"damage":14,"enemies":"Snake Plant","floor":21,"turns":7},{"damage":54,"enemies":"Gremlin Leader","floor":24,"turns":9}],"seed_played":"2237541589858523621","potions_obtained":[{"floor":1,"key":"SmokeBomb"},{"floor":7,"key":"Doom Potion"},{"floor":14,"key":"Explosive Potion"},{"floor":16,"key":"SteroidPotion"},{"floor":21,"key":"Elixir"}],"is_trial":false,"path_per_floor":["M","$","M","M","M","E","M","R","T","M","R","$","M","M","R","B",null,"M","$","M","M","?","R","E"],"character_chosen":"THE_CURSED","items_purchased":["TheCursedMod:CursedArmor","TheCursedMod:SpitefulPlan","TheCursedMod:ManaBullet","TheCursedMod:WearCloak"],"campfire_rested":3,"item_purchase_floors":[2,2,12,19],"current_hp_per_floor":[75,75,75,75,68,18,12,34,34,33,55,55,46,33,55,25,75,70,70,67,53,53,53,0,0],"gold":93,"neow_bonus":"THREE_ENEMY_KILL","is_daily":false,"chose_seed":false,"campfire_upgraded":1,"win_rate":0.0,"timestamp":1609610572,"path_taken":["M","$","M","M","M","E","M","R","T","M","R","$","M","?","R","BOSS","M","$","M","M","?","R","E"],"items_purchased_type":["Card","Card","Card","Card"],"build_version":"2020-12-22","purchased_purges":1,"victory":false,"max_hp_per_floor":[75,75,75,75,75,75,75,75,75,75,75,75,75,75,75,75,75,75,75,75,75,75,75,75,75],"card_choices":[{"not_picked":["TheCursedMod:CircleOfWindfury","TheCursedMod:CursedShiv"],"picked":"TheCursedMod:RapidMovement","floor":1},{"not_picked":["TheCursedMod:FleshFromBone","TheCursedMod:Mangle"],"picked":"TheCursedMod:ReleasedKnowledge","floor":3},{"not_picked":["TheCursedMod:CursedAmulet","TheCursedMod:CircleOfFlame"],"picked":"TheCursedMod:LuckyCharm","floor":4},{"not_picked":["TheCursedMod:SpitefulPlan","TheCursedMod:SoulReap"],"picked":"TheCursedMod:SurpriseAttack","floor":5},{"not_picked":["TheCursedMod:SaltUponWound","TheCursedMod:FleshFromBone"],"picked":"TheCursedMod:SurpriseAttack","floor":7},{"not_picked":["TheCursedMod:SmokeScreen","TheCursedMod:SurpriseAttack"],"picked":"TheCursedMod:CircleOfCorruption","floor":10},{"not_picked":["TheCursedMod:Wield","TheCursedMod:SaltUponWound"],"picked":"TheCursedMod:LuckyCharm","floor":13},{"not_picked":["TheCursedMod:CircleOfCorruption","TheCursedMod:CursedAmulet"],"picked":"TheCursedMod:AbyssShockwave","floor":14},{"not_picked":["TheCursedMod:ParallelWorld","TheCursedMod:StunningStrike"],"picked":"TheCursedMod:VoidForm","floor":16},{"not_picked":["TheCursedMod:SaltUponWound+1","TheCursedMod:RavingStaff"],"picked":"TheCursedMod:RapidMovement","floor":18},{"not_picked":["TheCursedMod:FuryStrike","TheCursedMod:SaltUponWound"],"picked":"TheCursedMod:TroublousMinions+1","floor":20},{"not_picked":["TheCursedMod:CursedStaff","TheCursedMod:CursedMace"],"picked":"TheCursedMod:CursedArmor","floor":21}],"player_experience":318890,"relics_obtained":[{"floor":9,"key":"Peace Pipe"},{"floor":22,"key":"Ring of Peace"}],"event_choices":[],"is_beta":false,"boss_relics":[{"not_picked":["SacredBark","Ring of Chaos"],"picked":"TheCursedMod:BlackMagicAdvanced"}],"items_purged_floors":[19],"is_endless":false,"potions_floor_spawned":[1,6,7,14,16,21],"killed_by":"Gremlin Leader","ascension_level":0}}