{"host":"3pw9u83bdp0tylwm","time":1609557696,"event":{"mods":["AchievementEnabler","BaseMod","Colored Map","Filter the Spire","Minty Spire (QoL Compilation)","Relic Stats","Slay the Relics Exporter","StSLib"],"gold_per_floor":[113,124,124,138,138,171,171,185,185,110,137,137,149,174,174,248,248,248,148,73,73,73,73,73,73,73,73,73,73,73,73,73,73,73,73,73,73,73,73,73,73,73,73,73,73,73,73,73,73,73,73,73,73,73,73,73,73],"floor_reached":56,"playtime":2696,"items_purged":["Defend_B","Zap"],"score":2016,"play_id":"877ff055-049e-4923-b3ac-dee0e2ad276d","local_time":"20210101212136","is_ascension_mode":true,"campfire_choices":[{"data":"Meteor Strike","floor":7,"key":"SMITH"},{"data":"Undo","floor":12,"key":"SMITH"},{"data":"Rip and Tear","floor":15,"key":"SMITH"},{"data":"Hyperbeam","floor":23,"key":"SMITH"},{"data":"Scrape","floor":29,"key":"SMITH"},{"data":"Undo","floor":32,"key":"SMITH"},{"floor":41,"key":"REST"},{"floor":47,"key":"RECALL"},{"data":"Hologram","floor":49,"key":"SMITH"},{"data":"Undo","floor":53,"key":"SMITH"}],"circlet_count":0,"master_deck":["AscendersBane","Dualcast","Undo+1","Rip and Tear+1","Fusion","Meteor Strike+1","Undo+1","Recycle","Hyperbeam+1","Compile Driver","Scrape+1","Rebound","Undo+1","Hyperbeam","Hologram+1"],"relics":["Snecko Eye","Bottled Lightning","Darkstone Periapt","Mercury Hourglass","Bag of Marbles","Art of War","Ectoplasm","Pantograph","Eternal Feather","Juzu Bracelet","White Beast Statue","Pandora\u0027s Box","Sundial","Blood Vial","Regal Pillow","Oddly Smooth Stone"],"acts_visited":["Exordium","TheCity","TheBeyond","TheEnding"],"potions_floor_usage":[6,11,50,56],"damage_taken":[{"damage":24,"enemies":"Small Slimes","floor":1,"turns":6},{"damage":4,"enemies":"Jaw Worm","floor":2,"turns":4},{"damage":0,"enemies":"2 Louse","floor":4,"turns":5},{"damage":8,"enemies":"Lagavulin","floor":6,"turns":8},{"damage":0,"enemies":"Red Slaver","floor":8,"turns":2},{"damage":7,"enemies":"3 Sentries","floor":11,"turns":7},{"damage":0,"enemies":"Lots of Slimes","floor":13,"turns":3},{"damage":10,"enemies":"Lagavulin","floor":14,"turns":4},{"damage":8,"enemies":"Slime Boss","floor":16,"turns":7},{"damage":0,"enemies":"3 Byrds","floor":18,"turns":4},{"damage":7,"enemies":"Shell Parasite","floor":21,"turns":3},{"damage":0,"enemies":"Book of Stabbing","floor":24,"turns":3},{"damage":0,"enemies":"Cultist and Chosen","floor":25,"turns":2},{"damage":0,"enemies":"Chosen and Byrds","floor":27,"turns":3},{"damage":2,"enemies":"Gremlin Leader","floor":28,"turns":3},{"damage":0,"enemies":"3 Cultists","floor":30,"turns":1},{"damage":5,"enemies":"Slavers","floor":31,"turns":3},{"damage":3,"enemies":"Automaton","floor":33,"turns":7},{"damage":0,"enemies":"Orb Walker","floor":35,"turns":2},{"damage":4,"enemies":"3 Shapes","floor":38,"turns":5},{"damage":64,"enemies":"Nemesis","floor":40,"turns":6},{"damage":0,"enemies":"Writhing Mass","floor":42,"turns":2},{"damage":0,"enemies":"Reptomancer","floor":45,"turns":2},{"damage":0,"enemies":"Spire Growth","floor":48,"turns":3},{"damage":41,"enemies":"Time Eater","floor":50,"turns":7},{"damage":5,"enemies":"Donu and Deca","floor":51,"turns":6},{"damage":69,"enemies":"Shield and Spear","floor":55,"turns":5},{"damage":91,"enemies":"The Heart","floor":56,"turns":3}],"seed_played":"-2517250284477006783","potions_obtained":[{"floor":1,"key":"ColorlessPotion"},{"floor":2,"key":"FairyPotion"},{"floor":6,"key":"LiquidBronze"},{"floor":14,"key":"SmokeBomb"},{"floor":27,"key":"Explosive Potion"},{"floor":33,"key":"Ancient Potion"},{"floor":42,"key":"DuplicationPotion"},{"floor":55,"key":"LiquidMemories"}],"is_trial":false,"path_per_floor":["M","M","?","M","T","E","R","M","T","$","E","R","M","E","R","B",null,"M","$","?","M","?","R","E","M","T","M","E","R","M","E","R","B",null,"M","$","T","M","?","E","R","M","T","?","E","?","R","M","R","B","B",null,"R","$","E","B"],"character_chosen":"DEFECT","items_purchased":[],"campfire_rested":1,"item_purchase_floors":[],"current_hp_per_floor":[40,36,41,41,41,33,33,33,33,33,26,26,26,16,16,8,59,59,59,59,52,52,52,52,52,52,52,50,62,62,57,69,73,75,75,75,75,71,71,7,34,34,34,34,36,26,32,34,43,29,51,67,72,72,3,0,0],"gold":73,"neow_bonus":"BOSS_RELIC","is_daily":false,"chose_seed":false,"campfire_upgraded":8,"win_rate":0.0,"timestamp":1609557696,"path_taken":["M","M","?","M","?","E","R","M","T","?","E","R","?","E","R","BOSS","M","$","?","M","?","R","E","M","T","?","E","R","M","E","R","BOSS","M","?","?","M","?","E","R","M","T","?","E","?","R","M","R","BOSS","BOSS","R","$","E","BOSS"],"items_purchased_type":[],"build_version":"2020-12-22","purchased_purges":2,"victory":false,"max_hp_per_floor":[71,71,76,76,76,76,76,76,76,76,76,76,76,76,76,76,76,76,76,76,76,76,76,76,76,76,76,76,76,76,76,76,76,76,76,76,76,76,72,72,72,72,72,72,72,72,72,72,72,72,72,72,72,72,72,72,72],"card_choices":[{"not_picked":["Compile Driver","Coolheaded"],"picked":"Undo","floor":1},{"not_picked":["Beam Cell","Steam Power"],"picked":"Rip and Tear","floor":2},{"not_picked":["Redo","Conserve Battery"],"picked":"Fusion","floor":4},{"not_picked":["Conserve Battery","Go for the Eyes"],"picked":"Meteor Strike","floor":6},{"not_picked":["Compile Driver","Conserve Battery"],"picked":"Undo","floor":8},{"not_picked":["Conserve Battery","Ball Lightning"],"picked":"Recycle","floor":11},{"not_picked":["Barrage","Hello World"],"picked":"Cold Snap","floor":13},{"not_picked":["Stack","Static Discharge","Ball Lightning"],"picked":"SKIP","floor":14},{"not_picked":["Reboot","Amplify"],"picked":"Hyperbeam","floor":16},{"not_picked":["Steam","Recycle+1"],"picked":"Compile Driver","floor":18},{"not_picked":["Stack","Tempest","Beam Cell+1"],"picked":"SKIP","floor":21},{"not_picked":["Barrage","Reboot"],"picked":"Scrape","floor":24},{"not_picked":["Sweeping Beam","Coolheaded"],"picked":"Rebound","floor":25},{"not_picked":["Loop","Steam+1","Barrage"],"picked":"SKIP","floor":27},{"not_picked":["Loop","Steam+1","Barrage"],"picked":"SKIP","floor":27},{"not_picked":["Tempest","Gash+1"],"picked":"Undo","floor":28},{"not_picked":["Gash","Redo","Lockon"],"picked":"SKIP","floor":30},{"not_picked":["Reboot","Go for the Eyes","Darkness+1"],"picked":"SKIP","floor":31},{"not_picked":["Machine Learning","Reboot"],"picked":"Hyperbeam","floor":33},{"not_picked":["Leap+1","Fusion","Defragment"],"picked":"SKIP","floor":35},{"not_picked":["Leap+1","Fusion","Defragment"],"picked":"SKIP","floor":35},{"not_picked":["Redo","Coolheaded","Blizzard"],"picked":"SKIP","floor":38},{"not_picked":["Lockon","Barrage","Leap"],"picked":"SKIP","floor":40},{"not_picked":["Turbo","Lockon","Redo"],"picked":"SKIP","floor":42},{"not_picked":["Compile Driver","Aggregate","Coolheaded"],"picked":"SKIP","floor":45},{"not_picked":["Coolheaded","Scrape+1"],"picked":"Hologram","floor":48},{"not_picked":["Darkness","Fusion+1","Beam Cell"],"picked":"SKIP","floor":55}],"player_experience":702071,"relics_obtained":[{"floor":5,"key":"Bottled Lightning"},{"floor":6,"key":"Darkstone Periapt"},{"floor":9,"key":"Mercury Hourglass"},{"floor":11,"key":"Bag of Marbles"},{"floor":14,"key":"Art of War"},{"floor":24,"key":"Pantograph"},{"floor":26,"key":"Eternal Feather"},{"floor":28,"key":"Juzu Bracelet"},{"floor":31,"key":"White Beast Statue"},{"floor":40,"key":"Sundial"},{"floor":43,"key":"Blood Vial"},{"floor":45,"key":"Regal Pillow"},{"floor":55,"key":"Oddly Smooth Stone"}],"event_choices":[{"damage_healed":0,"gold_gain":0,"player_choice":"Donut","damage_taken":0,"max_hp_gain":5,"max_hp_loss":0,"event_name":"Big Fish","floor":3,"gold_loss":0},{"cards_removed":["Cold Snap"],"damage_healed":0,"gold_gain":0,"player_choice":"Gave Gold","damage_taken":0,"max_hp_gain":0,"max_hp_loss":0,"event_name":"Beggar","floor":20,"gold_loss":75},{"damage_healed":0,"gold_gain":0,"player_choice":"Ignored","damage_taken":0,"max_hp_gain":0,"max_hp_loss":0,"event_name":"N\u0027loth","floor":22,"gold_loss":0},{"damage_healed":0,"gold_gain":0,"player_choice":"Max HP","damage_taken":0,"max_hp_gain":0,"max_hp_loss":4,"event_name":"Winding Halls","floor":39,"gold_loss":0},{"damage_healed":0,"gold_gain":0,"player_choice":"Ignored","damage_taken":0,"max_hp_gain":0,"max_hp_loss":0,"event_name":"The Moai Head","floor":44,"gold_loss":0},{"damage_healed":0,"gold_gain":0,"player_choice":"Memory 3","damage_taken":10,"max_hp_gain":0,"max_hp_loss":0,"event_name":"SensoryStone","floor":46,"gold_loss":0}],"is_beta":false,"boss_relics":[{"not_picked":["Calling Bell","Fusion Hammer"],"picked":"Ectoplasm"},{"not_picked":["Inserter","Nuclear Battery"],"picked":"Pandora\u0027s Box"}],"items_purged_floors":[10,19],"is_endless":false,"potions_floor_spawned":[1,2,6,8,14,21,27,28,33,35,38,40,42,45,48,55],"killed_by":"The Heart","ascension_level":20}}