{"host":"nqsrckqog5ia9mbo","time":1609615072,"event":{"mods":["AchievementEnabler","BaseMod","Colored Map","Highlight Path","Minty Spire (QoL Compilation)"],"gold_per_floor":[114,129,144,144,159,159,159,189,189,204,234,9,24,39,39,39,39],"floor_reached":16,"playtime":937,"items_purged":["Havoc"],"score":189,"play_id":"7f305564-6558-48ad-80f9-78f93b635877","local_time":"20210102201752","daily_mods":["Insanity","Time Dilation","Binary"],"is_ascension_mode":false,"campfire_choices":[{"data":"Demon Form","floor":6,"key":"SMITH"},{"floor":15,"key":"REST"}],"circlet_count":0,"master_deck":["Uppercut","Shrug It Off","Anger","Perfected Strike","Headbutt","Flame Barrier","Armaments","Sentinel","Heavy Blade","Havoc","Rage","Dropkick","Cleave","Havoc","Dark Embrace","Twin Strike+1","Battle Trance","Bloodletting","Twin Strike","Cleave","Inflame","True Grit","Burning Pact","Searing Blow","Spot Weakness","Bloodletting+1","Twin Strike","Twin Strike","Heavy Blade","True Grit","Warcry","True Grit","Cleave","Searing Blow","Shrug It Off","Body Slam","Thunderclap","Wild Strike","Flex","Dual Wield","Wild Strike","Sentinel","Clothesline","Perfected Strike","Anger","Flex","Rampage","Warcry","Clash","Demon Form+1","Inflame"],"relics":["Burning Blood","Kunai","Bag of Preparation","Pear","Happy Flower","Tiny Chest"],"acts_visited":["Exordium"],"potions_floor_usage":[16,16],"damage_taken":[{"damage":1,"enemies":"Cultist","floor":1,"turns":3},{"damage":6,"enemies":"Jaw Worm","floor":2,"turns":2},{"damage":0,"enemies":"2 Louse","floor":3,"turns":2},{"damage":3,"enemies":"Blue Slaver","floor":5,"turns":2},{"damage":13,"enemies":"Gremlin Nob","floor":8,"turns":3},{"damage":0,"enemies":"2 Fungi Beasts","floor":10,"turns":2},{"damage":40,"enemies":"Lagavulin","floor":11,"turns":10},{"damage":26,"enemies":"Lots of Slimes","floor":13,"turns":4},{"damage":10,"enemies":"Looter","floor":14,"turns":2},{"damage":47,"enemies":"Hexaghost","floor":16,"turns":9}],"seed_played":"-4486375853315586652","potions_obtained":[{"floor":1,"key":"SmokeBomb"},{"floor":2,"key":"Weak Potion"},{"floor":5,"key":"Fire Potion"},{"floor":11,"key":"FearPotion"}],"is_trial":false,"path_per_floor":["M","M","M","?","M","R","T","E","T","M","E","$","M","M","R","B"],"character_chosen":"IRONCLAD","items_purchased":["Tiny Chest"],"campfire_rested":1,"item_purchase_floors":[12],"current_hp_per_floor":[80,80,80,64,67,67,67,60,70,76,42,42,22,18,45,0,0],"gold":39,"neow_bonus":"","is_daily":true,"chose_seed":false,"campfire_upgraded":1,"win_rate":0.0,"timestamp":1609615072,"path_taken":["M","?","M","?","M","R","?","E","T","M","E","$","M","M","R","BOSS"],"items_purchased_type":["Relic"],"build_version":"2020-12-22","purchased_purges":1,"victory":false,"max_hp_per_floor":[80,80,80,80,80,80,80,80,90,90,90,90,90,90,90,90,90],"card_choices":[{"not_picked":["Perfected Strike","Warcry"],"picked":"SKIP","floor":1},{"not_picked":["Twin Strike","Sentinel"],"picked":"SKIP","floor":2},{"not_picked":["Cleave","Headbutt"],"picked":"SKIP","floor":3},{"not_picked":["Clothesline"],"picked":"Demon Form","floor":5},{"not_picked":["Flame Barrier","Heavy Blade"],"picked":"SKIP","floor":8},{"not_picked":["Perfected Strike"],"picked":"Inflame","floor":10},{"not_picked":["Armaments","Shockwave"],"picked":"SKIP","floor":11},{"not_picked":["Thunderclap","Armaments"],"picked":"SKIP","floor":13},{"not_picked":["True Grit","Cleave"],"picked":"SKIP","floor":14}],"player_experience":89235,"relics_obtained":[{"floor":7,"key":"Kunai"},{"floor":8,"key":"Bag of Preparation"},{"floor":9,"key":"Pear"},{"floor":11,"key":"Happy Flower"}],"event_choices":[{"damage_healed":0,"gold_gain":0,"player_choice":"Entered Light","damage_taken":16,"max_hp_gain":0,"max_hp_loss":0,"event_name":"Shining Light","floor":4,"gold_loss":0,"cards_upgraded":["Twin Strike","Bloodletting"]}],"is_beta":false,"boss_relics":[],"items_purged_floors":[12],"is_endless":false,"potions_floor_spawned":[1,2,5,11],"killed_by":"Hexaghost","ascension_level":0}}