{"host":"2se5dq1do2gp0x9k","time":1609619119,"event":{"mods":["AchievementEnabler","BaseMod","Block Reminder","Colored Map","Colored Powertips","Minty Spire (QoL Compilation)","Relic Stats","StSLib","SuperFastMode"],"gold_per_floor":[112,287,303,320,139,139,139,158,158,193,209,209,209,209],"floor_reached":13,"playtime":449,"items_purged":["Doubt"],"score":98,"play_id":"598e3554-bda9-4cda-9dee-6c5eb4421db2","local_time":"20210102122519","is_ascension_mode":true,"campfire_choices":[{"data":"Eruption","floor":6,"key":"SMITH"},{"data":"Adaptation","floor":12,"key":"SMITH"}],"circlet_count":0,"master_deck":["Strike_P","Strike_P","Strike_P","Strike_P","Defend_P","Defend_P","Defend_P","Defend_P","Eruption+1","Vigilance","WheelKick","Adaptation+1","Halt","Halt","CarveReality","DevaForm","MentalFortress+1"],"relics":["PureWater","NeowsBlessing","Golden Idol","Yang","Frozen Egg 2"],"acts_visited":["Exordium"],"potions_floor_usage":[13],"damage_taken":[{"damage":0,"enemies":"Jaw Worm","floor":1,"turns":1},{"damage":0,"enemies":"Small Slimes","floor":3,"turns":1},{"damage":0,"enemies":"2 Louse","floor":4,"turns":1},{"damage":20,"enemies":"Exordium Wildlife","floor":8,"turns":6},{"damage":15,"enemies":"Gremlin Nob","floor":10,"turns":3},{"damage":2,"enemies":"Red Slaver","floor":11,"turns":3},{"damage":30,"enemies":"3 Sentries","floor":13,"turns":7}],"seed_played":"3420959799887170709","potions_obtained":[{"floor":4,"key":"Energy Potion"},{"floor":10,"key":"StancePotion"}],"is_trial":false,"path_per_floor":["M","?","M","M","$","R","?","M","T","E","M","R","E"],"character_chosen":"WATCHER","items_purchased":["Halt","CarveReality"],"campfire_rested":0,"item_purchase_floors":[5,5],"current_hp_per_floor":[72,72,72,72,72,72,67,47,47,32,30,30,0,0],"gold":209,"neow_bonus":"THREE_ENEMY_KILL","is_daily":false,"chose_seed":false,"campfire_upgraded":2,"win_rate":0.0,"timestamp":1609619119,"path_taken":["M","?","M","M","$","R","?","M","T","E","M","R","E"],"items_purchased_type":["Card","Card"],"build_version":"2020-12-22","purchased_purges":1,"victory":false,"max_hp_per_floor":[72,72,72,72,72,72,67,67,67,67,67,67,67,67],"relic_stats":{"counters":[7,22],"Golden Idol":14,"Yang":[21],"obtain_stats":[{"NeowsBlessing":0,"Golden Idol":7,"Yang":9,"PureWater":0,"Frozen Egg 2":10},{"NeowsBlessing":0,"Golden Idol":3,"Yang":4,"PureWater":0,"Frozen Egg 2":5},{"NeowsBlessing":0,"Golden Idol":3,"Yang":9,"PureWater":0,"Frozen Egg 2":12}]},"card_choices":[{"not_picked":["SashWhip","Evaluate"],"picked":"WheelKick","floor":1},{"not_picked":["Indignation","Crescendo"],"picked":"Adaptation","floor":3},{"not_picked":["SignatureMove","Protect"],"picked":"Halt","floor":4},{"not_picked":["Weave","MentalFortress"],"picked":"DevaForm","floor":8},{"not_picked":["Consecrate","PathToVictory"],"picked":"MentalFortress+1","floor":10},{"not_picked":["Evaluate","Nirvana+1","JustLucky"],"picked":"SKIP","floor":11}],"player_experience":3712020,"relics_obtained":[{"floor":9,"key":"Yang"},{"floor":10,"key":"Frozen Egg 2"}],"event_choices":[{"damage_healed":0,"gold_gain":175,"player_choice":"AGREE","damage_taken":0,"max_hp_gain":0,"max_hp_loss":0,"event_name":"Liars Game","floor":2,"gold_loss":0,"cards_obtained":["Doubt"]},{"damage_healed":0,"gold_gain":0,"player_choice":"Lose Max HP","damage_taken":0,"relics_obtained":["Golden Idol"],"max_hp_gain":0,"max_hp_loss":5,"event_name":"Golden Idol","floor":7,"gold_loss":0}],"is_beta":false,"boss_relics":[],"items_purged_floors":[5],"is_endless":false,"potions_floor_spawned":[4,10],"killed_by":"3 Sentries","ascension_level":3}}