{"host":"nfysljuq0d6kj06l","time":1609583720,"event":{"mods":["AchievementEnabler","BaseMod","Colored Map","Colored Powertips","DeckTracker","Minty Spire (QoL Compilation)","Relic Sorter"],"gold_per_floor":[115,115,290,305,305,331,342,354,429,442,476,576,602,19,19,123,123,140,156,174,174,192,192,227,5,78,78,78,78,78,97,97,197,197,217,217,227,227,277,305,305,336,412,412,442,442,452,484,484,484,484,484,95,127,127],"floor_reached":56,"playtime":6444,"items_purged":["Regret","Doubt"],"score":1786,"play_id":"42a49d19-b19d-4584-83ab-6b85fae06e4c","local_time":"20210102113520","is_ascension_mode":true,"campfire_choices":[{"floor":15.0,"key":"DIG"},{"floor":23.0,"key":"DIG"},{"floor":27.0,"key":"DIG"},{"floor":29.0,"key":"DIG"},{"floor":32.0,"key":"DIG"},{"floor":41.0,"key":"DIG"},{"floor":44.0,"key":"DIG"},{"floor":46.0,"key":"DIG"},{"floor":49.0,"key":"RECALL"},{"data":"Double Tap","floor":52.0,"key":"SMITH"}],"circlet_count":0,"master_deck":["Strike_R","Strike_R","Strike_R","Strike_R","Strike_R","Defend_R","Bash+1","Pommel Strike","Inflame","Cleave","Metallicize","Pommel Strike","Cleave+1","Headbutt","Metallicize","Double Tap+1","Feed","Armaments+1","Spot Weakness+1","Twin Strike","Ghostly","Ghostly","Ghostly","Ghostly","Ghostly","Pummel+1","Brutality+1","Sentinel+1","Fiend Fire+1","Bludgeon+1","Mayhem+1","Fire Breathing+1"],"relics":["Burning Blood","NeowsBlessing","Shovel","Regal Pillow","InkBottle","Prayer Wheel","Orichalcum","Vajra","Matryoshka","Oddly Smooth Stone","Busted Crown","White Beast Statue","Gambling Chip","HandDrill","Frozen Egg 2","Happy Flower","Pear","MutagenicStrength","Whetstone","Astrolabe","Peace Pipe","Turnip","Lantern","Bottled Flame","Bag of Preparation","Bottled Lightning","Smiling Mask","Anchor","MealTicket","Ginger","Membership Card","Boot","Art of War","Charon\u0027s Ashes"],"acts_visited":["Exordium","TheCity","TheBeyond","TheEnding"],"potions_floor_usage":[55,55,55],"damage_taken":[{"damage":0.0,"enemies":"Small Slimes","floor":1.0,"turns":1.0},{"damage":0.0,"enemies":"2 Louse","floor":4.0,"turns":1.0},{"damage":0.0,"enemies":"Gremlin Nob","floor":6.0,"turns":1.0},{"damage":10.0,"enemies":"Jaw Worm","floor":7.0,"turns":3.0},{"damage":3.0,"enemies":"Large Slime","floor":8.0,"turns":4.0},{"damage":10.0,"enemies":"Gremlin Gang","floor":10.0,"turns":3.0},{"damage":37.0,"enemies":"3 Sentries","floor":11.0,"turns":6.0},{"damage":10.0,"enemies":"Lagavulin","floor":13.0,"turns":5.0},{"damage":23.0,"enemies":"Hexaghost","floor":16.0,"turns":8.0},{"damage":12.0,"enemies":"Spheric Guardian","floor":18.0,"turns":4.0},{"damage":5.0,"enemies":"Shell Parasite","floor":19.0,"turns":4.0},{"damage":18.0,"enemies":"Snake Plant","floor":20.0,"turns":3.0},{"damage":21.0,"enemies":"Cultist and Chosen","floor":22.0,"turns":8.0},{"damage":12.0,"enemies":"Slavers","floor":24.0,"turns":9.0},{"damage":0.0,"enemies":"Centurion and Healer","floor":31.0,"turns":5.0},{"damage":26.0,"enemies":"Collector","floor":33.0,"turns":10.0},{"damage":2.0,"enemies":"3 Shapes","floor":35.0,"turns":5.0},{"damage":0.0,"enemies":"Orb Walker","floor":37.0,"turns":2.0},{"damage":4.0,"enemies":"Mind Bloom Boss Battle","floor":39.0,"turns":5.0},{"damage":20.0,"enemies":"Giant Head","floor":40.0,"turns":7.0},{"damage":20.0,"enemies":"Reptomancer","floor":42.0,"turns":5.0},{"damage":4.0,"enemies":"Nemesis","floor":45.0,"turns":5.0},{"damage":0.0,"enemies":"3 Darklings","floor":47.0,"turns":4.0},{"damage":10.0,"enemies":"Giant Head","floor":48.0,"turns":7.0},{"damage":75.0,"enemies":"Awakened One","floor":50.0,"turns":10.0},{"damage":5.0,"enemies":"Shield and Spear","floor":54.0,"turns":4.0},{"damage":65,"enemies":"The Heart","floor":55,"turns":8}],"seed_played":"8180848397769977442","potions_obtained":[{"floor":1.0,"key":"AttackPotion"},{"floor":8.0,"key":"EntropicBrew"},{"floor":11.0,"key":"Block Potion"},{"floor":13.0,"key":"Explosive Potion"},{"floor":18.0,"key":"LiquidMemories"},{"floor":22.0,"key":"Ancient Potion"},{"floor":24.0,"key":"SteroidPotion"},{"floor":31.0,"key":"Energy Potion"},{"floor":33.0,"key":"AttackPotion"},{"floor":39.0,"key":"Weak Potion"},{"floor":40.0,"key":"FairyPotion"},{"floor":42.0,"key":"GamblersBrew"},{"floor":45.0,"key":"Energy Potion"},{"floor":47.0,"key":"SpeedPotion"},{"floor":48.0,"key":"Energy Potion"},{"floor":54.0,"key":"ElixirPotion"}],"is_trial":false,"path_per_floor":["M","?","?","M","?","E","M","M","T","M","E","?","E","$","R","B",null,"M","M","M","?","M","R","E","$","T","R","$","R","?","M","R","B",null,"M","?","M","?","?","E","R","E","T","R","E","R","M","E","R","B",null,"R","$","E","B",null],"character_chosen":"IRONCLAD","items_purchased":["Vajra","Matryoshka","Metallicize","Double Tap","HandDrill","Membership Card","Fire Breathing+1","AttackPotion","Boot","Art of War"],"campfire_rested":0,"item_purchase_floors":[14,14,14,14,25,53,53,53,53,53],"current_hp_per_floor":[78,78,78,80,80,80,76,79,79,75,44,44,40,40,40,23,66,63,64,55,43,31,31,28,28,28,28,28,38,38,47,47,27,53,60,60,62,52,54,40,40,30,30,30,32,32,42,42,42,10,60,60,75,80,21],"gold":127,"neow_bonus":"THREE_ENEMY_KILL","is_daily":false,"chose_seed":false,"campfire_upgraded":1,"win_rate":0.0,"timestamp":1609583720,"path_taken":["M","?","?","M","?","E","?","M","T","M","E","?","E","$","R","BOSS","M","?","M","?","M","R","E","$","T","R","$","R","?","M","R","BOSS","M","?","M","?","?","E","R","E","T","R","E","R","M","E","R","BOSS","R","$","E","BOSS"],"items_purchased_type":["Relic","Relic","Card","Card","Relic","Relic","Card","Potion","Relic","Relic"],"build_version":"2020-12-22","purchased_purges":2,"victory":true,"max_hp_per_floor":[80,80,80,80,80,80,80,80,80,80,80,80,80,80,80,80,80,83,83,86,43,46,46,49,49,49,49,49,59,59,62,62,62,62,65,62,62,62,62,62,62,66,66,66,66,66,70,74,74,77,77,77,77,81,81],"card_choices":[{"not_picked":["Sentinel","Iron Wave"],"picked":"Pommel Strike","floor":1.0},{"not_picked":["Entrench","Heavy Blade","Whirlwind"],"picked":"SKIP","floor":4.0},{"not_picked":["Clothesline","Demon Form"],"picked":"Inflame","floor":6.0},{"not_picked":["Disarm","Havoc"],"picked":"Cleave","floor":7.0},{"not_picked":["Anger","Heavy Blade"],"picked":"Metallicize","floor":8.0},{"not_picked":["Warcry","Exhume"],"picked":"Pommel Strike","floor":10.0},{"not_picked":["Reckless Charge","Heavy Blade"],"picked":"Cleave","floor":11.0},{"not_picked":["Searing Blow","Intimidate"],"picked":"Headbutt","floor":13.0},{"not_picked":["Exhume","Bludgeon"],"picked":"Feed","floor":16.0},{"not_picked":[],"picked":"Armaments+1","floor":18.0},{"not_picked":["Clash"],"picked":"SKIP","floor":18.0},{"not_picked":[],"picked":"Spot Weakness+1","floor":19.0},{"not_picked":[],"picked":"Twin Strike","floor":19.0},{"not_picked":["Sword Boomerang"],"picked":"SKIP","floor":20.0},{"not_picked":["Burning Pact"],"picked":"SKIP","floor":20.0},{"not_picked":["Cleave"],"picked":"SKIP","floor":22.0},{"not_picked":["Blood for Blood"],"picked":"SKIP","floor":22.0},{"not_picked":["Twin Strike"],"picked":"SKIP","floor":24.0},{"not_picked":[],"picked":"Pummel","floor":31.0},{"not_picked":["Shrug It Off+1"],"picked":"SKIP","floor":31.0},{"not_picked":[],"picked":"Brutality+1","floor":33.0},{"not_picked":["Rampage"],"picked":"SKIP","floor":35.0},{"not_picked":["Seeing Red"],"picked":"SKIP","floor":35.0},{"not_picked":["Flame Barrier"],"picked":"SKIP","floor":37.0},{"not_picked":["Rupture+1"],"picked":"SKIP","floor":37.0},{"not_picked":[],"picked":"Mayhem+1","floor":38.0},{"not_picked":["Searing Blow+1"],"picked":"SKIP","floor":40.0},{"not_picked":["Perfected Strike"],"picked":"SKIP","floor":42.0},{"not_picked":["Dual Wield+1"],"picked":"SKIP","floor":45.0},{"not_picked":["Iron Wave+1"],"picked":"SKIP","floor":47.0},{"not_picked":["Havoc"],"picked":"SKIP","floor":47.0},{"not_picked":["Rampage+1"],"picked":"SKIP","floor":48.0},{"not_picked":["Body Slam"],"picked":"SKIP","floor":54.0}],"player_experience":389144,"relics_obtained":[{"floor":6.0,"key":"Regal Pillow"},{"floor":9.0,"key":"InkBottle"},{"floor":11.0,"key":"Prayer Wheel"},{"floor":13.0,"key":"Orichalcum"},{"floor":15.0,"key":"Oddly Smooth Stone"},{"floor":23.0,"key":"White Beast Statue"},{"floor":24.0,"key":"Gambling Chip"},{"floor":26.0,"key":"Frozen Egg 2"},{"floor":27.0,"key":"Happy Flower"},{"floor":29.0,"key":"Pear"},{"floor":32.0,"key":"Whetstone"},{"floor":39.0,"key":"Peace Pipe"},{"floor":40.0,"key":"Turnip"},{"floor":41.0,"key":"Lantern"},{"floor":42.0,"key":"Bottled Flame"},{"floor":43.0,"key":"Bag of Preparation"},{"floor":43.0,"key":"Bottled Lightning"},{"floor":44.0,"key":"Smiling Mask"},{"floor":45.0,"key":"Anchor"},{"floor":46.0,"key":"MealTicket"},{"floor":48.0,"key":"Ginger"},{"floor":54.0,"key":"Charon\u0027s Ashes"}],"event_choices":[{"damage_healed":0.0,"max_hp_gain":0.0,"max_hp_loss":0.0,"gold_gain":0.0,"event_name":"Big Fish","player_choice":"Box","floor":2.0,"gold_loss":0.0,"damage_taken":0.0,"relics_obtained":["Shovel"],"cards_obtained":["Regret"]},{"damage_healed":0.0,"max_hp_gain":0.0,"max_hp_loss":0.0,"gold_gain":175.0,"event_name":"Liars Game","player_choice":"AGREE","floor":3.0,"gold_loss":0.0,"damage_taken":0.0,"cards_obtained":["Doubt"]},{"damage_healed":0.0,"max_hp_gain":0.0,"max_hp_loss":0.0,"gold_gain":0.0,"event_name":"Living Wall","player_choice":"Grow","floor":5.0,"gold_loss":0.0,"damage_taken":0.0,"cards_upgraded":["Bash"]},{"damage_healed":0.0,"max_hp_gain":0.0,"max_hp_loss":0.0,"gold_gain":100.0,"event_name":"Golden Shrine","player_choice":"Pray","floor":12.0,"gold_loss":0.0,"damage_taken":0.0},{"damage_healed":0.0,"max_hp_gain":0.0,"max_hp_loss":43.0,"gold_gain":0.0,"event_name":"Ghosts","player_choice":"Became a Ghost","floor":21.0,"gold_loss":0.0,"damage_taken":0.0,"cards_obtained":["Ghostly","Ghostly","Ghostly","Ghostly","Ghostly"]},{"damage_healed":0.0,"max_hp_gain":0.0,"max_hp_loss":0.0,"gold_gain":0.0,"event_name":"Drug Dealer","player_choice":"Inject Mutagens","floor":30.0,"gold_loss":0.0,"damage_taken":0.0,"relics_obtained":["MutagenicStrength"]},{"damage_healed":0.0,"max_hp_gain":0.0,"max_hp_loss":3.0,"gold_gain":0.0,"event_name":"Winding Halls","player_choice":"Max HP","floor":36.0,"gold_loss":0.0,"damage_taken":0.0},{"damage_healed":0.0,"max_hp_gain":0.0,"max_hp_loss":0.0,"gold_gain":0.0,"event_name":"SensoryStone","player_choice":"Memory 3","floor":38.0,"gold_loss":0.0,"damage_taken":10.0},{"damage_healed":0.0,"max_hp_gain":0.0,"max_hp_loss":0.0,"gold_gain":0.0,"event_name":"MindBloom","player_choice":"Fight","floor":39.0,"gold_loss":0.0,"damage_taken":0.0}],"is_beta":false,"boss_relics":[{"not_picked":["Runic Dome","Mark of Pain"],"picked":"Busted Crown"},{"not_picked":["Runic Pyramid","Snecko Eye"],"picked":"Astrolabe"}],"items_purged_floors":[25,53],"is_endless":false,"potions_floor_spawned":[1,8,11,13,18,22,24,31,33,35,37,39,40,42,45,47,48,54],"ascension_level":8}}