{"host":"1ltt377nc7aury4n","time":1609628000,"event":{"mods":["AchievementEnabler","BaseMod","Best Route Mod","Colored Powertips","Minty Spire (QoL Compilation)","StSLib"],"gold_per_floor":[219,0,0,15,15,40,60,93,141,141,106,134,150,161,161,264,264,277,289,388,388,405,405,405],"floor_reached":23,"playtime":1467,"items_purged":["Defend_P"],"score":260,"play_id":"4691f1bc-b90c-4e10-b666-742ef87a1eb4","local_time":"20210102175320","is_ascension_mode":true,"campfire_choices":[{"floor":15.0,"key":"REST"}],"circlet_count":0,"master_deck":["Strike_P+1","Strike_P","Strike_P+1","Defend_P","Defend_P","Defend_P","Eruption+1","Vigilance+1","LikeWater","CarveReality","ConjureBlade","CutThroughFate","WindmillStrike+1","Consecrate","SashWhip","ClearTheMind","DeusExMachina","Meditate","CutThroughFate"],"relics":["PureWater","Whetstone","Pantograph","Happy Flower","Pen Nib","Calipers","Philosopher\u0027s Stone"],"acts_visited":["Exordium","TheCity"],"potions_floor_usage":[23,23],"damage_taken":[{"damage":0.0,"enemies":"Small Slimes","floor":1.0,"turns":2.0},{"damage":2.0,"enemies":"2 Louse","floor":4.0,"turns":2.0},{"damage":14.0,"enemies":"3 Sentries","floor":6.0,"turns":8.0},{"damage":2.0,"enemies":"Jaw Worm","floor":7.0,"turns":2.0},{"damage":3.0,"enemies":"Lagavulin","floor":8.0,"turns":3.0},{"damage":0.0,"enemies":"Gremlin Nob","floor":12.0,"turns":2.0},{"damage":15.0,"enemies":"3 Louse","floor":13.0,"turns":3.0},{"damage":10.0,"enemies":"Lots of Slimes","floor":14.0,"turns":3.0},{"damage":30.0,"enemies":"The Guardian","floor":16.0,"turns":7.0},{"damage":43.0,"enemies":"2 Thieves","floor":18.0,"turns":3.0},{"damage":5.0,"enemies":"Shell Parasite","floor":19.0,"turns":4.0},{"damage":15.0,"enemies":"Cultist and Chosen","floor":22.0,"turns":5.0},{"damage":14,"enemies":"Slavers","floor":23,"turns":1}],"seed_played":"-326743734878892755","potions_obtained":[{"floor":4.0,"key":"Ambrosia"},{"floor":8.0,"key":"Strength Potion"},{"floor":14.0,"key":"SneckoOil"},{"floor":16.0,"key":"Explosive Potion"},{"floor":19.0,"key":"Dexterity Potion"},{"floor":22.0,"key":"DistilledChaos"}],"is_trial":false,"path_per_floor":["M","$","?","M","?","E","M","E","T","?","?","E","M","M","R","B",null,"M","M","?","?","M","E"],"character_chosen":"WATCHER","items_purchased":["Whetstone"],"campfire_rested":1,"item_purchase_floors":[2],"current_hp_per_floor":[72,72,58,56,49,35,33,30,30,30,48,48,33,23,44,39,72,29,24,24,24,9,0,0],"gold":405,"neow_bonus":"HUNDRED_GOLD","is_daily":false,"chose_seed":false,"campfire_upgraded":0,"win_rate":0.0,"timestamp":1609628000,"path_taken":["M","$","?","M","?","E","M","E","T","?","?","E","M","M","R","BOSS","M","M","?","?","?","E"],"items_purchased_type":["Relic"],"build_version":"2020-12-22","purchased_purges":1,"victory":false,"max_hp_per_floor":[72,72,72,72,72,72,72,72,72,72,72,72,72,72,72,72,72,72,72,72,72,72,72,72],"card_choices":[{"not_picked":["Prostrate","BowlingBash"],"picked":"LikeWater","floor":1.0},{"not_picked":["SandsOfTime","Worship"],"picked":"CarveReality","floor":4.0},{"not_picked":["ReachHeaven","SashWhip"],"picked":"ConjureBlade","floor":6.0},{"not_picked":["EmptyFist","FlyingSleeves"],"picked":"CutThroughFate","floor":7.0},{"not_picked":["MasterReality","Protect"],"picked":"WindmillStrike","floor":8.0},{"not_picked":["SignatureMove","ThirdEye"],"picked":"Consecrate","floor":12.0},{"not_picked":["BowlingBash","Study"],"picked":"SashWhip","floor":13.0},{"not_picked":["Wallop","FollowUp"],"picked":"ClearTheMind","floor":14.0},{"not_picked":["DevaForm","Ragnarok"],"picked":"DeusExMachina","floor":16.0},{"not_picked":["PathToVictory","Vengeance","EmptyBody+1"],"picked":"SKIP","floor":18.0},{"not_picked":["FlurryOfBlows+1","FollowUp"],"picked":"Meditate","floor":19.0},{"not_picked":["EmptyBody","Wallop"],"picked":"CutThroughFate","floor":22.0}],"player_experience":264007,"relics_obtained":[{"floor":6.0,"key":"Pantograph"},{"floor":8.0,"key":"Happy Flower"},{"floor":9.0,"key":"Pen Nib"},{"floor":12.0,"key":"Calipers"}],"event_choices":[{"damage_healed":0.0,"max_hp_gain":0.0,"max_hp_loss":0.0,"gold_gain":0.0,"event_name":"Shining Light","player_choice":"Entered Light","floor":3.0,"gold_loss":0.0,"damage_taken":14.0,"cards_upgraded":["Strike_P","Vigilance"]},{"cards_removed":["Strike_P"],"damage_healed":0.0,"max_hp_gain":0.0,"max_hp_loss":0.0,"gold_gain":0.0,"event_name":"Golden Wing","player_choice":"Card Removal","floor":5.0,"gold_loss":0.0,"damage_taken":7.0},{"damage_healed":0.0,"max_hp_gain":0.0,"max_hp_loss":0.0,"gold_gain":0.0,"event_name":"Liars Game","player_choice":"Ignored","floor":10.0,"gold_loss":0.0,"damage_taken":0.0},{"damage_healed":18.0,"max_hp_gain":0.0,"max_hp_loss":0.0,"gold_gain":0.0,"event_name":"The Cleric","player_choice":"Healed","floor":11.0,"gold_loss":35.0,"damage_taken":0.0},{"damage_healed":0.0,"max_hp_gain":0.0,"max_hp_loss":0.0,"gold_gain":99.0,"event_name":"Nest","player_choice":"Stole From Cult","floor":20.0,"gold_loss":0.0,"damage_taken":0.0},{"damage_healed":0.0,"max_hp_gain":0.0,"max_hp_loss":0.0,"gold_gain":0.0,"event_name":"Upgrade Shrine","player_choice":"Upgraded","floor":21.0,"gold_loss":0.0,"damage_taken":0.0,"cards_upgraded":["WindmillStrike"]}],"is_beta":false,"boss_relics":[{"not_picked":["Tiny House","Ectoplasm"],"picked":"Philosopher\u0027s Stone"}],"items_purged_floors":[2],"is_endless":false,"potions_floor_spawned":[4,8,14,16,19,22],"killed_by":"Slavers","ascension_level":2}}