{"host":"i58uscbei3sy5089","time":1609612748,"event":{"mods":["ATMod(°¢èªMod)","Act Like it!","Arknights The Spire","BaseMod","Challenge The Spire","Colored Powertips","Conspire","Infinite Spire","Koishi","Lobotomy","LobotomyExtend","Minty Spire (QoL Compilation)","MostiFishMod","Prisma Mod","Quick Restart","Reimu£¨²©ÀöÁéÃÎ£©","Replay The Spire","Shop Mod","Spicy Shops","StSLib","TestMod","The Alterego","The Construct","UnlockEverythingMod","[IsaacMod]ÒÔÈö¼âËþ","vexMod","¡¾¹¦ÄÜMod¡¿»ìãçÖ®»·ÐÞ¸´²¹¶¡","¡¾ÒÅÎï¿¨ÅÆ¡¿REMEMod","óô»ðÖ¸ÄÏ"],"gold_per_floor":[116,116,8,26,41,41,41,41,41,103,125,143,143,163,163,290,290,312,1612,1612,1633,1693,1728,1728,1746,1772,1772,1812,1737,1750,1774,1553,1783,1783,1916,1965,2297,484,538,538,583,651,651,651,720,0,0,28,28,104,183,183,183],"floor_reached":52,"playtime":4067,"items_purged":["construct:AttackMode","construct:Strike_Gold","construct:Strike_Gold"],"score":3967,"play_id":"e4f35f23-5ab4-40a3-9200-8d94be1c9b4d","local_time":"20210103023908","is_ascension_mode":true,"campfire_choices":[{"floor":6.0,"key":"REST"},{"data":"AT_ShadowStep","floor":8.0,"key":"SMITH"},{"floor":13.0,"key":"REST"},{"data":"construct:Autoturret","floor":15.0,"key":"SMITH"},{"floor":24.0,"key":"REST"},{"data":"construct:GuardCore+1","floor":27.0,"key":"SMITH"},{"data":"construct:ReactiveShield","floor":40,"key":"SMITH"},{"data":"construct:ReactiveShield+1","floor":44,"key":"SMITH"},{"data":"construct:GuardCore+1","floor":47,"key":"SMITH"},{"data":"construct:FlameCore+1","floor":49,"key":"SMITH"}],"circlet_count":0,"master_deck":["construct:Defend_Gold","construct:Defend_Gold","construct:Defend_Gold","construct:Defend_Gold","construct:Defend_Gold","construct:DefenseMode","AT_ShadowStep+1","construct:Autoturret+1","MHz","WallGazer","construct:Tumble","LongBird","OSAHOGD","AT_ShadowStep+1","construct:GuardCore+2","construct:ReactiveShield+2","Pot Of Greed+1","Pot Of Greed+1","construct:GuardCore+2","Pot Of Greed+1","construct:FlameCore+2","QueenOfHatred","construct:BatteryCore+1","Replay:Fractal Strike"],"relics":["construct:ClockworkPhoenix","testmod-TestBox","HushsDoor","DaveBox","AT_ATBox","REME_ComplimentaryCards","RhineCircuit","CogitoBucket","RabbitCall","testmod-BouquetWithThorns","SynthV:TestCard","LetterFromLob","BloodDonationBag","testmod-TheFather","MerchantsRug","testmod-Charity","Toxic Egg 2","AnarchistCookbook","Blue Doll","conspire:RoyalGoblet","REME_CardOfGreed","Replay:Kaleidoscope","infinitespire:Bottled Soul","Mastiff:ReiMu","Torii","D6","Gremlin Food","DoctorsRemote","Sling","Grinning Jar","infinitespire:EvilPickle","ChampionBelt","vexMod:CardConverter","ReplayTheSpireMod:EnergyBall","infinitespire:Broken Mirror","Sundial","Bottled Flame","conspire:DecoderRing","testmod-Register","conspire:TopHat","AT_SpeedBoots","Iron Hammer","MealTicket","Red Mask","Replay:Mystery Machine","Replay:Drink Me"],"acts_visited":["Exordium","TheCity","TheBeyond","Exordium"],"potions_floor_usage":[],"damage_taken":[{"damage":0.0,"enemies":"Small Slimes","floor":1.0,"turns":5.0},{"damage":0.0,"enemies":"Cultist","floor":4.0,"turns":6.0},{"damage":9.0,"enemies":"infinitespire:Voidling","floor":5.0,"turns":4.0},{"damage":19.0,"enemies":"Hiden Room Battle","floor":10.0,"turns":5.0},{"damage":5.0,"enemies":"Exordium Wildlife","floor":11.0,"turns":9.0},{"damage":12.0,"enemies":"Lots of Slimes","floor":12.0,"turns":2.0},{"damage":12.0,"enemies":"Gremlin Gang","floor":14.0,"turns":2.0},{"damage":12.0,"enemies":"The Guardian","floor":16.0,"turns":7.0},{"damage":2.0,"enemies":"Spheric Guardian","floor":18.0,"turns":2.0},{"damage":20.0,"enemies":"2 Thieves","floor":21.0,"turns":3.0},{"damage":34.0,"enemies":"conspire:SneckoGhost","floor":23.0,"turns":5.0},{"damage":12.0,"enemies":"Centurion and Healer","floor":25.0,"turns":5.0},{"damage":17.0,"enemies":"Nightmare","floor":28.0,"turns":4.0},{"damage":32.0,"enemies":"Cultist and Chosen","floor":30.0,"turns":4.0},{"damage":10.0,"enemies":"Snake Plant","floor":31.0,"turns":3.0},{"damage":16.0,"enemies":"Pondfish","floor":33.0,"turns":5.0},{"damage":16.0,"enemies":"3 Darklings","floor":35.0,"turns":3.0},{"damage":15.0,"enemies":"infinitespire:Three Voidlings","floor":36.0,"turns":2.0},{"damage":36.0,"enemies":"Nightmare_Alpha","floor":36.0,"turns":5.0},{"damage":29,"enemies":"Reptomancer","floor":39,"turns":3},{"damage":10,"enemies":"Orb Walker","floor":41,"turns":2},{"damage":19,"enemies":"Nemesis","floor":42,"turns":2},{"damage":37,"enemies":"Nightmare","floor":45,"turns":3},{"damage":6,"enemies":"Giant Head","floor":48,"turns":3},{"damage":64,"enemies":"FixerMidnight","floor":50,"turns":4},{"damage":16,"enemies":"Time Eater","floor":51,"turns":3}],"seed_played":"-1222805138034926136","potions_obtained":[{"floor":4.0,"key":"ZuzhouPotion:ReiMu"},{"floor":11.0,"key":"CultistPotion"},{"floor":18.0,"key":"REME_GoldPotion"},{"floor":30.0,"key":"Fire Potion"},{"floor":31.0,"key":"SmokeBomb"},{"floor":35.0,"key":"SkillPotion"},{"floor":41,"key":"Ancient Potion"}],"is_trial":false,"path_per_floor":["M","?","$","M","M","R","E","R","T","?","M","M","R","M","R","B",null,"M","$","?","M","?","E","R","M","T","R","NM","?","M","M","R","B",null,"M","?","?","$","M","R","M","E","T","R","NM","?","R","M","R","B","B",null],"character_chosen":"THE_CONSTRUCT_MOD","items_purchased":["testmod-TheFather","MerchantsRug","testmod-Charity","REME_CardOfGreed","Replay:Kaleidoscope","infinitespire:Bottled Soul","testmod-BloodBlade","Mastiff:ReiMu","BlessingOfTheForge","Regen Potion","Energy Potion","Fire Potion","Torii","Sling","Grinning Jar","ReplayTheSpireMod:EnergyBall","infinitespire:Broken Mirror","Sundial","Bottled Flame","conspire:DecoderRing","testmod-Register","SteroidPotion","SkillPotion"],"campfire_rested":3,"item_purchase_floors":[3,3,3,19,19,19,19,19,19,19,19,19,19,32,32,38,38,38,38,38,38,38,38],"current_hp_per_floor":[85,64,4,9,12,39,39,39,39,27,26,18,50,49,49,44,126,125,131,131,116,102,70,372,369,370,370,358,358,332,326,326,328,870,870,156,157,160,149,149,145,146,146,146,119,119,119,134,134,91,87,666,666],"gold":183,"neow_bonus":"","is_daily":false,"chose_seed":false,"campfire_upgraded":7,"win_rate":0.0,"timestamp":1609612748,"path_taken":["M","?","$","M","M","R","E","R","T","?","M","M","R","?","R","BOSS","M","$","?","M","?","E","R","M","T","R","NM","?","?","M","R","BOSS","M","?","?","$","M","R","?","E","T","R","NM","?","R","M","R","BOSS","BOSS"],"items_purchased_type":["Relic","Relic","Relic","Relic","Relic","Relic","Card","Relic","Potion","Potion","Potion","Potion","Relic","Relic","Relic","Relic","Relic","Relic","Relic","Relic","Relic","Potion","Potion"],"build_version":"2020-12-22","purchased_purges":3,"victory":false,"max_hp_per_floor":[85,85,85,90,93,93,93,93,93,100,104,108,108,119,119,126,126,127,1000,1000,1005,1006,1008,1008,1017,1018,1018,1023,1023,1029,1033,1033,1051,1051,1067,1072,1073,1076,1094,1094,1100,1108,1108,1108,1112,1112,1112,1121,1121,1136,1142,858,858],"card_choices":[{"not_picked":[],"picked":"ChaosCard","floor":0.0},{"not_picked":["construct:Analyze","construct:ChargeShot"],"picked":"construct:Autoturret","floor":1.0},{"not_picked":["Funeral","FairyFestival","ShyLook"],"picked":"Singing Bowl","floor":1.0},{"not_picked":["Murderer","Scorched","UniverseFragment"],"picked":"Singing Bowl","floor":4.0},{"not_picked":["construct:HastyRepair","construct:Accumulate","construct:MetalShell","construct:ChargeShot"],"picked":"Bomb","floor":4.0},{"not_picked":["VoidDream","SpiderBud"],"picked":"MHz","floor":5.0},{"not_picked":["construct:VentSteam","construct:SuppressiveFire","construct:Failsafe","construct:Backfire","construct:ClusterMines"],"picked":"SKIP","floor":5.0},{"not_picked":["Mercenary","Wellcheers","QueenBee"],"picked":"Singing Bowl","floor":10.0},{"not_picked":["construct:PowerUp","construct:FocusedBeam","construct:Missile","construct:FierceBash"],"picked":"Bomb","floor":10.0},{"not_picked":["OldLady","FairyFestival"],"picked":"WallGazer","floor":11.0},{"not_picked":["construct:SweepLaser","construct:ModeShift+1","construct:Autoturret","construct:OneWayMirror+1"],"picked":"construct:Tumble","floor":11.0},{"not_picked":["UniverseFragment","SingingMachine","GreedKing"],"picked":"Singing Bowl","floor":12.0},{"not_picked":["Murderer","Scarecrow"],"picked":"LongBird","floor":12.0},{"not_picked":["construct:Anticipate+1","construct:Isolate+1","construct:Zapper","construct:ClusterMines","construct:CriticalHit"],"picked":"SKIP","floor":12.0},{"not_picked":["Wellcheers","Murderer","LittleHelper"],"picked":"Singing Bowl","floor":14.0},{"not_picked":["CENSORED","CrumblingArmor"],"picked":"OSAHOGD","floor":14.0},{"not_picked":["construct:CripplingShot","construct:VentSteam+1","construct:Hazardproof+1","construct:SuppressiveFire","construct:FierceBash"],"picked":"SKIP","floor":14.0},{"not_picked":["BlackSwan","HeroicMonk","UniverseFragment"],"picked":"Singing Bowl","floor":16.0},{"not_picked":["construct:Stasis+1","construct:ModeShift+1","construct:Forcefield+1","construct:Autoturret","construct:Overcharge"],"picked":"SKIP","floor":18.0},{"not_picked":["Wellcheers","Scorched","Freischutz"],"picked":"Singing Bowl","floor":21.0},{"not_picked":["construct:Reinforce+1","construct:FocusedBeam+1","construct:Enhance+1","construct:MemoryTap+1","construct:Forcefield+1"],"picked":"SKIP","floor":21.0},{"not_picked":["CrumblingArmor","FieryBird","LittleHelper"],"picked":"Singing Bowl","floor":23.0},{"not_picked":["construct:Backfire","construct:MemoryTap+1","construct:FlakBarrage","construct:BatteryAcid+1"],"picked":"construct:GuardCore+1","floor":23.0},{"not_picked":["Scorched","UniverseFragment","OldLady"],"picked":"Singing Bowl","floor":25.0},{"not_picked":["construct:SuppressiveFire","construct:Forcefield+1","construct:ClusterMines","construct:ModeShift+1","construct:GatlingGun"],"picked":"SKIP","floor":25.0},{"not_picked":["BeautyBeast","LittlePrince","Funeral"],"picked":"Singing Bowl","floor":28.0},{"not_picked":["construct:SweepLaser","construct:ClusterMines","construct:HeavyBolt+1","construct:BatteryAcid+1","construct:ScrapCannon"],"picked":"SKIP","floor":28.0},{"not_picked":["SpiderBud","DreamingCurrent","HeroicMonk"],"picked":"Singing Bowl","floor":30.0},{"not_picked":["construct:Forcefield+1","construct:ClusterMines+1","construct:Backfire","construct:Autoturret+1","construct:Dampening+1"],"picked":"SKIP","floor":30.0},{"not_picked":["SpiderBud","DreamingCurrent"],"picked":"Yin","floor":31.0},{"not_picked":["construct:Accumulate","construct:Boost","construct:CripplingShot","construct:Autoturret"],"picked":"construct:ReactiveShield","floor":31.0},{"not_picked":["BigBadWolf","Wellcheers","CrumblingArmor"],"picked":"Singing Bowl","floor":35.0},{"not_picked":["construct:Backfire","construct:Boost","construct:Hazardproof+1","construct:QuickAttack"],"picked":"construct:GuardCore+1","floor":35.0},{"not_picked":["infinitespire:UltimateForm","ReplayTheSpireMod:Chaos Vortex"],"picked":"infinitespire:FinalStrike","floor":36},{"not_picked":["Laetitia","LittlePrince","Freischutz"],"picked":"Singing Bowl","floor":39},{"not_picked":["construct:ShieldGenerator","construct:SiegeForm","construct:ModeShift+1","construct:ShiftGuard+1"],"picked":"construct:FlameCore+1","floor":39},{"not_picked":["BlackArmy","FairyFestival"],"picked":"QueenOfHatred","floor":41},{"not_picked":["construct:Boost","construct:ClusterMines","construct:ShiftingStance","construct:ShiftStrike","construct:HeavyBolt"],"picked":"SKIP","floor":41},{"not_picked":["HappyTeddy","Scarecrow","DreamingCurrent"],"picked":"Singing Bowl","floor":42},{"not_picked":["construct:FocusedBeam","construct:MetalShell+1","construct:ReactiveShield+1","construct:Chainstrike","construct:Reinforce+1"],"picked":"SKIP","floor":42},{"not_picked":["MeltingLove","QueenBee","BodiesMountain"],"picked":"Singing Bowl","floor":45},{"not_picked":["construct:ClusterMines","construct:ChargeShot","construct:ReactiveShield","construct:SaveState+1","construct:Anticipate+1"],"picked":"SKIP","floor":45},{"not_picked":["WhitesApple","Alriune","NakedNest"],"picked":"Singing Bowl","floor":48},{"not_picked":["construct:ScopeCore+1","construct:Synchronize","construct:ModeShift+1","construct:Forcefield+1","construct:SweepLaser"],"picked":"SKIP","floor":48},{"not_picked":["BlackArmy","MeltingLove","DespairKnight"],"picked":"Singing Bowl","floor":50},{"not_picked":["construct:Bunker","construct:PanicFire","construct:SpinDrive","construct:MassProduction+1"],"picked":"construct:BatteryCore+1","floor":50},{"not_picked":["SingingMachine","BlackArmy","RedShoes"],"picked":"Singing Bowl","floor":51},{"not_picked":["ReplayTheSpireMod:Echoes of Time","infinitespire:FinalStrike"],"picked":"Replay:Fractal Strike","floor":52}],"player_experience":701021,"relics_obtained":[{"floor":1.0,"key":"SynthV:TestCard"},{"floor":1.0,"key":"LetterFromLob"},{"floor":9.0,"key":"Toxic Egg 2"},{"floor":10.0,"key":"AnarchistCookbook"},{"floor":10.0,"key":"Blue Doll"},{"floor":23.0,"key":"D6"},{"floor":26.0,"key":"Gremlin Food"},{"floor":28.0,"key":"DoctorsRemote"},{"floor":36,"key":"vexMod:CardConverter"},{"floor":39,"key":"conspire:TopHat"},{"floor":42,"key":"AT_SpeedBoots"},{"floor":43,"key":"Iron Hammer"},{"floor":45,"key":"MealTicket"},{"floor":48,"key":"Replay:Mystery Machine"}],"event_choices":[{"damage_healed":0.0,"max_hp_gain":0.0,"max_hp_loss":0.0,"gold_gain":0.0,"event_name":"Golden Idol","player_choice":"Take Damage","floor":2.0,"gold_loss":0.0,"damage_taken":21.0,"relics_obtained":["Golden Idol"]},{"damage_healed":0.0,"max_hp_gain":0.0,"max_hp_loss":0.0,"gold_gain":0.0,"event_name":"HidenRoomEvent","player_choice":"Fight","floor":10.0,"gold_loss":0.0,"damage_taken":0.0},{"cards_removed":["construct:Strike_Gold"],"damage_healed":0.0,"max_hp_gain":0.0,"max_hp_loss":0.0,"gold_gain":0.0,"event_name":"Beggar","player_choice":"Gave Gold","floor":29.0,"gold_loss":75.0,"damage_taken":0.0},{"cards_removed":["construct:Strike_Gold"],"damage_healed":0,"gold_gain":0,"player_choice":"Gave Gold","damage_taken":0,"max_hp_gain":0,"max_hp_loss":0,"event_name":"Beggar","floor":36,"gold_loss":75},{"damage_healed":0,"gold_gain":333,"player_choice":"Gave Idol","damage_taken":0,"max_hp_gain":0,"max_hp_loss":0,"event_name":"The Moai Head","floor":37,"relics_lost":["Golden Idol"],"gold_loss":0},{"damage_healed":0,"gold_gain":0,"player_choice":"Paid","damage_taken":0,"relics_obtained":["Red Mask"],"max_hp_gain":0,"max_hp_loss":0,"event_name":"Tomb of Lord Red Mask","floor":46,"gold_loss":720}],"is_beta":false,"boss_relics":[{"not_picked":["FrostBlade","TimeKeys"],"picked":"conspire:RoyalGoblet"},{"not_picked":[]},{"not_picked":["testmod-Recursion","DiscerningMonocle"],"picked":"ChampionBelt"},{"not_picked":[]},{"not_picked":["Replay:Grab Bag","ReplayTheSpireMod:SealedPack"],"picked":"Replay:Drink Me"},{"not_picked":[]}],"items_purged_floors":[19,38,38],"is_endless":true,"potions_floor_spawned":[4,11,12,16,18,30,31,35,41,50],"ascension_level":20}}