{"host":"poshtwjux72eqzmy","time":1609547013,"event":{"mods":["BaseMod","Bestiary","Block Reminder","Colored Powertips","Highlight Path","Minty Spire (QoL Compilation)","Quick Restart","Relic Stats","ojb\u0027s Info Mod"],"gold_per_floor":[361,30,30,49,49,84,84,111,138,138,151,178,14,32,32,110,110,121,121,46,46,62,62,93,110,163,163,39,66,66,91,91,167,467,477,477,86,86,105,138,138,170,170,211,231,253,253,280,280,280,280,280,280,108,139,139],"floor_reached":57,"playtime":8200,"items_purged":["Strike_R","Strike_R","Strike_R"],"score":3203,"play_id":"98e2de6f-7911-44e2-b473-d79d2290333f","local_time":"20210102022333","is_ascension_mode":true,"campfire_choices":[{"data":"Bash","floor":7.0,"key":"SMITH"},{"data":"Battle Trance","floor":10.0,"key":"SMITH"},{"data":"Clothesline","floor":15.0,"key":"SMITH"},{"data":"True Grit","floor":23.0,"key":"SMITH"},{"data":"Barricade","floor":27.0,"key":"SMITH"},{"data":"Second Wind","floor":30.0,"key":"SMITH"},{"floor":32.0,"key":"RECALL"},{"data":"Shrug It Off","floor":41,"key":"SMITH"},{"data":"Power Through","floor":49,"key":"SMITH"},{"data":"Impervious","floor":53,"key":"SMITH"}],"circlet_count":0,"master_deck":["AscendersBane","Defend_R","Defend_R","Defend_R","Defend_R","Bash+1","Second Wind+1","Battle Trance+1","Immolate","Sword Boomerang","Clothesline+1","Barricade+1","True Grit+1","Fiend Fire","Power Through+1","Shrug It Off+1","Feed","CurseOfTheBell","Armaments+1","Feel No Pain+1","Impervious+1"],"relics":["Burning Blood","PreservedInsect","Sling","Oddly Smooth Stone","Nunchaku","Ginger","Potion Belt","Akabeko","Toolbox","Coffee Dripper","Nilry\u0027s Codex","Pocketwatch","Blood Vial","Centennial Puzzle","Calling Bell","Strawberry","Singing Bowl","Old Coin","Gremlin Horn","Regal Pillow","CeramicFish","Bottled Lightning","Shuriken","Medical Kit","Red Skull"],"acts_visited":["Exordium","TheCity","TheBeyond","TheEnding"],"potions_floor_usage":[40,40,55,55,56],"damage_taken":[{"damage":6.0,"enemies":"2 Louse","floor":1.0,"turns":4.0},{"damage":0.0,"enemies":"Cultist","floor":4.0,"turns":3.0},{"damage":16.0,"enemies":"3 Sentries","floor":6.0,"turns":8.0},{"damage":11.0,"enemies":"Lagavulin","floor":8.0,"turns":3.0},{"damage":5.0,"enemies":"Jaw Worm","floor":11.0,"turns":4.0},{"damage":0.0,"enemies":"Gremlin Nob","floor":12.0,"turns":2.0},{"damage":2.0,"enemies":"Large Slime","floor":14.0,"turns":4.0},{"damage":22.0,"enemies":"The Guardian","floor":16.0,"turns":14.0},{"damage":6.0,"enemies":"Chosen","floor":18.0,"turns":3.0},{"damage":15.0,"enemies":"2 Thieves","floor":22.0,"turns":3.0},{"damage":0.0,"enemies":"Slavers","floor":24.0,"turns":1.0},{"damage":0.0,"enemies":"Snake Plant","floor":25.0,"turns":2.0},{"damage":0.0,"enemies":"Gremlin Leader","floor":29.0,"turns":10.0},{"damage":0.0,"enemies":"Slavers","floor":31.0,"turns":2.0},{"damage":3,"enemies":"Champ","floor":33,"turns":21},{"damage":0,"enemies":"Orb Walker","floor":35,"turns":5},{"damage":6,"enemies":"3 Darklings","floor":39,"turns":7},{"damage":32,"enemies":"Nemesis","floor":40,"turns":7},{"damage":4,"enemies":"Reptomancer","floor":42,"turns":6},{"damage":0,"enemies":"Nemesis","floor":44,"turns":25},{"damage":17,"enemies":"Transient","floor":45,"turns":6},{"damage":17,"enemies":"Jaw Worm Horde","floor":46,"turns":8},{"damage":7,"enemies":"Maw","floor":48,"turns":13},{"damage":20,"enemies":"Time Eater","floor":50,"turns":18},{"damage":14,"enemies":"Awakened One","floor":51,"turns":26},{"damage":8,"enemies":"Shield and Spear","floor":55,"turns":20},{"damage":129,"enemies":"The Heart","floor":56,"turns":17}],"seed_played":"-3644923532335587249","potions_obtained":[{"floor":1.0,"key":"SkillPotion"},{"floor":6.0,"key":"Swift Potion"},{"floor":12.0,"key":"Strength Potion"},{"floor":14.0,"key":"LiquidBronze"},{"floor":22.0,"key":"Swift Potion"},{"floor":31.0,"key":"SneckoOil"},{"floor":39,"key":"Ancient Potion"},{"floor":42,"key":"FairyPotion"},{"floor":44,"key":"Dexterity Potion"},{"floor":45,"key":"GamblersBrew"}],"is_trial":false,"path_per_floor":["M","$","?","M","?","E","R","E","T","R","M","E","$","M","R","B",null,"M","?","$","?","M","R","E","M","T","R","$","E","R","E","R","B",null,"M","?","$","?","M","E","R","E","T","E","M","M","$","M","R","B","B",null,"R","$","E","B",null],"character_chosen":"IRONCLAD","items_purchased":["PreservedInsect","Sling","Toolbox","Shrug It Off","Gremlin Horn","Medical Kit"],"campfire_rested":0,"item_purchase_floors":[2,2,13,28,37,54],"current_hp_per_floor":[68,68,68,68,68,58,58,53,53,53,54,60,60,64,64,48,63,63,63,63,42,33,33,39,45,45,45,45,51,51,59,59,64,74,80,76,76,76,81,60,60,69,69,80,73,67,67,68,68,60,62,99,99,99,105,28],"gold":139,"neow_bonus":"TWO_FIFTY_GOLD","is_daily":false,"chose_seed":false,"campfire_upgraded":9,"win_rate":0.0,"timestamp":1609547013,"path_taken":["M","$","?","?","?","E","R","E","T","R","M","E","?","M","R","BOSS","M","?","?","?","M","R","E","?","T","R","$","E","R","E","R","BOSS","M","?","$","?","?","E","R","E","T","E","M","M","$","M","R","BOSS","BOSS","R","$","E","BOSS"],"items_purchased_type":["Relic","Relic","Relic","Card","Relic","Relic"],"build_version":"2020-12-22","purchased_purges":3,"victory":true,"max_hp_per_floor":[68,68,68,68,68,68,68,68,68,68,68,68,68,68,68,68,68,68,68,68,68,68,68,68,68,68,68,68,68,68,68,68,68,75,80,76,76,76,81,86,86,91,91,94,96,99,99,99,99,103,111,111,111,111,117,117],"relic_stats":{"Regal Pillow":0,"Singing Bowl":12,"Gremlin Horn":[14,17],"counters":[27,242],"CeramicFish":27,"PreservedInsect":453,"Ginger":[24],"Medical Kit":[25],"Burning Blood":150,"Blood Vial":23,"Nunchaku":[27],"Centennial Puzzle":[33],"Shuriken":[9],"obtain_stats":[{"Regal Pillow":40,"Singing Bowl":34,"Gremlin Horn":37,"Nilry\u0027s Codex":21,"CeramicFish":42,"Ginger":8,"Sling":2,"Burning Blood":0,"Old Coin":34,"Blood Vial":29,"Nunchaku":6,"Centennial Puzzle":31,"Strawberry":34,"Toolbox":13,"Red Skull":55,"Potion Belt":9,"Oddly Smooth Stone":3,"PreservedInsect":2,"Medical Kit":54,"Akabeko":12,"Calling Bell":34,"Shuriken":44,"Coffee Dripper":17,"Bottled Lightning":43,"Pocketwatch":24},{"Regal Pillow":18,"Singing Bowl":15,"Gremlin Horn":16,"Nilry\u0027s Codex":9,"CeramicFish":19,"Ginger":4,"Sling":1,"Burning Blood":0,"Old Coin":15,"Blood Vial":13,"Nunchaku":3,"Centennial Puzzle":14,"Strawberry":15,"Toolbox":6,"Red Skull":26,"Potion Belt":4,"Oddly Smooth Stone":1,"PreservedInsect":1,"Medical Kit":25,"Akabeko":6,"Calling Bell":15,"Shuriken":20,"Coffee Dripper":8,"Bottled Lightning":19,"Pocketwatch":11},{"Regal Pillow":103,"Singing Bowl":84,"Gremlin Horn":89,"Nilry\u0027s Codex":45,"CeramicFish":109,"Ginger":18,"Sling":4,"Burning Blood":0,"Old Coin":84,"Blood Vial":61,"Nunchaku":15,"Centennial Puzzle":63,"Strawberry":84,"Toolbox":24,"Red Skull":225,"Potion Belt":18,"Oddly Smooth Stone":4,"PreservedInsect":4,"Medical Kit":205,"Akabeko":24,"Calling Bell":84,"Shuriken":134,"Coffee Dripper":42,"Bottled Lightning":109,"Pocketwatch":49}],"Pocketwatch":[226]},"card_choices":[{"not_picked":["Infernal Blade","Rage"],"picked":"Thunderclap","floor":1.0},{"not_picked":["Warcry","Rage"],"picked":"Second Wind","floor":4.0},{"not_picked":["Body Slam","Intimidate"],"picked":"Battle Trance","floor":6.0},{"not_picked":["Flex","Iron Wave"],"picked":"Immolate","floor":8.0},{"not_picked":["Dual Wield","Anger"],"picked":"Sword Boomerang","floor":11.0},{"not_picked":["Pommel Strike","Infernal Blade"],"picked":"Clothesline","floor":12.0},{"not_picked":["Body Slam","Whirlwind","Clothesline"],"picked":"SKIP","floor":14.0},{"not_picked":["Immolate","Juggernaut"],"picked":"Barricade","floor":16.0},{"not_picked":["Battle Trance","Twin Strike","Cleave"],"picked":"SKIP","floor":18.0},{"not_picked":["Perfected Strike","Cleave"],"picked":"True Grit","floor":22.0},{"not_picked":["Bludgeon","Bloodletting"],"picked":"Fiend Fire","floor":24.0},{"not_picked":["Wild Strike","Fire Breathing"],"picked":"Power Through","floor":25.0},{"not_picked":["Sword Boomerang","Ghostly Armor","Wild Strike"],"picked":"SKIP","floor":29.0},{"not_picked":["Pummel","Armaments","Ghostly Armor"],"picked":"SKIP","floor":31.0},{"not_picked":["Limit Break","Corruption"],"picked":"Feed","floor":33},{"not_picked":["Sword Boomerang+1","Wild Strike","Flame Barrier"],"picked":"Singing Bowl","floor":35},{"not_picked":["Twin Strike","Dual Wield","Second Wind"],"picked":"Singing Bowl","floor":39},{"not_picked":["Second Wind+1","Feed","Pommel Strike"],"picked":"Singing Bowl","floor":40},{"not_picked":["Bloodletting","Sentinel","Clash"],"picked":"Singing Bowl","floor":42},{"not_picked":["Pommel Strike+1","Havoc"],"picked":"Armaments+1","floor":44},{"not_picked":["Wild Strike","Perfected Strike","Dual Wield"],"picked":"Singing Bowl","floor":45},{"not_picked":["Shrug It Off+1","Metallicize"],"picked":"Feel No Pain+1","floor":46},{"not_picked":["Seeing Red","Metallicize"],"picked":"Impervious","floor":48},{"not_picked":["Heavy Blade","Twin Strike","Havoc"],"picked":"Singing Bowl","floor":55}],"player_experience":1003113,"relics_obtained":[{"floor":6.0,"key":"Nunchaku"},{"floor":8.0,"key":"Ginger"},{"floor":9.0,"key":"Potion Belt"},{"floor":12.0,"key":"Akabeko"},{"floor":21.0,"key":"Nilry\u0027s Codex"},{"floor":24.0,"key":"Pocketwatch"},{"floor":29.0,"key":"Blood Vial"},{"floor":31.0,"key":"Centennial Puzzle"},{"floor":34,"key":"Strawberry"},{"floor":34,"key":"Singing Bowl"},{"floor":34,"key":"Old Coin"},{"floor":40,"key":"Regal Pillow"},{"floor":42,"key":"CeramicFish"},{"floor":43,"key":"Bottled Lightning"},{"floor":44,"key":"Shuriken"},{"floor":55,"key":"Red Skull"}],"event_choices":[{"cards_removed":["Thunderclap"],"damage_healed":0.0,"max_hp_gain":0.0,"max_hp_loss":0.0,"gold_gain":0.0,"event_name":"WeMeetAgain","player_choice":"Gave Card","floor":3.0,"gold_loss":0.0,"damage_taken":0.0,"relics_obtained":["Oddly Smooth Stone"]},{"damage_healed":0.0,"max_hp_gain":0.0,"max_hp_loss":0.0,"gold_gain":0.0,"event_name":"Liars Game","player_choice":"Ignored","floor":5.0,"gold_loss":0.0,"damage_taken":0.0},{"cards_removed":["Strike_R"],"damage_healed":0.0,"max_hp_gain":0.0,"max_hp_loss":0.0,"gold_gain":0.0,"event_name":"Purifier","player_choice":"Purged","floor":19.0,"gold_loss":0.0,"damage_taken":0.0},{"damage_healed":0.0,"max_hp_gain":0.0,"max_hp_loss":0.0,"gold_gain":0.0,"event_name":"Cursed Tome","player_choice":"Obtained Book","floor":21.0,"gold_loss":0.0,"damage_taken":21.0},{"damage_healed":0,"gold_gain":0,"player_choice":"Max HP","damage_taken":0,"max_hp_gain":0,"max_hp_loss":4,"event_name":"Winding Halls","floor":36,"gold_loss":0},{"cards_removed":["Strike_R"],"damage_healed":0,"gold_gain":0,"player_choice":"Purged","damage_taken":0,"max_hp_gain":0,"max_hp_loss":0,"event_name":"Purifier","floor":38,"gold_loss":0}],"is_beta":false,"boss_relics":[{"not_picked":["Runic Dome","Snecko Eye"],"picked":"Coffee Dripper"},{"not_picked":["Empty Cage","Cursed Key"],"picked":"Calling Bell"}],"items_purged_floors":[20,28,37],"is_endless":false,"potions_floor_spawned":[1,6,12,14,22,31,39,42,44,45,48],"ascension_level":20}}