{"host":"dcj2yvrgcvh5dl2s","time":1609560944,"event":{"mods":["BaseMod","Better Note","Block Reminder","Colored Powertips","DeckTracker","Minty Spire (QoL Compilation)","Quick Restart","Rare Cards Sparkle","Relic Stats","StSLib"],"gold_per_floor":[110,110,125,6,25,25,54,54,100,100,117,144,144,158,158,236,236,250,265,165,175,188,188,207,235,235,4,18,18,18],"floor_reached":29,"playtime":1256,"items_purged":["Strike_R","Clumsy","Decay"],"score":513,"play_id":"061aae6d-cbd3-4f8e-a153-7e107c66f70d","local_time":"20210102141544","is_ascension_mode":true,"campfire_choices":[{"data":"Carnage","floor":6,"key":"SMITH"},{"floor":13,"key":"REST"},{"data":"Thunderclap","floor":15,"key":"SMITH"},{"floor":23,"key":"REST"}],"circlet_count":0,"master_deck":["AscendersBane","Strike_R","Strike_R","Strike_R","Strike_R","Defend_R+1","Defend_R","Defend_R+1","Defend_R","Bash","Flex+1","Metallicize","Carnage+1","Shrug It Off+1","Shrug It Off","Shrug It Off","Thunderclap+1","Exhume","Feel No Pain","Body Slam+1","Infernal Blade","Shrug It Off","Juggernaut","Panacea","Body Slam"],"relics":["Burning Blood","NeowsBlessing","War Paint","Red Skull","Regal Pillow","Cursed Key","Shovel","Paper Frog"],"acts_visited":["Exordium","TheCity"],"potions_floor_usage":[7,12,12,18,21,28,29],"damage_taken":[{"damage":0,"enemies":"Jaw Worm","floor":1,"turns":1},{"damage":0,"enemies":"Cultist","floor":3,"turns":1},{"damage":0,"enemies":"Small Slimes","floor":5,"turns":1},{"damage":5,"enemies":"Gremlin Nob","floor":7,"turns":3},{"damage":15,"enemies":"3 Louse","floor":11,"turns":4},{"damage":16,"enemies":"Lagavulin","floor":12,"turns":7},{"damage":7,"enemies":"Gremlin Gang","floor":14,"turns":7},{"damage":55,"enemies":"The Guardian","floor":16,"turns":14},{"damage":17,"enemies":"Shell Parasite","floor":18,"turns":7},{"damage":14,"enemies":"2 Thieves","floor":19,"turns":5},{"damage":32,"enemies":"Shelled Parasite and Fungi","floor":21,"turns":9},{"damage":35,"enemies":"Cultist and Chosen","floor":22,"turns":6},{"damage":9,"enemies":"Snecko","floor":24,"turns":4},{"damage":38,"enemies":"Book of Stabbing","floor":25,"turns":5},{"damage":23,"enemies":"Centurion and Healer","floor":28,"turns":4},{"damage":19,"enemies":"Snake Plant","floor":29,"turns":3}],"seed_played":"5890348088842265388","potions_obtained":[{"floor":1,"key":"Weak Potion"},{"floor":3,"key":"LiquidMemories"},{"floor":11,"key":"AttackPotion"},{"floor":14,"key":"BloodPotion"},{"floor":16,"key":"EssenceOfSteel"},{"floor":19,"key":"Regen Potion"},{"floor":22,"key":"Strength Potion"},{"floor":25,"key":"Regen Potion"}],"is_trial":false,"path_per_floor":["M","?","M","$","M","R","E","?","T","?","M","E","R","M","R","B",null,"M","M","$","M","M","R","M","E","T","$","M","M"],"character_chosen":"IRONCLAD","items_purchased":["Metallicize","Panacea"],"campfire_rested":2,"item_purchase_floors":[4,27],"current_hp_per_floor":[74,70,75,75,75,75,75,52,52,52,43,33,70,69,69,20,61,65,57,57,46,17,54,51,19,19,19,16,0,0],"gold":18,"neow_bonus":"THREE_ENEMY_KILL","is_daily":false,"chose_seed":false,"campfire_upgraded":2,"win_rate":0.0,"timestamp":1609560944,"path_taken":["M","?","M","?","?","R","E","?","T","?","M","E","R","?","R","BOSS","M","?","$","M","?","R","M","E","T","$","?","?"],"items_purchased_type":["Card","Card"],"build_version":"2020-12-22","purchased_purges":3,"victory":false,"max_hp_per_floor":[75,75,75,75,75,75,75,75,75,75,75,75,75,75,75,75,75,75,75,75,75,75,75,75,75,75,75,75,75,75],"relic_stats":{"Regal Pillow":30,"Shovel":0,"counters":[16,81],"War Paint":["Defend_R","Flex"],"Cursed Key":1,"obtain_stats":[{"Regal Pillow":12,"Shovel":25,"NeowsBlessing":0,"War Paint":7,"Cursed Key":17,"Burning Blood":0,"Red Skull":9,"Paper Frog":26},{"Regal Pillow":6,"Shovel":14,"NeowsBlessing":0,"War Paint":4,"Cursed Key":8,"Burning Blood":0,"Red Skull":4,"Paper Frog":14},{"Regal Pillow":17,"Shovel":74,"NeowsBlessing":0,"War Paint":6,"Cursed Key":38,"Burning Blood":0,"Red Skull":6,"Paper Frog":74}],"Burning Blood":82},"card_choices":[{"not_picked":["Spot Weakness","Wild Strike"],"picked":"Flex","floor":1},{"not_picked":["Burning Pact","Clash","Warcry"],"picked":"SKIP","floor":3},{"not_picked":["Havoc","True Grit"],"picked":"Carnage","floor":5},{"not_picked":["Twin Strike","True Grit"],"picked":"Shrug It Off","floor":7},{"not_picked":["Sentinel","Flame Barrier"],"picked":"Shrug It Off","floor":11},{"not_picked":["Wild Strike","Reckless Charge","Bloodletting"],"picked":"SKIP","floor":12},{"not_picked":["Body Slam","Sever Soul"],"picked":"Thunderclap","floor":14},{"not_picked":["Brutality","Demon Form"],"picked":"Exhume","floor":16},{"not_picked":["Iron Wave","Searing Blow"],"picked":"Feel No Pain","floor":18},{"not_picked":["Combust","Sever Soul"],"picked":"Body Slam+1","floor":19},{"not_picked":["Havoc","Clothesline"],"picked":"Infernal Blade","floor":21},{"not_picked":["Rage","Havoc","Clash"],"picked":"SKIP","floor":22},{"not_picked":["Shockwave","Power Through"],"picked":"Shrug It Off","floor":24},{"not_picked":["Uppercut","Armaments"],"picked":"Juggernaut","floor":25},{"not_picked":["Pommel Strike","Rampage+1"],"picked":"Body Slam","floor":28}],"player_experience":2145642,"relics_obtained":[{"floor":7,"key":"War Paint"},{"floor":9,"key":"Red Skull"},{"floor":12,"key":"Regal Pillow"},{"floor":25,"key":"Shovel"},{"floor":26,"key":"Paper Frog"}],"event_choices":[{"damage_healed":0,"gold_gain":0,"player_choice":"Bought 0 Potions","damage_taken":0,"max_hp_gain":0,"max_hp_loss":0,"event_name":"The Woman in Blue","floor":2,"gold_loss":0},{"damage_healed":0,"gold_gain":0,"player_choice":"Entered Light","damage_taken":23,"max_hp_gain":0,"max_hp_loss":0,"event_name":"Shining Light","floor":8,"gold_loss":0,"cards_upgraded":["Shrug It Off","Defend_R"]},{"damage_healed":0,"gold_gain":0,"player_choice":"2 cards matched","damage_taken":0,"max_hp_gain":0,"max_hp_loss":0,"event_name":"Match and Keep!","floor":10,"gold_loss":0,"cards_obtained":["Shrug It Off","Clumsy"]}],"is_beta":false,"boss_relics":[{"not_picked":["Coffee Dripper","Fusion Hammer"],"picked":"Cursed Key"}],"items_purged_floors":[4,20,27],"is_endless":false,"potions_floor_spawned":[1,3,11,14,16,19,22,25],"killed_by":"Snake Plant","ascension_level":18}}