{"host":"mytek2nu1hrzdnew","time":1609600430,"event":{"mods":["Aspiration","BaseMod","Conspire","Evolution","GifTheSpireLib","Gold Saver","Hubris","Minty Spire (QoL Compilation)","Replay The Spire","StSLib","Stuff the Spire","Uncapped"],"gold_per_floor":[1143,803,803,813,813,841,841,861,886,886,905,925,953,953,953,1050,1050,1068,1081,713,724,724,724],"floor_reached":22,"playtime":1446,"items_purged":["Bash","Armaments"],"score":196,"play_id":"84eb1545-3144-484a-81c6-c6041fa67886","local_time":"20210102101350","is_ascension_mode":false,"campfire_choices":[{"data":"Armaments","floor":7,"key":"SMITH"},{"data":"Barricade","floor":10,"key":"SMITH"},{"data":"Armaments","floor":15,"key":"SMITH"}],"circlet_count":0,"master_deck":["Thunderclap","Thunderclap","Thunderclap","Armaments+1","Armaments+1","Armaments","Run Through","Barricade+1","Iron Wave","Spot Weakness","ReplayTheSpireMod:Limb From Limb","Demonic Infusion","StuffTheSpire:Slingshot","Rampage","Juggernaut","Crow Ritual"],"relics":["Burning Blood","EVO:Axolotl","aspiration:Nostalgia","Sizzling Blood","Membership Card","Omamori","Potion Belt","Dream Catcher","Magic Flower","Black Star","Chemical X","Strawberry"],"acts_visited":["Exordium","TheCity"],"potions_floor_usage":[6,16,21],"damage_taken":[{"damage":7,"enemies":"Small Slimes","floor":1,"turns":3},{"damage":0,"enemies":"2 Louse","floor":4,"turns":4},{"damage":5,"enemies":"3 Sentries","floor":6,"turns":4},{"damage":1,"enemies":"Cultist","floor":8,"turns":4},{"damage":2,"enemies":"Blue Slaver","floor":11,"turns":4},{"damage":10,"enemies":"Exordium Thugs","floor":12,"turns":3},{"damage":4,"enemies":"Lagavulin","floor":13,"turns":9},{"damage":17,"enemies":"Fading Forest","floor":16,"turns":11},{"damage":14,"enemies":"3 Byrds","floor":18,"turns":5},{"damage":5,"enemies":"Chosen","floor":19,"turns":4},{"damage":55,"enemies":"Snecko","floor":21,"turns":6},{"damage":52,"enemies":"3 Cultists","floor":22,"turns":4}],"seed_played":"-5213271663460903685","potions_obtained":[{"floor":1,"key":"Venom Potion"},{"floor":4,"key":"AttackPotion"},{"floor":13,"key":"BlessingOfTheForge"},{"floor":18,"key":"Toxic Potion"},{"floor":21,"key":"Milkshake"}],"is_trial":false,"path_per_floor":["M","$","?","M","?","E","R","M","T","R","M","M","E","?","R","B",null,"M","M","$","M","M"],"character_chosen":"IRONCLAD","items_purchased":["Membership Card","Omamori","Barricade","Chemical X","Strawberry","Juggernaut","Crow Ritual"],"campfire_rested":0,"item_purchase_floors":[2,2,2,20,20,20,20],"current_hp_per_floor":[85,85,85,85,85,85,85,85,85,85,85,85,85,85,85,85,85,85,85,92,52,0,0],"gold":724,"neow_bonus":"NOSTALGIA","is_daily":false,"chose_seed":false,"campfire_upgraded":3,"win_rate":0.0,"timestamp":1609600430,"path_taken":["M","$","?","M","?","E","R","M","T","R","M","M","E","?","R","BOSS","M","?","$","M","M"],"items_purchased_type":["Relic","Relic","Card","Relic","Relic","Card","Card"],"build_version":"2020-12-22","purchased_purges":2,"victory":false,"max_hp_per_floor":[85,85,85,85,85,85,85,85,85,85,85,85,85,85,85,85,85,85,85,92,92,92,92],"card_choices":[{"not_picked":["Wild Strike","Pommel Strike"],"picked":"Run Through","floor":1},{"not_picked":["Shockwave","Warcry"],"picked":"Iron Wave","floor":4},{"not_picked":["Twin Strike","Rupture","Clash"],"picked":"SKIP","floor":6},{"not_picked":["Headbutt","Flex"],"picked":"Spot Weakness","floor":8},{"not_picked":["Ghostly Armor","True Grit","Cleave"],"picked":"SKIP","floor":11},{"not_picked":["Cleave","Entrench","Heavy Blade"],"picked":"SKIP","floor":12},{"not_picked":["Pommel Strike","Exhume"],"picked":"ReplayTheSpireMod:Limb From Limb","floor":13},{"not_picked":["Offering","conspire:Purge"],"picked":"Demonic Infusion","floor":16},{"not_picked":["Spot Weakness","Perfected Strike+1"],"picked":"StuffTheSpire:Slingshot","floor":18},{"not_picked":["True Grit","Headbutt"],"picked":"Rampage","floor":19},{"not_picked":["Warcry","Sword Boomerang","Uppercut+1"],"picked":"SKIP","floor":21}],"player_experience":979642,"relics_obtained":[{"floor":6,"key":"Potion Belt"},{"floor":9,"key":"Dream Catcher"},{"floor":13,"key":"Magic Flower"}],"event_choices":[{"cards_removed":["Thunderclap"],"damage_healed":0,"gold_gain":0,"player_choice":"Forget","damage_taken":0,"max_hp_gain":0,"max_hp_loss":0,"event_name":"Living Wall","floor":3,"gold_loss":0},{"damage_healed":0,"gold_gain":0,"player_choice":"Disagree","damage_taken":0,"max_hp_gain":0,"max_hp_loss":0,"event_name":"conspire:LoneGhost","floor":5,"gold_loss":0},{"cards_removed":["Thunderclap"],"damage_healed":0,"gold_gain":0,"player_choice":"Purged","damage_taken":0,"max_hp_gain":0,"max_hp_loss":0,"event_name":"Purifier","floor":14,"gold_loss":0}],"is_beta":false,"boss_relics":[{"not_picked":["Astrolabe","Painkiller Herb"],"picked":"Black Star"}],"items_purged_floors":[2,20],"is_endless":false,"potions_floor_spawned":[1,4,8,13,16,18,21],"killed_by":"3 Cultists","ascension_level":0}}