{"host":"6hzrz31j95f2y1pa","time":1609578501,"event":{"mods":["BaseMod","Colored Map","Downfall","Minty Spire (QoL Compilation)","StSLib"],"gold_per_floor":[99,116,116,31,46,80,107,117,117,117,117],"floor_reached":9,"playtime":355,"items_purged":[],"score":95,"play_id":"f40b0511-893a-436c-aa45-f4b03b81b696","local_time":"20210102040821","is_ascension_mode":true,"campfire_choices":[{"data":"champ:PerfectForm","floor":1,"key":"SMITH"}],"circlet_count":0,"master_deck":["AscendersBane","champ:Strike","champ:Strike","champ:Strike","champ:Strike","champ:Defend","champ:Defend","champ:Defend","champ:Defend","champ:Execute","champ:Taunt","champ:PerfectForm+1","champ:CalledShot","champ:FaceSlap","champ:SkillfulDodge","champ:BringItOn","champ:GutPunch"],"relics":["champ:ChampionCrown","champ:LiftRelic","Bottled Lightning","Nunchaku"],"acts_visited":["Exordium"],"potions_floor_usage":[6,6,9],"damage_taken":[{"damage":12,"enemies":"Small Slimes","floor":2,"turns":4},{"damage":10,"enemies":"downfall:FleeingMerchant","floor":4,"turns":4},{"damage":10,"enemies":"2 Louse","floor":5,"turns":4},{"damage":37,"enemies":"Gremlin Nob","floor":6,"turns":5},{"damage":0,"enemies":"Cultist","floor":8,"turns":2},{"damage":50,"enemies":"Lagavulin","floor":9,"turns":5}],"seed_played":"8066380209143384720","potions_obtained":[{"floor":2,"key":"AttackPotion"},{"floor":5,"key":"Block Potion"},{"floor":6,"key":"SkillPotion"}],"is_trial":false,"path_per_floor":["R","M","?","$","M","E","T","M","E"],"character_chosen":"THE_CHAMP","items_purchased":["champ:SkillfulDodge"],"campfire_rested":0,"item_purchase_floors":[4],"current_hp_per_floor":[81,74,74,74,69,42,42,42,0,0,0],"gold":117,"neow_bonus":"THREE_RARE_CARDS","is_daily":false,"chose_seed":false,"campfire_upgraded":1,"win_rate":0.0,"timestamp":1609578501,"path_taken":["R","M","?","$","M","E","T","M","E"],"items_purchased_type":["Card"],"build_version":"2020-12-22","purchased_purges":0,"victory":false,"max_hp_per_floor":[81,81,81,81,81,81,81,81,81,81,81],"card_choices":[{"not_picked":["champ:EnchantSword","champ:ShieldSlam"],"picked":"champ:PerfectForm","floor":0},{"not_picked":["champ:BladeFlurry","champ:TornadoPunch"],"picked":"champ:CalledShot","floor":2},{"not_picked":["champ:Duel","champ:CalledShot"],"picked":"champ:FaceSlap","floor":4},{"not_picked":["champ:FightOn","champ:HeartStrike"],"picked":"champ:BringItOn","floor":5},{"not_picked":["champ:HeartStrike","champ:FocusedDefense"],"picked":"champ:GutPunch","floor":6},{"not_picked":["champ:StanceDance","champ:ShieldWall","champ:BladeFlurry"],"picked":"SKIP","floor":8}],"player_experience":1272114,"relics_obtained":[{"floor":6,"key":"Bottled Lightning"},{"floor":7,"key":"Nunchaku"}],"event_choices":[],"is_beta":false,"boss_relics":[],"items_purged_floors":[],"is_endless":false,"potions_floor_spawned":[2,5,6],"killed_by":"Lagavulin","ascension_level":11}}