{"host":"poshtwjux72eqzmy","time":1609620954,"event":{"mods":["BaseMod","Bestiary","Block Reminder","Colored Powertips","Highlight Path","Minty Spire (QoL Compilation)","Quick Restart","Relic Stats","ojb\u0027s Info Mod"],"gold_per_floor":[115,40,115,115,36,68,68,94,94,94,94,109,123,138,138,214,214,154,154,154,154,154,154,154,154,154,0,0,0,0,0,0,0,0,0,0,0,0,0,0,0,0,0,0,0,0,0,0,0,0,0],"floor_reached":50,"playtime":4389,"items_purged":["Strike_G","Strike_G"],"score":1188,"play_id":"6d25dc18-be6c-4194-9b9a-dce083d8a078","local_time":"20210102225554","is_ascension_mode":true,"campfire_choices":[{"data":"Dagger Spray","floor":7.0,"key":"SMITH"},{"data":"Poisoned Stab","floor":10.0,"key":"SMITH"},{"data":"Backflip","floor":15.0,"key":"SMITH"},{"data":"Burst","floor":24.0,"key":"SMITH"},{"floor":28.0,"key":"REST"},{"data":"Well Laid Plans","floor":32.0,"key":"SMITH"},{"floor":41,"key":"REST"},{"data":"Wraith Form v2","floor":44,"key":"SMITH"},{"data":"Crippling Poison","floor":46,"key":"SMITH"},{"floor":49,"key":"REST"}],"circlet_count":0,"master_deck":["AscendersBane","Strike_G","Defend_G","Defend_G","Defend_G","Defend_G","Defend_G","Survivor","Neutralize","Poisoned Stab+1","Leg Sweep","Dagger Spray+1","Blade Dance","Well Laid Plans+1","Backflip+1","Backstab","Bouncing Flask","Burst+1","Blur","Crippling Poison+1","Choke+1","Malaise","Terror","Backflip+1","Wraith Form v2+1","Blade Dance+1","Secret Weapon","Flying Knee+1","Outmaneuver+1"],"relics":["Ring of the Snake","NeowsBlessing","Question Card","Nunchaku","Letter Opener","Ectoplasm","Omamori","Ice Cream","Empty Cage","MawBank","CaptainsWheel","Snake Skull"],"acts_visited":["Exordium","TheCity","TheBeyond"],"potions_floor_usage":[40,47,50],"damage_taken":[{"damage":0.0,"enemies":"Cultist","floor":1.0,"turns":1.0},{"damage":0.0,"enemies":"3 Sentries","floor":6.0,"turns":1.0},{"damage":0.0,"enemies":"Gremlin Nob","floor":8.0,"turns":1.0},{"damage":0.0,"enemies":"2 Louse","floor":12.0,"turns":2.0},{"damage":0.0,"enemies":"Small Slimes","floor":13.0,"turns":2.0},{"damage":1.0,"enemies":"2 Fungi Beasts","floor":14.0,"turns":3.0},{"damage":39.0,"enemies":"Hexaghost","floor":16.0,"turns":11.0},{"damage":1.0,"enemies":"2 Thieves","floor":18.0,"turns":4.0},{"damage":10.0,"enemies":"Shell Parasite","floor":20.0,"turns":6.0},{"damage":0.0,"enemies":"Snecko","floor":22.0,"turns":5.0},{"damage":6.0,"enemies":"Slavers","floor":23.0,"turns":6.0},{"damage":25.0,"enemies":"Book of Stabbing","floor":25.0,"turns":6.0},{"damage":0.0,"enemies":"Snake Plant","floor":29.0,"turns":4.0},{"damage":13.0,"enemies":"Collector","floor":33.0,"turns":18.0},{"damage":4.0,"enemies":"Orb Walker","floor":35.0,"turns":4.0},{"damage":7.0,"enemies":"3 Darklings","floor":37.0,"turns":6.0},{"damage":8.0,"enemies":"Sphere and 2 Shapes","floor":39.0,"turns":8.0},{"damage":38,"enemies":"Giant Head","floor":40,"turns":8},{"damage":16,"enemies":"Reptomancer","floor":47,"turns":9},{"damage":16,"enemies":"Maw","floor":48,"turns":7},{"damage":62,"enemies":"Time Eater","floor":50,"turns":18}],"seed_played":"4656375503149857312","potions_obtained":[{"floor":8.0,"key":"EssenceOfSteel"},{"floor":14.0,"key":"Dexterity Potion"},{"floor":20.0,"key":"Strength Potion"},{"floor":21.0,"key":"BlessingOfTheForge"},{"floor":23.0,"key":"Energy Potion"},{"floor":25.0,"key":"GamblersBrew"},{"floor":37.0,"key":"Explosive Potion"},{"floor":39.0,"key":"Ancient Potion"},{"floor":47,"key":"Explosive Potion"}],"is_trial":false,"path_per_floor":["M","$","?","?","$","E","R","E","T","R","?","M","M","M","R","B",null,"M","?","M","?","M","E","R","E","T","$","R","M","$","?","R","B",null,"M","?","M","?","M","E","R","?","T","R","?","R","E","M","R","B"],"character_chosen":"THE_SILENT","items_purchased":["Leg Sweep","Block Potion"],"campfire_rested":3,"item_purchase_floors":[5,27],"current_hp_per_floor":[59,59,48,48,48,48,48,48,48,48,48,48,48,47,47,8,52,51,51,41,41,41,35,35,10,10,10,29,29,29,29,29,16,54,50,50,43,43,35,1,20,20,20,20,66,66,50,34,53,0,0],"gold":0,"neow_bonus":"THREE_ENEMY_KILL","is_daily":false,"chose_seed":false,"campfire_upgraded":7,"win_rate":0.0,"timestamp":1609620954,"path_taken":["M","$","?","?","$","E","R","E","T","R","?","M","M","?","R","BOSS","M","?","M","?","M","E","R","E","T","$","R","?","$","?","R","BOSS","M","?","?","?","?","E","R","?","T","R","?","R","E","M","R","BOSS"],"items_purchased_type":["Card","Potion"],"build_version":"2020-12-22","purchased_purges":2,"victory":false,"max_hp_per_floor":[66,66,66,66,66,66,66,66,66,66,66,66,66,66,66,66,66,66,66,66,66,66,66,66,66,66,66,66,66,66,66,66,66,66,66,66,66,66,66,66,66,66,66,66,66,66,66,66,66,66,66],"relic_stats":{"Nunchaku":[25],"counters":[21,130],"Ectoplasm":800,"Snake Skull":[22],"Letter Opener":[364],"Question Card":19,"MawBank":0,"obtain_stats":[{"Ice Cream":25,"Nunchaku":8,"CaptainsWheel":43,"NeowsBlessing":0,"Ectoplasm":17,"Snake Skull":47,"Omamori":23,"Letter Opener":9,"Question Card":6,"Empty Cage":34,"MawBank":40,"Ring of the Snake":0},{"Ice Cream":12,"Nunchaku":3,"CaptainsWheel":18,"NeowsBlessing":0,"Ectoplasm":7,"Snake Skull":19,"Omamori":11,"Letter Opener":3,"Question Card":2,"Empty Cage":14,"MawBank":18,"Ring of the Snake":0},{"Ice Cream":48,"Nunchaku":3,"CaptainsWheel":96,"NeowsBlessing":0,"Ectoplasm":21,"Snake Skull":105,"Omamori":42,"Letter Opener":3,"Question Card":2,"Empty Cage":70,"MawBank":96,"Ring of the Snake":0}],"Ring of the Snake":[42]},"card_choices":[{"not_picked":["Deflect","Slice"],"picked":"Poisoned Stab","floor":1.0},{"not_picked":["Eviscerate","Choke"],"picked":"Dagger Spray","floor":6.0},{"not_picked":["Flying Knee","Outmaneuver","Concentrate"],"picked":"Blade Dance","floor":8.0},{"not_picked":["Acrobatics","Quick Slash","Outmaneuver"],"picked":"Backflip","floor":12.0},{"not_picked":["Reflex","Cloak And Dagger","All Out Attack"],"picked":"Backstab","floor":13.0},{"not_picked":["Outmaneuver","Expertise","Dagger Throw"],"picked":"Bouncing Flask","floor":14.0},{"not_picked":["Phantasmal Killer","Night Terror","Die Die Die"],"picked":"Burst","floor":16.0},{"not_picked":["Skewer","Deflect","Outmaneuver"],"picked":"Blur","floor":18.0},{"not_picked":["Underhanded Strike","Deadly Poison","Acrobatics","Dagger Throw"],"picked":"SKIP","floor":20.0},{"not_picked":["Blade Dance","Dagger Throw","Prepared"],"picked":"Choke+1","floor":22.0},{"not_picked":["Distraction","Outmaneuver","Slice","Bouncing Flask"],"picked":"SKIP","floor":23.0},{"not_picked":["Dodge and Roll","Riddle With Holes","Predator+1"],"picked":"Malaise","floor":25.0},{"not_picked":["Poisoned Stab","Slice","Cloak And Dagger"],"picked":"Terror","floor":29.0},{"not_picked":["Venomology","Corpse Explosion","Adrenaline"],"picked":"Wraith Form v2","floor":33.0},{"not_picked":["Bane","Dodge and Roll","Quick Slash","Flying Knee"],"picked":"SKIP","floor":35.0},{"not_picked":["Leg Sweep","Dodge and Roll","Underhanded Strike","Dagger Throw+1"],"picked":"SKIP","floor":37.0},{"not_picked":["Sucker Punch","Flechettes","Masterful Stab"],"picked":"Blade Dance+1","floor":39.0},{"not_picked":["Caltrops","Cloak And Dagger","Outmaneuver","All Out Attack+1"],"picked":"SKIP","floor":40},{"not_picked":["Good Instincts","Jack Of All Trades","Transmutation"],"picked":"Secret Weapon","floor":42},{"not_picked":["Prepared","Dodge and Roll+1","Dagger Spray+1"],"picked":"Flying Knee+1","floor":47},{"not_picked":["Prepared","Blade Dance","Skewer"],"picked":"Outmaneuver+1","floor":48}],"player_experience":1011313,"relics_obtained":[{"floor":6.0,"key":"Question Card"},{"floor":8.0,"key":"Nunchaku"},{"floor":9.0,"key":"Letter Opener"},{"floor":23.0,"key":"Omamori"},{"floor":25.0,"key":"Ice Cream"},{"floor":40,"key":"MawBank"},{"floor":43,"key":"CaptainsWheel"},{"floor":47,"key":"Snake Skull"}],"event_choices":[{"damage_healed":0.0,"max_hp_gain":0.0,"max_hp_loss":0.0,"gold_gain":75.0,"event_name":"World of Goop","player_choice":"Gather Gold","floor":3.0,"gold_loss":0.0,"damage_taken":11.0},{"damage_healed":0.0,"max_hp_gain":0.0,"max_hp_loss":0.0,"gold_gain":0.0,"event_name":"The Cleric","player_choice":"Leave","floor":4.0,"gold_loss":0.0,"damage_taken":0.0},{"damage_healed":0.0,"max_hp_gain":0.0,"max_hp_loss":0.0,"gold_gain":0.0,"event_name":"Match and Keep!","player_choice":"1 cards matched","floor":11.0,"gold_loss":0.0,"damage_taken":0.0,"cards_obtained":["Well Laid Plans"]},{"damage_healed":0.0,"max_hp_gain":0.0,"max_hp_loss":0.0,"gold_gain":0.0,"event_name":"The Library","player_choice":"Read","floor":19.0,"gold_loss":0.0,"damage_taken":0.0,"cards_obtained":["Crippling Poison"]},{"damage_healed":0.0,"max_hp_gain":0.0,"max_hp_loss":0.0,"gold_gain":0.0,"event_name":"Lab","player_choice":"Got Potions","floor":21.0,"gold_loss":0.0,"damage_taken":0.0},{"damage_healed":0.0,"max_hp_gain":0.0,"max_hp_loss":0.0,"gold_gain":0.0,"event_name":"Duplicator","player_choice":"Copied","floor":31.0,"gold_loss":0.0,"damage_taken":0.0,"cards_obtained":["Backflip"]},{"damage_healed":0.0,"max_hp_gain":0.0,"max_hp_loss":0.0,"gold_gain":0.0,"event_name":"Match and Keep!","player_choice":"0 cards matched","floor":36.0,"gold_loss":0.0,"damage_taken":0.0,"cards_obtained":[]},{"damage_healed":0.0,"max_hp_gain":0.0,"max_hp_loss":0.0,"gold_gain":275.0,"event_name":"Golden Shrine","player_choice":"Desecrate","floor":38.0,"gold_loss":0.0,"damage_taken":0.0,"cards_obtained":["Regret"]},{"damage_healed":0,"gold_gain":0,"player_choice":"Memory 1","damage_taken":0,"max_hp_gain":0,"max_hp_loss":0,"event_name":"SensoryStone","floor":42,"gold_loss":0},{"damage_healed":46,"gold_gain":0,"player_choice":"Heal","damage_taken":0,"max_hp_gain":0,"max_hp_loss":0,"event_name":"MindBloom","floor":45,"gold_loss":0,"cards_obtained":["Doubt"]}],"is_beta":false,"boss_relics":[{"not_picked":["Velvet Choker","Ring of the Serpent"],"picked":"Ectoplasm"},{"not_picked":["Runic Pyramid","SlaversCollar"],"picked":"Empty Cage"}],"items_purged_floors":[2,27],"is_endless":false,"potions_floor_spawned":[8,14,20,23,25,37,39,47],"killed_by":"Time Eater","ascension_level":20}}