{"host":"vl29iwkwnyytuw8q","time":1609601982,"event":{"mods":["BaseMod","Minty Spire (QoL Compilation)","Permanent Neow","Relic Stats","StSLib"],"gold_per_floor":[112,130,130,130,148,174,188,188,213,213,213,242,132,147,147,219,219,236,236,68,68,86,118,118,118,145,168,118,129,146,178,178,254,254,265,265,215,231,231,262,140,140,140,140,140,175,175,195,195,195,195,195,32,65,65,65],"floor_reached":55,"playtime":2114,"items_purged":["Strike_R","Strike_R","Strike_R","Defend_R","Magnetism"],"score":1290,"play_id":"76c2e6b4-118e-41d4-8a31-1bc3d142d0d2","local_time":"20210102163942","is_ascension_mode":true,"campfire_choices":[{"floor":8.0,"key":"REST"},{"data":"Rupture","floor":15.0,"key":"SMITH"},{"floor":25.0,"key":"REST"},{"data":"Demon Form","floor":32.0,"key":"SMITH"},{"data":"Feel No Pain","floor":42,"key":"SMITH"},{"data":"Heavy Blade","floor":45,"key":"SMITH"},{"floor":49,"key":"RECALL"},{"data":"Brutality","floor":52,"key":"SMITH"}],"circlet_count":0,"master_deck":["AscendersBane","Strike_R+1","Defend_R","Defend_R+1","Defend_R+1","Bash+1","Sword Boomerang","Bloodletting","Reaper+1","Shrug It Off","Thunderclap","Feel No Pain+1","Rupture+1","Offering","Heavy Blade+1","Spot Weakness+1","Juggernaut","Whirlwind","Infernal Blade+1","Demon Form+1","Brutality+1","Ghostly Armor+1","Feel No Pain","Impervious"],"relics":["Snecko Eye","Whetstone","Bronze Scales","Akabeko","Boot","Philosopher\u0027s Stone","Centennial Puzzle","Vajra","Smiling Mask","Toy Ornithopter","Black Star","Letter Opener","CaptainsWheel","TungstenRod","Red Skull","Ancient Tea Set","Lantern","Gremlin Horn"],"acts_visited":["Exordium","TheCity","TheBeyond","TheEnding"],"potions_floor_usage":[36,40,46,50,54],"damage_taken":[{"damage":2.0,"enemies":"2 Louse","floor":1.0,"turns":4.0},{"damage":3.0,"enemies":"Small Slimes","floor":2.0,"turns":3.0},{"damage":0.0,"enemies":"Cultist","floor":5.0,"turns":3.0},{"damage":30.0,"enemies":"Lagavulin","floor":6.0,"turns":6.0},{"damage":6.0,"enemies":"2 Fungi Beasts","floor":7.0,"turns":3.0},{"damage":18.0,"enemies":"Gremlin Nob","floor":12.0,"turns":4.0},{"damage":19.0,"enemies":"Gremlin Gang","floor":14.0,"turns":3.0},{"damage":43.0,"enemies":"The Guardian","floor":16.0,"turns":10.0},{"damage":15.0,"enemies":"Chosen","floor":18.0,"turns":4.0},{"damage":21.0,"enemies":"Spheric Guardian","floor":22.0,"turns":5.0},{"damage":40.0,"enemies":"Gremlin Leader","floor":23.0,"turns":5.0},{"damage":14.0,"enemies":"Snecko","floor":29.0,"turns":4.0},{"damage":6.0,"enemies":"3 Cultists","floor":30.0,"turns":1.0},{"damage":10.0,"enemies":"Book of Stabbing","floor":31.0,"turns":2.0},{"damage":31.0,"enemies":"Automaton","floor":33.0,"turns":6.0},{"damage":6.0,"enemies":"3 Shapes","floor":35.0,"turns":1.0},{"damage":31,"enemies":"3 Darklings","floor":38,"turns":3},{"damage":58,"enemies":"Giant Head","floor":40,"turns":6},{"damage":29,"enemies":"Reptomancer","floor":46,"turns":4},{"damage":35,"enemies":"Maw","floor":48,"turns":4},{"damage":41,"enemies":"Time Eater","floor":50,"turns":6},{"damage":48,"enemies":"Shield and Spear","floor":54,"turns":4},{"damage":83,"enemies":"The Heart","floor":55,"turns":5}],"seed_played":"1627052762753780353","potions_obtained":[{"floor":5.0,"key":"AttackPotion"},{"floor":6.0,"key":"Energy Potion"},{"floor":18.0,"key":"LiquidBronze"},{"floor":29.0,"key":"BloodPotion"},{"floor":33.0,"key":"AttackPotion"},{"floor":36,"key":"DuplicationPotion"},{"floor":36,"key":"DistilledChaos"}],"is_trial":false,"path_per_floor":["M","M","?","?","M","E","M","R","T","?","?","E","$","M","R","B",null,"M","?","$","?","M","E","?","R","T","T","$","M","M","E","R","B",null,"M","?","$","M","$","E","$","R","T","?","R","E","T","M","R","B",null,"R","$","E","B"],"character_chosen":"IRONCLAD","items_purchased":["Feel No Pain","Magnetism","DistilledChaos","GamblersBrew","Feel No Pain"],"campfire_rested":2,"item_purchase_floors":[13,20,41,53,53],"current_hp_per_floor":[66,63,56,41,41,17,21,43,43,36,36,31,31,59,59,32,64,56,56,56,56,40,36,22,46,46,46,46,56,50,58,58,32,68,62,80,80,62,62,63,63,63,63,63,63,60,60,39,39,67,74,74,74,65,0,0],"gold":65,"neow_bonus":"BOSS_RELIC","is_daily":false,"chose_seed":false,"campfire_upgraded":5,"win_rate":0.0,"timestamp":1609601982,"path_taken":["M","M","?","?","M","E","M","R","T","?","?","E","$","M","R","BOSS","M","?","$","?","?","E","?","R","T","?","$","?","M","E","R","BOSS","M","?","$","M","$","E","?","R","T","?","R","E","?","?","R","BOSS","R","$","E","BOSS"],"items_purchased_type":["Card","Card","Potion","Potion","Card"],"build_version":"2020-12-22","purchased_purges":5,"victory":false,"max_hp_per_floor":[75,75,75,75,75,75,75,75,75,75,75,75,75,75,75,75,75,75,75,75,75,75,75,80,80,80,80,80,80,80,80,80,80,80,80,80,80,80,80,80,80,80,80,76,76,76,76,76,76,76,76,76,76,76,76,76],"relic_stats":{"Gremlin Horn":[0,0],"counters":[23,96],"Whetstone":["Strike_R","Bash"],"Letter Opener":[49],"Boot":[11],"Smiling Mask":350,"Centennial Puzzle":[36],"Bronze Scales":[250],"Snecko Eye":[185,183,174,191],"Black Star":3,"obtain_stats":[{"Lantern":54,"Gremlin Horn":54,"Vajra":26,"Whetstone":6,"Letter Opener":40,"Boot":12,"Smiling Mask":27,"Ancient Tea Set":46,"Burning Blood":0,"Akabeko":10,"Centennial Puzzle":23,"CaptainsWheel":40,"Bronze Scales":9,"Snecko Eye":0,"Philosopher\u0027s Stone":17,"Black Star":34,"Toy Ornithopter":31,"TungstenRod":43,"Red Skull":46},{"Lantern":22,"Gremlin Horn":22,"Vajra":11,"Whetstone":4,"Letter Opener":18,"Boot":6,"Smiling Mask":11,"Ancient Tea Set":19,"Burning Blood":0,"Akabeko":5,"Centennial Puzzle":11,"CaptainsWheel":18,"Bronze Scales":5,"Snecko Eye":0,"Philosopher\u0027s Stone":8,"Black Star":15,"Toy Ornithopter":14,"TungstenRod":18,"Red Skull":19},{"Lantern":91,"Gremlin Horn":91,"Vajra":50,"Whetstone":16,"Letter Opener":73,"Boot":23,"Smiling Mask":50,"Ancient Tea Set":77,"Burning Blood":0,"Akabeko":19,"Centennial Puzzle":50,"CaptainsWheel":73,"Bronze Scales":19,"Snecko Eye":0,"Philosopher\u0027s Stone":36,"Black Star":63,"Toy Ornithopter":57,"TungstenRod":73,"Red Skull":77}],"Toy Ornithopter":27,"TungstenRod":52},"card_choices":[{"not_picked":["True Grit","Iron Wave"],"picked":"Sword Boomerang","floor":1.0},{"not_picked":["Wild Strike","Iron Wave"],"picked":"Bloodletting","floor":2.0},{"not_picked":["Warcry","Combust"],"picked":"Reaper","floor":5.0},{"not_picked":["Heavy Blade","Seeing Red"],"picked":"Shrug It Off","floor":6.0},{"not_picked":["Perfected Strike","Anger","Combust"],"picked":"SKIP","floor":7.0},{"not_picked":["Headbutt","Ghostly Armor"],"picked":"Thunderclap","floor":12.0},{"not_picked":["Shockwave","Brutality"],"picked":"Rupture","floor":14.0},{"not_picked":["Fiend Fire","Berserk"],"picked":"Offering","floor":16.0},{"not_picked":["True Grit","Cleave"],"picked":"Heavy Blade","floor":18.0},{"not_picked":["Pommel Strike+1","Dual Wield"],"picked":"Juggernaut","floor":22.0},{"not_picked":["Twin Strike","Headbutt"],"picked":"Whirlwind","floor":23.0},{"not_picked":["Armaments","Cleave","Perfected Strike"],"picked":"SKIP","floor":29.0},{"not_picked":["Whirlwind","Flex+1","Infernal Blade+1"],"picked":"SKIP","floor":30.0},{"not_picked":["Whirlwind","Flex+1"],"picked":"Infernal Blade+1","floor":30.0},{"not_picked":["Disarm","Sword Boomerang"],"picked":"Demon Form","floor":31.0},{"not_picked":["Reaper","Juggernaut"],"picked":"Brutality","floor":33.0},{"not_picked":["Havoc","Anger","Feel No Pain"],"picked":"SKIP","floor":35},{"not_picked":["Sword Boomerang","Cleave","Perfected Strike"],"picked":"SKIP","floor":38},{"not_picked":["Warcry","Anger","Havoc"],"picked":"SKIP","floor":40},{"not_picked":["Sword Boomerang","Iron Wave+1"],"picked":"Ghostly Armor+1","floor":46},{"not_picked":["Iron Wave+1","Havoc","Rupture"],"picked":"SKIP","floor":48},{"not_picked":["Wild Strike+1","Evolve"],"picked":"Impervious","floor":54}],"player_experience":614984,"relics_obtained":[{"floor":6.0,"key":"Whetstone"},{"floor":9.0,"key":"Bronze Scales"},{"floor":12.0,"key":"Boot"},{"floor":23.0,"key":"Centennial Puzzle"},{"floor":26.0,"key":"Vajra"},{"floor":27.0,"key":"Smiling Mask"},{"floor":31.0,"key":"Toy Ornithopter"},{"floor":40,"key":"Letter Opener"},{"floor":40,"key":"CaptainsWheel"},{"floor":43,"key":"TungstenRod"},{"floor":46,"key":"Red Skull"},{"floor":46,"key":"Ancient Tea Set"},{"floor":54,"key":"Lantern"},{"floor":54,"key":"Gremlin Horn"}],"event_choices":[{"cards_removed":["Strike_R"],"damage_healed":0.0,"max_hp_gain":0.0,"max_hp_loss":0.0,"gold_gain":0.0,"event_name":"Golden Wing","player_choice":"Card Removal","floor":3.0,"gold_loss":0.0,"damage_taken":7.0},{"damage_healed":0.0,"max_hp_gain":0.0,"max_hp_loss":0.0,"gold_gain":0.0,"event_name":"Shining Light","player_choice":"Entered Light","floor":4.0,"gold_loss":0.0,"damage_taken":15.0,"cards_upgraded":["Defend_R","Defend_R"]},{"damage_healed":0.0,"max_hp_gain":0.0,"max_hp_loss":0.0,"gold_gain":0.0,"event_name":"Scrap Ooze","player_choice":"Success","floor":10.0,"gold_loss":0.0,"damage_taken":7.0,"relics_obtained":["Akabeko"]},{"damage_healed":0.0,"max_hp_gain":0.0,"max_hp_loss":0.0,"gold_gain":0.0,"event_name":"Upgrade Shrine","player_choice":"Upgraded","floor":11.0,"gold_loss":0.0,"damage_taken":0.0,"cards_upgraded":["Reaper"]},{"damage_healed":0.0,"max_hp_gain":0.0,"max_hp_loss":0.0,"gold_gain":0.0,"event_name":"The Library","player_choice":"Read","floor":19.0,"gold_loss":0.0,"damage_taken":0.0,"cards_obtained":["Spot Weakness"]},{"damage_healed":0.0,"max_hp_gain":0.0,"max_hp_loss":0.0,"gold_gain":0.0,"event_name":"Upgrade Shrine","player_choice":"Upgraded","floor":21.0,"gold_loss":0.0,"damage_taken":0.0,"cards_upgraded":["Spot Weakness"]},{"damage_healed":0.0,"max_hp_gain":5.0,"max_hp_loss":0.0,"gold_gain":0.0,"event_name":"Forgotten Altar","player_choice":"Shed Blood","floor":24.0,"gold_loss":0.0,"damage_taken":19.0},{"damage_healed":0,"gold_gain":0,"player_choice":"Got Potions","damage_taken":0,"max_hp_gain":0,"max_hp_loss":0,"event_name":"Lab","floor":36,"gold_loss":0},{"damage_healed":0,"gold_gain":0,"player_choice":"Max HP","damage_taken":0,"max_hp_gain":0,"max_hp_loss":4,"event_name":"Winding Halls","floor":44,"gold_loss":0}],"is_beta":false,"boss_relics":[{"not_picked":["Astrolabe","Ectoplasm"],"picked":"Philosopher\u0027s Stone"},{"not_picked":["Coffee Dripper","Calling Bell"],"picked":"Black Star"}],"items_purged_floors":[13,28,37,41,53],"is_endless":false,"potions_floor_spawned":[5,6,18,29,33,35],"killed_by":"The Heart","ascension_level":14}}