{"host":"tgr1xoidyjfo4u0n","time":1609616578,"event":{"mods":["Act Like it!","BaseMod","CapriCore","Colored Powertips","GifTheSpireLib","Highlight Path","Minty Spire (QoL Compilation)","StSLib"],"gold_per_floor":[111,125,135,135,135,135,149,149,204,204,232,246,279,291,291,389,389,404,419,334,36,51,84,84,113,137,137,62,86,109,109,109,207,207,218,40,40,115,115,115,129,129,129,143,143,143,159,16,16,16,16,16,16,45,45],"floor_reached":56,"playtime":3203,"items_purged":["Strike_G","Strike_G"],"score":1191,"play_id":"f0a1cc0e-08ad-4b93-9a68-84555bfa6ba9","local_time":"20210103034258","is_ascension_mode":false,"campfire_choices":[{"data":"Prepared","floor":6.0,"key":"SMITH"},{"data":"Blade Dance","floor":8.0,"key":"SMITH"},{"data":"Deadly Poison","floor":10.0,"key":"SMITH"},{"data":"Phantasmal Killer","floor":15.0,"key":"SMITH"},{"data":"1","floor":24.0,"key":"LIFT"},{"data":"Tools of the Trade","floor":27.0,"key":"SMITH"},{"data":"Tactician","floor":32.0,"key":"SMITH"},{"floor":40.0,"key":"RECALL"},{"data":"2","floor":42.0,"key":"LIFT"},{"data":"3","floor":46.0,"key":"LIFT"},{"data":"Tools of the Trade","floor":49.0,"key":"SMITH"},{"data":"Blade Dance","floor":52.0,"key":"SMITH"}],"circlet_count":0,"master_deck":["Defend_G","Defend_G","Defend_G","Defend_G","Defend_G","Survivor","Neutralize+1","Blade Dance+1","Backflip","Prepared+1","Eviscerate","Outmaneuver","Tactician+1","Tools of the Trade+1","Eviscerate+1","Die Die Die+1","Blur+1","Prepared","Backflip+1","Adrenaline","Blade Dance+1","Footwork+1","Cloak And Dagger+1","Escape Plan","Footwork","Outmaneuver","Tools of the Trade+1","Expertise+1"],"relics":["Ring of the Snake","Tiny Chest","PreservedInsect","Astrolabe","Tingsha","Girya","Bottled Lightning","Pantograph","Akabeko","Anchor","MealTicket","Dead Branch","Coffee Dripper","Matryoshka","Regal Pillow","Bottled Tornado","Orrery","Centennial Puzzle"],"acts_visited":["Exordium","TheCity","TheBeyond","TheEnding"],"potions_floor_usage":[55,55,55],"damage_taken":[{"damage":0.0,"enemies":"Cultist","floor":1.0,"turns":4.0},{"damage":0.0,"enemies":"2 Louse","floor":2.0,"turns":2.0},{"damage":0.0,"enemies":"Jaw Worm","floor":3.0,"turns":4.0},{"damage":1.0,"enemies":"Exordium Wildlife","floor":7.0,"turns":4.0},{"damage":2.0,"enemies":"Gremlin Nob","floor":11.0,"turns":3.0},{"damage":3.0,"enemies":"2 Fungi Beasts","floor":12.0,"turns":4.0},{"damage":5.0,"enemies":"Lagavulin","floor":13.0,"turns":4.0},{"damage":0.0,"enemies":"Lots of Slimes","floor":14.0,"turns":1.0},{"damage":44.0,"enemies":"The Guardian","floor":16.0,"turns":12.0},{"damage":0.0,"enemies":"3 Byrds","floor":18.0,"turns":3.0},{"damage":0.0,"enemies":"Spheric Guardian","floor":19.0,"turns":2.0},{"damage":9.0,"enemies":"Shelled Parasite and Fungi","floor":22.0,"turns":5.0},{"damage":7.0,"enemies":"Slavers","floor":23.0,"turns":2.0},{"damage":0.0,"enemies":"Gremlin Leader","floor":25.0,"turns":3.0},{"damage":10.0,"enemies":"Automaton","floor":33.0,"turns":6.0},{"damage":0.0,"enemies":"Orb Walker","floor":35.0,"turns":2.0},{"damage":0.0,"enemies":"3 Darklings","floor":41.0,"turns":1.0},{"damage":0.0,"enemies":"Jaw Worm Horde","floor":44.0,"turns":3.0},{"damage":0.0,"enemies":"Transient","floor":47.0,"turns":5.0},{"damage":27.0,"enemies":"Time Eater","floor":50.0,"turns":7.0},{"damage":10.0,"enemies":"Shield and Spear","floor":54.0,"turns":3.0},{"damage":80,"enemies":"The Heart","floor":55,"turns":9}],"seed_played":"6133444129972972331","potions_obtained":[{"floor":1.0,"key":"Poison Potion"},{"floor":2.0,"key":"Regen Potion"},{"floor":11.0,"key":"ColorlessPotion"},{"floor":12.0,"key":"Explosive Potion"},{"floor":13.0,"key":"BlessingOfTheForge"},{"floor":16.0,"key":"Fire Potion"},{"floor":23.0,"key":"Weak Potion"},{"floor":41.0,"key":"SkillPotion"},{"floor":54.0,"key":"FearPotion"}],"is_trial":false,"path_per_floor":["M","M","M","?","?","R","M","R","T","R","E","M","E","M","R","B",null,"M","M","?","$","M","E","R","E","T","R","$","T","T","?","R","B",null,"M","$","?","T","?","R","M","R","T","M","?","R","M","$","R","B",null,"R","$","E","B",null],"character_chosen":"THE_SILENT","items_purchased":["Girya","Footwork","Orrery"],"campfire_rested":0,"item_purchase_floors":[21,36,48],"current_hp_per_floor":[70,70,70,70,70,70,69,69,69,69,67,64,59,59,59,15,70,70,70,70,70,61,54,54,54,54,54,54,54,54,54,54,60,70,70,70,70,70,70,70,70,70,70,70,70,70,70,70,70,43,70,70,70,60,5],"gold":45,"neow_bonus":"UPGRADE_CARD","is_daily":false,"chose_seed":false,"campfire_upgraded":8,"win_rate":0.0,"timestamp":1609616578,"path_taken":["M","M","M","?","?","R","M","R","T","R","E","M","E","M","R","BOSS","M","M","?","?","M","E","R","E","T","R","$","?","?","?","R","BOSS","M","?","?","?","?","R","M","R","T","?","?","R","M","$","R","BOSS","R","$","E","BOSS"],"items_purchased_type":["Relic","Card","Relic"],"build_version":"2020-12-22","purchased_purges":2,"victory":true,"max_hp_per_floor":[70,70,70,70,70,70,70,70,70,70,70,70,70,70,70,70,70,70,70,70,70,70,70,70,70,70,70,70,70,70,70,70,70,70,70,70,70,70,70,70,70,70,70,70,70,70,70,70,70,70,70,70,70,70,70],"card_choices":[{"not_picked":["Well Laid Plans","Poisoned Stab"],"picked":"Blade Dance","floor":1.0},{"not_picked":["Quick Slash","Dodge and Roll"],"picked":"Backflip","floor":2.0},{"not_picked":["Blur","Noxious Fumes"],"picked":"Prepared","floor":3.0},{"not_picked":["Sucker Punch","Poisoned Stab"],"picked":"Deadly Poison","floor":7.0},{"not_picked":["Skewer","Backflip"],"picked":"Eviscerate","floor":11.0},{"not_picked":["Underhanded Strike","Masterful Stab"],"picked":"Phantasmal Killer","floor":12.0},{"not_picked":["Dodge and Roll","Heel Hook"],"picked":"Outmaneuver","floor":13.0},{"not_picked":["Slice","Backflip"],"picked":"Tactician","floor":14.0},{"not_picked":["Unload","Die Die Die"],"picked":"Tools of the Trade","floor":16.0},{"not_picked":["Dagger Spray","Choke","Heel Hook"],"picked":"SKIP","floor":18.0},{"not_picked":["Skewer","Infinite Blades"],"picked":"Prepared","floor":19.0},{"not_picked":["Flying Knee+1","Riddle With Holes+1"],"picked":"Backflip+1","floor":22.0},{"not_picked":["Storm of Steel","Prepared","Noxious Fumes"],"picked":"SKIP","floor":23.0},{"not_picked":["Eviscerate","Dodge and Roll","Outmaneuver"],"picked":"SKIP","floor":25.0},{"not_picked":["Malaise","Burst"],"picked":"Adrenaline","floor":33.0},{"not_picked":["Distraction","Bane+1"],"picked":"Blade Dance","floor":35.0},{"not_picked":["Deadly Poison","Bane","Poisoned Stab+1"],"picked":"SKIP","floor":41.0},{"not_picked":["Bane","Flying Knee","All Out Attack+1"],"picked":"SKIP","floor":44.0},{"not_picked":["Flying Knee","Dash+1"],"picked":"Cloak And Dagger+1","floor":47.0},{"not_picked":["Distraction","Flechettes+1"],"picked":"Escape Plan","floor":48.0},{"not_picked":["Dagger Spray+1","All Out Attack"],"picked":"Footwork","floor":48.0},{"not_picked":["Dagger Spray+1","All Out Attack"],"picked":"Outmaneuver","floor":48.0},{"not_picked":["A Thousand Cuts","All Out Attack"],"picked":"Tools of the Trade","floor":48.0},{"not_picked":["Calculated Gamble","Finisher+1"],"picked":"Expertise+1","floor":54.0}],"player_experience":322386,"relics_obtained":[{"floor":11.0,"key":"Tiny Chest"},{"floor":13.0,"key":"PreservedInsect"},{"floor":23.0,"key":"Bottled Lightning"},{"floor":25.0,"key":"Pantograph"},{"floor":26.0,"key":"Akabeko"},{"floor":29.0,"key":"Anchor"},{"floor":30.0,"key":"MealTicket"},{"floor":38.0,"key":"Matryoshka"},{"floor":43.0,"key":"Regal Pillow"},{"floor":43.0,"key":"Bottled Tornado"},{"floor":54.0,"key":"Centennial Puzzle"}],"event_choices":[{"damage_healed":0.0,"max_hp_gain":0.0,"max_hp_loss":0.0,"gold_gain":0.0,"cards_transformed":["Strike_G"],"event_name":"Living Wall","player_choice":"Change","floor":4.0,"gold_loss":0.0,"damage_taken":0.0,"cards_obtained":["Infinite Blades"]},{"damage_healed":0.0,"max_hp_gain":0.0,"max_hp_loss":0.0,"gold_gain":0.0,"event_name":"Shining Light","player_choice":"Ignored","floor":5.0,"gold_loss":0.0,"damage_taken":0.0},{"damage_healed":0.0,"max_hp_gain":0.0,"max_hp_loss":0.0,"gold_gain":0.0,"event_name":"Addict","player_choice":"Obtained Relic","floor":20.0,"gold_loss":85.0,"damage_taken":0.0,"relics_obtained":["Tingsha"]},{"damage_healed":0.0,"max_hp_gain":0.0,"max_hp_loss":0.0,"gold_gain":0.0,"event_name":"WeMeetAgain","player_choice":"Gave Potion","floor":31.0,"gold_loss":0.0,"damage_taken":0.0,"relics_obtained":["Dead Branch"]},{"damage_healed":0.0,"max_hp_gain":0.0,"max_hp_loss":0.0,"gold_gain":0.0,"event_name":"Upgrade Shrine","player_choice":"Upgraded","floor":37.0,"gold_loss":0.0,"damage_taken":0.0,"cards_upgraded":["Footwork"]},{"cards_removed":["Phantasmal Killer"],"damage_healed":0.0,"max_hp_gain":0.0,"max_hp_loss":0.0,"gold_gain":0.0,"event_name":"Falling","player_choice":"Removed Skill","floor":39.0,"gold_loss":0.0,"damage_taken":0.0},{"cards_removed":["Strike_G"],"damage_healed":0.0,"max_hp_gain":0.0,"max_hp_loss":0.0,"gold_gain":0.0,"event_name":"Bonfire Elementals","player_choice":"Offered Basic","floor":45.0,"gold_loss":0.0,"damage_taken":0.0}],"is_beta":false,"boss_relics":[{"not_picked":["Runic Dome","Ectoplasm"],"picked":"Astrolabe"},{"not_picked":["Runic Pyramid","Black Star"],"picked":"Coffee Dripper"}],"items_purged_floors":[28,36],"is_endless":false,"potions_floor_spawned":[1,2,11,12,13,16,23,25,41,54],"ascension_level":0}}