{"host":"5dk97cf2ubw2v967","time":1609580951,"event":{"mods":["AlwaysNeverKeys","BaseMod","Better Altar","Better Vampires","Block Reminder","Colored Powertips","Downfall","Googly Eyes","Highlight Path","Minty Spire (QoL Compilation)","Permanent Neow","Potion Indicator Mod","Quick Restart","Relic Filter","Relic Stats","Say the Spire","Spicy Shops","StSLib","Waifu the Spire","everything is the same but u backflip on backflip"],"gold_per_floor":[10,24,24,24,99,130,150,150,150],"floor_reached":8,"playtime":296,"items_purged":[],"score":112,"play_id":"0d39c2fd-9466-4041-831e-c500580bebe0","local_time":"20210102094911","is_ascension_mode":true,"campfire_choices":[],"circlet_count":0,"master_deck":["AscendersBane","Strike_R","Strike_R","Strike_R","Strike_R","Strike_R","Defend_R","Defend_R","Defend_R","Defend_R","Bash","Sadistic Nature","Iron Wave","Shrug It Off","Pommel Strike"],"relics":["Burning Blood","Golden Idol","Ancient Tea Set"],"acts_visited":["Exordium"],"potions_floor_usage":[6,8],"damage_taken":[{"damage":1,"enemies":"2 Louse","floor":1,"turns":2},{"damage":9,"enemies":"Jaw Worm","floor":2,"turns":4},{"damage":43,"enemies":"3 Sentries","floor":6,"turns":12},{"damage":0,"enemies":"Small Slimes","floor":7,"turns":4},{"damage":25,"enemies":"Lagavulin","floor":8,"turns":8}],"seed_played":"-6699888923445791381","potions_obtained":[{"floor":1,"key":"BlessingOfTheForge"},{"floor":6,"key":"Dexterity Potion"},{"floor":7,"key":"Dexterity Potion"}],"is_trial":false,"path_per_floor":["M","M","?","$","?","E","M","E"],"character_chosen":"IRONCLAD","items_purchased":[],"campfire_rested":0,"item_purchase_floors":[],"current_hp_per_floor":[73,70,68,68,57,20,26,1,1],"gold":150,"neow_bonus":"RANDOM_COLORLESS_2","is_daily":false,"chose_seed":false,"campfire_upgraded":0,"win_rate":0.0,"timestamp":1609580951,"path_taken":["M","M","?","?","?","E","M","E"],"items_purchased_type":[],"build_version":"2020-12-22","purchased_purges":0,"victory":false,"max_hp_per_floor":[75,75,68,68,68,68,68,68,68],"relic_stats":{"counters":[5,29],"Golden Idol":10,"obtain_stats":[{"Golden Idol":3,"Ancient Tea Set":6,"Burning Blood":0},{"Golden Idol":2,"Ancient Tea Set":3,"Burning Blood":0},{"Golden Idol":6,"Ancient Tea Set":18,"Burning Blood":0}],"Burning Blood":24},"card_choices":[{"not_picked":["Transmutation","expansioncontent:StudyTheSpire"],"picked":"Sadistic Nature","floor":0},{"not_picked":["Rampage","Rage","Warcry"],"picked":"SKIP","floor":1},{"not_picked":["Twin Strike","Spot Weakness"],"picked":"Iron Wave","floor":2},{"not_picked":["Exhume","True Grit"],"picked":"Shrug It Off","floor":6},{"not_picked":["Body Slam","Sever Soul"],"picked":"Pommel Strike","floor":7}],"player_experience":1280028,"relics_obtained":[{"floor":6,"key":"Ancient Tea Set"}],"event_choices":[{"damage_healed":0,"gold_gain":0,"player_choice":"Lose Max HP","damage_taken":0,"relics_obtained":["Golden Idol"],"max_hp_gain":0,"max_hp_loss":7,"event_name":"Golden Idol","floor":3,"gold_loss":0},{"damage_healed":0,"gold_gain":75,"player_choice":"Gather Gold","damage_taken":11,"max_hp_gain":0,"max_hp_loss":0,"event_name":"World of Goop","floor":5,"gold_loss":0}],"is_beta":false,"boss_relics":[],"items_purged_floors":[],"is_endless":false,"potions_floor_spawned":[1,6,7],"killed_by":"Lagavulin","ascension_level":20}}