{"host":"yss3m9ygfcyke5zi","time":1609561808,"event":{"mods":["2.2 Compatiblity","BaseMod","Highlight Path","Minty Spire (QoL Compilation)","Permanent Neow"],"gold_per_floor":[369,396,408,408,74,74,114,114,195,195,208,208,208],"floor_reached":12,"playtime":510,"items_purged":["Strike_G"],"score":76,"play_id":"e83bc84c-872e-41e7-b8e7-3cdec6859c82","local_time":"20210102133008","is_ascension_mode":false,"campfire_choices":[{"data":"Footwork","floor":6,"key":"SMITH"},{"floor":8,"key":"REST"},{"floor":10,"key":"REST"}],"circlet_count":0,"master_deck":["Strike_G","Strike_G","Strike_G","Strike_G","Defend_G","Defend_G","Defend_G","Defend_G","Defend_G","Survivor","Neutralize","Backflip","Footwork+1","Calculated Gamble","Acrobatics"],"relics":["Ring of the Snake","Anchor","Golden Idol","White Beast Statue","Frozen Egg 2","Pantograph"],"acts_visited":["Exordium"],"potions_floor_usage":[7,12],"damage_taken":[{"damage":0,"enemies":"Cultist","floor":1,"turns":3},{"damage":0,"enemies":"2 Louse","floor":3,"turns":3},{"damage":24,"enemies":"Lagavulin","floor":7,"turns":18},{"damage":0,"enemies":"Small Slimes","floor":11,"turns":5},{"damage":46,"enemies":"Gremlin Nob","floor":12,"turns":6}],"seed_played":"6389031386862079080","potions_obtained":[{"floor":3,"key":"FearPotion"},{"floor":7,"key":"Swift Potion"},{"floor":11,"key":"Strength Potion"}],"is_trial":false,"path_per_floor":["M","T","M","?","$","R","E","R","T","R","M","E"],"character_chosen":"THE_SILENT","items_purchased":["White Beast Statue"],"campfire_rested":2,"item_purchase_floors":[5],"current_hp_per_floor":[49,49,49,32,32,32,8,29,29,50,50,4,4],"gold":208,"neow_bonus":"TWO_FIFTY_GOLD","is_daily":false,"chose_seed":false,"campfire_upgraded":1,"win_rate":0.0,"timestamp":1609561808,"path_taken":["M","?","M","?","$","R","E","R","T","R","M","E"],"items_purchased_type":["Relic"],"build_version":"2020-12-22","purchased_purges":1,"victory":false,"max_hp_per_floor":[70,70,70,70,70,70,70,70,70,70,70,70,70],"card_choices":[{"not_picked":["Prepared","Skewer"],"picked":"Backflip","floor":1},{"not_picked":["Prepared","Masterful Stab"],"picked":"Footwork","floor":3},{"not_picked":["Deadly Poison","Die Die Die"],"picked":"Calculated Gamble","floor":7},{"not_picked":["Distraction","Masterful Stab"],"picked":"Acrobatics","floor":11}],"player_experience":167773,"relics_obtained":[{"floor":2,"key":"Anchor"},{"floor":7,"key":"Frozen Egg 2"},{"floor":9,"key":"Pantograph"}],"event_choices":[{"damage_healed":0,"gold_gain":0,"player_choice":"Take Damage","damage_taken":17,"relics_obtained":["Golden Idol"],"max_hp_gain":0,"max_hp_loss":0,"event_name":"Golden Idol","floor":4,"gold_loss":0}],"is_beta":false,"boss_relics":[],"items_purged_floors":[5],"is_endless":false,"potions_floor_spawned":[3,7,11],"killed_by":"Gremlin Nob","ascension_level":0}}