{"host":"dl7h25vjpuplx29g","time":1609548404,"event":{"mods":["BaseMod","Colored Map","Minty Spire (QoL Compilation)"],"gold_per_floor":[10,23,23,41,3,3,35,13,37,37,51,76,95,106,106,178,178,192,142,33,51,26,26,26,46,98,109,109,109,144,163,163,163,163],"floor_reached":33,"playtime":3262,"items_purged":["Strike_G"],"score":457,"play_id":"41108ab6-1779-4b88-8773-0e8721976739","local_time":"20210102094644","is_ascension_mode":true,"campfire_choices":[{"data":"Footwork","floor":6.0,"key":"SMITH"},{"data":"Eviscerate","floor":10.0,"key":"SMITH"},{"floor":15.0,"key":"REST"},{"data":"Accuracy","floor":23.0,"key":"SMITH"},{"data":"Footwork","floor":28.0,"key":"SMITH"},{"floor":32,"key":"REST"}],"circlet_count":0,"master_deck":["AscendersBane","Strike_G","Strike_G","Strike_G","Strike_G","Defend_G","Defend_G","Defend_G","Defend_G","Defend_G","Survivor","Neutralize","Poisoned Stab","Eviscerate+1","Heel Hook","Footwork+1","Blade Dance","Flying Knee","Dagger Throw","Glass Knife","Blur","Adrenaline","Accuracy+1","Noxious Fumes","Accuracy","Blade Dance","Footwork+1","Acrobatics","Adrenaline","Cloak And Dagger","Leg Sweep"],"relics":["Ring of the Snake","Bird Faced Urn","NlothsMask","Toy Ornithopter","Snake Skull","HoveringKite","Strawberry","Ancient Tea Set"],"acts_visited":["Exordium","TheCity"],"potions_floor_usage":[30,33,33],"damage_taken":[{"damage":1.0,"enemies":"Cultist","floor":1.0,"turns":4.0},{"damage":0.0,"enemies":"Jaw Worm","floor":2.0,"turns":5.0},{"damage":0.0,"enemies":"2 Louse","floor":4.0,"turns":3.0},{"damage":23.0,"enemies":"Gremlin Nob","floor":7.0,"turns":5.0},{"damage":19.0,"enemies":"Exordium Thugs","floor":8.0,"turns":5.0},{"damage":12.0,"enemies":"Gremlin Gang","floor":11.0,"turns":5.0},{"damage":0.0,"enemies":"2 Fungi Beasts","floor":13.0,"turns":4.0},{"damage":1.0,"enemies":"Blue Slaver","floor":14.0,"turns":4.0},{"damage":33.0,"enemies":"The Guardian","floor":16.0,"turns":12.0},{"damage":11.0,"enemies":"Spheric Guardian","floor":18.0,"turns":3.0},{"damage":12.0,"enemies":"Chosen","floor":21.0,"turns":3.0},{"damage":10.0,"enemies":"Snake Plant","floor":25.0,"turns":4.0},{"damage":16.0,"enemies":"Cultist and Chosen","floor":27.0,"turns":6.0},{"damage":9,"enemies":"Gremlin Leader","floor":30,"turns":5},{"damage":18,"enemies":"Snecko","floor":31,"turns":4},{"damage":71,"enemies":"Champ","floor":33,"turns":16}],"seed_played":"-2222049999728281292","potions_obtained":[{"floor":7.0,"key":"Explosive Potion"},{"floor":14.0,"key":"DistilledChaos"},{"floor":16.0,"key":"Strength Potion"},{"floor":30,"key":"Dexterity Potion"}],"is_trial":false,"path_per_floor":["M","M","?","M","$","R","E","M","T","R","M","T","M","M","R","B",null,"M","?","$","M","$","R","$","M","T","M","R","?","E","M","R","B"],"character_chosen":"THE_SILENT","items_purchased":["Footwork","Noxious Fumes","Blade Dance"],"campfire_rested":2,"item_purchase_floors":[5,20,22],"current_hp_per_floor":[58,58,58,58,58,58,37,20,20,20,10,10,12,13,32,6,51,40,40,40,34,34,34,34,32,39,33,33,33,39,27,48,0,0],"gold":163,"neow_bonus":"ONE_RARE_RELIC","is_daily":false,"chose_seed":false,"campfire_upgraded":4,"win_rate":0.0,"timestamp":1609548404,"path_taken":["M","M","?","M","?","R","E","M","T","R","M","?","?","M","R","BOSS","M","?","?","?","$","R","$","M","T","M","R","?","E","M","R","BOSS"],"items_purchased_type":["Card","Card","Card"],"build_version":"2020-12-22","purchased_purges":1,"victory":false,"max_hp_per_floor":[66,66,66,66,66,66,66,66,66,66,66,66,66,66,66,66,66,66,66,66,66,66,66,66,66,73,73,73,73,73,73,73,73,73],"card_choices":[{"not_picked":["Prepared","Dodge and Roll"],"picked":"Poisoned Stab","floor":1.0},{"not_picked":["Prepared","Expertise"],"picked":"Eviscerate","floor":2.0},{"not_picked":["Escape Plan","Backflip"],"picked":"Heel Hook","floor":4.0},{"not_picked":["Sucker Punch","Dagger Spray"],"picked":"Blade Dance","floor":7.0},{"not_picked":["Setup","Finisher"],"picked":"Flying Knee","floor":8.0},{"not_picked":["Heel Hook","Prepared"],"picked":"Dagger Throw","floor":11.0},{"not_picked":["Quick Slash","Choke"],"picked":"Glass Knife","floor":13.0},{"not_picked":["Bane","Riddle With Holes"],"picked":"Blur","floor":14.0},{"not_picked":["After Image","Grand Finale"],"picked":"Adrenaline","floor":16.0},{"not_picked":["Outmaneuver","Deflect"],"picked":"Accuracy","floor":18.0},{"not_picked":["Backflip","Outmaneuver"],"picked":"Accuracy","floor":21.0},{"not_picked":["Flechettes","Acrobatics"],"picked":"Footwork","floor":25.0},{"not_picked":["Slice","Eviscerate"],"picked":"Acrobatics","floor":27.0},{"not_picked":["Underhanded Strike","Dagger Throw"],"picked":"Cloak And Dagger","floor":30},{"not_picked":["Underhanded Strike","Dash"],"picked":"Leg Sweep","floor":31}],"player_experience":1435790,"relics_obtained":[{"floor":7.0,"key":"Toy Ornithopter"},{"floor":12.0,"key":"Snake Skull"},{"floor":26.0,"key":"Strawberry"},{"floor":30,"key":"Ancient Tea Set"}],"event_choices":[{"damage_healed":0.0,"max_hp_gain":0.0,"max_hp_loss":0.0,"gold_gain":0.0,"event_name":"FaceTrader","player_choice":"Trade","floor":3.0,"gold_loss":0.0,"damage_taken":0.0,"relics_obtained":["NlothsMask"]},{"damage_healed":0.0,"max_hp_gain":0.0,"max_hp_loss":0.0,"gold_gain":0.0,"event_name":"The Joust","player_choice":"Bet on Murderer","floor":19.0,"gold_loss":50.0,"damage_taken":0.0},{"damage_healed":0.0,"max_hp_gain":0.0,"max_hp_loss":0.0,"gold_gain":0.0,"event_name":"Duplicator","player_choice":"Copied","floor":29.0,"gold_loss":0.0,"damage_taken":0.0,"cards_obtained":["Adrenaline"]}],"is_beta":false,"boss_relics":[{"not_picked":["Runic Pyramid","Calling Bell"],"picked":"HoveringKite"}],"items_purged_floors":[20],"is_endless":false,"potions_floor_spawned":[7,14,16,25,27,30],"killed_by":"Champ","ascension_level":14}}