{"host":"g1wmg2w41xhsnw8g","time":1609611154,"event":{"mods":["2.2 Compatiblity","Act Like it!","BaseMod","Better Altar","Better Match","Better Note","Better Sensory Stone","Better Skull","Better Third Choice","BetterRewards","Booster Modes","CapriCore","Clawfect","Colored Map","Colored Powertips","Curses Come First","Defuse TimeMaze Blight","Displayed Cursed Tome","Evolution","Friendly Minions","GifTheSpireLib","Googly Eyes","Gremlin Mod","Hubris","Infinite Spire","Minty Spire (QoL Compilation)","Red Circlet Mod","Relic Sorter","SCP261 Mod","Shop Mod","Spicy Shops","StSLib","The Sage","Transform Curses","Wandering Minibosses","????"],"gold_per_floor":[114,127,127,127,127,164,184,184,211,211,211,211,220,270,10,165,165,241,250,276,13,13,13,13],"floor_reached":23,"playtime":1151,"items_purged":[],"score":452,"play_id":"7ad3f797-f0d9-4c28-b247-ea3e12a5c97d","local_time":"20210102131233","is_ascension_mode":true,"campfire_choices":[{"floor":8,"key":"DIG"},{"floor":11,"key":"DIG"}],"circlet_count":0,"master_deck":["Electrodynamics+1","Gash+1","Gash","Gash","Gash","Gash+1","Conserve Battery","Conserve Battery","Conserve Battery","Conserve Battery","Conserve Battery","Hologram","Loop","Clawfect:ClawCell","Clawfect:ClawForTheEyes","Defragment","Lockon","Genetic Algorithm","infinitespire:UltimateForm","Rebound+1","Storm+1","Clawfect:ClawSnap+1"],"relics":["EVO:Axolotl","MerchantsRug","Toy Ornithopter","hubris:EmptyBottle","Bag of Preparation","infinitespire:Lychee Nut","Anchor","DataDisk","Sundial","StoneCalendar","Omamori","infinitespire:ShieldingShard","Juzu Bracelet","Shovel","Blood Vial","hubris:Potato","hubris:ToyBattleship","Shuriken","Mummified Hand","Ancient Tea Set","Emotion Chip","CeramicFish","hubris:MobiusCoin","hubris:SoftwareUpdate","WarpedTongs","Membership Card","infinitespire:Freezer","Happy Flower","hubris:HollowSoul","Whetstone","infinitespire:EmpoweringShard","Sling","hubris:SlimyHat"],"acts_visited":["Exordium","TheCity"],"potions_floor_usage":[],"damage_taken":[{"damage":0,"enemies":"Small Slimes","floor":1,"turns":3},{"damage":0,"enemies":"2 Louse","floor":2,"turns":2},{"damage":25,"enemies":"Gremlin Nob","floor":6,"turns":4},{"damage":0,"enemies":"Jaw Worm","floor":7,"turns":3},{"damage":0,"enemies":"Slime Boss","floor":16,"turns":4},{"damage":0,"enemies":"Chosen","floor":18,"turns":4},{"damage":0,"enemies":"2 Thieves","floor":20,"turns":2},{"damage":18,"enemies":"Nightmare","floor":23,"turns":6}],"seed_played":"872696607876627074","potions_obtained":[{"floor":6,"key":"Swift Potion"},{"floor":7,"key":"DuplicationPotion"},{"floor":20,"key":"Strength Potion"}],"is_trial":false,"path_per_floor":["M","M","?","?","?","E","M","R","T","?","R","?","?","?","R","B",null,"M","?","M","$","?","NM"],"character_chosen":"DEFECT","items_purchased":["MerchantsRug","Toy Ornithopter","hubris:EmptyBottle","Bag of Preparation","Potion Belt","Anchor","DataDisk","Sundial","Hologram","Loop","Lee\u0027s Waffle","Omamori","infinitespire:ShieldingShard","Juzu Bracelet","Blood Vial","hubris:Potato","hubris:ToyBattleship","Shuriken","Mummified Hand","Ancient Tea Set","Oddly Smooth Stone","ClockworkSouvenir","Clawfect:ClawCell","Clawfect:ClawForTheEyes","Membership Card","infinitespire:Freezer","Happy Flower","Strawberry","Whetstone","infinitespire:EmpoweringShard","Sling","hubris:SlimyHat"],"campfire_rested":0,"item_purchase_floors":[0,0,0,0,0,0,0,0,0,0,0,0,0,0,0,0,0,0,0,0,0,0,0,0,15,15,15,15,21,21,21,21],"current_hp_per_floor":[72,72,65,65,65,48,55,55,55,55,55,55,36,36,43,51,79,79,79,79,79,89,0,0],"gold":13,"neow_bonus":"","is_daily":false,"chose_seed":false,"campfire_upgraded":0,"win_rate":0.0,"timestamp":1609611153,"path_taken":["M","M","?","?","?","E","M","R","T","?","R","?","?","?","R","BOSS","M","?","M","$","?","NM"],"items_purchased_type":["Relic","Relic","Relic","Relic","Relic","Relic","Relic","Relic","Card","Card","Relic","Relic","Relic","Relic","Relic","Relic","Relic","Relic","Relic","Relic","Relic","Relic","Card","Card","Relic","Relic","Relic","Relic","Relic","Relic","Relic","Relic"],"build_version":"2020-12-22","purchased_purges":0,"victory":false,"max_hp_per_floor":[72,72,72,72,72,72,72,72,72,72,72,72,72,72,79,79,79,79,79,79,79,89,89,89],"card_choices":[{"not_picked":["Steam","Defragment"],"picked":"Reprogram","floor":1},{"not_picked":["Clawfect:ClawingBeam","Loop"],"picked":"Defragment","floor":2},{"not_picked":["Sunder","Clawfect:ClawCell"],"picked":"Lockon","floor":6},{"not_picked":["Darkness","Hologram"],"picked":"Genetic Algorithm","floor":7},{"not_picked":["hubris:Rewind","infinitespire:FinalStrike"],"picked":"infinitespire:UltimateForm","floor":13},{"not_picked":["hubris:DoWhile","Thunder Strike"],"picked":"Fission","floor":16},{"not_picked":["Gash","Turbo+1"],"picked":"Rebound+1","floor":18},{"not_picked":["Clawfect:Clawrage","Clawfect:ScrapingClaw"],"picked":"Clawfect:ClawSnap+1","floor":20}],"player_experience":1188511,"relics_obtained":[{"floor":6,"key":"CeramicFish"},{"floor":8,"key":"hubris:MobiusCoin"},{"floor":11,"key":"hubris:SoftwareUpdate"}],"event_choices":[{"cards_removed":["Reprogram"],"damage_healed":0,"gold_gain":0,"player_choice":"Card Removal","damage_taken":7,"max_hp_gain":0,"max_hp_loss":0,"event_name":"Golden Wing","floor":3,"gold_loss":0},{"damage_healed":0,"gold_gain":0,"player_choice":"Rummage","damage_taken":0,"relics_obtained":["WarpedTongs"],"max_hp_gain":0,"max_hp_loss":0,"event_name":"Accursed Blacksmith","floor":12,"gold_loss":0,"cards_obtained":["Pain"]},{"cards_removed":["Electrodynamics"],"damage_healed":0,"gold_gain":0,"player_choice":"Take \u0026 Give","damage_taken":0,"max_hp_gain":0,"max_hp_loss":0,"event_name":"betterNote:BetterNote","floor":19,"gold_loss":0,"cards_obtained":["Storm"]},{"cards_removed":["Fission"],"damage_healed":0,"gold_gain":0,"player_choice":"Offered Rare","damage_taken":0,"max_hp_gain":10,"max_hp_loss":0,"event_name":"Bonfire Elementals","floor":22,"gold_loss":0}],"is_beta":false,"boss_relics":[{"not_picked":["Cursed Key","Ectoplasm"],"picked":"hubris:HollowSoul"}],"items_purged_floors":[],"is_endless":false,"potions_floor_spawned":[6,7,20],"killed_by":"Nightmare","ascension_level":1}}