{"host":"Sumable","time":1609555987,"event":{"mods":["AchievementEnabler","BaseMod","Better Note","BetterRewards","Googly Eyes","Hermit","Minty Spire (QoL Compilation)","Quick Restart","Shop Mod","StSLib","The Cursed","everything is the same but u backflip on backflip","slay the spire mod where everything is the same but ironclad has a cowboy hat"],"gold_per_floor":[110,90,107,3,13,40,40,50,125,150,167,179,189,208,208,284,284,294,304,304,7,19,19,45,65,91,91,91,91,91,110,110,110,110],"floor_reached":33,"playtime":992,"items_purged":[],"score":464,"play_id":"81ca1749-0600-45a7-bd4e-8fec27071afc","local_time":"20210101195307","is_ascension_mode":true,"campfire_choices":[{"floor":7,"key":"REST"},{"data":"Berserk","floor":15,"key":"SMITH"},{"floor":23,"key":"REST"},{"floor":28,"key":"REST"},{"floor":30,"key":"REST"},{"floor":32,"key":"RECALL"}],"circlet_count":0,"master_deck":["AscendersBane","Strike_R","Strike_R","Strike_R","Strike_R","Strike_R","Defend_R","Defend_R","Defend_R","Defend_R","Bash","Whirlwind","Anger","Inflame","Uppercut","Anger","Thunderclap","Berserk+1","Fiend Fire","Intimidate+1","J.A.X.","Twin Strike","Feed"],"relics":["Burning Blood","Turnip","Letter Opener","Lantern","Fusion Hammer","MealTicket","Brimstone","Boot","Regal Pillow"],"acts_visited":["Exordium","TheCity"],"potions_floor_usage":[5,5,10,14,16,24,31],"damage_taken":[{"damage":5,"enemies":"Small Slimes","floor":1,"turns":3},{"damage":6,"enemies":"Cultist","floor":3,"turns":3},{"damage":12,"enemies":"Jaw Worm","floor":5,"turns":2},{"damage":51,"enemies":"Lagavulin","floor":6,"turns":6},{"damage":22,"enemies":"Looter","floor":8,"turns":3},{"damage":30,"enemies":"3 Sentries","floor":10,"turns":5},{"damage":5,"enemies":"3 Louse","floor":11,"turns":2},{"damage":7,"enemies":"Exordium Wildlife","floor":12,"turns":3},{"damage":14,"enemies":"Red Slaver","floor":13,"turns":2},{"damage":6,"enemies":"Looter","floor":14,"turns":2},{"damage":21,"enemies":"Slime Boss","floor":16,"turns":7},{"damage":3,"enemies":"3 Byrds","floor":18,"turns":5},{"damage":37,"enemies":"2 Thieves","floor":19,"turns":4},{"damage":8,"enemies":"Chosen and Byrds","floor":22,"turns":3},{"damage":34,"enemies":"Book of Stabbing","floor":24,"turns":3},{"damage":12,"enemies":"Snecko","floor":25,"turns":3},{"damage":13,"enemies":"Centurion and Healer","floor":31,"turns":4},{"damage":82,"enemies":"Collector","floor":33,"turns":5}],"seed_played":"660828472361087047","potions_obtained":[{"floor":2,"key":"BlessingOfTheForge"},{"floor":3,"key":"GamblersBrew"},{"floor":5,"key":"Fruit Juice"},{"floor":6,"key":"CultistPotion"},{"floor":12,"key":"ColorlessPotion"},{"floor":14,"key":"Block Potion"},{"floor":22,"key":"ColorlessPotion"},{"floor":24,"key":"SpeedPotion"}],"is_trial":false,"path_per_floor":["M","?","M","$","M","E","R","M","T","E","M","M","M","M","R","B",null,"M","M","?","$","M","R","E","M","T","?","R","?","R","M","R","B"],"character_chosen":"IRONCLAD","items_purchased":["FairyPotion","MealTicket","Brimstone"],"campfire_rested":4,"item_purchase_floors":[4,21,21],"current_hp_per_floor":[73,73,73,73,72,27,52,36,36,12,13,12,31,31,31,16,68,71,40,40,40,38,63,35,29,29,29,69,69,85,78,78,0,0],"gold":110,"neow_bonus":"THREE_CARDS","is_daily":false,"chose_seed":false,"campfire_upgraded":1,"win_rate":0.0,"timestamp":1609555987,"path_taken":["M","?","M","$","M","E","R","M","T","E","?","M","M","M","R","BOSS","M","M","?","$","M","R","E","M","T","?","R","?","R","?","R","BOSS"],"items_purchased_type":["Potion","Relic","Relic"],"build_version":"2020-12-18","purchased_purges":0,"victory":false,"max_hp_per_floor":[80,80,80,80,85,85,85,85,85,85,85,85,85,85,85,85,85,85,85,85,85,85,85,85,85,85,85,85,85,85,85,85,85,85],"card_choices":[{"not_picked":["Havoc","Heavy Blade"],"picked":"Whirlwind","floor":0},{"not_picked":["Armaments","Perfected Strike"],"picked":"Anger","floor":1},{"not_picked":["Heavy Blade","Wild Strike"],"picked":"Inflame","floor":3},{"not_picked":["Wild Strike","Warcry"],"picked":"Uppercut","floor":5},{"not_picked":["Armaments","Wild Strike","Feel No Pain"],"picked":"SKIP","floor":6},{"not_picked":["Sword Boomerang","Pommel Strike"],"picked":"Anger","floor":8},{"not_picked":["Brutality","Clothesline"],"picked":"Thunderclap","floor":10},{"not_picked":["Headbutt","Thunderclap","Twin Strike"],"picked":"SKIP","floor":11},{"not_picked":["Warcry","Anger"],"picked":"Berserk","floor":12},{"not_picked":["Flex","Perfected Strike","Shockwave"],"picked":"SKIP","floor":13},{"not_picked":["Heavy Blade","Sword Boomerang","Combust"],"picked":"SKIP","floor":14},{"not_picked":["Impervious","Barricade"],"picked":"Fiend Fire","floor":16},{"not_picked":["Havoc","Sentinel"],"picked":"Intimidate+1","floor":18},{"not_picked":["Headbutt","Body Slam+1","True Grit+1"],"picked":"SKIP","floor":19},{"not_picked":["Thunderclap","Body Slam","Wild Strike"],"picked":"SKIP","floor":22},{"not_picked":["Clash","Flex","Dual Wield"],"picked":"SKIP","floor":24},{"not_picked":["Anger","Infernal Blade","Iron Wave"],"picked":"SKIP","floor":25},{"not_picked":["Shrug It Off","Cleave"],"picked":"Feed","floor":31}],"player_experience":1031645,"relics_obtained":[{"floor":6,"key":"Turnip"},{"floor":9,"key":"Letter Opener"},{"floor":10,"key":"Lantern"},{"floor":24,"key":"Boot"},{"floor":26,"key":"Regal Pillow"}],"event_choices":[{"damage_healed":0,"gold_gain":0,"player_choice":"Bought 1 Potion","damage_taken":0,"max_hp_gain":0,"max_hp_loss":0,"event_name":"The Woman in Blue","floor":2,"gold_loss":0},{"damage_healed":0,"gold_gain":0,"player_choice":"Obtain J.A.X.","damage_taken":0,"max_hp_gain":0,"max_hp_loss":0,"event_name":"Drug Dealer","floor":20,"gold_loss":0,"cards_obtained":["J.A.X."]},{"damage_healed":0,"gold_gain":0,"player_choice":"Ignored","damage_taken":0,"max_hp_gain":0,"max_hp_loss":0,"event_name":"Ghosts","floor":27,"gold_loss":0},{"damage_healed":0,"gold_gain":0,"player_choice":"Read","damage_taken":0,"max_hp_gain":0,"max_hp_loss":0,"event_name":"The Library","floor":29,"gold_loss":0,"cards_obtained":["Twin Strike"]}],"is_beta":true,"boss_relics":[{"not_picked":["Pandora\u0027s Box","Black Star"],"picked":"Fusion Hammer"}],"items_purged_floors":[],"is_endless":false,"potions_floor_spawned":[3,5,6,8,12,14,22,24],"killed_by":"Collector","ascension_level":13}}