{"host":"r3islh0l1a1ykxfu","time":1609606703,"event":{"mods":["BaseMod","Bestiary","Colored Map","Colored Powertips","Highlight Path","Minty Spire (QoL Compilation)","Relic Stats","Slay-I"],"gold_per_floor":[114,129,144,159,159,189,189,219,219,69,99,99,129,144,144,244,244,259,259,239,254,269,299,299,329,329,359,359,374,389,404,404,504,504,519,519,561,576,121,121,151,151,151,151,181,181,196,196,196,196],"floor_reached":51,"playtime":8988,"items_purged":["Grand Finale"],"score":918,"play_id":"d85c7b1b-915f-4402-95a8-65795dc1336b","local_time":"20210102105823","daily_mods":["Shiny","ControlledChaos","Elite Swarm"],"is_ascension_mode":false,"campfire_choices":[{"floor":12.0,"key":"REST"},{"data":"Bouncing Flask","floor":15.0,"key":"SMITH"},{"floor":24.0,"key":"REST"},{"data":"Adrenaline","floor":32.0,"key":"SMITH"},{"data":"Adrenaline","floor":40.0,"key":"SMITH"},{"data":"Catalyst","floor":42.0,"key":"SMITH"},{"data":"Wraith Form v2","floor":44.0,"key":"SMITH"},{"data":"A Thousand Cuts","floor":49.0,"key":"SMITH"}],"circlet_count":0,"master_deck":["Venomology","Corpse Explosion","Malaise","Phantasmal Killer","Die Die Die","Adrenaline+1","Envenom","Doppelganger","Burst","Wraith Form v2+1","Tools of the Trade","Night Terror","Unload","After Image","Bullet Time","Storm of Steel","Glass Knife","A Thousand Cuts+1","Underhanded Strike","Bouncing Flask+1","Bane","Prepared","Die Die Die","Adrenaline+1","Deadly Poison","Crippling Poison","Bane+1","Deflect+1","Dash+1","Envenom","Corpse Explosion","Leg Sweep","Catalyst+1","Deadly Poison","PanicButton","Dash","Bullet Time","Bane+1"],"relics":["Ring of the Snake","Frozen Eye","Prayer Wheel","PreservedInsect","Orichalcum","Chemical X","Snake Skull","Strawberry","Snecko Eye","Nilry\u0027s Codex","Pen Nib","Singing Bowl","White Beast Statue","Happy Flower","SacredBark","Lizard Tail","Bag of Preparation","Regal Pillow","Question Card","TungstenRod","Shuriken"],"acts_visited":["Exordium","TheCity","TheBeyond"],"potions_floor_usage":[50],"damage_taken":[{"damage":0.0,"enemies":"Cultist","floor":1.0,"turns":3.0},{"damage":0.0,"enemies":"Small Slimes","floor":2.0,"turns":3.0},{"damage":0.0,"enemies":"2 Louse","floor":3.0,"turns":1.0},{"damage":14.0,"enemies":"Blue Slaver","floor":4.0,"turns":4.0},{"damage":9.0,"enemies":"3 Sentries","floor":6.0,"turns":2.0},{"damage":6.0,"enemies":"Lagavulin","floor":8.0,"turns":3.0},{"damage":4.0,"enemies":"Gremlin Nob","floor":11.0,"turns":3.0},{"damage":15.0,"enemies":"3 Sentries","floor":13.0,"turns":4.0},{"damage":5.0,"enemies":"Exordium Wildlife","floor":14.0,"turns":3.0},{"damage":12.0,"enemies":"Hexaghost","floor":16.0,"turns":5.0},{"damage":0.0,"enemies":"Chosen","floor":18.0,"turns":3.0},{"damage":0.0,"enemies":"3 Byrds","floor":21.0,"turns":2.0},{"damage":0.0,"enemies":"Centurion and Healer","floor":22.0,"turns":3.0},{"damage":12.0,"enemies":"Gremlin Leader","floor":23.0,"turns":4.0},{"damage":0.0,"enemies":"Book of Stabbing","floor":25.0,"turns":2.0},{"damage":6.0,"enemies":"Gremlin Leader","floor":27.0,"turns":3.0},{"damage":0.0,"enemies":"3 Cultists","floor":29.0,"turns":2.0},{"damage":3.0,"enemies":"Snake Plant","floor":30.0,"turns":3.0},{"damage":0.0,"enemies":"Centurion and Healer","floor":31.0,"turns":3.0},{"damage":32.0,"enemies":"Automaton","floor":33.0,"turns":7.0},{"damage":0.0,"enemies":"3 Darklings","floor":35.0,"turns":2.0},{"damage":0.0,"enemies":"2 Orb Walkers","floor":37.0,"turns":2.0},{"damage":0.0,"enemies":"3 Shapes","floor":38.0,"turns":3.0},{"damage":0.0,"enemies":"Nemesis","floor":41.0,"turns":3.0},{"damage":0.0,"enemies":"Reptomancer","floor":45.0,"turns":3.0},{"damage":0.0,"enemies":"Spire Growth","floor":47.0,"turns":3.0},{"damage":11,"enemies":"Awakened One","floor":50,"turns":6}],"seed_played":"-2495295926900846280","potions_obtained":[{"floor":2.0,"key":"Explosive Potion"},{"floor":4.0,"key":"Explosive Potion"},{"floor":6.0,"key":"AttackPotion"},{"floor":18.0,"key":"Block Potion"},{"floor":25.0,"key":"Explosive Potion"},{"floor":37.0,"key":"PowerPotion"},{"floor":38.0,"key":"SmokeBomb"},{"floor":41.0,"key":"Fire Potion"},{"floor":48.0,"key":"GhostInAJar"}],"is_trial":false,"path_per_floor":["M","M","M","M","?","E","?","E","T","$","E","R","E","M","R","B",null,"M","?","?","M","M","E","R","E","T","E","?","M","M","M","R","B",null,"M","?","?","M","$","R","E","R","T","R","E","?","M","?","R","B",null],"character_chosen":"THE_SILENT","items_purchased":["Chemical X","Bag of Preparation","Regal Pillow","Dash"],"campfire_rested":2,"item_purchase_floors":[10,39,39,39],"current_hp_per_floor":[70,70,70,56,61,52,52,46,46,46,42,64,56,51,51,39,82,82,66,66,66,66,54,78,80,80,74,74,76,77,77,77,47,92,96,96,98,102,102,102,104,104,104,104,104,104,106,106,106,95],"gold":196,"neow_bonus":"","is_daily":true,"chose_seed":false,"campfire_upgraded":6,"win_rate":0.0,"timestamp":1609606703,"path_taken":["M","M","M","?","?","E","?","E","T","?","E","R","E","M","R","BOSS","M","?","?","?","M","E","R","E","T","E","?","M","M","M","R","BOSS","M","?","?","M","$","R","E","R","T","R","E","?","?","?","R","BOSS"],"items_purchased_type":["Relic","Relic","Relic","Card"],"build_version":"2020-12-22","purchased_purges":1,"victory":true,"max_hp_per_floor":[70,70,70,70,75,75,75,75,75,75,75,75,82,82,82,82,82,82,82,82,82,82,82,82,84,84,84,84,86,90,90,90,92,92,96,96,98,102,102,102,104,104,104,104,104,104,106,106,106,106],"relic_stats":{"Regal Pillow":0,"Singing Bowl":24,"Happy Flower":[12],"counters":[27,85],"PreservedInsect":288,"Snake Skull":[208],"Pen Nib":[7],"Bag of Preparation":[4],"Orichalcum":[186],"Question Card":3,"Lizard Tail":0,"Shuriken":[3],"Snecko Eye":[118,126,117,110],"Prayer Wheel":11,"Chemical X":[21],"obtain_stats":[{"Regal Pillow":39,"Singing Bowl":25,"Happy Flower":27,"Nilry\u0027s Codex":19,"SacredBark":34,"PreservedInsect":8,"Snake Skull":11,"Pen Nib":23,"Bag of Preparation":39,"Orichalcum":9,"Question Card":41,"White Beast Statue":26,"Frozen Eye":0,"Lizard Tail":37,"Shuriken":45,"Strawberry":13,"Snecko Eye":17,"Prayer Wheel":6,"Chemical X":10,"TungstenRod":43,"Ring of the Snake":0},{"Regal Pillow":23,"Singing Bowl":15,"Happy Flower":16,"Nilry\u0027s Codex":11,"SacredBark":20,"PreservedInsect":6,"Snake Skull":7,"Pen Nib":14,"Bag of Preparation":23,"Orichalcum":6,"Question Card":24,"White Beast Statue":15,"Frozen Eye":0,"Lizard Tail":22,"Shuriken":25,"Strawberry":8,"Snecko Eye":10,"Prayer Wheel":5,"Chemical X":6,"TungstenRod":24,"Ring of the Snake":0},{"Regal Pillow":70,"Singing Bowl":45,"Happy Flower":48,"Nilry\u0027s Codex":34,"SacredBark":63,"PreservedInsect":16,"Snake Skull":19,"Pen Nib":43,"Bag of Preparation":70,"Orichalcum":16,"Question Card":73,"White Beast Statue":45,"Frozen Eye":0,"Lizard Tail":67,"Shuriken":76,"Strawberry":23,"Snecko Eye":31,"Prayer Wheel":13,"Chemical X":16,"TungstenRod":73,"Ring of the Snake":0}],"TungstenRod":1,"Ring of the Snake":[54]},"card_choices":[{"not_picked":["Setup","Dagger Spray"],"picked":"Underhanded Strike","floor":1.0},{"not_picked":["Accuracy","Dodge and Roll"],"picked":"Bouncing Flask","floor":2.0},{"not_picked":["Footwork","Flechettes"],"picked":"Bane","floor":3.0},{"not_picked":["Blade Dance","Catalyst"],"picked":"Prepared","floor":4.0},{"not_picked":["Malaise","A Thousand Cuts"],"picked":"Die Die Die","floor":6.0},{"not_picked":["Burst","Venomology"],"picked":"Adrenaline","floor":8.0},{"not_picked":["Malaise","Tools of the Trade","Wraith Form v2"],"picked":"SKIP","floor":11.0},{"not_picked":["Wraith Form v2","Doppelganger","Phantasmal Killer"],"picked":"SKIP","floor":13.0},{"not_picked":["Leg Sweep","Underhanded Strike"],"picked":"Deadly Poison","floor":14.0},{"not_picked":["Quick Slash","Dodge and Roll","Blade Dance"],"picked":"SKIP","floor":14.0},{"not_picked":["Slice","Bane"],"picked":"Crippling Poison","floor":18.0},{"not_picked":["Blade Dance","Expertise","Reflex"],"picked":"SKIP","floor":18.0},{"not_picked":["Quick Slash","Blade Dance"],"picked":"Bane+1","floor":21.0},{"not_picked":["Acrobatics","All Out Attack"],"picked":"Deflect+1","floor":21.0},{"not_picked":["Acrobatics","Leg Sweep"],"picked":"Dash","floor":22.0},{"not_picked":["Calculated Gamble","A Thousand Cuts","Predator"],"picked":"SKIP","floor":22.0},{"not_picked":["Night Terror","Burst"],"picked":"Envenom","floor":23.0},{"not_picked":["Venomology","Doppelganger","Grand Finale"],"picked":"Singing Bowl","floor":25.0},{"not_picked":["Envenom","Malaise"],"picked":"Corpse Explosion","floor":27.0},{"not_picked":["PiercingWail","Poisoned Stab+1","Cloak And Dagger"],"picked":"Singing Bowl","floor":29.0},{"not_picked":["Outmaneuver","Prepared+1"],"picked":"Leg Sweep","floor":29.0},{"not_picked":["Bane","Backstab","Skewer+1"],"picked":"Singing Bowl","floor":30.0},{"not_picked":["Dodge and Roll","Dagger Spray","All Out Attack"],"picked":"Singing Bowl","floor":30.0},{"not_picked":["Die Die Die","Deadly Poison+1"],"picked":"Catalyst","floor":31.0},{"not_picked":["Slice","Acrobatics"],"picked":"Deadly Poison","floor":31.0},{"not_picked":["Doppelganger","Night Terror","Adrenaline"],"picked":"Singing Bowl","floor":33.0},{"not_picked":["Dodge and Roll+1","Slice","Accuracy+1"],"picked":"Singing Bowl","floor":35.0},{"not_picked":["Sucker Punch+1","Underhanded Strike+1","Quick Slash"],"picked":"Singing Bowl","floor":35.0},{"not_picked":["Deep Breath","Madness"],"picked":"PanicButton","floor":36.0},{"not_picked":["Skewer+1","Poisoned Stab","Finisher+1"],"picked":"Singing Bowl","floor":37.0},{"not_picked":["Quick Slash","Blade Dance+1","Poisoned Stab"],"picked":"Singing Bowl","floor":38.0},{"not_picked":["Flying Knee+1","Flechettes","Accuracy+1"],"picked":"Singing Bowl","floor":38.0},{"not_picked":["Night Terror","Burst","Grand Finale"],"picked":"Singing Bowl","floor":41.0},{"not_picked":["Tools of the Trade","A Thousand Cuts","Venomology"],"picked":"Bullet Time","floor":45.0},{"not_picked":["Skewer","Masterful Stab","Footwork","Underhanded Strike+1"],"picked":"Singing Bowl","floor":47.0},{"not_picked":["Sucker Punch+1","Dash+1","Acrobatics+1"],"picked":"Bane+1","floor":47.0}],"player_experience":1130638,"relics_obtained":[{"floor":6.0,"key":"Prayer Wheel"},{"floor":8.0,"key":"PreservedInsect"},{"floor":9.0,"key":"Orichalcum"},{"floor":11.0,"key":"Snake Skull"},{"floor":13.0,"key":"Strawberry"},{"floor":19.0,"key":"Nilry\u0027s Codex"},{"floor":23.0,"key":"Pen Nib"},{"floor":25.0,"key":"Singing Bowl"},{"floor":26.0,"key":"White Beast Statue"},{"floor":27.0,"key":"Happy Flower"},{"floor":37.0,"key":"Lizard Tail"},{"floor":41.0,"key":"Question Card"},{"floor":43.0,"key":"TungstenRod"},{"floor":45.0,"key":"Shuriken"}],"event_choices":[{"damage_healed":0.0,"max_hp_gain":5.0,"max_hp_loss":0.0,"gold_gain":0.0,"event_name":"Big Fish","player_choice":"Donut","floor":5.0,"gold_loss":0.0,"damage_taken":0.0},{"damage_healed":0.0,"max_hp_gain":0.0,"max_hp_loss":0.0,"gold_gain":0.0,"event_name":"Liars Game","player_choice":"Ignored","floor":7.0,"gold_loss":0.0,"damage_taken":0.0},{"damage_healed":0.0,"max_hp_gain":0.0,"max_hp_loss":0.0,"gold_gain":0.0,"event_name":"Cursed Tome","player_choice":"Obtained Book","floor":19.0,"gold_loss":0.0,"damage_taken":16.0},{"damage_healed":0.0,"max_hp_gain":0.0,"max_hp_loss":0.0,"gold_gain":0.0,"event_name":"The Woman in Blue","player_choice":"Bought 1 Potion","floor":20.0,"gold_loss":0.0,"damage_taken":0.0},{"damage_healed":0.0,"max_hp_gain":0.0,"max_hp_loss":0.0,"gold_gain":0.0,"event_name":"Ghosts","player_choice":"Ignored","floor":28.0,"gold_loss":0.0,"damage_taken":0.0},{"damage_healed":0.0,"max_hp_gain":0.0,"max_hp_loss":0.0,"gold_gain":0.0,"event_name":"SensoryStone","player_choice":"Memory 1","floor":36.0,"gold_loss":0.0,"damage_taken":0.0},{"damage_healed":0.0,"max_hp_gain":0.0,"max_hp_loss":0.0,"gold_gain":0.0,"event_name":"Mysterious Sphere","player_choice":"Fight","floor":37.0,"gold_loss":0.0,"damage_taken":0.0},{"damage_healed":0.0,"max_hp_gain":0.0,"max_hp_loss":0.0,"gold_gain":0.0,"event_name":"Upgrade Shrine","player_choice":"Upgraded","floor":46.0,"gold_loss":0.0,"damage_taken":0.0,"cards_upgraded":["Dash"]},{"damage_healed":0.0,"max_hp_gain":0.0,"max_hp_loss":0.0,"gold_gain":0.0,"event_name":"Lab","player_choice":"Got Potions","floor":48.0,"gold_loss":0.0,"damage_taken":0.0}],"is_beta":false,"boss_relics":[{"not_picked":["Velvet Choker","Coffee Dripper"],"picked":"Snecko Eye"},{"not_picked":["Sozu","Empty Cage"],"picked":"SacredBark"}],"items_purged_floors":[39],"is_endless":false,"potions_floor_spawned":[2,4,6,14,18,25,27,29,30,31,33,35,37,38,41,45,47],"ascension_level":0}}