{"host":"hkfd27larxvbrzdx","time":1609559979,"event":{"mods":["AchievementEnabler","BaseMod","Colored Map","Colored Powertips","DeckTracker","Minty Spire (QoL Compilation)"],"gold_per_floor":[113,113,127,52,152,187,187,222,249,281,281,297,332,407,407,511,511,526,536,536,553,349,349,382,395,395,320,31,0,99,110,110,208,208,224,234,234,234,247,247,247,247],"floor_reached":41,"playtime":3801,"items_purged":["Strike_R","Strike_R","Strike_R"],"score":554,"play_id":"98a8cf00-f072-4b17-bc25-8191c9753cee","local_time":"20210102115939","is_ascension_mode":true,"campfire_choices":[{"data":"Hemokinesis","floor":7.0,"key":"SMITH"},{"data":"Inflame","floor":11.0,"key":"SMITH"},{"data":"Rupture","floor":15.0,"key":"SMITH"},{"data":"Feed","floor":23.0,"key":"SMITH"},{"floor":32,"key":"REST"},{"data":"Exhume","floor":40,"key":"SMITH"}],"circlet_count":0,"master_deck":["Strike_R","Defend_R+1","Defend_R+1","Defend_R","Defend_R","Bash","Headbutt","Iron Wave","Hemokinesis+1","Inflame+1","Clothesline","Rupture+1","Feed+1","Twin Strike+1","Disarm","Exhume+1","Cleave","Metamorphosis","Reaper","Thunderclap+1"],"relics":["Burning Blood","NeowsBlessing","War Paint","MealTicket","Shuriken","Art of War","Nunchaku","HornCleat","Mark of Pain","Shovel","Champion Belt","Black Star"],"acts_visited":["Exordium","TheCity","TheBeyond"],"potions_floor_usage":[],"damage_taken":[{"damage":0.0,"enemies":"Jaw Worm","floor":1.0,"turns":1.0},{"damage":0.0,"enemies":"Cultist","floor":3.0,"turns":1.0},{"damage":0.0,"enemies":"Gremlin Nob","floor":6.0,"turns":1.0},{"damage":10.0,"enemies":"3 Sentries","floor":8.0,"turns":7.0},{"damage":10.0,"enemies":"Gremlin Nob","floor":10.0,"turns":3.0},{"damage":3.0,"enemies":"2 Louse","floor":12.0,"turns":2.0},{"damage":13.0,"enemies":"Lagavulin","floor":13.0,"turns":5.0},{"damage":29.0,"enemies":"The Guardian","floor":16.0,"turns":9.0},{"damage":21.0,"enemies":"Chosen","floor":18.0,"turns":5.0},{"damage":24.0,"enemies":"3 Byrds","floor":19.0,"turns":5.0},{"damage":2.0,"enemies":"Centurion and Healer","floor":21.0,"turns":5.0},{"damage":38.0,"enemies":"Book of Stabbing","floor":24.0,"turns":6.0},{"damage":54.0,"enemies":"3 Cultists","floor":25.0,"turns":6.0},{"damage":11,"enemies":"Shelled Parasite and Fungi","floor":31,"turns":4},{"damage":82,"enemies":"Automaton","floor":33,"turns":8},{"damage":45,"enemies":"3 Darklings","floor":35,"turns":6},{"damage":27,"enemies":"3 Shapes","floor":36,"turns":4},{"damage":44,"enemies":"Transient","floor":39,"turns":5},{"damage":46,"enemies":"Giant Head","floor":41,"turns":5}],"seed_played":"-3649098965067873527","potions_obtained":[{"floor":3.0,"key":"Weak Potion"},{"floor":10.0,"key":"BloodPotion"},{"floor":13.0,"key":"Block Potion"},{"floor":21.0,"key":"Strength Potion"},{"floor":31,"key":"BlessingOfTheForge"}],"is_trial":false,"path_per_floor":["M","?","M","$","?","E","R","E","T","E","R","M","E","?","R","B",null,"M","M","?","M","$","R","E","M","T","?","$","?","?","M","R","B",null,"M","M","?","?","M","R","E"],"character_chosen":"IRONCLAD","items_purchased":["FairyPotion","Metamorphosis"],"campfire_rested":1,"item_purchase_floors":[22,28],"current_hp_per_floor":[80,68,74,74,74,80,80,76,76,72,72,75,68,57,57,34,80,65,50,50,57,72,72,40,13,13,13,28,28,28,27,55,34,94,83,72,72,72,41,41,0,0],"gold":247,"neow_bonus":"THREE_ENEMY_KILL","is_daily":false,"chose_seed":false,"campfire_upgraded":5,"win_rate":0.0,"timestamp":1609559979,"path_taken":["M","?","M","$","?","E","R","E","T","E","R","?","E","?","R","BOSS","M","M","?","M","$","R","E","M","T","?","$","?","?","M","R","BOSS","M","M","?","?","M","R","E"],"items_purchased_type":["Potion","Card"],"build_version":"2020-12-22","purchased_purges":3,"victory":false,"max_hp_per_floor":[80,80,80,80,80,80,80,80,80,80,80,80,80,80,80,80,80,80,83,83,86,86,86,86,90,90,90,90,90,90,94,94,94,94,94,94,94,94,94,94,94,94],"card_choices":[{"not_picked":["Iron Wave","Thunderclap"],"picked":"Headbutt","floor":1.0},{"not_picked":["Dark Embrace","True Grit"],"picked":"Iron Wave","floor":3.0},{"not_picked":["Juggernaut","Dropkick"],"picked":"Hemokinesis","floor":6.0},{"not_picked":["Clash","Dropkick"],"picked":"Inflame","floor":8.0},{"not_picked":["Thunderclap","Carnage","Flex"],"picked":"SKIP","floor":10.0},{"not_picked":["Pommel Strike","Warcry"],"picked":"Clothesline","floor":12.0},{"not_picked":["Hemokinesis","Feed"],"picked":"Rupture","floor":13.0},{"not_picked":["Berserk","Brutality"],"picked":"Feed","floor":16.0},{"not_picked":["Clash","Dark Embrace"],"picked":"Twin Strike+1","floor":18.0},{"not_picked":["Perfected Strike","Inflame"],"picked":"Disarm","floor":19.0},{"not_picked":["Iron Wave+1","Flex+1","Clothesline"],"picked":"SKIP","floor":21.0},{"not_picked":["Uppercut","Bloodletting"],"picked":"Exhume","floor":24.0},{"not_picked":["Clash","Pummel"],"picked":"Cleave","floor":25.0},{"not_picked":["Headbutt+1","Burning Pact","Pommel Strike+1"],"picked":"SKIP","floor":31},{"not_picked":["Impervious","Corruption"],"picked":"Reaper","floor":33},{"not_picked":["Clothesline+1","Entrench"],"picked":"Thunderclap+1","floor":35},{"not_picked":["Cleave+1","Flex+1","Feel No Pain"],"picked":"SKIP","floor":36},{"not_picked":["Intimidate","Rupture+1","Iron Wave"],"picked":"SKIP","floor":39}],"player_experience":196170,"relics_obtained":[{"floor":6.0,"key":"MealTicket"},{"floor":8.0,"key":"Shuriken"},{"floor":9.0,"key":"Art of War"},{"floor":10.0,"key":"Nunchaku"},{"floor":13.0,"key":"HornCleat"},{"floor":24.0,"key":"Shovel"},{"floor":26.0,"key":"Champion Belt"}],"event_choices":[{"damage_healed":0.0,"max_hp_gain":0.0,"max_hp_loss":0.0,"gold_gain":0.0,"event_name":"Scrap Ooze","player_choice":"Success","floor":2.0,"gold_loss":0.0,"damage_taken":12.0,"relics_obtained":["War Paint"]},{"damage_healed":0.0,"max_hp_gain":0.0,"max_hp_loss":0.0,"gold_gain":100.0,"event_name":"Golden Shrine","player_choice":"Pray","floor":5.0,"gold_loss":0.0,"damage_taken":0.0},{"damage_healed":0.0,"max_hp_gain":0.0,"max_hp_loss":0.0,"gold_gain":75.0,"event_name":"World of Goop","player_choice":"Gather Gold","floor":14.0,"gold_loss":0.0,"damage_taken":11.0},{"damage_healed":0.0,"max_hp_gain":0.0,"max_hp_loss":0.0,"gold_gain":0.0,"event_name":"Ghosts","player_choice":"Ignored","floor":20.0,"gold_loss":0.0,"damage_taken":0.0},{"cards_removed":["Strike_R"],"damage_healed":0.0,"max_hp_gain":0.0,"max_hp_loss":0.0,"gold_gain":0.0,"event_name":"Beggar","player_choice":"Gave Gold","floor":27.0,"gold_loss":75.0,"damage_taken":0.0},{"damage_healed":0,"gold_gain":0,"player_choice":"Paid Fearfully","damage_taken":0,"max_hp_gain":0,"max_hp_loss":0,"event_name":"Masked Bandits","floor":29,"gold_loss":31},{"damage_healed":0,"gold_gain":99,"player_choice":"Stole From Cult","damage_taken":0,"max_hp_gain":0,"max_hp_loss":0,"event_name":"Nest","floor":30,"gold_loss":0},{"damage_healed":0,"gold_gain":0,"player_choice":"Ignored","damage_taken":0,"max_hp_gain":0,"max_hp_loss":0,"event_name":"Mysterious Sphere","floor":37,"gold_loss":0},{"damage_healed":0,"gold_gain":0,"player_choice":"Memory 1","damage_taken":0,"max_hp_gain":0,"max_hp_loss":0,"event_name":"SensoryStone","floor":38,"gold_loss":0}],"is_beta":false,"boss_relics":[{"not_picked":["Pandora\u0027s Box","SlaversCollar"],"picked":"Mark of Pain"},{"not_picked":["Velvet Choker","Sozu"],"picked":"Black Star"}],"items_purged_floors":[4,22,28],"is_endless":false,"potions_floor_spawned":[3,10,13,21,31],"killed_by":"Giant Head","ascension_level":4}}