{"host":"uflv0e3ja7hvnij7","time":1609596835,"event":{"mods":["BaseMod","Better Altar","Better Match","Better Note","Better Sensory Stone","Better Skull","Better Third Choice","Hubris","Infinite Spire","Minty Spire (QoL Compilation)","Permanent Neow","StSLib"],"gold_per_floor":[113,129,149,168,184,184,134,134,134,134,134,134,134],"floor_reached":12,"playtime":413,"items_purged":[],"score":95,"play_id":"3b082858-6986-4c2b-b33f-91068f66d900","local_time":"20210102091355","is_ascension_mode":true,"campfire_choices":[{"data":"Infernal Blade","floor":6,"key":"SMITH"},{"data":"Trip","floor":8,"key":"SMITH"},{"data":"Bash","floor":11,"key":"SMITH"}],"circlet_count":0,"master_deck":["Strike_R","Strike_R","Strike_R","Strike_R","Defend_R","Defend_R","Defend_R","Defend_R","Bash+1","Trip+1","hubris:ReadiedAction","Infernal Blade+1"],"relics":["Burning Blood","infinitespire:CheckeredPen","hubris:PeanutButter"],"acts_visited":["Exordium"],"potions_floor_usage":[4,5],"damage_taken":[{"damage":1,"enemies":"Cultist","floor":1,"turns":3},{"damage":3,"enemies":"2 Louse","floor":2,"turns":3},{"damage":7,"enemies":"Jaw Worm","floor":3,"turns":3},{"damage":0,"enemies":"3 Louse","floor":4,"turns":2},{"damage":31,"enemies":"Exordium Thugs","floor":5,"turns":4},{"damage":2,"enemies":"3 Sentries","floor":12,"turns":2}],"seed_played":"-4991316104575880501","potions_obtained":[{"floor":1,"key":"Weak Potion"},{"floor":2,"key":"Explosive Potion"}],"is_trial":false,"path_per_floor":["M","M","M","M","M","R","?","R","T","T","R","E"],"character_chosen":"IRONCLAD","items_purchased":[],"campfire_rested":0,"item_purchase_floors":[],"current_hp_per_floor":[77,80,79,80,55,55,55,55,55,55,55,53,53],"gold":134,"neow_bonus":"RANDOM_COLORLESS","is_daily":false,"chose_seed":false,"campfire_upgraded":3,"win_rate":0.0,"timestamp":1609596835,"path_taken":["M","M","M","M","?","R","?","R","T","?","R","E"],"items_purchased_type":[],"build_version":"2020-12-22","purchased_purges":0,"victory":false,"max_hp_per_floor":[80,80,80,80,80,80,80,80,80,80,80,80,80],"card_choices":[{"not_picked":["Purity","Jack Of All Trades"],"picked":"Trip","floor":0},{"not_picked":["Pummel","Wild Strike","Sword Boomerang"],"picked":"SKIP","floor":1},{"not_picked":["True Grit","Power Through"],"picked":"hubris:ReadiedAction","floor":2},{"not_picked":["Headbutt","Reckless Charge"],"picked":"Infernal Blade","floor":3},{"not_picked":["Perfected Strike","Iron Wave","Pommel Strike"],"picked":"SKIP","floor":4},{"not_picked":["Wild Strike","Clash","Carnage"],"picked":"SKIP","floor":5}],"player_experience":457396,"relics_obtained":[{"floor":9,"key":"infinitespire:CheckeredPen"},{"floor":10,"key":"hubris:PeanutButter"}],"event_choices":[{"cards_removed":["Strike_R"],"damage_healed":0,"gold_gain":0,"player_choice":"Card Removal","damage_taken":0,"max_hp_gain":0,"max_hp_loss":0,"event_name":"The Cleric","floor":7,"gold_loss":50}],"is_beta":false,"boss_relics":[],"items_purged_floors":[],"is_endless":false,"potions_floor_spawned":[1,2],"killed_by":"3 Sentries","ascension_level":7}}