{"host":"6v6lk9rcoiasjngj","time":1609624549,"event":{"mods":["Ascension Reborn","BaseMod","Better Third Choice","Colored Map","Conspire","Downfall","Duelist Mod","GifTheSpireLib","Googly Eyes","Hubris","Infinite Spire","Minty Spire (QoL Compilation)","Quick Restart","RRrroohrrRGHHhhh!!","Replay The Spire","Reworked Bosses","Somnambulant","Spicy Shops","StSLib","Stuff the Spire","The Blue Laboratory","The Cursed","The Disciple","The Factory","The Florist","The Hierophant","The Jungle","The Sage","The Servant 0.9.4","The Valiant","egg"],"gold_per_floor":[142,155,0,15,34,34,67,67,67,99,113,129,141,141,141,246,246,264,36,36,52,52,52,52,52,98,98,98,98,114,128,178,283,283,302,3,22,32,32,47,57,57,57,73,73,73],"floor_reached":45,"playtime":4267,"items_purged":["theDuelist:Sparks","Pain"],"score":479,"play_id":"3f29adc4-9622-438a-84fe-36e32cd86e12","local_time":"20210102165549","is_ascension_mode":false,"campfire_choices":[{"data":"theDuelist:FinalFlame","floor":6,"key":"SMITH"},{"data":"theDuelist:Hinotama","floor":8,"key":"SMITH"},{"data":"Apotheosis","floor":15,"key":"SMITH"},{"data":"theDuelist:RainbowKuriboh","floor":23,"key":"SMITH"},{"floor":29,"key":"RECALL"},{"data":"theDuelist:OrbMetronome","floor":42,"key":"SMITH"}],"circlet_count":0,"master_deck":["theDuelist:BeaverWarrior","theDuelist:BeaverWarrior","theDuelist:CastleWalls","theDuelist:CastleWalls","theDuelist:FinalFlame+1","theDuelist:GiantSoldier","theDuelist:GiantSoldier","theDuelist:ScrapFactory","theDuelist:Sparks","theDuelist:ChaosSeed+1","theDuelist:MeteorDestruction","Enlightenment+1","theDuelist:WhiteHowling","theDuelist:Hinotama+1","theDuelist:GravityAxe","Apotheosis+1","theDuelist:MiraculousDescent","theDuelist:GravityLash","theDuelist:RainbowKuriboh+1","theDuelist:BigFire","ReplayTheSpireMod:Uncanny Aura","theDuelist:KamionTimelord+1","theDuelist:DoubleTool+1","theDuelist:OrbMetronome+1","theDuelist:CircleFireKings+1","hubris:Wrath","Trip+1","theDuelist:Mathematician"],"relics":["theDuelist:MillenniumPuzzle","theDuelist:CardPoolRelic","theDuelist:CardPoolBasicRelic","theDuelist:BoosterPackPoolRelic","theDuelist:CardPoolAddRelic","theDuelist:CardPoolMinusRelic","theDuelist:CardPoolSaveRelic","theDuelist:CardPoolOptionsRelic","NeowsBlessing","StuffTheSpire:OldFever","Juzu Bracelet","GremlinMask","Black Star","Toolbox","Singing Bowl","Oddly Smooth Stone","hubris:SphereOfDissonance","conspire:SpecialSausage","Membership Card","theDuelist:MillenniumPeriapt"],"acts_visited":["Exordium","TheCity","TheCity"],"potions_floor_usage":[33,33],"damage_taken":[{"damage":0,"enemies":"Small Slimes","floor":1,"turns":1},{"damage":0,"enemies":"2 Louse","floor":2,"turns":1},{"damage":0,"enemies":"Cultist","floor":4,"turns":1},{"damage":0,"enemies":"Blue Slaver","floor":5,"turns":4},{"damage":9,"enemies":"Replay:BlueRogue","floor":7,"turns":7},{"damage":0,"enemies":"Lagavulin","floor":10,"turns":5},{"damage":0,"enemies":"conspire:2 RoseBushes","floor":11,"turns":6},{"damage":4,"enemies":"Lots of Slimes","floor":12,"turns":5},{"damage":0,"enemies":"2 Fungi Beasts","floor":13,"turns":4},{"damage":22,"enemies":"Hexaghost","floor":16,"turns":9},{"damage":15,"enemies":"2 Thieves","floor":18,"turns":4},{"damage":12,"enemies":"Spheric Guardian","floor":21,"turns":4},{"damage":3,"enemies":"Centurion and Healer","floor":30,"turns":6},{"damage":9,"enemies":"Chosen and Byrds","floor":31,"turns":5},{"damage":15,"enemies":"hubris:MusketHawk","floor":33,"turns":9},{"damage":26,"enemies":"theFactory:2_Experiment_Personnel","floor":35,"turns":7},{"damage":16,"enemies":"theFactory:BigBot","floor":37,"turns":5},{"damage":3,"enemies":"theFactory:DecayingSentinel","floor":38,"turns":8},{"damage":26,"enemies":"theFactory:6_Mini-Bots","floor":40,"turns":8},{"damage":0,"enemies":"theFactory:ShrapnelTosser","floor":41,"turns":6},{"damage":56,"enemies":"theFactory:Personnel_and_Big_Bot","floor":44,"turns":7},{"damage":16,"enemies":"theFactory:Orbs_and_Orb_Walker","floor":45,"turns":2}],"seed_played":"-6699116667951949703","potions_obtained":[{"floor":2,"key":"Guardian:BlockOnCardUsePotion"},{"floor":4,"key":"AttackPotion"},{"floor":11,"key":"BlessingOfTheForge"},{"floor":33,"key":"Elixir"},{"floor":40,"key":"blueLaboratory:HeartbeatPotion"},{"floor":44,"key":"blueLaboratory:FruitPunch"}],"is_trial":false,"path_per_floor":["M","M","?","M","M","R","E","R","T","E","M","M","M","?","R","B",null,"M","$","?","M","?","R","?","?","T","?","T","R","M","M","R_BF","B",null,"M","$","M","M","?","M","M","R","T","M","M"],"character_chosen":"THE_DUELIST","items_purchased":["Toolbox","theDuelist:OrbMetronome","Membership Card","theDuelist:FireBottle"],"campfire_rested":0,"item_purchase_floors":[19,36,36,36],"current_hp_per_floor":[80,80,86,86,86,86,77,77,77,77,77,73,73,73,73,51,86,71,71,71,61,49,49,49,49,49,49,49,49,48,41,41,26,92,66,66,52,49,94,68,70,70,70,14,0,0],"gold":73,"neow_bonus":"THREE_ENEMY_KILL","is_daily":false,"chose_seed":false,"campfire_upgraded":5,"win_rate":0.0,"timestamp":1609624549,"path_taken":["M","M","?","M","M","R","E","R","T","E","M","M","M","?","R","BOSS","M","$","?","M","?","R","?","?","T","?","?","R","M","M","R_BF","BOSS","M","$","M","M","?","M","M","R","T","M","M"],"items_purchased_type":["Relic","Card","Relic","Potion"],"build_version":"2020-12-22","purchased_purges":2,"victory":false,"max_hp_per_floor":[80,80,86,86,86,86,86,86,86,86,86,86,86,86,86,86,86,86,86,86,88,88,88,88,88,88,88,88,88,90,92,92,92,92,92,92,94,94,94,94,96,96,96,96,96,96],"card_choices":[{"not_picked":["theDuelist:VenomShot+1","theDuelist:SparkBlaster+1","theDuelist:MagicalStone+1","theDuelist:DoubleTool+1"],"picked":"theDuelist:ChaosSeed+1","floor":1},{"not_picked":["theDuelist:BigFire","theDuelist:OnslaughtFireKings","theDuelist:Tuningware","theDuelist:WormApocalypse"],"picked":"theDuelist:MeteorDestruction","floor":2},{"not_picked":["theDuelist:Graverobber","theDuelist:Reinforcements","theDuelist:MiraculousDescent","theDuelist:CrystalRaigeki"],"picked":"theDuelist:WhiteHowling","floor":4},{"not_picked":["theDuelist:CombinationAttack","theDuelist:ScrapFactory","theDuelist:PowerKaishin","theDuelist:Predaponics"],"picked":"theDuelist:Hinotama","floor":5},{"not_picked":["theDuelist:AssaultArmor","theDuelist:CrystalBlessing","theDuelist:Electrowhip","theDuelist:VenomShot"],"picked":"theDuelist:GravityAxe","floor":7},{"not_picked":["Jack Of All Trades","Metamorphosis","Secret Technique"],"picked":"Apotheosis","floor":10},{"not_picked":["theDuelist:WhiteHowling","theDuelist:ImperialOrder","theDuelist:ElectromagneticShield"],"picked":"theDuelist:MiraculousDescent","floor":11},{"not_picked":["theDuelist:SparkBlaster","theDuelist:GravityBlaster","theDuelist:ScrapFactory","theDuelist:PotDuality","theDuelist:UnderworldCannon"],"picked":"SKIP","floor":12},{"not_picked":["theDuelist:SevenCompleted","theDuelist:LightLaser","theDuelist:InstantFusion","theDuelist:FeatherShot"],"picked":"theDuelist:GravityLash","floor":13},{"not_picked":["theDuelist:RainbowNeos","theDuelist:KamionTimelord","theDuelist:HappyLover","theDuelist:RainbowOverdragon"],"picked":"theDuelist:RainbowKuriboh","floor":16},{"not_picked":["theDuelist:GaiaMidNightSun","theDuelist:Hinotama","theDuelist:LightningVortex+1","theDuelist:Sangan+1"],"picked":"theDuelist:BigFire","floor":18},{"not_picked":["theDuelist:FrontierWiseman","theDuelist:BlackPendant","theDuelist:Tuningware","theDuelist:PreventRat+1","theDuelist:GilfordLegend"],"picked":"Singing Bowl","floor":21},{"not_picked":["theDuelist:DoubleTool","theDuelist:SpiritHarp","theDuelist:Sangan","theDuelist:GravityAxe","theDuelist:GiantTrunade"],"picked":"Singing Bowl","floor":30},{"not_picked":["theDuelist:WhiteHowling+1","theDuelist:GravityAxe","theDuelist:Electrowhip","theDuelist:ElectromagneticShield","theDuelist:SwordsConcealing"],"picked":"Singing Bowl","floor":31},{"not_picked":["theDuelist:RainbowNeos","theDuelist:HappyLover","theDuelist:Eva+1","theDuelist:RainbowOverdragon"],"picked":"theDuelist:KamionTimelord+1","floor":33},{"not_picked":["theDuelist:SparkBlaster+1","theDuelist:MeteorDestruction+1","theDuelist:InfernoFireBlast+1","theDuelist:AncientGearFist+1"],"picked":"theDuelist:DoubleTool+1","floor":35},{"not_picked":["theDuelist:BerserkerCrush+2","theDuelist:VendreadCharge+1","theDuelist:SparkBlaster","theDuelist:InfernoFireBlast+1","theDuelist:GravityLash"],"picked":"Singing Bowl","floor":37},{"not_picked":["theDuelist:CrossAttack+1","theDuelist:PotDuality+1","theDuelist:PreventRat+1","theDuelist:WhiteHowling+1"],"picked":"theDuelist:CircleFireKings+1","floor":38},{"not_picked":["Enlightenment","Panache","Thinking Ahead"],"picked":"Trip+1","floor":40},{"not_picked":["theDuelist:Eva+1","theDuelist:EvilswarmHeliotrope","theDuelist:GolemSentry+1","theDuelist:RainbowKuriboh+1","theDuelist:WeepingIdol"],"picked":"Singing Bowl","floor":41},{"not_picked":["theDuelist:SangaEarth","theDuelist:KamionTimelord+1","theDuelist:FrontierWiseman+1","theDuelist:SolarWindJammer"],"picked":"theDuelist:Mathematician","floor":44}],"player_experience":835415,"relics_obtained":[{"floor":7,"key":"StuffTheSpire:OldFever"},{"floor":10,"key":"Juzu Bracelet"},{"floor":26,"key":"Oddly Smooth Stone"},{"floor":28,"key":"hubris:SphereOfDissonance"},{"floor":43,"key":"theDuelist:MillenniumPeriapt"}],"event_choices":[{"damage_healed":0,"gold_gain":0,"player_choice":"RENOUNCE","damage_taken":155,"max_hp_gain":0,"max_hp_loss":0,"event_name":"betterThird:BetterSerpent","floor":3,"gold_loss":155,"cards_obtained":["Enlightenment"]},{"damage_healed":0,"gold_gain":0,"player_choice":"Trade","damage_taken":0,"relics_obtained":["GremlinMask"],"max_hp_gain":0,"max_hp_loss":0,"event_name":"FaceTrader","floor":14,"gold_loss":0},{"damage_healed":0,"gold_gain":0,"player_choice":"CARD ","damage_taken":12,"max_hp_gain":0,"max_hp_loss":0,"event_name":"Knowing Skull","floor":22,"potions_obtained":[],"gold_loss":0,"cards_obtained":["ReplayTheSpireMod:Uncanny Aura"]},{"damage_healed":0,"gold_gain":0,"player_choice":"Serpent","damage_taken":0,"max_hp_gain":0,"max_hp_loss":0,"event_name":"BanditSerpent","floor":25,"gold_loss":0}],"is_beta":false,"boss_relics":[{"not_picked":["Snecko Scales","StuffTheSpire:Kangaroo"],"picked":"Black Star"},{"not_picked":["Electric Blood","conspire:RoyalGoblet"],"picked":"conspire:SpecialSausage"}],"items_purged_floors":[19,36],"is_endless":false,"potions_floor_spawned":[2,4,11,13,30,33,38,40,44],"killed_by":"theFactory:Orbs_and_Orb_Walker","ascension_level":0}}