{"host":"vm8b3ptwl81uq21f","time":1609549100,"event":{"mods":["Aspiration","BaseMod","BetterRewards","Colored Map","Colored Powertips","Downfall","GifTheSpireLib","Googly Eyes","GungeonMod","Halation","Hubris","Infinite Spire","Minty Spire (QoL Compilation)","Quick Restart","Rare Cards Sparkle","Replay The Spire","Shop Mod","StSLib","Stuff the Spire","The Bug Knight","The IronCluck","[IsaacMod]????"],"gold_per_floor":[118,118,118,118,132,163,163,41,68,82,101,101,101,114,114,217,217,235,235,253,253,271,271,271,271,271,271,294,308,322,334,334,429,429,429,429],"floor_reached":35,"playtime":1740,"items_purged":["DemoMod:RustySidearm","DemoMod:CrossBow"],"score":457,"play_id":"83b0000d-2de1-4c63-a8a9-021fe7732016","local_time":"20210101195820","is_ascension_mode":false,"campfire_choices":[{"data":"Replay:Fractal Strike","floor":7,"key":"SMITH"},{"data":"DemoMod:Casey","floor":13,"key":"SMITH"},{"data":"DemoMod:Replace","floor":15,"key":"SMITH"},{"data":"DemoMod:Replace","floor":23,"key":"SMITH"},{"data":"DemoMod:Casey","floor":25,"key":"SMITH"},{"data":"infinitespire:Execution","floor":32,"key":"SMITH"}],"circlet_count":0,"master_deck":["DemoMod:Strike_Huntress","DemoMod:Strike_Huntress","DemoMod:Strike_Huntress","DemoMod:Defend_Huntress","DemoMod:Defend_Huntress","DemoMod:Defend_Huntress","DemoMod:Defend_Huntress","DemoMod:Roll","DemoMod:ManualReload","DemoMod:SAA","DemoMod:DoubleVision","DemoMod:ManualReload","Replay:Fractal Strike+1","DemoMod:HardPowerCard","DemoMod:Casey+1","DemoMod:Replace+1","DemoMod:Casey+1","DemoMod:Eureka","DemoMod:Unmoved+1","DemoMod:Replace+1","infinitespire:Execution+1","DemoMod:FastSwitch","DemoMod:Purify","DemoMod:StrategicReserve","DemoMod:GunslingerForm"],"relics":["DemoMod:Dog","HushsDoor","BookofShadows","NeowsBlessing","hubris:KleinBottle","hubris:EvacipatedBox","Dream Catcher","infinitespire:Satchel","FaceOfCleric","StuffTheSpire:ModemDavis","Tiny Chest","hubris:64BitClover","DemoMod:RedGuonStone","Incense Burner","Replay:Grab Bag"],"acts_visited":["Exordium","TheCity","TheBeyond"],"potions_floor_usage":[33],"damage_taken":[{"damage":0,"enemies":"2 Louse","floor":1,"turns":1},{"damage":0,"enemies":"Cultist","floor":5,"turns":1},{"damage":0,"enemies":"Lagavulin","floor":6,"turns":1},{"damage":0,"enemies":"Small Slimes","floor":10,"turns":3},{"damage":4,"enemies":"Gremlin Gang","floor":11,"turns":2},{"damage":0,"enemies":"Looter","floor":14,"turns":3},{"damage":9,"enemies":"Fading Forest","floor":16,"turns":11},{"damage":1,"enemies":"Shell Parasite","floor":18,"turns":4},{"damage":7,"enemies":"Snecko","floor":20,"turns":4},{"damage":0,"enemies":"3 Cultists","floor":22,"turns":4},{"damage":0,"enemies":"Cultist and Chosen","floor":29,"turns":4},{"damage":13,"enemies":"Centurion and Healer","floor":30,"turns":4},{"damage":0,"enemies":"Chosen and Byrds","floor":31,"turns":3},{"damage":0,"enemies":"Champ","floor":33,"turns":9},{"damage":0,"enemies":"3 Shapes","floor":35,"turns":1}],"seed_played":"-2868256171529991947","potions_obtained":[{"floor":5,"key":"SkillPotion"},{"floor":14,"key":"Adrenaline Potion"},{"floor":22,"key":"sneckomod:MuddlingPotion"},{"floor":33,"key":"SteroidPotion"}],"is_trial":false,"path_per_floor":["M","?","$","?","M","E","R","$","T","M","M","?","R","M","R","B",null,"M","AVR","M","?","M","R","?","R","T","?","T","M","M","M","R_BF","B",null,"M"],"character_chosen":"HUNTRESS","items_purchased":["hubris:KleinBottle","hubris:EvacipatedBox","DemoMod:Casey"],"campfire_rested":0,"item_purchase_floors":[3,3,8],"current_hp_per_floor":[70,70,32,32,32,32,32,32,32,32,28,28,28,29,29,21,72,72,72,66,66,67,67,49,49,49,49,49,50,38,39,39,40,79,79,79],"gold":429,"neow_bonus":"THREE_ENEMY_KILL","is_daily":false,"chose_seed":false,"campfire_upgraded":6,"win_rate":0.0,"timestamp":1609549100,"path_taken":["M","?","?","?","?","E","R","$","T","M","M","?","R","M","R","BOSS","M","AVR","M","?","M","R","?","R","T","?","?","M","M","M","R_BF","BOSS","M"],"items_purchased_type":["Relic","Relic","Card"],"build_version":"2020-12-22","purchased_purges":2,"victory":false,"max_hp_per_floor":[70,70,70,70,70,70,70,70,70,70,70,70,70,71,71,72,72,73,73,74,74,75,75,75,75,75,75,75,76,77,78,78,79,79,79,79],"card_choices":[{"not_picked":["DemoMod:GunstockTap","DemoMod:Unity"],"picked":"DemoMod:SAA","floor":1},{"not_picked":["infinitespire:FinalStrike","infinitespire:Starlight"],"picked":"Replay:Fractal Strike","floor":3},{"not_picked":["DemoMod:AbyssalTentacle","DemoMod:AC15","DemoMod:BoxingGlove"],"picked":"SKIP","floor":5},{"not_picked":["DemoMod:BlankBullets","DemoMod:Rummage"],"picked":"DemoMod:HardPowerCard","floor":6},{"not_picked":["DemoMod:PracticeMakesPerfect","DemoMod:TripleGun"],"picked":"DemoMod:Replace","floor":10},{"not_picked":["DemoMod:Ejector","DemoMod:LifeOrb","DemoMod:GunShield"],"picked":"SKIP","floor":11},{"not_picked":["DemoMod:Ejector","DemoMod:LifeOrb"],"picked":"DemoMod:Casey","floor":14},{"not_picked":["DemoMod:FightSabre","DemoMod:FinishedGun"],"picked":"DemoMod:Eureka","floor":16},{"not_picked":["DemoMod:GunstockTap+1","DemoMod:ProbeStrike","DemoMod:PotionOfGunFriendShip+1"],"picked":"SKIP","floor":18},{"not_picked":["DemoMod:MachoBrace","DemoMod:BoxingGlove"],"picked":"DemoMod:Unmoved+1","floor":20},{"not_picked":["DemoMod:StickyCrossBow","DemoMod:ZorGun"],"picked":"DemoMod:Replace","floor":22},{"not_picked":["ReplayTheSpireMod:??????????????????????","infinitespire:SealOfDarkness+"],"picked":"infinitespire:Execution","floor":24},{"not_picked":["DemoMod:FortunesFavor","DemoMod:Casey+1"],"picked":"DemoMod:FastSwitch","floor":29},{"not_picked":["DemoMod:DoubleSwitch+1","DemoMod:MachoBrace"],"picked":"DemoMod:Purify","floor":30},{"not_picked":["DemoMod:Unity","DemoMod:TeaPot"],"picked":"DemoMod:StrategicReserve","floor":31},{"not_picked":["DemoMod:DoubleVision","DemoMod:BSG"],"picked":"DemoMod:GunslingerForm","floor":33}],"player_experience":345459,"relics_obtained":[{"floor":6,"key":"Dream Catcher"},{"floor":9,"key":"infinitespire:Satchel"},{"floor":26,"key":"hubris:64BitClover"},{"floor":28,"key":"DemoMod:RedGuonStone"},{"floor":30,"key":"Incense Burner"}],"event_choices":[{"damage_healed":0,"gold_gain":0,"player_choice":"2 cards matched","damage_taken":0,"max_hp_gain":0,"max_hp_loss":0,"event_name":"Match and Keep!","floor":2,"gold_loss":0,"cards_obtained":["DemoMod:DoubleVision","DemoMod:ManualReload"]},{"damage_healed":0,"gold_gain":0,"player_choice":"Trade","damage_taken":0,"relics_obtained":["FaceOfCleric"],"max_hp_gain":0,"max_hp_loss":0,"event_name":"FaceTrader","floor":12,"gold_loss":0},{"damage_healed":0,"gold_gain":0,"player_choice":"Ignored","damage_taken":0,"max_hp_gain":0,"max_hp_loss":0,"event_name":"Vampires","floor":27,"gold_loss":0}],"is_beta":false,"boss_relics":[{"not_picked":["Snecko Eye","Velvet Choker","DemoMod:Wolf"],"picked":"StuffTheSpire:ModemDavis"},{"not_picked":[]},{"not_picked":["Abe\u0027s Treasure","SlaversCollar","Runic Pyramid"],"picked":"Replay:Grab Bag"},{"not_picked":[]}],"items_purged_floors":[8,19],"is_endless":false,"potions_floor_spawned":[5,14,22,33],"killed_by":"3 Shapes","ascension_level":0}}