{"host":"1eo5f82aifdzd7pr","time":1609612024,"event":{"mods":["AchievementEnabler","BaseMod","Colored Map","Colored Powertips","DeckTracker","Marisa????????","Minty Spire (QoL Compilation)","StSLib","SuperFastMode"],"gold_per_floor":[111,121,141,156,174,174,207,207,207,227,227,245,245,93,93,165,165,179,179,191,206,206,206,225,250,324,342,372,372,422,442,442,520,520,540,555,574,0,0,0,353,381,419,431,475,487,524,549,561,573],"floor_reached":51,"playtime":3381,"items_purged":["Strike_P"],"score":1625,"play_id":"26d5bf35-fbf8-4700-ab13-c7b4b2ab21ea","local_time":"20210102202704","is_ascension_mode":true,"campfire_choices":[{"data":"Eruption","floor":6.0,"key":"SMITH"},{"data":"WheelKick","floor":11.0,"key":"SMITH"},{"data":"WheelKick","floor":13.0,"key":"SMITH"},{"data":"Tantrum","floor":15.0,"key":"SMITH"},{"data":"Wallop","floor":23.0,"key":"SMITH"},{"data":"Scrawl","floor":29.0,"key":"SMITH"},{"floor":32.0,"key":"REST"},{"data":"TalkToTheHand","floor":40,"key":"SMITH"},{"data":"Scrawl","floor":44,"key":"SMITH"},{"data":"DevaForm","floor":46,"key":"SMITH"},{"floor":49,"key":"REST"}],"circlet_count":0,"master_deck":["AscendersBane","Strike_P","Strike_P","Defend_P","Defend_P","Defend_P","Eruption+1","Vigilance","DeceiveReality","SandsOfTime","WheelKick+1","CutThroughFate","DevaForm+1","WheelKick+1","Tantrum+1","Scrawl+1","Protect","Wallop+1","Scrawl+1","Meditate+1","SpiritShield+1","Vault+1","TalkToTheHand+1","Vault+1","FlurryOfBlows"],"relics":["HolyWater","Toy Ornithopter","Orichalcum","Darkstone Periapt","MutagenicStrength","White Beast Statue","Toxic Egg 2","Dream Catcher","VioletLotus","Vajra","Strange Spoon","Anchor","Old Coin","MawBank","Oddly Smooth Stone","Potion Belt","Singing Bowl"],"acts_visited":["Exordium","TheCity","TheBeyond"],"potions_floor_usage":[33,35,36,41,42,50,50,50],"damage_taken":[{"damage":0.0,"enemies":"Jaw Worm","floor":1.0,"turns":4.0},{"damage":0.0,"enemies":"Cultist","floor":2.0,"turns":3.0},{"damage":0.0,"enemies":"2 Louse","floor":3.0,"turns":2.0},{"damage":5.0,"enemies":"Exordium Wildlife","floor":4.0,"turns":3.0},{"damage":0.0,"enemies":"2 Fungi Beasts","floor":5.0,"turns":4.0},{"damage":11.0,"enemies":"3 Sentries","floor":7.0,"turns":8.0},{"damage":5.0,"enemies":"Large Slime","floor":10.0,"turns":3.0},{"damage":0.0,"enemies":"3 Louse","floor":12.0,"turns":3.0},{"damage":0.0,"enemies":"Slime Boss","floor":16.0,"turns":4.0},{"damage":8.0,"enemies":"Chosen","floor":18.0,"turns":3.0},{"damage":0.0,"enemies":"Shell Parasite","floor":20.0,"turns":1.0},{"damage":0.0,"enemies":"Chosen and Byrds","floor":21.0,"turns":2.0},{"damage":4.0,"enemies":"Shelled Parasite and Fungi","floor":24.0,"turns":3.0},{"damage":12.0,"enemies":"Gremlin Leader","floor":25.0,"turns":5.0},{"damage":0.0,"enemies":"Snake Plant","floor":27.0,"turns":1.0},{"damage":31.0,"enemies":"Slavers","floor":28.0,"turns":5.0},{"damage":28.0,"enemies":"Chosen and Byrds","floor":31.0,"turns":7.0},{"damage":16,"enemies":"Champ","floor":33,"turns":9},{"damage":3,"enemies":"3 Shapes","floor":35,"turns":9},{"damage":0,"enemies":"3 Darklings","floor":36,"turns":5},{"damage":8,"enemies":"Spire Growth","floor":37,"turns":6},{"damage":11,"enemies":"2 Orb Walkers","floor":41,"turns":5},{"damage":0,"enemies":"Giant Head","floor":42,"turns":6},{"damage":8,"enemies":"Nemesis","floor":45,"turns":6},{"damage":0,"enemies":"Giant Head","floor":47,"turns":5},{"damage":0,"enemies":"4 Shapes","floor":48,"turns":4},{"damage":21,"enemies":"Awakened One","floor":50,"turns":10}],"seed_played":"-3978057526504775100","potions_obtained":[{"floor":1.0,"key":"Regen Potion"},{"floor":2.0,"key":"BlessingOfTheForge"},{"floor":12.0,"key":"Weak Potion"},{"floor":18.0,"key":"Ambrosia"},{"floor":20.0,"key":"Regen Potion"},{"floor":24.0,"key":"Swift Potion"},{"floor":28.0,"key":"Block Potion"},{"floor":31.0,"key":"Dexterity Potion"},{"floor":33,"key":"Fire Potion"},{"floor":35,"key":"DuplicationPotion"},{"floor":36,"key":"Block Potion"},{"floor":37,"key":"Ancient Potion"},{"floor":41,"key":"PowerPotion"},{"floor":42,"key":"Ambrosia"},{"floor":45,"key":"SmokeBomb"},{"floor":47,"key":"LiquidMemories"},{"floor":48,"key":"ColorlessPotion"}],"is_trial":false,"path_per_floor":["M","M","M","M","M","R","E","?","T","M","R","M","R","$","R","B",null,"M","?","M","M","?","R","M","E","T","M","E","R","?","M","R","B",null,"M","M","M","$","?","R","?","E","T","R","E","R","E","M","R","B",null],"character_chosen":"WATCHER","items_purchased":["Tantrum","Vajra","TalkToTheHand","Strange Spoon","Anchor"],"campfire_rested":2,"item_purchase_floors":[14,38,38,38,38],"current_hp_per_floor":[61,61,61,61,61,61,50,50,50,45,45,45,45,45,45,45,62,54,54,59,64,64,64,60,48,48,48,41,41,41,18,38,27,58,60,65,57,57,57,57,51,56,56,56,48,48,50,52,74,63],"gold":585,"neow_bonus":"RANDOM_COMMON_RELIC","is_daily":false,"chose_seed":false,"campfire_upgraded":9,"win_rate":0.0,"timestamp":1609612024,"path_taken":["M","M","M","M","M","R","E","?","T","?","R","M","R","$","R","BOSS","M","?","M","M","?","R","M","E","T","M","E","R","?","M","R","BOSS","M","M","M","$","?","R","?","E","T","R","E","R","E","M","R","BOSS"],"items_purchased_type":["Card","Relic","Card","Relic","Relic"],"build_version":"2020-12-22","purchased_purges":1,"victory":true,"max_hp_per_floor":[68,68,68,68,68,68,68,68,68,68,68,68,68,68,68,68,68,68,68,68,68,68,68,68,68,68,68,68,68,68,68,68,68,68,68,68,68,68,68,68,68,68,68,68,68,68,70,72,74,74],"card_choices":[{"not_picked":["Adaptation","EmptyBody"],"picked":"DeceiveReality","floor":1.0},{"not_picked":["FlyingSleeves","Adaptation"],"picked":"SandsOfTime","floor":2.0},{"not_picked":["Protect","EmptyFist"],"picked":"WheelKick","floor":3.0},{"not_picked":["CrushJoints","Judgement","Weave"],"picked":"SKIP","floor":4.0},{"not_picked":["Adaptation","FollowUp"],"picked":"CutThroughFate","floor":5.0},{"not_picked":["Consecrate","Crescendo","Sanctity"],"picked":"SKIP","floor":7.0},{"not_picked":["Consecrate","Halt"],"picked":"WheelKick","floor":10.0},{"not_picked":["FlyingSleeves","Sanctity","ClearTheMind"],"picked":"SKIP","floor":12.0},{"not_picked":["Omniscience","Brilliance"],"picked":"Scrawl","floor":16.0},{"not_picked":["WreathOfFlame","Indignation","ForeignInfluence"],"picked":"SKIP","floor":18.0},{"not_picked":["BowlingBash","EmptyBody","Study"],"picked":"SKIP","floor":20.0},{"not_picked":["Perseverance","WindmillStrike"],"picked":"Protect","floor":21.0},{"not_picked":["Protect","JustLucky","ClearTheMind"],"picked":"SKIP","floor":24.0},{"not_picked":["Vengeance","Protect"],"picked":"Scrawl","floor":25.0},{"not_picked":["ClearTheMind+1","PathToVictory+1"],"picked":"Meditate+1","floor":27.0},{"not_picked":["ForeignInfluence+1","WheelKick","JustLucky"],"picked":"SKIP","floor":28.0},{"not_picked":["Halt+1","ForeignInfluence+1","EmptyBody+1"],"picked":"SKIP","floor":31.0},{"not_picked":["FlyingSleeves","Worship+1"],"picked":"SpiritShield+1","floor":32.0},{"not_picked":["LessonLearned","Alpha+1"],"picked":"Vault+1","floor":33},{"not_picked":["ThirdEye+1","Prostrate+1","CrushJoints"],"picked":"SKIP","floor":35},{"not_picked":["SashWhip+1","FollowUp","Wireheading"],"picked":"SKIP","floor":36},{"not_picked":["Halt+1","CrushJoints","Vengeance+1"],"picked":"SKIP","floor":37},{"not_picked":["Indignation+1","FlurryOfBlows"],"picked":"Vault+1","floor":42},{"not_picked":["Prostrate+1","SashWhip"],"picked":"FlurryOfBlows","floor":45},{"not_picked":["Indignation+1","Consecrate","Meditate+1"],"picked":"Singing Bowl","floor":47},{"not_picked":["LikeWater","Indignation+1","Weave"],"picked":"Singing Bowl","floor":48},{"not_picked":["CrushJoints","Protect+1","Alpha+1"],"picked":"Singing Bowl","floor":49}],"player_experience":753437,"relics_obtained":[{"floor":7.0,"key":"Orichalcum"},{"floor":9.0,"key":"Darkstone Periapt"},{"floor":25.0,"key":"White Beast Statue"},{"floor":26.0,"key":"Toxic Egg 2"},{"floor":28.0,"key":"Dream Catcher"},{"floor":41,"key":"Old Coin"},{"floor":42,"key":"MawBank"},{"floor":43,"key":"Oddly Smooth Stone"},{"floor":45,"key":"Potion Belt"},{"floor":47,"key":"Singing Bowl"}],"event_choices":[{"damage_healed":0.0,"max_hp_gain":0.0,"max_hp_loss":0.0,"gold_gain":0.0,"cards_transformed":["Strike_P"],"event_name":"Transmorgrifier","player_choice":"Transformed","floor":8.0,"gold_loss":0.0,"damage_taken":0.0,"cards_obtained":["DevaForm"]},{"damage_healed":0.0,"max_hp_gain":0.0,"max_hp_loss":0.0,"gold_gain":0.0,"event_name":"Drug Dealer","player_choice":"Inject Mutagens","floor":19.0,"gold_loss":0.0,"damage_taken":0.0,"relics_obtained":["MutagenicStrength"]},{"damage_healed":0.0,"max_hp_gain":0.0,"max_hp_loss":0.0,"gold_gain":0.0,"event_name":"The Library","player_choice":"Read","floor":22.0,"gold_loss":0.0,"damage_taken":0.0,"cards_obtained":["Wallop"]},{"damage_healed":0.0,"max_hp_gain":0.0,"max_hp_loss":0.0,"gold_gain":50.0,"event_name":"Nest","player_choice":"Stole From Cult","floor":30.0,"gold_loss":0.0,"damage_taken":0.0},{"cards_removed":["Defend_P"],"damage_healed":0,"gold_gain":0,"player_choice":"Removed Skill","damage_taken":0,"max_hp_gain":0,"max_hp_loss":0,"event_name":"Falling","floor":39,"gold_loss":0},{"damage_healed":0,"gold_gain":0,"player_choice":"Fight","damage_taken":0,"max_hp_gain":0,"max_hp_loss":0,"event_name":"Mysterious Sphere","floor":41,"gold_loss":0}],"is_beta":false,"boss_relics":[{"not_picked":["Astrolabe","Calling Bell"],"picked":"HolyWater"},{"not_picked":["SacredBark","Tiny House"],"picked":"VioletLotus"}],"items_purged_floors":[14],"is_endless":false,"potions_floor_spawned":[1,2,12,16,18,20,24,25,27,28,31,33,35,36,37,41,42,45,47,48],"ascension_level":18}}