{"host":"7vidw0fny0glz923","time":1609594683,"event":{"mods":["ATMod(阿瑾Mod)","Act Like it!","BaseMod","Challenge The Spire","Downfall","Friendly Minions","HololiveMod","KinomotoSakuraMod(木之本樱)","Kiyohime（清姬）","KomeijiMod","Lobotomy","LobotomyExtend","Marisa（F雨　魔理沙）","Minty Spire (QoL Compilation)","MostiFishMod","Pale of the Ancients","READ ME - Guardian Mod","Reimu（博丽灵梦）","Remilia（蕾米莉亚）","Replay The Spire","RumiaBox-露米娅的神秘盒子","Shop Mod","StSLib","TestMod","The Cursed","The Hierophant","The Jungle","The Poker Player","The Servant 0.9.4","Yakumo Yukari mod","Youmu（魂魄妖梦）","[地精首领爬塔]The Maniac","【遗物卡牌】REMEMod"],"gold_per_floor":[114,230,6,32,214,214,214,114,114,114,149,163,163,237,237,333,333,350,350,225,225,243,243,269,269,269,119,135,135,161,196,196,272,272,304,304,136,149,10,36,51,81,81,81,111,111,136,164,164,164,164],"floor_reached":52,"playtime":2380,"items_purged":["Strike_P","Defend_P","Strike_P","Defend_P"],"score":3015,"play_id":"330aad3e-421b-4cb8-876f-e23d1d9a830f","local_time":"20210102133803","is_ascension_mode":true,"campfire_choices":[{"data":"Eruption","floor":6,"key":"SMITH"},{"floor":10,"key":"REST"},{"data":"LessonLearned","floor":13,"key":"SMITH"},{"data":"Tantrum","floor":23,"key":"SMITH"},{"data":"AT_FamilyPortrait","floor":25,"key":"SMITH"},{"floor":44,"key":"RECALL"},{"data":"MasterReality","floor":46,"key":"SMITH"},{"floor":49,"key":"DIG"}],"circlet_count":0,"master_deck":["Strike_P+1","Strike_P","Defend_P+1","Defend_P","Eruption+1","Vigilance+1","AT_FamilyPortrait+1","maniac:Collecting+1","BowlingBash+1","LessonLearned+1","CutThroughFate+1","Tantrum+1","Wallop+1","MasterReality+1","Evaluate+1","Indignation+1"],"relics":["HolyWater","testmod-TestBox","DaveBox","REME_ComplimentaryCards","AT_ATBox","BirthdayGift-Tetrahedron","testmod-Justice","SynthV:TestCard","LetterFromLob","testmod-CasingShield","Baka2","WingedGreaves","testmod-Motorcycle","testmod-CrystalShield","SoulBox","GreatHeart","CrazyTorch:ReiMu","testmod-OneHitWonder","Lantern","Pantograph","Question Card","SSSystem","REME_HandOfSuture","Nunchaku","Bronze Scales","Replay:Wax Seal","testmod-LifeArmor","REME_PuzzleBoxRelic","Toxic Egg 2","Tea:ReiMu","SecretRecord","ReplayTheSpireMod:Shallot","testmod-Alchemist","Shovel","Divine Protection","AntiCross","testmod-Antiphasic","ReplayTheSpireMod:Ninjato"],"acts_visited":["Exordium","TheCity","TheBeyond"],"potions_floor_usage":[31,48,52,52,52],"damage_taken":[{"damage":3.0,"enemies":"Cultist","floor":1.0,"turns":2.0},{"damage":2.0,"enemies":"2 Louse","floor":2.0,"turns":2.0},{"damage":4,"enemies":"Small Slimes","floor":4,"turns":3},{"damage":4,"enemies":"3 Sentries","floor":11,"turns":3},{"damage":6,"enemies":"Exordium Wildlife","floor":12,"turns":4},{"damage":6,"enemies":"The Guardian","floor":16,"turns":4},{"damage":2,"enemies":"Spheric Guardian","floor":18,"turns":2},{"damage":4,"enemies":"Chosen","floor":22,"turns":3},{"damage":2,"enemies":"REME_1_Revenger","floor":24,"turns":2},{"damage":2,"enemies":"Snecko","floor":28,"turns":2},{"damage":0,"enemies":"Replay:Snechameleon","floor":30,"turns":1},{"damage":8,"enemies":"Book of Stabbing","floor":31,"turns":2},{"damage":5,"enemies":"Pondfish","floor":33,"turns":5},{"damage":3,"enemies":"3 Darklings","floor":35,"turns":2},{"damage":0,"enemies":"Orb Walker","floor":38,"turns":1},{"damage":0,"enemies":"R_Hoarder","floor":40,"turns":3},{"damage":0,"enemies":"Jaw Worm Horde","floor":41,"turns":1},{"damage":4,"enemies":"Reptomancer","floor":42,"turns":2},{"damage":10,"enemies":"R_Hoarder","floor":45,"turns":2},{"damage":10,"enemies":"Mind Bloom Boss Battle","floor":47,"turns":1},{"damage":0,"enemies":"Nemesis","floor":48,"turns":1},{"damage":0,"enemies":"Awakened One","floor":50,"turns":3},{"damage":0,"enemies":"Replay:Hell Engine","floor":51,"turns":1},{"damage":0,"enemies":"Malkuth","floor":52,"turns":2},{"damage":0,"enemies":"Netzach","floor":52,"turns":6},{"damage":49,"enemies":"Tiphereth","floor":52,"turns":4},{"damage":0,"enemies":"Hokma","floor":52,"turns":1},{"damage":0,"enemies":"Angela","floor":52,"turns":2}],"seed_played":"7551075678577775749","potions_obtained":[{"floor":4,"key":"Energy Potion"},{"floor":12,"key":"FearPotion"},{"floor":33,"key":"testmod-EscapePotion"},{"floor":48,"key":"testmod-SpacePotion"}],"is_trial":false,"path_per_floor":["M","M","$","M","?","R","?","$","T","R","E","M","R","?","R","B",null,"M","?","$","?","M","R","E","R","T","$","M","?","E","E","R","B",null,"M","?","$","M","?","E","M","E","T","R","E","R","?","E","R","B","B",null],"character_chosen":"WATCHER","items_purchased":["LessonLearned","Bronze Scales"],"campfire_rested":1,"item_purchase_floors":[3,37],"current_hp_per_floor":[63,61,61,57,28,28,28,28,28,49,46,40,40,40,61,59,70,54,54,54,54,50,50,48,48,48,48,46,46,46,60,81,76,80,77,81,81,81,81,81,81,77,77,77,67,67,71,71,71,81,87],"gold":164,"neow_bonus":"RANDOM_EVENT","is_daily":false,"chose_seed":false,"campfire_upgraded":5,"win_rate":0.0,"timestamp":1609594683,"path_taken":["M","?","$","M","?","R","?","$","T","R","E","?","R","?","R","BOSS","M","?","$","?","M","R","E","R","T","?","M","?","E","E","R","BOSS","M","?","$","M","?","E","?","E","T","R","E","R","?","E","R","BOSS","BOSS"],"items_purchased_type":["Card","Relic"],"build_version":"2020-12-22","purchased_purges":4,"victory":true,"max_hp_per_floor":[73,73,73,73,73,73,73,73,73,73,73,73,73,73,73,73,73,81,81,81,81,81,81,81,81,81,81,81,81,81,81,81,81,81,81,81,81,81,81,81,81,81,81,81,81,81,81,81,81,81,87],"card_choices":[{"not_picked":["Crescendo","Worship","DeceiveReality"],"picked":"SKIP","floor":1.0},{"not_picked":["Prostrate","SashWhip","Vengeance","Study"],"picked":"BowlingBash","floor":2.0},{"not_picked":["Weave","Halt","Study","MentalFortress","BowlingBash"],"picked":"SKIP","floor":4},{"not_picked":["Replay:ManipulateFuture","JustLucky","Collect","Replay:Anticipation"],"picked":"CutThroughFate","floor":5},{"not_picked":["Evaluate","PathToVictory","EmptyFist","Replay:Hum"],"picked":"Tantrum","floor":11},{"not_picked":["EmptyMind","Halt","ThirdEye","FollowUp"],"picked":"Wallop","floor":12},{"not_picked":["MostiFishMod:StarHerder","MostiFishMod:OutWit","Omniscience","Scrawl"],"picked":"MasterReality","floor":16},{"not_picked":["Consecrate","Nirvana","EmptyBody","PathToVictory"],"picked":"Evaluate","floor":18},{"not_picked":["MostiFishMod:Unraveling","Crescendo","Worship","CrushJoints","FollowUp"],"picked":"SKIP","floor":22},{"not_picked":["Protect","FlurryOfBlows","InnerPeace","REME_WorshipGod","FlyingSleeves"],"picked":"SKIP","floor":24},{"not_picked":["Protect+1","Crescendo","ClearTheMind","FlurryOfBlows","Evaluate"],"picked":"SKIP","floor":28},{"not_picked":["MostiFishMod:DustFall","InnerPeace","Crescendo+1","PathToVictory","Replay:Hum"],"picked":"SKIP","floor":30},{"not_picked":["CrushJoints","MostiFishMod:LegendTransform","Prostrate","BowlingBash","SashWhip"],"picked":"Indignation+1","floor":31},{"not_picked":["Weave","EmptyFist","Replay:Anticipation+1","Replay:Cycle","MostiFishMod:Clarity+1","Protect"],"picked":"SKIP","floor":35},{"not_picked":["Replay:Hum","Evaluate","Consecrate+1","MostiFishMod:PathToVictory","ReachHeaven","Protect"],"picked":"SKIP","floor":38},{"not_picked":["Replay:AllIn","MostiFishMod:PathToVictory","WreathOfFlame","WindmillStrike","FearNoEvil","FlurryOfBlows"],"picked":"SKIP","floor":40},{"not_picked":["REME_Repentance","Halt+1","Replay:Cycle","SashWhip+1","FlyingSleeves","Establishment"],"picked":"SKIP","floor":41},{"not_picked":["Replay:BluntJabs","MostiFishMod:Pointsdynamics","Consecrate","MostiFishMod:PathToVictory+1","Crescendo+1","Protect+1"],"picked":"SKIP","floor":42},{"not_picked":["SandsOfTime","Swivel+1","Study+1","Replay:AtTheReady+1","ThirdEye+1"],"picked":"Vault+1","floor":45},{"not_picked":["ReachHeaven","MostiFishMod:PathToVictory+1","FlurryOfBlows+1","Replay:Cycle+1","MostiFishMod:Nomercy","Worship+1"],"picked":"SKIP","floor":48}],"player_experience":915928,"relics_obtained":[{"floor":1.0,"key":"SynthV:TestCard"},{"floor":1.0,"key":"Baka"},{"floor":1.0,"key":"LetterFromLob"},{"floor":2.0,"key":"Baka2"},{"floor":11,"key":"testmod-Motorcycle"},{"floor":24,"key":"testmod-OneHitWonder"},{"floor":26,"key":"Lantern"},{"floor":30,"key":"Question Card"},{"floor":31,"key":"SSSystem"},{"floor":40,"key":"testmod-LifeArmor"},{"floor":42,"key":"Toxic Egg 2"},{"floor":43,"key":"Tea:ReiMu"},{"floor":45,"key":"SecretRecord"},{"floor":47,"key":"testmod-Alchemist"},{"floor":47,"key":"Shovel"},{"floor":48,"key":"AntiCross"},{"floor":49,"key":"testmod-Antiphasic"}],"event_choices":[{"damage_healed":0.0,"max_hp_gain":5.0,"max_hp_loss":0.0,"gold_gain":0.0,"event_name":"Big Fish","player_choice":"Donut","floor":0.0,"gold_loss":0.0,"damage_taken":0.0},{"damage_healed":0,"gold_gain":0,"player_choice":"Upgraded","damage_taken":0,"max_hp_gain":0,"max_hp_loss":0,"event_name":"Upgrade Shrine","floor":7,"gold_loss":0,"cards_upgraded":["maniac:Collecting"]},{"damage_healed":0,"gold_gain":74,"player_choice":"Gained Gold","damage_taken":0,"max_hp_gain":0,"max_hp_loss":0,"event_name":"Golden Wing","floor":14,"gold_loss":0},{"damage_healed":0,"gold_gain":0,"player_choice":"Ignored","damage_taken":0,"max_hp_gain":0,"max_hp_loss":0,"event_name":"给自己的盒子","floor":29,"gold_loss":0},{"damage_healed":0,"gold_gain":0,"player_choice":"Paid Gold","damage_taken":0,"relics_obtained":["Replay:Wax Seal"],"max_hp_gain":0,"max_hp_loss":0,"event_name":"WeMeetAgain","floor":39,"gold_loss":139},{"damage_healed":0,"gold_gain":0,"player_choice":"Fight","damage_taken":0,"max_hp_gain":0,"max_hp_loss":0,"event_name":"MindBloom","floor":47,"gold_loss":0}],"is_beta":false,"boss_relics":[{"not_picked":["testmod-Nine","HaiYi:Twilight"],"picked":"SoulBox"},{"not_picked":["TakeMeEscape","Jackal-EndForJourney"],"picked":"HolyWater"}],"items_purged_floors":[3,8,20,27],"is_endless":false,"potions_floor_spawned":[4,12,18,24,33,35,38,40,42,48],"ascension_level":20}}