{"host":"ktg5lwritr12xyhv","time":1609598091,"event":{"mods":["ATMod(阿瑾Mod)","Aspiration","BaseMod","Challenge The Spire","Conspire","Downfall","Hermit","Minty Spire (QoL Compilation)","Quick Restart","Relic Stats","Replay The Spire","Robot Space Explorer","RumiaBox-露米娅的神秘盒子","SIMod","Spicy Shops","StSLib","The Alterego","The Dragon Tamer","vexMod","篝火指南"],"gold_per_floor":[172,192,210,226,245,278,327,327,341,366,366,393,318,32,50,147,147,147,167,181,181,191,30,30,60,60,60,107,107,107],"floor_reached":29,"playtime":1298,"items_purged":[],"score":317,"play_id":"5959ec20-1c5d-482b-8d3e-786d2b3d4bfa","local_time":"20210102223451","is_ascension_mode":true,"campfire_choices":[{"data":"sneckomod:UnlimitedRolls","floor":13.0,"key":"SMITH"},{"floor":18.0,"key":"DIG"},{"floor":26,"key":"RECALL"}],"circlet_count":0,"master_deck":["sneckomod:Strike","sneckomod:Defend","sneckomod:Defend","sneckomod:TailWhip","sneckomod:SnekBite","sneckomod:Unknown","sneckomod:Unknown","sneckomod:TrashToTreasure","sneckomod:SoulRoll","sneckomod:UnlimitedRolls+1","sneckomod:SnakeSap","sneckomod:WideSting+1","sneckomod:Unknown2Cost","sneckomod:QuickBite","sneckomod:RainOfDice","sneckomod:UnknownRarePower","sneckomod:SoulRoll","sneckomod:UnknownCommonAttack","sneckomod:UnknownRarePower","sneckomod:UnknownCommonSkill+1","sneckomod:QuickMove","sneckomod:UnknownStrike+1","sneckomod:UnknownClassBLUE","sneckomod:SoulDraw","sneckomod:SerpentIdol+1","sneckomod:UnknownRareAttack","sneckomod:ImprovisedGuard","sneckomod:SoulRoll+1","Finisher","Malaise","Sucker Punch","sneckomod:MorePower"],"relics":["AT_ATBox","aspiration:PoetsPen_weak","TungstenRod","Omamori","aspiration:SeaSaltIceCream","downfall:HeartsMalice","Chameleon Ring","downfall:HeartBlessingGreen","sneckomod:LoadedDie","PlanX","conspire:RoyalGoblet","ReplayTheSpireMod:Ninjato","GodSword4","Orrery","Simple Rune","conspire:TopHat"],"acts_visited":["Exordium","TheCity"],"potions_floor_usage":[20,29,29],"damage_taken":[{"damage":0.0,"enemies":"Jaw Worm","floor":2.0,"turns":2.0},{"damage":0.0,"enemies":"2 Louse","floor":3.0,"turns":2.0},{"damage":4.0,"enemies":"conspire:RoseBush","floor":4.0,"turns":2.0},{"damage":0.0,"enemies":"Large Slime","floor":5.0,"turns":1.0},{"damage":27.0,"enemies":"Gremlin Nob","floor":6.0,"turns":4.0},{"damage":15.0,"enemies":"Exordium Wildlife","floor":9.0,"turns":3.0},{"damage":17.0,"enemies":"Lagavulin","floor":10.0,"turns":3.0},{"damage":0.0,"enemies":"Red Slaver","floor":11.0,"turns":1.0},{"damage":0.0,"enemies":"Gremlin Nob","floor":12.0,"turns":1.0},{"damage":0.0,"enemies":"downfall:FleeingMerchant","floor":14.0,"turns":1.0},{"damage":7.0,"enemies":"Blue Slaver","floor":15.0,"turns":3.0},{"damage":20.0,"enemies":"downfall:Silent","floor":16.0,"turns":5.0},{"damage":5.0,"enemies":"conspire:FuzzyDice","floor":19.0,"turns":4.0},{"damage":16,"enemies":"Sentry and Sphere","floor":20,"turns":4},{"damage":5,"enemies":"Snecko","floor":22,"turns":3},{"damage":0,"enemies":"downfall:FleeingMerchant","floor":23,"turns":4},{"damage":18,"enemies":"conspire:Head Lice","floor":25,"turns":4},{"damage":23,"enemies":"conspire:MimicChest","floor":28,"turns":7},{"damage":20,"enemies":"Slavers","floor":29,"turns":2}],"seed_played":"-1858829196538122120","potions_obtained":[{"floor":3.0,"key":"Adrenaline Potion"},{"floor":9.0,"key":"AttackPotion"},{"floor":12.0,"key":"Energy Potion"},{"floor":15.0,"key":"sneckomod:DiceRollPotion"},{"floor":16.0,"key":"PowerPotion"},{"floor":20,"key":"FearPotion"},{"floor":22,"key":"Energy Potion"}],"is_trial":false,"path_per_floor":["R","M","M","M","M","E","T","?","M","E","M","E","R","$","M","B",null,"R","M","M","?","M","$","T","E","R","?","?","E"],"character_chosen":"THE_SNECKO","items_purchased":["sneckomod:LoadedDie","sneckomod:SoulRoll","PlanX","Orrery"],"campfire_rested":0,"item_purchase_floors":[14,14,14,23],"current_hp_per_floor":[90,90,90,86,86,63,63,63,48,31,31,31,31,31,24,4,90,90,85,69,69,64,64,64,88,88,88,70,50,50],"gold":107,"neow_bonus":"BOSS_RELIC","is_daily":false,"chose_seed":false,"campfire_upgraded":1,"win_rate":0.0,"timestamp":1609598091,"path_taken":["R","M","M","M","M","E","T","?","M","E","M","E","R","$","M","BOSS","R","M","M","?","M","$","T","E","R","?","?","E"],"items_purchased_type":["Relic","Card","Relic","Relic"],"build_version":"2020-12-22","purchased_purges":0,"victory":false,"max_hp_per_floor":[90,90,90,90,90,90,90,90,90,90,90,90,90,90,90,90,90,90,90,90,90,90,90,90,90,90,90,90,90,90],"relic_stats":{"counters":[19,53],"obtain_stats":[{"AT_ATBox":0,"ReplayTheSpireMod:Ninjato":18,"sneckomod:LoadedDie":14,"conspire:RoyalGoblet":17,"downfall:HeartsMalice":10,"downfall:HeartBlessingGreen":13,"aspiration:PoetsPen_weak":0,"Omamori":7,"aspiration:SeaSaltIceCream":10,"sneckomod:SneckoSoul":0,"conspire:TopHat":28,"Chameleon Ring":12,"PlanX":14,"Orrery":23,"Simple Rune":25,"GodSword4":21,"TungstenRod":6},{"AT_ATBox":0,"ReplayTheSpireMod:Ninjato":12,"sneckomod:LoadedDie":10,"conspire:RoyalGoblet":12,"downfall:HeartsMalice":7,"downfall:HeartBlessingGreen":9,"aspiration:PoetsPen_weak":0,"Omamori":5,"aspiration:SeaSaltIceCream":7,"sneckomod:SneckoSoul":0,"conspire:TopHat":18,"Chameleon Ring":9,"PlanX":10,"Orrery":16,"Simple Rune":17,"GodSword4":14,"TungstenRod":5},{"AT_ATBox":0,"ReplayTheSpireMod:Ninjato":25,"sneckomod:LoadedDie":17,"conspire:RoyalGoblet":25,"downfall:HeartsMalice":17,"downfall:HeartBlessingGreen":17,"aspiration:PoetsPen_weak":0,"Omamori":11,"aspiration:SeaSaltIceCream":17,"sneckomod:SneckoSoul":0,"conspire:TopHat":51,"Chameleon Ring":17,"PlanX":17,"Orrery":40,"Simple Rune":44,"GodSword4":33,"TungstenRod":11}],"TungstenRod":26},"card_choices":[{"not_picked":["sneckomod:UnknownCommonSkill","sneckomod:Unknown1Cost"],"picked":"sneckomod:TrashToTreasure","floor":2.0},{"not_picked":["sneckomod:UnknownCommonSkill","sneckomod:TrashToTreasure"],"picked":"sneckomod:SoulRoll","floor":3.0},{"not_picked":["sneckomod:UnknownClassPINKIE_COLOR","sneckomod:UnknownCommonSkill"],"picked":"sneckomod:UnlimitedRolls","floor":4.0},{"not_picked":["sneckomod:QuickBite","sneckomod:UnknownVulnerable"],"picked":"sneckomod:SnakeSap","floor":5.0},{"not_picked":["sneckomod:UnknownWeak","sneckomod:UnknownVulnerable"],"picked":"sneckomod:WideSting","floor":6.0},{"not_picked":["sneckomod:UnknownClassTHE_CHAMP_GRAY","sneckomod:UnknownClassRED"],"picked":"sneckomod:Unknown2Cost","floor":9.0},{"not_picked":["sneckomod:Unknown0Cost","sneckomod:UnknownClassAPPLEJACK_COLOR"],"picked":"sneckomod:QuickBite","floor":10.0},{"not_picked":["sneckomod:UnknownBlock","sneckomod:UnknownClassHEXA_GHOST_PURPLE"],"picked":"sneckomod:RainOfDice","floor":11.0},{"not_picked":["sneckomod:WideSting","sneckomod:MasterEye"],"picked":"sneckomod:UnknownRarePower","floor":12.0},{"not_picked":["sneckomod:DiceCrush","sneckomod:QuickBite","sneckomod:IronFang"],"picked":"SKIP","floor":14.0},{"not_picked":["sneckomod:UnknownStrike","sneckomod:WideSting"],"picked":"sneckomod:UnknownCommonAttack","floor":15.0},{"not_picked":["sneckomod:Unknown3Cost","sneckomod:GlitteringGambit"],"picked":"sneckomod:UnknownRarePower","floor":16.0},{"not_picked":["sneckomod:SnekBeam","sneckomod:DiceBoulder"],"picked":"sneckomod:UnknownCommonSkill+1","floor":19.0},{"not_picked":["sneckomod:RainOfDice","sneckomod:UnknownClassPURPLE"],"picked":"sneckomod:QuickMove","floor":20},{"not_picked":["sneckomod:UnknownClassGUARDIAN","sneckomod:ImprovisedAttack"],"picked":"sneckomod:UnknownStrike+1","floor":22},{"not_picked":["sneckomod:RainOfDice","sneckomod:UnknownClassRAINBOW_COLOR"],"picked":"sneckomod:UnknownClassBLUE","floor":23},{"not_picked":["sneckomod:WideSting+1","sneckomod:UnknownClassDT_ORANGE"],"picked":"sneckomod:SoulDraw","floor":23},{"not_picked":["sneckomod:UnknownClassAPPLEJACK_COLOR+1","sneckomod:QuickMove"],"picked":"sneckomod:SerpentIdol+1","floor":23},{"not_picked":["sneckomod:SoulRoll","sneckomod:UnknownClassRARITYBELL_COLOR+1"],"picked":"sneckomod:UnknownRareAttack","floor":23},{"not_picked":["sneckomod:DiceCrush","sneckomod:UnknownUncommonSkill+1"],"picked":"sneckomod:ImprovisedGuard","floor":23},{"not_picked":["sneckomod:UnknownX+1","sneckomod:WideSting"],"picked":"sneckomod:SoulRoll+1","floor":23},{"not_picked":["sneckomod:ImprovisedAttack","sneckomod:DiceBoulder+1","sneckomod:DiceBlock+1"],"picked":"SKIP","floor":25},{"not_picked":["sneckomod:UnknownClassHEXA_GHOST_PURPLE+1","sneckomod:WideSting"],"picked":"sneckomod:MorePower","floor":28}],"player_experience":210640,"relics_obtained":[{"floor":6.0,"key":"TungstenRod"},{"floor":7.0,"key":"Omamori"},{"floor":10.0,"key":"aspiration:SeaSaltIceCream"},{"floor":12.0,"key":"Chameleon Ring"},{"floor":18.0,"key":"ReplayTheSpireMod:Ninjato"},{"floor":25,"key":"Simple Rune"},{"floor":28,"key":"conspire:TopHat"}],"event_choices":[{"damage_healed":0.0,"max_hp_gain":0.0,"max_hp_loss":0.0,"gold_gain":0.0,"event_name":"conspire:Investor","player_choice":"Leave","floor":8.0,"gold_loss":0.0,"damage_taken":0.0},{"damage_healed":0,"gold_gain":0,"player_choice":"Stole Relic","damage_taken":0,"relics_obtained":["GodSword4"],"max_hp_gain":0,"max_hp_loss":0,"event_name":"Addict","floor":21,"gold_loss":0,"cards_obtained":["Shame"]}],"is_beta":false,"boss_relics":[{"not_picked":["AddBug","ReplayTheSpireMod:DimensionalGlitch"],"picked":"conspire:RoyalGoblet"}],"items_purged_floors":[],"is_endless":false,"potions_floor_spawned":[3,9,12,15,16,20,22],"killed_by":"Slavers","ascension_level":2}}