{"host":"xcokcv36ugek5kze","time":1609612365,"event":{"mods":["BaseMod","Downfall","Marisa£®ÏF”Í°°ƒß¿Ì…≥£©","Minty Spire (QoL Compilation)","Say the Spire","StSLib"],"gold_per_floor":[99,117,174,188,198,208,256,256,276,276,376,40,51,51,67,166,166,166,183,203,216,19,19,45,73,73,73,85,120,132,217,233,335,335,335,347,347,359,141,66,66,66,17,17,30,46,124,137,154,154],"floor_reached":51,"playtime":5512,"items_purged":["Slimebound:Defend_Slimebound","Slimebound:Strike_Slimebound"],"score":708,"play_id":"36f79043-59e1-4edb-a620-e83406fe04b0","local_time":"20210103023245","is_ascension_mode":false,"campfire_choices":[{"data":"Slimebound:CorrosiveSpit","floor":1.0,"key":"SMITH"},{"floor":8.0,"key":"REST"},{"data":"Slimebound:SplitBruiser","floor":10.0,"key":"SMITH"},{"data":"Slimebound:PrepareCrush","floor":18.0,"key":"SMITH"},{"floor":27.0,"key":"REST"},{"data":"Slimebound:SelfFormingGoo","floor":35.0,"key":"SMITH"},{"floor":40.0,"key":"RECALL"},{"data":"Slimebound:Grow","floor":42.0,"key":"SMITH"}],"circlet_count":0,"master_deck":["Slimebound:Strike_Slimebound","Slimebound:Tackle","Slimebound:Defend_Slimebound","Slimebound:Defend_Slimebound","Slimebound:Split+1","Slimebound:CorrosiveSpit+1","Slimebound:SplitAcid","Slimebound:LivingWall","Slimebound:Repurpose","Slimebound:SplitMire","Slimebound:SplitLeeching","Slimebound:SplitBruiser+1","Slimebound:SlimeSpikes","Slimebound:Schlurp","Slimebound:SlimeTap","Slimebound:LeadByExample","Sadistic Nature","Slimebound:PressTheAttack","Slimebound:FirmFortitude","Slimebound:PrepareCrush+1","Slimebound:GrowthPunch","Slimebound:SplitMire","Slimebound:RainOfGoop","Slimebound:FlameTackle+1","Slimebound:LeechingTouch","Slimebound:TongueLash+1","Slimebound:LeechEnergy","Slimebound:SelfFormingGoo+1","Slimebound:SamplingLick","Slimebound:WasteNot","Slimebound:SplitLeeching+1","Slimebound:PressTheAttack","Slimebound:Grow+1","Slimebound:SlimeTap","Chrysalis","expansioncontent:AwakenDeath","Slimebound:SplitBruiser","Slimebound:SplitLeeching+1","Slimebound:SplitMire+1"],"relics":["Slimebound:AbsorbEndCombat","Vajra","Bag of Marbles","FaceOfCleric","SlaversCollar","Juzu Bracelet","Enchiridion","Incense Burner","Boot","Oddly Smooth Stone","Busted Crown","downfall:HeartBlessingGreen","Bottled Tornado","Darkstone Periapt"],"acts_visited":["Exordium","TheCity","TheBeyond"],"potions_floor_usage":[45,48],"damage_taken":[{"damage":12.0,"enemies":"Jaw Worm","floor":2.0,"turns":4.0},{"damage":49.0,"enemies":"3 Sentries","floor":3.0,"turns":6.0},{"damage":8.0,"enemies":"Small Slimes","floor":4.0,"turns":3.0},{"damage":4.0,"enemies":"2 Louse","floor":5.0,"turns":2.0},{"damage":8.0,"enemies":"Lots of Slimes","floor":6.0,"turns":3.0},{"damage":24.0,"enemies":"Red Slaver","floor":9.0,"turns":3.0},{"damage":32.0,"enemies":"downfall:Heads","floor":11.0,"turns":5.0},{"damage":25.0,"enemies":"downfall:FleeingMerchant","floor":12.0,"turns":4.0},{"damage":13.0,"enemies":"Exordium Wildlife","floor":13.0,"turns":2.0},{"damage":18.0,"enemies":"3 Louse","floor":15.0,"turns":2.0},{"damage":26.0,"enemies":"downfall:Defect","floor":16.0,"turns":4.0},{"damage":8.0,"enemies":"Chosen","floor":19.0,"turns":3.0},{"damage":14.0,"enemies":"Spheric Guardian","floor":20.0,"turns":3.0},{"damage":17.0,"enemies":"Centurion and Healer","floor":21.0,"turns":5.0},{"damage":25.0,"enemies":"downfall:FleeingMerchant","floor":22.0,"turns":4.0},{"damage":60.0,"enemies":"Slavers","floor":25.0,"turns":5.0},{"damage":29.0,"enemies":"3 Cultists","floor":28.0,"turns":4.0},{"damage":14.0,"enemies":"Book of Stabbing","floor":29.0,"turns":4.0},{"damage":14.0,"enemies":"Sentry and Sphere","floor":30.0,"turns":4.0},{"damage":49.0,"enemies":"Shelled Parasite and Fungi","floor":32.0,"turns":5.0},{"damage":39.0,"enemies":"downfall:Silent","floor":33.0,"turns":6.0},{"damage":9.0,"enemies":"3 Shapes","floor":36.0,"turns":6.0},{"damage":6.0,"enemies":"Orb Walker","floor":38.0,"turns":2.0},{"damage":29.0,"enemies":"downfall:FleeingMerchant","floor":39.0,"turns":4.0},{"damage":41,"enemies":"3 Darklings","floor":45,"turns":3},{"damage":30,"enemies":"Spire Growth","floor":46,"turns":5},{"damage":37,"enemies":"Transient","floor":48,"turns":5},{"damage":14,"enemies":"Sphere and 2 Shapes","floor":49,"turns":5},{"damage":77,"enemies":"downfall:Watcher","floor":50,"turns":7}],"seed_played":"-2845304707432526878","potions_obtained":[{"floor":3.0,"key":"Block Potion"},{"floor":5.0,"key":"SneckoOil"},{"floor":9.0,"key":"Fire Potion"},{"floor":13.0,"key":"PowerPotion"},{"floor":16.0,"key":"AttackPotion"},{"floor":21.0,"key":"LiquidBronze"},{"floor":28.0,"key":"Fire Potion"},{"floor":29.0,"key":"LiquidMemories"},{"floor":32.0,"key":"BlessingOfTheForge"},{"floor":36.0,"key":"Energy Potion"},{"floor":46,"key":"Fire Potion"}],"is_trial":false,"path_per_floor":["R","M","?","M","M","M","T","R","M","R","?","$","M","?","M","B",null,"R","M","M","M","$","?","T","E","?","R","M","E","M","?","M","B",null,"R","M","?","M","$","R","T","R","$","?","M","M","T","M","M","B",null],"character_chosen":"SLIMEBOUND","items_purchased":["Slimebound:LeadByExample","Sadistic Nature","Juzu Bracelet","Slimebound:LeechingTouch","Slimebound:Grow","Slimebound:SlimeTap","Chrysalis","expansioncontent:AwakenDeath","Slimebound:SplitBruiser"],"campfire_rested":2,"item_purchase_floors":[12,12,22,22,39,39,39,39,43],"current_hp_per_floor":[66,60,19,21,25,27,27,46,44,44,36,41,40,40,37,48,68,68,69,68,68,70,54,54,23,23,44,46,55,58,46,30,28,78,78,74,74,77,77,77,77,77,77,77,55,66,66,77,83,43],"gold":154,"neow_bonus":"TEN_PERCENT_HP_BONUS","is_daily":false,"chose_seed":false,"campfire_upgraded":5,"win_rate":0.0,"timestamp":1609612365,"path_taken":["R","M","?","M","M","M","T","R","M","R","?","$","M","?","M","BOSS","R","M","M","?","?","?","T","E","?","R","M","E","M","?","M","BOSS","R","M","?","M","$","R","T","R","$","?","M","M","?","M","M","BOSS"],"items_purchased_type":["Card","Card","Relic","Card","Card","Card","Card","Card","Card"],"build_version":"2020-12-22","purchased_purges":2,"victory":true,"max_hp_per_floor":[66,66,66,66,66,66,66,66,66,66,66,66,66,66,67,68,68,68,69,70,71,72,72,72,73,73,73,74,75,76,76,77,78,78,78,79,79,80,81,81,81,81,81,81,82,83,83,84,85,86],"card_choices":[{"not_picked":["Slimebound:ItLooksTasty","Slimebound:SamplingLick"],"picked":"Slimebound:SplitAcid","floor":2.0},{"not_picked":["Slimebound:RollThrough","Slimebound:SlimeSpikes"],"picked":"Slimebound:LivingWall","floor":3.0},{"not_picked":["Slimebound:LeechingTouch","Slimebound:Replication"],"picked":"Slimebound:Repurpose","floor":4.0},{"not_picked":["Slimebound:LivingWall","Slimebound:Replication"],"picked":"Slimebound:SplitMire","floor":5.0},{"not_picked":["Slimebound:PressTheAttack","Slimebound:Schlurp"],"picked":"Slimebound:SplitLeeching","floor":6.0},{"not_picked":["Slimebound:GoopSpray","Slimebound:SplitMire"],"picked":"Slimebound:SplitBruiser","floor":9.0},{"not_picked":["Slimebound:DisruptingSlam","Slimebound:TongueLash"],"picked":"Slimebound:Schlurp","floor":11.0},{"not_picked":["Slimebound:SplitBruiser","Slimebound:SamplingLick"],"picked":"Slimebound:SlimeTap","floor":12.0},{"not_picked":["Slimebound:FinishingTackle","Slimebound:Dissolve"],"picked":"Slimebound:PressTheAttack","floor":13.0},{"not_picked":["Slimebound:SamplingLick","Slimebound:GoopSpray"],"picked":"Slimebound:FirmFortitude","floor":15.0},{"not_picked":["Slimebound:MassRepurpose","Slimebound:DuplicatedForm"],"picked":"Slimebound:PrepareCrush","floor":16.0},{"not_picked":["Slimebound:SplitLeeching","Slimebound:SplitBruiser+1"],"picked":"Slimebound:GrowthPunch","floor":19.0},{"not_picked":["Slimebound:FlameTackle+1","Slimebound:Chomp+1"],"picked":"Slimebound:SplitMire","floor":20.0},{"not_picked":["Slimebound:SplitLeeching","Slimebound:GrowthPunch+1"],"picked":"Slimebound:RainOfGoop","floor":21.0},{"not_picked":["Slimebound:ViciousTackle","Slimebound:PressTheAttack"],"picked":"Slimebound:FlameTackle+1","floor":22.0},{"not_picked":["Slimebound:GoopTackle","Slimebound:ForwardTackle"],"picked":"Slimebound:TongueLash+1","floor":25.0},{"not_picked":["Slimebound:PressTheAttack","Slimebound:ForwardTackle"],"picked":"Slimebound:GrowthPunch+1","floor":28.0},{"not_picked":["Slimebound:TongueLash+1","Slimebound:Prepare"],"picked":"Slimebound:LeechEnergy","floor":29.0},{"not_picked":["Slimebound:PressTheAttack","Slimebound:LeadByExample"],"picked":"Slimebound:SelfFormingGoo","floor":30.0},{"not_picked":["Slimebound:ViciousTackle","Slimebound:FormOfPuddle"],"picked":"Slimebound:SamplingLick","floor":32.0},{"not_picked":["Slimebound:MinionMaster","Slimebound:PrepareCrush"],"picked":"Slimebound:WasteNot","floor":33.0},{"not_picked":["Slimebound:LeechEnergy+1"],"picked":"SKIP","floor":36.0},{"not_picked":[],"picked":"Slimebound:SplitLeeching+1","floor":38.0},{"not_picked":[],"picked":"Slimebound:PressTheAttack","floor":39.0},{"not_picked":["Slimebound:LeadByExample"],"picked":"SKIP","floor":45},{"not_picked":["Slimebound:FormOfPuddle"],"picked":"SKIP","floor":46},{"not_picked":[],"picked":"Slimebound:SplitLeeching+1","floor":48},{"not_picked":[],"picked":"Slimebound:SplitMire+1","floor":49}],"player_experience":61209,"relics_obtained":[{"floor":3.0,"key":"Vajra"},{"floor":7.0,"key":"Bag of Marbles"},{"floor":23.0,"key":"Enchiridion"},{"floor":25.0,"key":"Incense Burner"},{"floor":29.0,"key":"Oddly Smooth Stone"},{"floor":41.0,"key":"Bottled Tornado"},{"floor":47,"key":"Darkstone Periapt"}],"event_choices":[{"damage_healed":0.0,"max_hp_gain":0.0,"max_hp_loss":0.0,"gold_gain":0.0,"event_name":"FaceTrader","player_choice":"Trade","floor":14.0,"gold_loss":0.0,"damage_taken":0.0,"relics_obtained":["FaceOfCleric"]},{"cards_removed":["Slimebound:GrowthPunch"],"damage_healed":0.0,"max_hp_gain":0.0,"max_hp_loss":0.0,"gold_gain":0.0,"event_name":"Falling","player_choice":"Removed Attack","floor":37.0,"gold_loss":0.0,"damage_taken":0.0},{"damage_healed":0,"gold_gain":0,"player_choice":"Ignored","damage_taken":0,"max_hp_gain":0,"max_hp_loss":0,"event_name":"Mysterious Sphere","floor":44,"gold_loss":0}],"is_beta":false,"boss_relics":[{"not_picked":["Fusion Hammer","Cursed Key"],"picked":"SlaversCollar"},{"not_picked":["Astrolabe","Philosopher\u0027s Stone"],"picked":"Busted Crown"}],"items_purged_floors":[12,39],"is_endless":false,"potions_floor_spawned":[3,5,9,13,16,21,28,29,32,36,46],"ascension_level":0}}