{"host":"wy23tj84iquxuyyu","time":1609553447,"event":{"mods":["Aspiration","BaseMod","Better Note","Colored Map","Fireblade Mod","Hermit","Marked Mod","Minty Spire (QoL Compilation)","Random Character Button","Rare Cards Sparkle","Relic Stats","Replay The Spire","Retaliation","Shade Mod","Spicy Shops","StSLib","The Cursed","The Death Knight","The Necromancer","Trackpad"],"gold_per_floor":[114,114,114,124,135,135,135,135,170,170,219,219,231,243,254,270,270,375,375,392,392,392,247,263,263,294,294,294,294,310,328,346,346,346,444,444,455,455,475,162,240,240,256,309,357,368,386,399,399,428,428,428],"floor_reached":53,"playtime":1586,"items_purged":[],"score":611,"play_id":"87edaa8a-93dd-4ab7-92de-7c0ae0af6144","local_time":"20210101211047","is_ascension_mode":false,"campfire_choices":[{"data":"Electrodynamics","floor":8.0,"key":"SMITH"},{"floor":10.0,"key":"REST"},{"data":"Zap","floor":12.0,"key":"SMITH"},{"floor":17.0,"key":"REST"},{"data":"Capacitor","floor":25.0,"key":"SMITH"},{"data":"Electrodynamics","floor":27.0,"key":"SMITH"},{"floor":29.0,"key":"REST"},{"data":"Writhe","floor":34.0,"key":"PURGE"},{"data":"Storm","floor":42.0,"key":"SMITH"},{"floor":51,"key":"REST"}],"circlet_count":0,"master_deck":["Defend_B","Defend_B","Defend_B","Zap+1","Dualcast","Electrodynamics+1","Ball Lightning","Capacitor+1","Conserve Battery","Ball Lightning","Thunder Strike+1","ReplayTheSpireMod:Calculation Training+1","DeathKnight:DeathGrip","Electrodynamics+1","Writhe","Writhe","Storm+1","Ball Lightning+1","CommonCold","Lockon+1"],"relics":["Cracked Core","ReplayTheSpireMod:Ring of Collecting","Oddly Smooth Stone","Boot","Replay:Grab Bag","Velvet Choker","Cursed Key","aspiration:IroncladSkillbook","Nuclear Battery","ClockworkSouvenir","Akabeko","trackpad:DisasterInABottle","aspiration:RitualStick","trackpad:StolenKidneys","Lizard Tail","Bag of Marbles","Ginger","Orichalcum","aspiration:FetidBarrel"],"acts_visited":["Exordium","TheCity","TheBeyond"],"potions_floor_usage":[46,47,52,52,52],"damage_taken":[{"damage":0.0,"enemies":"Small Slimes","floor":1.0,"turns":2.0},{"damage":0.0,"enemies":"2 Louse","floor":4.0,"turns":2.0},{"damage":0.0,"enemies":"Cultist","floor":5.0,"turns":2.0},{"damage":16.0,"enemies":"Gremlin Nob","floor":9.0,"turns":3.0},{"damage":15.0,"enemies":"Exordium Wildlife","floor":13.0,"turns":2.0},{"damage":12.0,"enemies":"Lots of Slimes","floor":14.0,"turns":2.0},{"damage":0.0,"enemies":"Blue Slaver","floor":15.0,"turns":2.0},{"damage":0.0,"enemies":"2 Fungi Beasts","floor":16.0,"turns":2.0},{"damage":12.0,"enemies":"Slime Boss","floor":18.0,"turns":3.0},{"damage":4.0,"enemies":"3 Byrds","floor":20.0,"turns":2.0},{"damage":4.0,"enemies":"Shell Parasite","floor":24.0,"turns":3.0},{"damage":18.0,"enemies":"Book of Stabbing","floor":26.0,"turns":4.0},{"damage":0.0,"enemies":"Shelled Parasite and Fungi","floor":30.0,"turns":1.0},{"damage":14.0,"enemies":"Centurion and Healer","floor":31.0,"turns":2.0},{"damage":15.0,"enemies":"Snake Plant","floor":32.0,"turns":2.0},{"damage":21.0,"enemies":"Collector","floor":35.0,"turns":5.0},{"damage":16.0,"enemies":"3 Darklings","floor":37.0,"turns":3.0},{"damage":0.0,"enemies":"Orb Walker","floor":39.0,"turns":2.0},{"damage":0.0,"enemies":"Sphere and 2 Shapes","floor":43.0,"turns":2.0},{"damage":11.0,"enemies":"2 Orb Walkers","floor":44.0,"turns":2.0},{"damage":0,"enemies":"Jaw Worm Horde","floor":46,"turns":1},{"damage":16,"enemies":"3 Darklings","floor":47,"turns":2},{"damage":0,"enemies":"Sphere and 2 Shapes","floor":48,"turns":2},{"damage":1,"enemies":"Reptomancer","floor":50,"turns":2},{"damage":110,"enemies":"Replay:Hell Engine","floor":52,"turns":8}],"seed_played":"-5768715196338464463","potions_obtained":[{"floor":9.0,"key":"DeathKnight:RimePotion"},{"floor":13.0,"key":"Block Potion"},{"floor":15.0,"key":"Death Potion"},{"floor":18.0,"key":"Strength Potion"},{"floor":26.0,"key":"GamblersBrew"},{"floor":32.0,"key":"Milkshake"},{"floor":35.0,"key":"GamblersBrew"},{"floor":41.0,"key":"Swift Potion"},{"floor":44.0,"key":"Elixir"},{"floor":46,"key":"LiquidBronze"},{"floor":47,"key":"LiquidBronze"}],"is_trial":false,"path_per_floor":["M","?","?","M","M","PTL","PTL","R","E","R","T","R","M","M","M","M","R","B",null,"M","?","?","$","M","R","E","R","T","R","M","M","M","?","R_BF","B",null,"M","?","M","$","?","R","M","?","T","M","M","M","?","E","R","B",null],"character_chosen":"DEFECT","items_purchased":["ClockworkSouvenir","Lizard Tail"],"campfire_rested":4,"item_purchase_floors":[23,40],"current_hp_per_floor":[75,75,75,75,75,75,75,75,59,75,75,75,60,48,48,48,70,58,75,75,75,75,75,75,75,61,61,61,75,75,65,54,39,39,22,75,63,75,75,75,75,75,75,68,68,72,60,64,64,67,75,8],"gold":428,"neow_bonus":"ONE_RANDOM_RARE_CARD","is_daily":false,"chose_seed":false,"campfire_upgraded":5,"win_rate":0.0,"timestamp":1609553447,"path_taken":["M","?","?","M","M","PTL","PTL","R","E","R","T","R","M","M","M","M","R","BOSS","M","?","?","$","M","R","E","R","T","R","M","?","M","?","R_BF","BOSS","M","?","M","$","?","R","?","?","T","M","M","M","?","E","R","BOSS"],"items_purchased_type":["Relic","Relic"],"build_version":"2020-12-22","purchased_purges":0,"victory":true,"max_hp_per_floor":[75,75,75,75,75,75,75,75,75,75,75,75,75,75,75,75,75,75,75,75,75,75,75,75,75,75,75,75,75,75,75,75,75,75,75,75,75,75,75,75,75,75,75,75,75,75,75,75,75,75,75,75],"relic_stats":{"Lizard Tail":37,"counters":[25,63],"Ginger":[4],"Orichalcum":[18],"Boot":[23],"Cursed Key":2,"obtain_stats":[{"aspiration:FetidBarrel":50,"Replay:Grab Bag":19,"Oddly Smooth Stone":9,"Velvet Choker":19,"Ginger":44,"Orichalcum":45,"Boot":11,"Cursed Key":19,"trackpad:DisasterInABottle":28,"aspiration:IroncladSkillbook":19,"Akabeko":26,"aspiration:RitualStick":33,"Nuclear Battery":19,"ClockworkSouvenir":23,"Lizard Tail":40,"ReplayTheSpireMod:Ring of Collecting":2,"trackpad:StolenKidneys":36,"Bag of Marbles":41,"Cracked Core":0},{"aspiration:FetidBarrel":24,"Replay:Grab Bag":9,"Oddly Smooth Stone":4,"Velvet Choker":9,"Ginger":20,"Orichalcum":20,"Boot":4,"Cursed Key":9,"trackpad:DisasterInABottle":12,"aspiration:IroncladSkillbook":9,"Akabeko":12,"aspiration:RitualStick":15,"Nuclear Battery":9,"ClockworkSouvenir":10,"Lizard Tail":18,"ReplayTheSpireMod:Ring of Collecting":1,"trackpad:StolenKidneys":16,"Bag of Marbles":18,"Cracked Core":0},{"aspiration:FetidBarrel":55,"Replay:Grab Bag":20,"Oddly Smooth Stone":9,"Velvet Choker":20,"Ginger":48,"Orichalcum":48,"Boot":9,"Cursed Key":20,"trackpad:DisasterInABottle":29,"aspiration:IroncladSkillbook":20,"Akabeko":29,"aspiration:RitualStick":34,"Nuclear Battery":20,"ClockworkSouvenir":22,"Lizard Tail":44,"ReplayTheSpireMod:Ring of Collecting":2,"trackpad:StolenKidneys":39,"Bag of Marbles":44,"Cracked Core":0}],"aspiration:RitualStick":[3]},"card_choices":[{"not_picked":["Leap","BasicCrystalCard"],"picked":"Ball Lightning","floor":1.0},{"not_picked":["Barrage","BasicCrystalCard","Streamline"],"picked":"SKIP","floor":4.0},{"not_picked":["Recycle","Barrage","Scrape"],"picked":"SKIP","floor":5.0},{"not_picked":["Conserve Battery","Force Field","Multi-Cast"],"picked":"SKIP","floor":9.0},{"not_picked":["Panic Button","Go for the Eyes"],"picked":"Capacitor","floor":13.0},{"not_picked":["BasicCrystalCard","Streamline"],"picked":"Conserve Battery","floor":14.0},{"not_picked":["Steam","Capacitor"],"picked":"Ball Lightning","floor":15.0},{"not_picked":["Go for the Eyes","Steam Power","BootSequence"],"picked":"SKIP","floor":16.0},{"not_picked":["ReplayRNGCard","Echo Form"],"picked":"Thunder Strike","floor":18.0},{"not_picked":["Inflame+1","DDmod:PokeAttack","Perfected Strike+1"],"picked":"ReplayTheSpireMod:Calculation Training+1","floor":20.0},{"not_picked":["Doom and Gloom+1","Whirlwind","ReplayReversal","Steam+1"],"picked":"SKIP","floor":24.0},{"not_picked":["Run Through+1","Pummel","BootSequence"],"picked":"Electrodynamics","floor":26.0},{"not_picked":["Sword Boomerang+1","Turbo","Abandon","Sever Soul"],"picked":"SKIP","floor":30.0},{"not_picked":["Double Energy","Streamline+1","Hologram","ReplayReversal"],"picked":"SKIP","floor":31.0},{"not_picked":["Gash+1","Headbutt","Steam","Clothesline+1"],"picked":"SKIP","floor":32.0},{"not_picked":["Spot Weakness+1","Gash+1","ReplayTheSpireMod:Strike From Hell+1","Flex"],"picked":"SKIP","floor":37.0},{"not_picked":["Pommel Strike+1","Consume","Power Through","Sunder+1"],"picked":"SKIP","floor":39.0},{"not_picked":["Thunderclap+1","Ball Lightning+1","DDmod:CallousedSkill+1"],"picked":"Storm","floor":41.0},{"not_picked":["Metallicize+1","Whirlwind","DDmod:CallousedSkill","Rebound+1"],"picked":"SKIP","floor":43.0},{"not_picked":["Cold Snap+1","Stack","Anger"],"picked":"Ball Lightning+1","floor":44.0},{"not_picked":["Rebound+1","Burning Pact+1","Compile Driver+1","Demonic Infusion"],"picked":"SKIP","floor":46},{"not_picked":["Cleave+1","Iron Wave+1","Searing Blow+1","Run Through+1"],"picked":"SKIP","floor":47},{"not_picked":["Battle Trance+1","Warcry+1","Shrug It Off"],"picked":"Lockon+1","floor":48},{"not_picked":["Coolheaded+1","Time Bomb","ReplayReversal+1","Intimidate+1"],"picked":"SKIP","floor":50}],"player_experience":874828,"relics_obtained":[{"floor":2.0,"key":"ReplayTheSpireMod:Ring of Collecting"},{"floor":9.0,"key":"Oddly Smooth Stone"},{"floor":11.0,"key":"Boot"},{"floor":26.0,"key":"Akabeko"},{"floor":28.0,"key":"trackpad:DisasterInABottle"},{"floor":41.0,"key":"Bag of Marbles"},{"floor":44.0,"key":"Ginger"},{"floor":45,"key":"Orichalcum"},{"floor":50,"key":"aspiration:FetidBarrel"}],"event_choices":[{"cards_removed":["Conserve Battery"],"damage_healed":0.0,"max_hp_gain":0.0,"max_hp_loss":0.0,"gold_gain":0.0,"event_name":"betterNote:BetterNote","player_choice":"Take \u0026 Give","floor":21.0,"gold_loss":0.0,"damage_taken":0.0,"cards_obtained":["DeathKnight:DeathGrip"]},{"damage_healed":0.0,"max_hp_gain":0.0,"max_hp_loss":0.0,"gold_gain":0.0,"event_name":"Accursed Blacksmith","player_choice":"Forge","floor":22.0,"gold_loss":0.0,"damage_taken":0.0,"cards_upgraded":["Thunder Strike"]},{"damage_healed":19.0,"max_hp_gain":0.0,"max_hp_loss":0.0,"gold_gain":0.0,"event_name":"Winding Halls","player_choice":"Writhe","floor":38.0,"gold_loss":0.0,"damage_taken":0.0,"cards_obtained":["Writhe"]},{"damage_healed":0.0,"max_hp_gain":0.0,"max_hp_loss":0.0,"gold_gain":0.0,"event_name":"Mysterious Sphere","player_choice":"Fight","floor":44.0,"gold_loss":0.0,"damage_taken":0.0}],"is_beta":false,"boss_relics":[{"not_picked":["Painkiller Herb","aspiration:PoetsPen_weak"],"picked":"Replay:Grab Bag"},{"not_picked":["ReplayTheSpireMod:Onyx Gauntlets","Fusion Hammer"],"picked":"Velvet Choker"},{"not_picked":["Replay:Bronze Core","Sozu"],"picked":"Cursed Key"},{"not_picked":["Replay:Drink Me","aspiration:RunicSpoon"],"picked":"aspiration:IroncladSkillbook"},{"not_picked":["FrozenCore","aspiration:RitualDagger"],"picked":"Nuclear Battery"},{"not_picked":["aspiration:SecretTechniqueScroll","SlaversCollar"],"picked":"trackpad:StolenKidneys"}],"items_purged_floors":[],"is_endless":false,"potions_floor_spawned":[9,13,15,18,20,26,32,35,44,46,47],"ascension_level":0}}