{"host":"9n6i2vl93jt4o42q","time":1609615958,"event":{"mods":["BaseMod","Downfall","Minty Spire (QoL Compilation)","Relic Stats","StSLib"],"gold_per_floor":[0,18,18,18,33,53,53,203,203,229,229,243,243,262,273,375,375,375,387,403,428,445,474,497,497,497,497,347,372,297,308,325,421,421,421,440,450,468,59,79,103,121,121,136,101,131,131,181,200,200,200,232,107,107,107],"floor_reached":56,"playtime":16159,"items_purged":["Guardian:Defend_Guardian","Guardian:Defend_Guardian","Slimebound:Icky"],"score":1296,"play_id":"1edc9a2d-c93d-4112-8742-2a0696a0ea27","local_time":"20210102203238","is_ascension_mode":false,"campfire_choices":[{"data":"Guardian:TwinSlam","floor":1.0,"key":"SMITH"},{"data":"Guardian:ChargeUp","floor":9.0,"key":"SMITH"},{"data":"Guardian:BronzeOrb","floor":13.0,"key":"SMITH"},{"data":"Guardian:ChargeCore","floor":18.0,"key":"SMITH"},{"floor":28.0,"key":"RECALL"},{"data":"Guardian:Emergency","floor":30.0,"key":"SMITH"},{"data":"RitualDagger","floor":35.0,"key":"SMITH"},{"data":"Guardian:EvasiveProtocol","floor":43.0,"key":"SMITH"},{"data":"Guardian:DonusPower","floor":47,"key":"SMITH"},{"data":"Guardian:ShieldCharger","floor":54,"key":"SMITH"}],"circlet_count":0,"master_deck":["Guardian:Defend_Guardian","Guardian:Defend_Guardian","Guardian:CurlUp","Guardian:TwinSlam+1","Guardian:Planning","Guardian:ChargeUp+1","Guardian:TemporalStrike","Guardian:ShieldCharger+1","Guardian:BronzeOrb+1","Guardian:ChargeCore+1","Guardian:TemporalStrike","Guardian:ExploitGems+1","Guardian:SpikerProtocol+1","Guardian:PiercingHide+1","Guardian:Emergency+1","Guardian:RollAttack+1","Guardian:TemporalShield+1","Guardian:PiercingHide","RitualDagger+1","Guardian:CrystalBeam+1","Guardian:DecasProtection+1","CurseOfTheBell","Guardian:Suspension+1","Guardian:EvasiveProtocol+1","Guardian:CrystalBeam","Guardian:DonusPower+1","Guardian:Gem_Lightblue","Guardian:Gem_Red","Guardian:FloatingOrbs+1","Guardian:Reroute+1","Guardian:Gem_Lightblue","Guardian:Repulse+1","Guardian:Recover"],"relics":["Guardian:ModeShifter","Unceasing Top","PreservedInsect","Bottled Flame","downfall:ShatteredFragment","Astrolabe","Red Mask","Question Card","Vajra","downfall:HeartBlessingGreen","downfall:HeartBlessingBlue","Regal Pillow","downfall:HeartBlessingRed","Calling Bell","Tiny Chest","HornCleat","Lizard Tail","Bag of Marbles","Sling","Oddly Smooth Stone","Orrery","Boot","CaptainsWheel","Ginger"],"acts_visited":["Exordium","TheCity","TheBeyond","TheEnding"],"potions_floor_usage":[55],"damage_taken":[{"damage":5.0,"enemies":"2 Louse","floor":2.0,"turns":2.0},{"damage":0.0,"enemies":"Small Slimes","floor":5.0,"turns":4.0},{"damage":0.0,"enemies":"Cultist","floor":6.0,"turns":3.0},{"damage":0.0,"enemies":"Lagavulin","floor":10.0,"turns":5.0},{"damage":0.0,"enemies":"2 Fungi Beasts","floor":12.0,"turns":3.0},{"damage":4.0,"enemies":"Large Slime","floor":14.0,"turns":3.0},{"damage":0.0,"enemies":"Blue Slaver","floor":15.0,"turns":2.0},{"damage":13.0,"enemies":"downfall:Ironclad","floor":16.0,"turns":9.0},{"damage":0.0,"enemies":"Chosen","floor":19.0,"turns":4.0},{"damage":0.0,"enemies":"Shell Parasite","floor":20.0,"turns":3.0},{"damage":0.0,"enemies":"Masked Bandits","floor":21.0,"turns":4.0},{"damage":0.0,"enemies":"Cultist and Chosen","floor":22.0,"turns":4.0},{"damage":10.0,"enemies":"Book of Stabbing","floor":23.0,"turns":4.0},{"damage":3.0,"enemies":"Slavers","floor":29.0,"turns":3.0},{"damage":0.0,"enemies":"Snecko","floor":31.0,"turns":2.0},{"damage":0.0,"enemies":"3 Cultists","floor":32.0,"turns":3.0},{"damage":0.0,"enemies":"downfall:Defect","floor":33.0,"turns":8.0},{"damage":0.0,"enemies":"3 Darklings","floor":36.0,"turns":4.0},{"damage":0.0,"enemies":"3 Shapes","floor":37.0,"turns":2.0},{"damage":0.0,"enemies":"Transient","floor":38.0,"turns":5.0},{"damage":0.0,"enemies":"downfall:FleeingMerchant","floor":39.0,"turns":4.0},{"damage":0.0,"enemies":"Spire Growth","floor":40.0,"turns":5.0},{"damage":1.0,"enemies":"Jaw Worm Horde","floor":42.0,"turns":5.0},{"damage":0.0,"enemies":"Maw","floor":44.0,"turns":7.0},{"damage":0.0,"enemies":"downfall:FleeingMerchant","floor":45.0,"turns":1.0},{"damage":0.0,"enemies":"Reptomancer","floor":46.0,"turns":3.0},{"damage":0,"enemies":"Mind Bloom Boss Battle","floor":48,"turns":6},{"damage":0,"enemies":"3 Darklings","floor":49,"turns":7},{"damage":27,"enemies":"downfall:Silent","floor":50,"turns":6},{"damage":4,"enemies":"downfall:CharBossMerchant","floor":52,"turns":5},{"damage":7,"enemies":"downfall:NeowBoss","floor":55,"turns":18}],"seed_played":"2847819857476453333","potions_obtained":[{"floor":10.0,"key":"DuplicationPotion"},{"floor":14.0,"key":"SteroidPotion"},{"floor":15.0,"key":"hexamod:EctoCoolerPotion"},{"floor":20.0,"key":"Guardian:BlockOnCardUsePotion"},{"floor":33.0,"key":"Slimebound:ThreeZeroPotion"}],"is_trial":false,"path_per_floor":["R","M","?","?","M","M","T","?","R","E","?","M","R","M","M","B",null,"R","M","M","?","M","E","T","?","T","?","R","E","R","M","M","B",null,"R","M","M","M","$","M","T","M","R","M","$","E","R","?","M","B",null,"E","$","R","B",null],"character_chosen":"GUARDIAN","items_purchased":["Bag of Marbles","Sling","Guardian:CrystalBeam","Guardian:Gem_Lightblue","Guardian:Gem_Red","Orrery"],"campfire_rested":0,"item_purchase_floors":[39,39,39,45,45,45],"current_hp_per_floor":[80,75,75,75,75,75,75,75,75,75,51,51,51,47,47,34,80,80,80,80,80,80,70,70,64,64,64,74,71,71,71,71,71,90,90,90,90,90,90,90,90,89,89,89,89,89,89,89,89,62,90,86,86,86,79],"gold":107,"neow_bonus":"ONE_RARE_RELIC","is_daily":false,"chose_seed":false,"campfire_upgraded":9,"win_rate":0.0,"timestamp":1609615958,"path_taken":["R","M","?","?","?","M","T","?","R","E","?","M","R","M","M","BOSS","R","M","M","?","M","E","T","?","?","?","R","E","R","M","M","BOSS","R","M","M","M","$","M","T","M","R","M","?","E","R","?","M","BOSS","E","$","R","BOSS"],"items_purchased_type":["Relic","Relic","Card","Card","Card","Relic"],"build_version":"2020-12-22","purchased_purges":3,"victory":true,"max_hp_per_floor":[80,80,80,80,80,80,80,80,80,80,80,80,80,80,80,80,80,80,80,80,80,80,80,80,80,80,80,90,90,90,90,90,90,90,90,90,90,90,90,90,90,90,90,90,90,90,90,90,90,90,90,90,90,90,90],"relic_stats":{"Regal Pillow":0,"Lizard Tail":0,"counters":[31,144],"Astrolabe":["Guardian:ExploitGems","Guardian:SpikerProtocol","Guardian:PiercingHide"],"Tiny Chest":0,"PreservedInsect":367,"Ginger":[3],"Question Card":22,"Boot":[15],"obtain_stats":[{"Regal Pillow":29,"downfall:ShatteredFragment":11,"downfall:HeartBlessingRed":30,"Astrolabe":17,"Guardian:ModeShifter":0,"Vajra":26,"Oddly Smooth Stone":41,"downfall:HeartBlessingGreen":28,"PreservedInsect":7,"Ginger":52,"Question Card":23,"Sling":39,"Boot":46,"Calling Bell":34,"Bottled Flame":10,"Lizard Tail":34,"CaptainsWheel":48,"HornCleat":34,"downfall:HeartBlessingBlue":28,"Orrery":45,"Tiny Chest":34,"Red Mask":21,"Bag of Marbles":39,"Unceasing Top":0},{"Regal Pillow":14,"downfall:ShatteredFragment":4,"downfall:HeartBlessingRed":14,"Astrolabe":8,"Guardian:ModeShifter":0,"Vajra":13,"Oddly Smooth Stone":22,"downfall:HeartBlessingGreen":13,"PreservedInsect":3,"Ginger":30,"Question Card":13,"Sling":21,"Boot":26,"Calling Bell":17,"Bottled Flame":4,"Lizard Tail":17,"CaptainsWheel":27,"HornCleat":17,"downfall:HeartBlessingBlue":13,"Orrery":25,"Tiny Chest":17,"Red Mask":11,"Bag of Marbles":21,"Unceasing Top":0},{"Regal Pillow":53,"downfall:ShatteredFragment":14,"downfall:HeartBlessingRed":53,"Astrolabe":31,"Guardian:ModeShifter":0,"Vajra":50,"Oddly Smooth Stone":86,"downfall:HeartBlessingGreen":50,"PreservedInsect":9,"Ginger":126,"Question Card":50,"Sling":81,"Boot":102,"Calling Bell":66,"Bottled Flame":14,"Lizard Tail":66,"CaptainsWheel":108,"HornCleat":66,"downfall:HeartBlessingBlue":50,"Orrery":99,"Tiny Chest":66,"Red Mask":42,"Bag of Marbles":81,"Unceasing Top":0}],"Unceasing Top":[91]},"card_choices":[{"not_picked":["Guardian:TemporalShield","Guardian:Recover"],"picked":"Guardian:Planning","floor":2.0},{"not_picked":["Guardian:Gem_Red","Guardian:Gem_Cyan"],"picked":"Guardian:ChargeUp","floor":5.0},{"not_picked":["Guardian:BronzeArmor","Guardian:PrismaticBeam"],"picked":"Guardian:TemporalStrike","floor":6.0},{"not_picked":["Guardian:MultiBeam","Guardian:CrystalBeam"],"picked":"Guardian:ShieldCharger","floor":10.0},{"not_picked":["Guardian:VentSteam","Guardian:RefractedBeam"],"picked":"Guardian:BronzeOrb","floor":12.0},{"not_picked":["Guardian:Suspension","Guardian:TimeCapacitor"],"picked":"Guardian:ChargeCore","floor":14.0},{"not_picked":["Guardian:Gem_Green","Guardian:Gem_Lightblue"],"picked":"Guardian:TemporalStrike","floor":15.0},{"not_picked":["Guardian:ConstructionForm","Guardian:StasisStrike"],"picked":"Guardian:Gem_Synthetic","floor":16.0},{"not_picked":["Guardian:VentSteam+1","Guardian:Reroute"],"picked":"Guardian:Emergency","floor":19.0},{"not_picked":["Guardian:VentSteam","Guardian:ShieldCharger"],"picked":"Guardian:RollAttack+1","floor":20.0},{"not_picked":["Guardian:DecasProtection","Guardian:Gem_Green"],"picked":"Guardian:Gem_White","floor":21.0},{"not_picked":["Guardian:CrystalBeam","Guardian:Gem_Red"],"picked":"Guardian:TemporalShield+1","floor":22.0},{"not_picked":["Guardian:RollAttack","Guardian:FloatingOrbs"],"picked":"Guardian:PiercingHide","floor":23.0},{"not_picked":["Guardian:RevengeProtocol","Guardian:Gem_White","Guardian:CrystalBeam"],"picked":"Guardian:Gem_Purple","floor":29.0},{"not_picked":["Guardian:TimeBomb","Guardian:Repulse","Guardian:Planning"],"picked":"Guardian:CrystalBeam+1","floor":31.0},{"not_picked":["Guardian:Incinerate","Guardian:Gem_Cyan","Guardian:Preprogram"],"picked":"Guardian:DecasProtection+1","floor":32.0},{"not_picked":["Guardian:HyperBeam_Guardian","Guardian:StasisStrike","Guardian:StasisField"],"picked":"Guardian:Gem_Synthetic","floor":33.0},{"not_picked":["Guardian:TimeBomb+1","Guardian:Recover+1","Guardian:PrimingBeam"],"picked":"Guardian:Suspension+1","floor":36.0},{"not_picked":["Guardian:Planning","Guardian:ChargeUp","Guardian:PrimingBeam"],"picked":"Guardian:EvasiveProtocol","floor":37.0},{"not_picked":["Guardian:Incinerate","Guardian:DecasProtection","Guardian:HyperBeam_Guardian","Guardian:PolyBeam+1"],"picked":"SKIP","floor":38.0},{"not_picked":["Guardian:Gem_White","Guardian:Recover","Guardian:TemporalStrike+1"],"picked":"Guardian:Gem_Red","floor":39.0},{"not_picked":["Guardian:PiercingHide+1","Guardian:RollAttack","Guardian:ShieldCharger","Guardian:TemporalStrike"],"picked":"SKIP","floor":40.0},{"not_picked":["Guardian:ChargeCore","Guardian:VentSteam+1","Guardian:Gem_Green"],"picked":"Guardian:Gem_Purple","floor":42.0},{"not_picked":["Guardian:Planning+1","Guardian:RollAttack","Guardian:PiercingHide+1","Guardian:PrismaticBarrier+1"],"picked":"SKIP","floor":44.0},{"not_picked":["Guardian:MultiBeam+1","Guardian:RollAttack","Guardian:ShieldCharger+1"],"picked":"Guardian:DonusPower","floor":45.0},{"not_picked":["Guardian:MultiBeam+1","Guardian:Gem_Fragmented","Guardian:ConstructionForm"],"picked":"Guardian:FloatingOrbs+1","floor":45.0},{"not_picked":["Guardian:WalkerClaw+1","Guardian:DonusPower+1","Guardian:VentSteam"],"picked":"Guardian:Gem_Crimson","floor":45.0},{"not_picked":["Guardian:Gem_Cyan","Guardian:RollAttack+1","Guardian:ShieldSpikes"],"picked":"Guardian:Reroute+1","floor":45.0},{"not_picked":["Guardian:Gem_Cyan","Guardian:TimeBomb","Guardian:SpikerProtocol"],"picked":"Guardian:Gem_White","floor":45.0},{"not_picked":["Guardian:BronzeOrb","Guardian:TemporalShield+1","Guardian:Recover"],"picked":"Guardian:Gem_Lightblue","floor":45.0},{"not_picked":["Guardian:SpikerProtocol+1","Guardian:FloatingOrbs","Guardian:TemporalShield+1"],"picked":"Guardian:Repulse+1","floor":46.0},{"not_picked":["Guardian:PrismaticBeam+1","Guardian:Suspension+1","Guardian:Gem_White","Guardian:ExploitGems"],"picked":"SKIP","floor":49},{"not_picked":["Guardian:ExploitGems","Guardian:ShieldCharger","Guardian:GuardianWhirl+1"],"picked":"Guardian:Recover","floor":52}],"player_experience":2053027,"relics_obtained":[{"floor":7.0,"key":"PreservedInsect"},{"floor":10.0,"key":"Bottled Flame"},{"floor":21.0,"key":"Red Mask"},{"floor":23.0,"key":"Question Card"},{"floor":26.0,"key":"Vajra"},{"floor":29.0,"key":"Regal Pillow"},{"floor":34.0,"key":"Tiny Chest"},{"floor":34.0,"key":"HornCleat"},{"floor":34.0,"key":"Lizard Tail"},{"floor":41.0,"key":"Oddly Smooth Stone"},{"floor":46.0,"key":"Boot"},{"floor":48,"key":"CaptainsWheel"},{"floor":52,"key":"Ginger"}],"event_choices":[{"damage_healed":0.0,"max_hp_gain":0.0,"max_hp_loss":0.0,"gold_gain":0.0,"event_name":"Masked Bandits","player_choice":"Fought Bandits","floor":21.0,"gold_loss":0.0,"damage_taken":0.0}],"is_beta":false,"boss_relics":[{"not_picked":["Coffee Dripper","Cursed Key"],"picked":"Astrolabe"},{"not_picked":["Philosopher\u0027s Stone","SacredBark"],"picked":"Calling Bell"}],"items_purged_floors":[39,45,53],"is_endless":false,"potions_floor_spawned":[10,14,15,16,20,21,29,33,38,40,42,46],"ascension_level":0}}