{"host":"kh6fvhxn285ncg0o","time":1609578723,"event":{"mods":["Act Like it!","BaseMod","Colored Map","Friendly Minions","Keyboard Shortcuts","Minty Spire (QoL Compilation)","Quick Restart","Relic Stats","StSLib","SuperFastMode"],"gold_per_floor":[113,113,113,163,186,186,221,221,221,234,1,40,53,92,92,183,183,203,228,278,278,293,293,293],"floor_reached":23,"playtime":492,"items_purged":["Defend_P"],"score":518,"play_id":"794a66f0-3a89-436e-8e3f-452ba810a9fe","local_time":"20210102181203","is_ascension_mode":true,"campfire_choices":[{"data":"Eruption","floor":6.0,"key":"SMITH"},{"data":"Vault","floor":8.0,"key":"SMITH"},{"data":"Tantrum","floor":15.0,"key":"SMITH"}],"circlet_count":0,"master_deck":["AscendersBane","Eruption+1","Vigilance","EmptyFist","FlyingSleeves","Vault+1","Tantrum+1","PathToVictory","Tantrum","Indignation","ThirdEye","Blasphemy","DevaForm","SashWhip","Ghostly","Ghostly","Ghostly"],"relics":["VioletLotus","Golden Idol","Mummified Hand","Gremlin Horn","PreservedInsect","Dream Catcher","GoldenEye","Pandora\u0027s Box"],"acts_visited":["Exordium","TheCity"],"potions_floor_usage":[],"damage_taken":[{"damage":3.0,"enemies":"2 Louse","floor":1.0,"turns":4.0},{"damage":0.0,"enemies":"Cultist","floor":5.0,"turns":3.0},{"damage":0.0,"enemies":"Lagavulin","floor":7.0,"turns":4.0},{"damage":7.0,"enemies":"Jaw Worm","floor":10.0,"turns":2.0},{"damage":0.0,"enemies":"Gremlin Nob","floor":12.0,"turns":2.0},{"damage":4.0,"enemies":"2 Fungi Beasts","floor":13.0,"turns":2.0},{"damage":10.0,"enemies":"Lagavulin","floor":14.0,"turns":5.0},{"damage":20.0,"enemies":"Hexaghost","floor":16.0,"turns":5.0},{"damage":22.0,"enemies":"2 Thieves","floor":18.0,"turns":3.0},{"damage":5.0,"enemies":"3 Byrds","floor":19.0,"turns":3.0},{"damage":1.0,"enemies":"Snecko","floor":22.0,"turns":3.0},{"damage":39,"enemies":"Book of Stabbing","floor":23,"turns":2}],"seed_played":"4305512215444012061","potions_obtained":[{"floor":5.0,"key":"FearPotion"},{"floor":7.0,"key":"CultistPotion"},{"floor":12.0,"key":"SteroidPotion"},{"floor":22.0,"key":"Dexterity Potion"}],"is_trial":false,"path_per_floor":["M","?","?","?","M","R","E","R","T","M","$","E","M","E","R","B",null,"M","M","?","?","M","E"],"character_chosen":"WATCHER","items_purchased":["PreservedInsect"],"campfire_rested":0,"item_purchase_floors":[11],"current_hp_per_floor":[58,63,63,63,63,63,63,63,63,56,56,56,52,42,42,22,55,33,28,28,28,27,0,0],"gold":293,"neow_bonus":"BOSS_RELIC","is_daily":false,"chose_seed":false,"campfire_upgraded":3,"win_rate":0.0,"timestamp":1609578723,"path_taken":["M","?","?","?","M","R","E","R","T","?","$","E","M","E","R","BOSS","M","?","?","?","M","E"],"items_purchased_type":["Relic"],"build_version":"2020-12-22","purchased_purges":1,"victory":false,"max_hp_per_floor":[68,73,66,66,66,66,66,66,66,66,66,66,66,66,66,66,66,66,66,66,33,33,33,33],"relic_stats":{"Dream Catcher":0,"Gremlin Horn":[4,4],"counters":[12,38],"Golden Idol":64,"Mummified Hand":[1],"Pandora\u0027s Box":["PathToVictory","Tantrum","Indignation","ThirdEye","Blasphemy","DevaForm","SashWhip"],"VioletLotus":[7],"PreservedInsect":94,"GoldenEye":[4],"obtain_stats":[{"Dream Catcher":12,"Gremlin Horn":9,"Golden Idol":3,"Mummified Hand":7,"Pandora\u0027s Box":17,"VioletLotus":0,"PreservedInsect":11,"PureWater":0,"GoldenEye":14},{"Dream Catcher":5,"Gremlin Horn":3,"Golden Idol":1,"Mummified Hand":3,"Pandora\u0027s Box":8,"VioletLotus":0,"PreservedInsect":4,"PureWater":0,"GoldenEye":7},{"Dream Catcher":15,"Gremlin Horn":11,"Golden Idol":4,"Mummified Hand":11,"Pandora\u0027s Box":27,"VioletLotus":0,"PreservedInsect":13,"PureWater":0,"GoldenEye":22}]},"card_choices":[{"not_picked":["EmptyBody","PathToVictory"],"picked":"EmptyFist","floor":1.0},{"not_picked":["Prostrate","FollowUp"],"picked":"FlyingSleeves","floor":5.0},{"not_picked":["FearNoEvil","Conclude"],"picked":"Vault","floor":7.0},{"not_picked":["Pray","PathToVictory","JustLucky"],"picked":"SKIP","floor":10.0},{"not_picked":["Crescendo","Study"],"picked":"Tantrum","floor":12.0},{"not_picked":["Indignation","PathToVictory","Consecrate"],"picked":"SKIP","floor":13.0},{"not_picked":["FollowUp","Study","EmptyMind"],"picked":"SKIP","floor":14.0},{"not_picked":["CrushJoints","WreathOfFlame","CarveReality"],"picked":"SKIP","floor":18.0},{"not_picked":["CutThroughFate","EmptyFist","Consecrate"],"picked":"SKIP","floor":19.0},{"not_picked":["FollowUp","Consecrate","BowlingBash"],"picked":"SKIP","floor":22.0}],"player_experience":3347677,"relics_obtained":[{"floor":7.0,"key":"Mummified Hand"},{"floor":9.0,"key":"Gremlin Horn"},{"floor":12.0,"key":"Dream Catcher"},{"floor":14.0,"key":"GoldenEye"}],"event_choices":[{"damage_healed":0.0,"max_hp_gain":5.0,"max_hp_loss":0.0,"gold_gain":0.0,"event_name":"Big Fish","player_choice":"Donut","floor":2.0,"gold_loss":0.0,"damage_taken":0.0},{"damage_healed":0.0,"max_hp_gain":0.0,"max_hp_loss":7.0,"gold_gain":0.0,"event_name":"Golden Idol","player_choice":"Lose Max HP","floor":3.0,"gold_loss":0.0,"damage_taken":0.0,"relics_obtained":["Golden Idol"]},{"damage_healed":0.0,"max_hp_gain":0.0,"max_hp_loss":0.0,"gold_gain":50.0,"event_name":"Golden Shrine","player_choice":"Pray","floor":4.0,"gold_loss":0.0,"damage_taken":0.0},{"damage_healed":0.0,"max_hp_gain":0.0,"max_hp_loss":0.0,"gold_gain":50.0,"event_name":"Nest","player_choice":"Stole From Cult","floor":20.0,"gold_loss":0.0,"damage_taken":0.0},{"damage_healed":0.0,"max_hp_gain":0.0,"max_hp_loss":33.0,"gold_gain":0.0,"event_name":"Ghosts","player_choice":"Became a Ghost","floor":21.0,"gold_loss":0.0,"damage_taken":0.0,"cards_obtained":["Ghostly","Ghostly","Ghostly"]}],"is_beta":false,"boss_relics":[{"not_picked":["Ectoplasm","Fusion Hammer"],"picked":"Pandora\u0027s Box"}],"items_purged_floors":[11],"is_endless":false,"potions_floor_spawned":[5,7,12,14,22],"killed_by":"Book of Stabbing","ascension_level":20}}