{"host":"7qf1todfnxspvw7w","time":1609627951,"event":{"mods":["AchievementEnabler","BaseMod","Block Reminder","Colored Powertips","Disable Question Mark Monsters","Displayed Cursed Tome","Googly Eyes","Minty Spire (QoL Compilation)","Relic Stats","Reorder Act Four","SacredBarkPlus","Shop Mod","StSLib","Uncapped"],"gold_per_floor":[114,189,189,44,56,56,71,71,96,109,109,126,108,63,63,167,167,167,92,92,92,92,92,92,92,92,92,92,92,92,92,92,92,92,92,52,52,0,0,0,0,0,0,0,0,0,0,0,0,0,0],"floor_reached":50,"playtime":2459,"items_purged":["Defend_B"],"score":466,"play_id":"a627b731-480a-4f7e-9938-73b92d91b815","local_time":"20210103015231","is_ascension_mode":false,"campfire_choices":[{"data":"Zap","floor":6,"key":"SMITH"},{"data":"Glacier","floor":8,"key":"SMITH"},{"floor":15,"key":"REST"},{"floor":23,"key":"REST"},{"floor":32,"key":"REST"},{"data":"Echo Form","floor":40,"key":"SMITH"},{"floor":44,"key":"REST"},{"floor":47,"key":"REST"},{"data":"Seek","floor":49,"key":"SMITH"}],"circlet_count":0,"master_deck":["Strike_B+1","Strike_B+1","Defend_B+1","Defend_B+1","Defend_B+1","Zap+1","Dualcast","Creative AI+1","Glacier+1","Conserve Battery","Coolheaded","Capacitor","Electrodynamics","Leap+1","Self Repair+1","Echo Form+1","Seek+1","Defragment"],"relics":["Cracked Core","Omamori","Ectoplasm","Orichalcum","Empty Cage","Red Mask","Art of War","The Courier","Eternal Feather"],"acts_visited":["Exordium","TheCity","TheBeyond"],"potions_floor_usage":[41],"damage_taken":[{"damage":8,"enemies":"Jaw Worm","floor":1,"turns":3},{"damage":0,"enemies":"Small Slimes","floor":5,"turns":4},{"damage":6,"enemies":"Cultist","floor":7,"turns":3},{"damage":11,"enemies":"Large Slime","floor":10,"turns":8},{"damage":5,"enemies":"Blue Slaver","floor":12,"turns":31},{"damage":0,"enemies":"Exordium Thugs","floor":13,"turns":4},{"damage":0,"enemies":"Looter","floor":14,"turns":5},{"damage":5,"enemies":"The Guardian","floor":16,"turns":21},{"damage":18,"enemies":"3 Byrds","floor":18,"turns":4},{"damage":11,"enemies":"2 Thieves","floor":19,"turns":5},{"damage":2,"enemies":"Shelled Parasite and Fungi","floor":22,"turns":10},{"damage":0,"enemies":"Snecko","floor":24,"turns":7},{"damage":20,"enemies":"3 Cultists","floor":27,"turns":5},{"damage":14,"enemies":"Sentry and Sphere","floor":28,"turns":9},{"damage":5,"enemies":"Centurion and Healer","floor":29,"turns":11},{"damage":4,"enemies":"Shelled Parasite and Fungi","floor":31,"turns":10},{"damage":15,"enemies":"Automaton","floor":33,"turns":14},{"damage":2,"enemies":"Orb Walker","floor":35,"turns":6},{"damage":13,"enemies":"3 Darklings","floor":37,"turns":7},{"damage":59,"enemies":"Reptomancer","floor":41,"turns":9},{"damage":3,"enemies":"Spire Growth","floor":45,"turns":7},{"damage":7,"enemies":"Sphere and 2 Shapes","floor":48,"turns":6},{"damage":93,"enemies":"Awakened One","floor":50,"turns":14}],"seed_played":"-4962073917047137844","potions_obtained":[{"floor":5,"key":"Fire Potion"},{"floor":7,"key":"Energy Potion"},{"floor":11,"key":"SmokeBomb"},{"floor":41,"key":"EssenceOfSteel"}],"is_trial":false,"path_per_floor":["M","?","?","$","M","R","M","R","T","M","?","M","M","M","R","B",null,"M","M","?","?","M","R","M","$","T","M","M","M","?","M","R","B",null,"M","?","M","?","$","R","E","?","T","R","M","T","R","M","R","B"],"character_chosen":"DEFECT","items_purchased":["Glacier"],"campfire_rested":5,"item_purchase_floors":[4],"current_hp_per_floor":[67,56,56,56,56,56,50,50,50,39,39,34,34,34,56,51,75,57,46,46,46,44,66,66,66,66,46,32,27,27,30,52,51,75,75,75,72,72,72,72,23,23,23,45,62,62,75,75,75,0,0],"gold":0,"neow_bonus":"ONE_RANDOM_RARE_CARD","is_daily":false,"chose_seed":false,"campfire_upgraded":4,"win_rate":0.0,"timestamp":1609627951,"path_taken":["M","?","?","$","M","R","M","R","T","M","?","?","M","M","R","BOSS","M","M","?","?","M","R","M","$","T","M","?","M","?","M","R","BOSS","M","?","?","?","$","R","E","?","T","R","M","?","R","M","R","BOSS"],"items_purchased_type":["Card"],"build_version":"2020-12-22","purchased_purges":1,"victory":false,"max_hp_per_floor":[75,75,75,75,75,75,75,75,75,75,75,75,75,75,75,75,75,75,75,75,75,75,75,75,75,75,75,75,75,75,75,75,75,75,75,75,75,75,75,75,75,75,75,75,75,75,75,75,75,75,75],"relic_stats":{"counters":[23,203],"Eternal Feather":9,"Ectoplasm":534,"Art of War":[16],"Orichalcum":[42],"obtain_stats":[{"Eternal Feather":46,"Ectoplasm":17,"The Courier":43,"Omamori":9,"Red Mask":38,"Art of War":41,"Orichalcum":26,"Cracked Core":0,"Empty Cage":34},{"Eternal Feather":21,"Ectoplasm":8,"The Courier":20,"Omamori":3,"Red Mask":19,"Art of War":20,"Orichalcum":12,"Cracked Core":0,"Empty Cage":17},{"Eternal Feather":183,"Ectoplasm":79,"The Courier":176,"Omamori":10,"Red Mask":167,"Art of War":176,"Orichalcum":105,"Cracked Core":0,"Empty Cage":154}]},"card_choices":[{"not_picked":["Hologram","Rebound","Force Field"],"picked":"SKIP","floor":1},{"not_picked":["Tempest","Gash","Streamline"],"picked":"SKIP","floor":5},{"not_picked":["Heatsinks","Lockon"],"picked":"Conserve Battery","floor":7},{"not_picked":["Chill","FTL","Storm"],"picked":"SKIP","floor":10},{"not_picked":["Sweeping Beam","Steam Power","Hologram"],"picked":"SKIP","floor":12},{"not_picked":["Leap","Steam"],"picked":"Coolheaded","floor":13},{"not_picked":["Machine Learning","Auto Shields"],"picked":"Capacitor","floor":14},{"not_picked":["Machine Learning","Seek"],"picked":"Electrodynamics","floor":16},{"not_picked":["Rebound","Lockon","Cold Snap"],"picked":"SKIP","floor":18},{"not_picked":["Melter","Barrage","Reprogram"],"picked":"SKIP","floor":19},{"not_picked":["Defragment","Steam Power","Genetic Algorithm+1"],"picked":"SKIP","floor":22},{"not_picked":["Beam Cell+1","Gash","Genetic Algorithm"],"picked":"SKIP","floor":24},{"not_picked":["Turbo+1","Tempest"],"picked":"Leap+1","floor":27},{"not_picked":["Doom and Gloom","Turbo+1","Stack+1"],"picked":"SKIP","floor":28},{"not_picked":["Steam","Leap+1"],"picked":"Self Repair","floor":29},{"not_picked":["Steam","Fusion"],"picked":"Echo Form","floor":31},{"not_picked":["Echo Form","Fission"],"picked":"Seek","floor":33},{"not_picked":["Stack","Genetic Algorithm","Leap"],"picked":"SKIP","floor":35},{"not_picked":["Redo+1","Beam Cell","Leap"],"picked":"SKIP","floor":37},{"not_picked":["Compile Driver","Beam Cell"],"picked":"Defragment","floor":41},{"not_picked":["Leap+1","Go for the Eyes+1","Sweeping Beam+1"],"picked":"SKIP","floor":45},{"not_picked":["Compile Driver","BootSequence+1","FTL"],"picked":"SKIP","floor":48}],"player_experience":474544,"relics_obtained":[{"floor":9,"key":"Omamori"},{"floor":26,"key":"Orichalcum"},{"floor":41,"key":"Art of War"},{"floor":43,"key":"The Courier"},{"floor":46,"key":"Eternal Feather"}],"event_choices":[{"damage_healed":0,"gold_gain":75,"player_choice":"Gather Gold","damage_taken":11,"max_hp_gain":0,"max_hp_loss":0,"event_name":"World of Goop","floor":2,"gold_loss":0},{"damage_healed":0,"gold_gain":0,"player_choice":"Grow","damage_taken":0,"max_hp_gain":0,"max_hp_loss":0,"event_name":"Living Wall","floor":3,"gold_loss":0,"cards_upgraded":["Creative AI"]},{"damage_healed":0,"gold_gain":0,"player_choice":"Got Potions","damage_taken":0,"max_hp_gain":0,"max_hp_loss":0,"event_name":"Lab","floor":11,"gold_loss":0},{"damage_healed":0,"gold_gain":0,"player_choice":"Simplicity","damage_taken":0,"max_hp_gain":0,"max_hp_loss":0,"event_name":"Back to Basics","floor":20,"gold_loss":0,"cards_upgraded":["Strike_B","Strike_B","Strike_B","Strike_B","Defend_B","Defend_B","Defend_B"]},{"damage_healed":0,"gold_gain":99,"player_choice":"Stole From Cult","damage_taken":0,"max_hp_gain":0,"max_hp_loss":0,"event_name":"Nest","floor":21,"gold_loss":0},{"damage_healed":0,"gold_gain":0,"player_choice":"Ignored","damage_taken":0,"max_hp_gain":0,"max_hp_loss":0,"event_name":"Vampires","floor":30,"gold_loss":0},{"damage_healed":0,"gold_gain":0,"player_choice":"Upgrade","damage_taken":0,"max_hp_gain":0,"max_hp_loss":0,"event_name":"Designer","floor":36,"gold_loss":40,"cards_upgraded":["Self Repair"]},{"damage_healed":0,"gold_gain":0,"player_choice":"Paid","damage_taken":0,"relics_obtained":["Red Mask"],"max_hp_gain":0,"max_hp_loss":0,"event_name":"Tomb of Lord Red Mask","floor":38,"gold_loss":52},{"damage_healed":0,"gold_gain":0,"player_choice":"Memory 1","damage_taken":0,"max_hp_gain":0,"max_hp_loss":0,"event_name":"SensoryStone","floor":42,"gold_loss":0}],"is_beta":false,"boss_relics":[{"not_picked":["Tiny House","Runic Pyramid"],"picked":"Ectoplasm"},{"not_picked":["Cursed Key","Philosopher\u0027s Stone"],"picked":"Empty Cage"}],"items_purged_floors":[4],"is_endless":false,"potions_floor_spawned":[5,7,13,16,19,24,27,33,37,41,45],"killed_by":"Awakened One","ascension_level":0}}