{"host":"5jyeqch4fosnsiz2","time":1609610923,"event":{"mods":["BaseMod","Bestiary","Colored Map","Colored Powertips","Filter the Spire","Minty Spire (QoL Compilation)","Relic Stats","StSLib","Waifu the Spire","ojb\u0027s Better Paths Mod","ojb\u0027s Info Mod"],"gold_per_floor":[112,212,40,40,50,50,50,68,68,84,112,112,123,139,139,139,139],"floor_reached":16,"playtime":710,"items_purged":[],"score":102,"play_id":"134924b3-cd43-48c5-bf34-4dd2fe0d9d3e","local_time":"20210102130843","is_ascension_mode":false,"campfire_choices":[{"data":"Uppercut","floor":6,"key":"SMITH"},{"data":"Fire Breathing","floor":12,"key":"SMITH"},{"floor":15,"key":"REST"}],"circlet_count":0,"master_deck":["Strike_R","Strike_R","Strike_R","Strike_R","Defend_R","Defend_R","Defend_R","Bash","Uppercut+1","Dropkick","Armaments","Pain","Fire Breathing+1","Clothesline","Spot Weakness"],"relics":["Burning Blood","Du-Vu Doll","WarpedTongs","Paper Frog","Frozen Egg 2"],"acts_visited":["Exordium"],"potions_floor_usage":[11,14,16],"damage_taken":[{"damage":11,"enemies":"Jaw Worm","floor":1,"turns":4},{"damage":0,"enemies":"Cultist","floor":5,"turns":3},{"damage":1,"enemies":"2 Louse","floor":8,"turns":2},{"damage":4,"enemies":"Looter","floor":10,"turns":2},{"damage":17,"enemies":"3 Sentries","floor":11,"turns":5},{"damage":28,"enemies":"Exordium Thugs","floor":13,"turns":6},{"damage":10,"enemies":"Blue Slaver","floor":14,"turns":2},{"damage":31,"enemies":"The Guardian","floor":16,"turns":10}],"seed_played":"5494249070728711229","potions_obtained":[{"floor":1,"key":"DistilledChaos"},{"floor":10,"key":"Ancient Potion"},{"floor":13,"key":"LiquidMemories"},{"floor":14,"key":"EssenceOfSteel"}],"is_trial":false,"path_per_floor":["M","?","$","?","M","R","?","M","T","M","E","R","M","M","R","B"],"character_chosen":"IRONCLAD","items_purchased":["Dropkick","BlessingOfTheForge","Armaments"],"campfire_rested":1,"item_purchase_floors":[3,3,3],"current_hp_per_floor":[67,67,67,34,40,40,40,45,45,47,36,36,14,10,31,0,0],"gold":139,"neow_bonus":"REMOVE_TWO","is_daily":false,"chose_seed":false,"campfire_upgraded":2,"win_rate":0.0,"timestamp":1609610923,"path_taken":["M","?","?","?","M","R","?","M","T","?","E","R","M","M","R","BOSS"],"items_purchased_type":["Card","Potion","Card"],"build_version":"2020-12-22","purchased_purges":0,"victory":false,"max_hp_per_floor":[72,72,72,72,72,72,72,72,72,72,72,72,72,72,72,72,72],"relic_stats":{"counters":[8,34],"obtain_stats":[{"Du-Vu Doll":4,"Frozen Egg 2":11,"Burning Blood":0,"WarpedTongs":7,"Paper Frog":9},{"Du-Vu Doll":1,"Frozen Egg 2":5,"Burning Blood":0,"WarpedTongs":2,"Paper Frog":3},{"Du-Vu Doll":4,"Frozen Egg 2":16,"Burning Blood":0,"WarpedTongs":7,"Paper Frog":9}],"Burning Blood":42,"WarpedTongs":[25]},"card_choices":[{"not_picked":["Thunderclap","Armaments"],"picked":"Uppercut","floor":1},{"not_picked":["Clothesline","Twin Strike","Reckless Charge"],"picked":"SKIP","floor":5},{"not_picked":["Flex","Iron Wave","Havoc"],"picked":"SKIP","floor":8},{"not_picked":["Heavy Blade","Warcry"],"picked":"Fire Breathing","floor":10},{"not_picked":["Feel No Pain+1","Heavy Blade"],"picked":"Clothesline","floor":11},{"not_picked":["Havoc","Flex","Twin Strike"],"picked":"SKIP","floor":13},{"not_picked":["Pommel Strike","True Grit"],"picked":"Spot Weakness","floor":14}],"player_experience":283878,"relics_obtained":[{"floor":9,"key":"Paper Frog"},{"floor":11,"key":"Frozen Egg 2"}],"event_choices":[{"damage_healed":0,"gold_gain":100,"player_choice":"Gold","damage_taken":0,"max_hp_gain":0,"max_hp_loss":0,"event_name":"Wheel of Change","floor":2,"gold_loss":0},{"damage_healed":0,"gold_gain":0,"player_choice":"Success","damage_taken":33,"relics_obtained":["Du-Vu Doll"],"max_hp_gain":0,"max_hp_loss":0,"event_name":"Scrap Ooze","floor":4,"gold_loss":0},{"damage_healed":0,"gold_gain":0,"player_choice":"Rummage","damage_taken":0,"relics_obtained":["WarpedTongs"],"max_hp_gain":0,"max_hp_loss":0,"event_name":"Accursed Blacksmith","floor":7,"gold_loss":0,"cards_obtained":["Pain"]}],"is_beta":false,"boss_relics":[],"items_purged_floors":[],"is_endless":false,"potions_floor_spawned":[1,10,13,14],"killed_by":"The Guardian","ascension_level":0}}