{"host":"1eo5f82aifdzd7pr","time":1609605274,"event":{"mods":["AchievementEnabler","BaseMod","Colored Map","Colored Powertips","DeckTracker","Marisa????????","Minty Spire (QoL Compilation)","StSLib","SuperFastMode"],"gold_per_floor":[114,114,129,145,156,176,176,176,200,200,211,223,223,239,239,315,315,334,334,344,344,364,397,427,439,451,474,486,413,457,469,469],"floor_reached":31,"playtime":1887,"items_purged":[],"score":515,"play_id":"1d4b91f9-da39-4fdf-8963-3cb2407ecf9d","local_time":"20210102183434","is_ascension_mode":true,"campfire_choices":[{"data":"Apotheosis","floor":7,"key":"SMITH"},{"floor":10,"key":"REST"},{"floor":13,"key":"REST"},{"data":"Coolheaded","floor":15,"key":"SMITH"},{"floor":25,"key":"REST"},{"data":"Chill","floor":28,"key":"SMITH"}],"circlet_count":0,"master_deck":["AscendersBane","Strike_B","Strike_B","Defend_B","Defend_B","Defend_B","Zap","Dualcast","Apotheosis+1","Doom and Gloom","Coolheaded+1","Gash","Gash","Undo","Chill+1","Coolheaded"],"relics":["Cracked Core","Anchor","Nuclear Battery","MawBank","Meat on the Bone","Art of War","StrikeDummy"],"acts_visited":["Exordium","TheCity"],"potions_floor_usage":[14,18,23,24,30],"damage_taken":[{"damage":7.0,"enemies":"Jaw Worm","floor":1.0,"turns":3.0},{"damage":2.0,"enemies":"2 Louse","floor":3.0,"turns":2.0},{"damage":1.0,"enemies":"Cultist","floor":4.0,"turns":3.0},{"damage":7.0,"enemies":"Looter","floor":5.0,"turns":2.0},{"damage":10,"enemies":"Large Slime","floor":6,"turns":5},{"damage":7,"enemies":"Exordium Wildlife","floor":11,"turns":3},{"damage":0,"enemies":"Blue Slaver","floor":12,"turns":3},{"damage":0,"enemies":"3 Louse","floor":14,"turns":2},{"damage":5,"enemies":"The Guardian","floor":16,"turns":10},{"damage":0,"enemies":"Chosen","floor":18,"turns":3},{"damage":19,"enemies":"2 Thieves","floor":20,"turns":3},{"damage":19,"enemies":"Centurion and Healer","floor":22,"turns":8},{"damage":23,"enemies":"Gremlin Leader","floor":23,"turns":5},{"damage":0,"enemies":"Snake Plant","floor":24,"turns":5},{"damage":21,"enemies":"Snecko","floor":27,"turns":6},{"damage":17,"enemies":"Book of Stabbing","floor":30,"turns":6},{"damage":36,"enemies":"3 Cultists","floor":31,"turns":5}],"seed_played":"8018948400658945570","potions_obtained":[{"floor":3.0,"key":"EssenceOfSteel"},{"floor":4.0,"key":"FearPotion"},{"floor":11,"key":"GamblersBrew"},{"floor":16,"key":"AttackPotion"},{"floor":22,"key":"LiquidBronze"},{"floor":23,"key":"Regen Potion"}],"is_trial":false,"path_per_floor":["M","?","M","M","M","M","R","?","T","R","M","M","R","M","R","B",null,"M","?","M","?","M","E","M","R","T","M","R","?","E","M"],"character_chosen":"DEFECT","items_purchased":[],"campfire_rested":3,"item_purchase_floors":[],"current_hp_per_floor":[39,39,37,36,29,19,19,19,19,40,33,33,54,54,54,49,66,66,66,47,47,28,5,19,40,40,31,31,31,26,0,0],"gold":469,"neow_bonus":"RANDOM_COLORLESS_2","is_daily":false,"chose_seed":false,"campfire_upgraded":3,"win_rate":0.0,"timestamp":1609605274,"path_taken":["M","?","M","M","M","M","R","?","T","R","M","M","R","?","R","BOSS","M","?","M","?","M","E","M","R","T","M","R","?","E","M"],"items_purchased_type":[],"build_version":"2020-12-22","purchased_purges":0,"victory":false,"max_hp_per_floor":[71,71,71,71,71,71,71,71,71,71,71,71,71,71,71,71,71,71,71,71,71,71,71,71,71,71,71,71,71,71,71,71],"card_choices":[{"not_picked":["Metamorphosis","HandOfGreed"],"picked":"Apotheosis","floor":0.0},{"not_picked":["Redo","Go for the Eyes","Hologram"],"picked":"SKIP","floor":1.0},{"not_picked":["Beam Cell","Barrage"],"picked":"Doom and Gloom","floor":3.0},{"not_picked":["Streamline","Hyperbeam","Hologram"],"picked":"SKIP","floor":4.0},{"not_picked":["Barrage","Leap","FTL"],"picked":"SKIP","floor":5.0},{"not_picked":["Barrage","Force Field","Reprogram"],"picked":"SKIP","floor":6},{"not_picked":["Steam","Aggregate","Ball Lightning"],"picked":"SKIP","floor":11},{"not_picked":["Steam Power","Fusion"],"picked":"Coolheaded","floor":12},{"not_picked":["Beam Cell","Static Discharge","Turbo"],"picked":"SKIP","floor":14},{"not_picked":["Ball Lightning","Compile Driver"],"picked":"Gash","floor":18},{"not_picked":["Steam","Melter","Ball Lightning+1"],"picked":"SKIP","floor":20},{"not_picked":["Consume","Turbo+1"],"picked":"Gash","floor":22},{"not_picked":["Fusion","Doom and Gloom"],"picked":"Undo","floor":23},{"not_picked":["Scrape","Hologram"],"picked":"Chill","floor":24},{"not_picked":["Hologram","Rainbow"],"picked":"Coolheaded","floor":27},{"not_picked":["Recycle","Rebound+1","Go for the Eyes"],"picked":"SKIP","floor":30}],"player_experience":748541,"relics_obtained":[{"floor":9,"key":"Anchor"},{"floor":23,"key":"MawBank"},{"floor":26,"key":"Meat on the Bone"},{"floor":30,"key":"StrikeDummy"}],"event_choices":[{"cards_removed":["Strike_B"],"damage_healed":0.0,"max_hp_gain":0.0,"max_hp_loss":0.0,"gold_gain":0.0,"event_name":"Living Wall","player_choice":"Forget","floor":2.0,"gold_loss":0.0,"damage_taken":0.0},{"cards_removed":["Defend_B"],"damage_healed":0,"gold_gain":0,"player_choice":"Card Removal","damage_taken":0,"max_hp_gain":0,"max_hp_loss":0,"event_name":"Wheel of Change","floor":8,"gold_loss":0},{"damage_healed":0,"gold_gain":0,"player_choice":"Ignored","damage_taken":0,"max_hp_gain":0,"max_hp_loss":0,"event_name":"The Mausoleum","floor":19,"gold_loss":0},{"cards_removed":["Strike_B"],"damage_healed":0,"gold_gain":0,"player_choice":"Elegance","damage_taken":0,"max_hp_gain":0,"max_hp_loss":0,"event_name":"Back to Basics","floor":21,"gold_loss":0},{"damage_healed":0,"gold_gain":0,"player_choice":"Obtained Relic","damage_taken":0,"relics_obtained":["Art of War"],"max_hp_gain":0,"max_hp_loss":0,"event_name":"Addict","floor":29,"gold_loss":85}],"is_beta":false,"boss_relics":[{"not_picked":["Snecko Eye","Runic Pyramid"],"picked":"Nuclear Battery"}],"items_purged_floors":[],"is_endless":false,"potions_floor_spawned":[3,4,11,16,22,23],"killed_by":"3 Cultists","ascension_level":18}}