{"host":"kpklgwyuz86bov3e","time":1609567906,"event":{"mods":["Aspiration","BaseMod","Better Third Choice","BetterRewards","Conspire","Energized Spire","GifTheSpireLib","Halation","Highlight Path","Hubris","Jedi Mod","Minty Spire (QoL Compilation)","Permanent Neow","Relic Sorter","Replay The Spire","Shop Mod","Spicy Shops","Spikes Relics","StSLib","Stuff the Spire","The Blue Laboratory","Waifu the Spire","slay the spire mod where everything is the same but ironclad has a cowboy hat"],"gold_per_floor":[109,109,128,140,140,140,173,173,173,192,215,215,215],"floor_reached":12,"playtime":1036,"items_purged":["Strike_B"],"score":82,"play_id":"d95e2a03-23e3-461c-82b5-b719b52fbfee","local_time":"20210102011146","is_ascension_mode":true,"campfire_choices":[{"data":"Gash","floor":6,"key":"SMITH"},{"data":"Zap","floor":6,"key":"SMITH"}],"circlet_count":0,"master_deck":["Strike_B","Strike_B","Strike_B","Defend_B","Defend_B","Defend_B","Defend_B","Zap+1","Dualcast","ReplayTheSpireMod:GoodbyeWorld+1","BasicCrystalCard+1","Gash+1","StuffTheSpire:Rend","hubris:DoWhile"],"relics":["Cracked Core","conspire:Flyswatter","aspiration:HatOfInfinitePower","halation:PenCase","Toolbox","ReplayTheSpireMod:Lightbulb","StuffTheSpire:OldFever"],"acts_visited":["Exordium"],"potions_floor_usage":[7,12],"damage_taken":[{"damage":0,"enemies":"Jaw Worm","floor":1,"turns":3},{"damage":0,"enemies":"Cultist","floor":3,"turns":3},{"damage":8,"enemies":"Small Slimes","floor":4,"turns":5},{"damage":18,"enemies":"Gremlin Nob","floor":7,"turns":3},{"damage":5,"enemies":"Looter","floor":10,"turns":2},{"damage":20,"enemies":"Lagavulin","floor":12,"turns":3}],"seed_played":"2252055258000984084","potions_obtained":[{"floor":3,"key":"blueLaboratory:SystemWipe"},{"floor":7,"key":"blueLaboratory:BiasPotion"}],"is_trial":false,"path_per_floor":["M","?","M","M","?","R","E","PTL","PTL","M","T","E"],"character_chosen":"DEFECT","items_purchased":["conspire:Flyswatter","aspiration:HatOfInfinitePower","halation:PenCase","Toolbox"],"campfire_rested":0,"item_purchase_floors":[0,0,0,0],"current_hp_per_floor":[40,40,40,32,32,32,14,14,14,9,9,0,0],"gold":215,"neow_bonus":"","is_daily":false,"chose_seed":false,"campfire_upgraded":2,"win_rate":0.0,"timestamp":1609567906,"path_taken":["M","?","M","?","?","R","E","PTL","PTL","M","T","E"],"items_purchased_type":["Relic","Relic","Relic","Relic"],"build_version":"2020-12-22","purchased_purges":1,"victory":false,"max_hp_per_floor":[75,75,75,75,75,75,75,75,75,75,75,75,75],"card_choices":[{"not_picked":["Stack","Beam Cell"],"picked":"ReplayTheSpireMod:GoodbyeWorld","floor":1},{"not_picked":["Compile Driver","Redo"],"picked":"BasicCrystalCard","floor":3},{"not_picked":["Go for the Eyes","Time Bomb"],"picked":"Gash","floor":4},{"not_picked":["Barrage","jedi:BurstLightning"],"picked":"StuffTheSpire:Rend","floor":7},{"not_picked":["Barrage","Chill"],"picked":"hubris:DoWhile","floor":10}],"player_experience":352448,"relics_obtained":[{"floor":7,"key":"ReplayTheSpireMod:Lightbulb"},{"floor":11,"key":"StuffTheSpire:OldFever"}],"event_choices":[{"damage_healed":0,"gold_gain":0,"player_choice":"Upgraded","damage_taken":0,"max_hp_gain":0,"max_hp_loss":0,"event_name":"Upgrade Shrine","floor":2,"gold_loss":0,"cards_upgraded":["ReplayTheSpireMod:GoodbyeWorld"]}],"is_beta":false,"boss_relics":[],"items_purged_floors":[0],"is_endless":false,"potions_floor_spawned":[3,7],"killed_by":"Lagavulin","ascension_level":1}}