{"host":"1hyzy7ndnud2osw4","time":1609611049,"event":{"mods":["2.2 Compatiblity","Act Like it!","Arknights The Spire","Art Attack!","Aspiration","Astrologer","Bard","BaseMod","Beaked The Cultist","Better Third Choice","BetterRewards","Colored Powertips","Conspire","Decade(èÝá³Ù¥)","Dota2Spire","Elementarium","Gensokyo","GifTheSpireLib","GungeonMod","Hallownest","Hermit","Highlight Path","Hubris","Infinite Spire","Jorbs\u0027s Wanderer Trilogy","KinomotoSakuraMod(ÙÊñýÜâ?)","Koishi","KomeijiMod","Lobotomy","Menagerie","Minty Spire (QoL Compilation)","Quick Restart","SOS£¨ÞÙ÷é?ñýí­£©","Shop Mod","Spicy Shops","StSLib","The Administrix","The Bladedancer","The Bug Knight","The Construct","The Cursed","The Death Knight","The Disciple","The Dragon Tamer","The Factory","The Forsaken","The Gatherer","The Hierophant","The Jungle","The Marked","The Poker Player","The Runesmith","The Sage","The Senshi","The Wild Card","Uncapped","WarShipGirlsR/??á´Ò³R mod","Yuri Mod","Yuyuko","[IsaacMod]ì¤ß®ôÓ÷²"],"gold_per_floor":[110,1,1,19,36,36,36],"floor_reached":6,"playtime":375,"items_purged":[],"score":36,"play_id":"359358b1-67fa-4b0b-aa54-21404320edef","local_time":"20210103031049","daily_mods":["Draft","Heirloom","Time Dilation","DeadlyEvents","Elite Swarm"],"is_ascension_mode":false,"campfire_choices":[],"circlet_count":0,"master_deck":["Go for the Eyes","Loop","Defragment","Aggregate","Aggregate","Genetic Algorithm","Double Energy","Sweeping Beam","Skim","Force Field","Beam Cell","Chaos","Heatsinks","Reinforced Body","Capacitor","Ball Lightning","Capacitor","Koishi:Bloodlust","DemoMod:Unmoved"],"relics":["Cracked Core","HushsDoor","Thread and Needle","DoctorsRemote","PrismaticShard","Dota2Spire:Dagon"],"acts_visited":["Exordium"],"potions_floor_usage":[],"damage_taken":[{"damage":0,"enemies":"Cultist","floor":1,"turns":2},{"damage":2,"enemies":"2 Louse","floor":4,"turns":2},{"damage":0,"enemies":"Small Slimes","floor":5,"turns":3},{"damage":100000008,"enemies":"Gremlin Nob","floor":6,"turns":3}],"seed_played":"7388130810282331300","potions_obtained":[{"floor":1,"key":"LiquidBronze"},{"floor":5,"key":"FearPotion"}],"is_trial":true,"path_per_floor":["M","$","T","M","M","E"],"character_chosen":"DEFECT","items_purchased":["PrismaticShard","Capacitor"],"campfire_rested":0,"item_purchase_floors":[2,2],"current_hp_per_floor":[75,75,75,73,73,0,0],"gold":36,"neow_bonus":"","is_daily":false,"chose_seed":false,"campfire_upgraded":0,"win_rate":0.0,"timestamp":1609611049,"path_taken":["M","$","?","M","M","E"],"items_purchased_type":["Relic","Card"],"build_version":"2020-12-22","purchased_purges":0,"victory":false,"max_hp_per_floor":[75,75,75,75,75,75,75],"card_choices":[{"not_picked":[],"picked":"SuicideKing","floor":0},{"not_picked":["Steam Power","Steam"],"picked":"Go for the Eyes","floor":0},{"not_picked":["Conserve Battery","Leap"],"picked":"Loop","floor":0},{"not_picked":["Turbo","Sunder"],"picked":"Defragment","floor":0},{"not_picked":["hubris:PowerSurge","Blizzard"],"picked":"Aggregate","floor":0},{"not_picked":["Stack","Gash"],"picked":"Aggregate","floor":0},{"not_picked":["Conserve Battery","Stack"],"picked":"Genetic Algorithm","floor":0},{"not_picked":["Stack","Reprogram"],"picked":"Double Energy","floor":0},{"not_picked":["Gash","Turbo"],"picked":"Sweeping Beam","floor":0},{"not_picked":["Rebound","Melter"],"picked":"Skim","floor":0},{"not_picked":["Cold Snap","BootSequence"],"picked":"Force Field","floor":0},{"not_picked":["Leap","Turbo"],"picked":"Beam Cell","floor":0},{"not_picked":["Steam","Compile Driver"],"picked":"Chaos","floor":0},{"not_picked":["FTL","Steam"],"picked":"Heatsinks","floor":0},{"not_picked":["Gash","Streamline"],"picked":"Reinforced Body","floor":0},{"not_picked":["Rebound","Redo"],"picked":"Capacitor","floor":0},{"not_picked":["Cold Snap","Compile Driver"],"picked":"Ball Lightning","floor":1},{"not_picked":["CrunchTime","LockedScales"],"picked":"Koishi:Bloodlust","floor":4},{"not_picked":["stsjorbsmod:Hibernate","stsjorbsmod:Ritual"],"picked":"DemoMod:Unmoved","floor":5}],"player_experience":1002329,"relics_obtained":[{"floor":3,"key":"Dota2Spire:Dagon"}],"event_choices":[],"is_beta":false,"boss_relics":[],"items_purged_floors":[],"is_endless":false,"potions_floor_spawned":[1,5],"killed_by":"Gremlin Nob","ascension_level":0}}