{"host":"9tzam4717zt8ei1o","time":1609613972,"event":{"mods":["BaseMod","Colored Map","Keyboard Shortcuts","Minty Spire (QoL Compilation)","Quick Restart","StSLib","SuperFastMode"],"gold_per_floor":[113,113,133,5,5,21,21,96,96,96,96,21,21,62,74,86,86],"floor_reached":16,"playtime":165,"items_purged":["Strike_G"],"score":192,"play_id":"e3d290e4-9da8-453e-9b3b-16b64937d52c","local_time":"20210103035932","is_ascension_mode":true,"campfire_choices":[{"data":"Eviscerate","floor":7.0,"key":"SMITH"},{"data":"Well Laid Plans","floor":11.0,"key":"SMITH"},{"floor":15.0,"key":"REST"}],"circlet_count":0,"master_deck":["AscendersBane","Strike_G","Strike_G","Strike_G","Defend_G","Defend_G","Defend_G","Defend_G","Defend_G","Survivor","Neutralize","Poisoned Stab","Dagger Throw","Eviscerate+1","Well Laid Plans+1"],"relics":["Ring of the Snake","NeowsBlessing","Golden Idol","Bag of Marbles","Anchor","MawBank"],"acts_visited":["Exordium"],"potions_floor_usage":[16],"damage_taken":[{"damage":0.0,"enemies":"Jaw Worm","floor":1.0,"turns":1.0},{"damage":0.0,"enemies":"Small Slimes","floor":3.0,"turns":1.0},{"damage":0.0,"enemies":"2 Louse","floor":6.0,"turns":1.0},{"damage":8.0,"enemies":"Gremlin Nob","floor":14.0,"turns":3.0},{"damage":48,"enemies":"The Guardian","floor":16,"turns":11}],"seed_played":"8442256693636839363","potions_obtained":[{"floor":3.0,"key":"Strength Potion"},{"floor":14.0,"key":"Explosive Potion"}],"is_trial":false,"path_per_floor":["M","?","M","$","?","M","R","?","T","?","R","$","$","E","R","B"],"character_chosen":"THE_SILENT","items_purchased":["Eviscerate","Well Laid Plans"],"campfire_rested":1,"item_purchase_floors":[4,4],"current_hp_per_floor":[59,36,36,36,31,31,31,20,20,20,20,20,20,12,31,0,0],"gold":86,"neow_bonus":"THREE_ENEMY_KILL","is_daily":false,"chose_seed":false,"campfire_upgraded":2,"win_rate":0.0,"timestamp":1609613972,"path_taken":["M","?","M","$","?","M","R","?","T","?","R","?","$","E","R","BOSS"],"items_purchased_type":["Card","Card"],"build_version":"2020-12-22","purchased_purges":1,"victory":false,"max_hp_per_floor":[66,66,66,66,66,66,66,66,66,66,66,66,66,66,66,66,66],"card_choices":[{"not_picked":["Concentrate","Acrobatics"],"picked":"Poisoned Stab","floor":1.0},{"not_picked":["PiercingWail","Footwork"],"picked":"Dagger Throw","floor":3.0},{"not_picked":["Poisoned Stab","Heel Hook","Flying Knee"],"picked":"SKIP","floor":6.0},{"not_picked":["Skewer","Flying Knee","Sucker Punch"],"picked":"SKIP","floor":14.0}],"player_experience":145753,"relics_obtained":[{"floor":9.0,"key":"Anchor"},{"floor":14.0,"key":"MawBank"}],"event_choices":[{"damage_healed":0.0,"max_hp_gain":0.0,"max_hp_loss":0.0,"gold_gain":0.0,"event_name":"Golden Idol","player_choice":"Take Damage","floor":2.0,"gold_loss":0.0,"damage_taken":23.0,"relics_obtained":["Golden Idol"]},{"damage_healed":0.0,"max_hp_gain":0.0,"max_hp_loss":0.0,"gold_gain":0.0,"event_name":"Scrap Ooze","player_choice":"Success","floor":5.0,"gold_loss":0.0,"damage_taken":5.0,"relics_obtained":["Bag of Marbles"]},{"damage_healed":0.0,"max_hp_gain":0.0,"max_hp_loss":0.0,"gold_gain":75.0,"event_name":"World of Goop","player_choice":"Gather Gold","floor":8.0,"gold_loss":0.0,"damage_taken":11.0},{"cards_removed":["Strike_G"],"damage_healed":0.0,"max_hp_gain":0.0,"max_hp_loss":0.0,"gold_gain":0.0,"event_name":"Living Wall","player_choice":"Forget","floor":10.0,"gold_loss":0.0,"damage_taken":0.0}],"is_beta":false,"boss_relics":[],"items_purged_floors":[12],"is_endless":false,"potions_floor_spawned":[3,14],"killed_by":"The Guardian","ascension_level":20}}