{"host":"9tch52zpouts7b2p","time":1609557674,"event":{"mods":["BaseMod","Colored Map","Minty Spire (QoL Compilation)","StSLib","UnlockEverythingMod"],"gold_per_floor":[115,115,135,85,100,133,133,208,208,228,403,403,403,416,416,519,519,536,274,288,83,183,183,183],"floor_reached":23,"playtime":1303,"items_purged":["Doubt","Heatsinks"],"score":208,"play_id":"0c208fa4-925a-444d-8202-7ddb01a6c346","local_time":"20210102112114","is_ascension_mode":true,"campfire_choices":[{"floor":7.0,"key":"REST"},{"floor":12,"key":"REST"},{"data":"Darkness","floor":15,"key":"SMITH"}],"circlet_count":0,"master_deck":["Defend_B","Defend_B","Defend_B","Defend_B","Zap","Dualcast","Buffer","Hologram","Creative AI","Melter","Redo","Darkness+1","Cold Snap","All For One","Seek","Force Field","BootSequence","Compile Driver+1","Turbo","Conserve Battery"],"relics":["Cracked Core","CaptainsWheel","Ice Cream","Inserter","ClockworkSouvenir"],"acts_visited":["Exordium","TheCity"],"potions_floor_usage":[14,16,18,23],"damage_taken":[{"damage":2.0,"enemies":"Jaw Worm","floor":1.0,"turns":3.0},{"damage":5.0,"enemies":"Small Slimes","floor":3.0,"turns":4.0},{"damage":1.0,"enemies":"Cultist","floor":5.0,"turns":4.0},{"damage":55.0,"enemies":"Gremlin Nob","floor":6.0,"turns":6.0},{"damage":1,"enemies":"Looter","floor":10,"turns":4},{"damage":0,"enemies":"3 Louse","floor":14,"turns":5},{"damage":30,"enemies":"Slime Boss","floor":16,"turns":8},{"damage":31,"enemies":"Shell Parasite","floor":18,"turns":5},{"damage":0,"enemies":"Spheric Guardian","floor":20,"turns":2},{"damage":39,"enemies":"Slavers","floor":23,"turns":5}],"seed_played":"7387396533020434340","potions_obtained":[{"floor":3.0,"key":"Strength Potion"},{"floor":10,"key":"BlessingOfTheForge"},{"floor":14,"key":"ColorlessPotion"},{"floor":16,"key":"ColorlessPotion"},{"floor":18,"key":"Swift Potion"}],"is_trial":false,"path_per_floor":["M","?","M","?","M","E","R","?","T","M","?","R","?","M","R","B",null,"M","$","M","$","?","E"],"character_chosen":"DEFECT","items_purchased":["ClockworkSouvenir","BootSequence","Turbo","Conserve Battery"],"campfire_rested":2,"item_purchase_floors":[19,19,21,21],"current_hp_per_floor":[66,66,61,61,60,5,25,14,14,13,13,33,55,55,55,25,68,37,37,37,37,37,0,0],"gold":183,"neow_bonus":"TRANSFORM_TWO_CARDS","is_daily":false,"chose_seed":false,"campfire_upgraded":1,"win_rate":0.0,"timestamp":1609557674,"path_taken":["M","?","M","?","M","E","R","?","T","M","?","R","?","M","R","BOSS","M","$","M","$","?","E"],"items_purchased_type":["Relic","Card","Card","Card"],"build_version":"2020-12-22","purchased_purges":2,"victory":false,"max_hp_per_floor":[68,68,68,68,68,68,68,68,68,68,68,68,68,68,68,68,68,68,68,68,68,68,68,68],"card_choices":[{"not_picked":["Barrage","Compile Driver"],"picked":"Heatsinks","floor":1.0},{"not_picked":["Redo","Force Field"],"picked":"Melter","floor":3.0},{"not_picked":["Sweeping Beam","Beam Cell"],"picked":"Redo","floor":5.0},{"not_picked":["Consume","Barrage"],"picked":"Darkness","floor":6.0},{"not_picked":["FTL","Lockon"],"picked":"Cold Snap","floor":10},{"not_picked":["Redo","Coolheaded"],"picked":"All For One","floor":14},{"not_picked":["Biased Cognition","Electrodynamics"],"picked":"Seek","floor":16},{"not_picked":["Leap","Melter"],"picked":"Force Field","floor":18},{"not_picked":["FTL","Beam Cell+1"],"picked":"Compile Driver+1","floor":20}],"player_experience":103692,"relics_obtained":[{"floor":6.0,"key":"CaptainsWheel"},{"floor":9.0,"key":"Ice Cream"}],"event_choices":[{"damage_healed":0.0,"max_hp_gain":0.0,"max_hp_loss":0.0,"gold_gain":0.0,"cards_transformed":["Strike_B"],"event_name":"Living Wall","player_choice":"Change","floor":2.0,"gold_loss":0.0,"damage_taken":0.0,"cards_obtained":["Creative AI"]},{"cards_removed":["Strike_B"],"damage_healed":0.0,"max_hp_gain":0.0,"max_hp_loss":0.0,"gold_gain":0.0,"event_name":"The Cleric","player_choice":"Card Removal","floor":4.0,"gold_loss":50.0,"damage_taken":0.0},{"damage_healed":0.0,"max_hp_gain":0.0,"max_hp_loss":0.0,"gold_gain":75.0,"event_name":"World of Goop","player_choice":"Gather Gold","floor":8.0,"gold_loss":0.0,"damage_taken":11.0},{"damage_healed":0,"gold_gain":175,"player_choice":"AGREE","damage_taken":0,"max_hp_gain":0,"max_hp_loss":0,"event_name":"Liars Game","floor":11,"gold_loss":0,"cards_obtained":["Doubt"]},{"damage_healed":22,"gold_gain":0,"player_choice":"Banana","damage_taken":0,"max_hp_gain":0,"max_hp_loss":0,"event_name":"Big Fish","floor":13,"gold_loss":0},{"damage_healed":0,"gold_gain":100,"player_choice":"Pray","damage_taken":0,"max_hp_gain":0,"max_hp_loss":0,"event_name":"Golden Shrine","floor":22,"gold_loss":0}],"is_beta":false,"boss_relics":[{"not_picked":["Velvet Choker","SlaversCollar"],"picked":"Inserter"}],"items_purged_floors":[19,21],"is_endless":false,"potions_floor_spawned":[3,10,14,16,18],"killed_by":"Slavers","ascension_level":2}}