{"host":"d8hh7rr4yzitjeuj","time":1609601847,"event":{"mods":["2.2 Compatiblity","AchievementEnabler","BaseMod","CapriCore","Colored Map","Colored Powertips","Highlight Path","Keyboard Shortcuts","Minty Spire (QoL Compilation)","Permanent Neow","Quick Restart","StSLib","SuperFastMode"],"gold_per_floor":[113,127,139,153,163,191,207,239,263,130,147,160,218,218,218,291,291,311,48,67,84,84,110,126,126,202,233,58,58,58,38,38,115,115,130,130,149,164,184,184,214,214,265,68,87,98,98,98],"floor_reached":47,"playtime":1883,"items_purged":[],"score":1147,"play_id":"76e6065a-f1b1-4c5a-8a56-2c41bfedb98e","local_time":"20210103003727","is_ascension_mode":true,"campfire_choices":[{"data":"Blood for Blood","floor":15.0,"key":"SMITH"},{"floor":25.0,"key":"REST"},{"data":"Evolve","floor":29.0,"key":"SMITH"},{"floor":32,"key":"RECALL"},{"floor":40,"key":"REST"},{"data":"Armaments","floor":42,"key":"SMITH"}],"circlet_count":0,"master_deck":["AscendersBane","Bash","Rupture","Armaments+1","Infernal Blade","Carnage","Heavy Blade+1","Flame Barrier+1","Perfected Strike+1","Power Through","Body Slam","Second Wind","Blood for Blood+1","Bludgeon","Twin Strike","Fiend Fire","Dark Embrace","Disarm","Clothesline","Limit Break","Double Tap","Twin Strike","Barricade","Body Slam","Evolve+1","True Grit+1","Entrench+1","Ghostly Armor+1","Feel No Pain","Immolate","Shrug It Off+1","Uppercut","True Grit+1","Infernal Blade+1","Headbutt+1","Enlightenment+1","Flex+1","Burning Pact+1","Flame Barrier+1","Shockwave+1"],"relics":["Snecko Eye","Juzu Bracelet","Bottled Tornado","War Paint","Pandora\u0027s Box","Toxic Egg 2","StoneCalendar","Eternal Feather","PreservedInsect","Runic Dome","Omamori","Whetstone"],"acts_visited":["Exordium","TheCity","TheBeyond"],"potions_floor_usage":[39],"damage_taken":[{"damage":1.0,"enemies":"Cultist","floor":1.0,"turns":3.0},{"damage":6.0,"enemies":"2 Louse","floor":2.0,"turns":3.0},{"damage":3.0,"enemies":"Small Slimes","floor":3.0,"turns":4.0},{"damage":12.0,"enemies":"Exordium Thugs","floor":4.0,"turns":3.0},{"damage":13.0,"enemies":"3 Louse","floor":5.0,"turns":3.0},{"damage":8.0,"enemies":"Gremlin Nob","floor":6.0,"turns":3.0},{"damage":5.0,"enemies":"Lots of Slimes","floor":7.0,"turns":5.0},{"damage":0.0,"enemies":"3 Sentries","floor":8.0,"turns":3.0},{"damage":0.0,"enemies":"Blue Slaver","floor":11.0,"turns":1.0},{"damage":9.0,"enemies":"Gremlin Gang","floor":12.0,"turns":4.0},{"damage":26.0,"enemies":"Slime Boss","floor":16.0,"turns":9.0},{"damage":0.0,"enemies":"Spheric Guardian","floor":18.0,"turns":2.0},{"damage":7.0,"enemies":"2 Thieves","floor":20.0,"turns":2.0},{"damage":12.0,"enemies":"Cultist and Chosen","floor":21.0,"turns":3.0},{"damage":43.0,"enemies":"Book of Stabbing","floor":23.0,"turns":6.0},{"damage":0.0,"enemies":"Centurion and Healer","floor":24.0,"turns":4.0},{"damage":1.0,"enemies":"Gremlin Leader","floor":27.0,"turns":5.0},{"damage":44,"enemies":"Champ","floor":33,"turns":11},{"damage":6,"enemies":"Orb Walker","floor":35,"turns":3},{"damage":6,"enemies":"3 Shapes","floor":37,"turns":3},{"damage":0,"enemies":"Maw","floor":38,"turns":6},{"damage":35,"enemies":"Spire Growth","floor":39,"turns":4},{"damage":22,"enemies":"Nemesis","floor":41,"turns":7},{"damage":20,"enemies":"4 Shapes","floor":45,"turns":5},{"damage":0,"enemies":"3 Darklings","floor":46,"turns":3},{"damage":46,"enemies":"Reptomancer","floor":47,"turns":2}],"seed_played":"4503751624191709974","potions_obtained":[{"floor":1.0,"key":"GamblersBrew"},{"floor":5.0,"key":"FearPotion"},{"floor":7.0,"key":"Explosive Potion"},{"floor":8.0,"key":"Energy Potion"},{"floor":16.0,"key":"DuplicationPotion"},{"floor":23.0,"key":"AttackPotion"},{"floor":24.0,"key":"PowerPotion"},{"floor":30.0,"key":"Block Potion"},{"floor":30.0,"key":"SneckoOil"},{"floor":31.0,"key":"Strength Potion"},{"floor":39,"key":"CultistPotion"}],"is_trial":false,"path_per_floor":["M","M","M","M","M","E","M","E","T","$","M","M","?","?","R","B",null,"M","$","M","M","?","E","M","R","T","E","$","R","?","?","R","B",null,"M","?","M","M","M","R","E","R","T","$","M","M","E"],"character_chosen":"IRONCLAD","items_purchased":["Power Through","Body Slam","Toxic Egg 2","Feel No Pain","Discovery+1","Enlightenment+1","Flex+1","Burning Pact+1"],"campfire_rested":2,"item_purchase_floors":[10,10,19,28,28,44,44,44],"current_hp_per_floor":[67,61,58,46,33,25,20,20,20,20,20,11,11,75,75,49,69,69,69,62,50,50,7,7,29,29,28,28,46,46,46,64,20,61,55,55,49,49,14,54,32,53,53,53,33,33,0,0],"gold":98,"neow_bonus":"BOSS_RELIC","is_daily":false,"chose_seed":false,"campfire_upgraded":3,"win_rate":0.0,"timestamp":1609601847,"path_taken":["M","M","M","M","M","E","M","E","T","?","M","M","?","?","R","BOSS","M","$","M","M","?","E","M","R","T","E","$","R","?","?","R","BOSS","M","?","M","M","M","R","E","R","T","$","M","M","E"],"items_purchased_type":["Card","Card","Relic","Card","Card","Card","Card","Card"],"build_version":"2020-12-22","purchased_purges":0,"victory":false,"max_hp_per_floor":[75,75,75,75,75,75,75,75,75,75,75,75,75,75,75,75,75,75,75,75,75,75,75,75,75,75,75,75,75,75,75,75,75,75,75,75,75,75,75,75,75,75,75,75,75,75,75,75],"card_choices":[{"not_picked":["Headbutt","Body Slam"],"picked":"Rupture","floor":1.0},{"not_picked":["Disarm","Burning Pact"],"picked":"Armaments","floor":2.0},{"not_picked":["Rupture","Spot Weakness"],"picked":"Infernal Blade","floor":3.0},{"not_picked":["Dropkick","Pommel Strike"],"picked":"Carnage","floor":4.0},{"not_picked":["Second Wind","Searing Blow"],"picked":"Heavy Blade","floor":5.0},{"not_picked":["Heavy Blade","Sever Soul"],"picked":"Flame Barrier","floor":6.0},{"not_picked":["Exhume","Seeing Red"],"picked":"Perfected Strike","floor":7.0},{"not_picked":["Inflame","Searing Blow"],"picked":"Rage","floor":8.0},{"not_picked":["Burning Pact","Heavy Blade"],"picked":"Second Wind","floor":11.0},{"not_picked":["Body Slam","Dropkick"],"picked":"Blood for Blood","floor":12.0},{"not_picked":["Feed","Juggernaut"],"picked":"Bludgeon","floor":16.0},{"not_picked":["Carnage","Clothesline"],"picked":"Body Slam","floor":18.0},{"not_picked":["Twin Strike","Heavy Blade"],"picked":"Evolve","floor":20.0},{"not_picked":["Thunderclap","Blood for Blood"],"picked":"True Grit+1","floor":21.0},{"not_picked":["Pummel+1","Anger","Headbutt"],"picked":"SKIP","floor":23.0},{"not_picked":["Whirlwind","Perfected Strike"],"picked":"Ghostly Armor+1","floor":24.0},{"not_picked":["Havoc+1","Rampage","Iron Wave"],"picked":"SKIP","floor":27.0},{"not_picked":["Reaper","Bludgeon"],"picked":"Immolate","floor":33},{"not_picked":["Cleave","Warcry+1"],"picked":"Shrug It Off+1","floor":35},{"not_picked":["Perfected Strike","Anger"],"picked":"Uppercut","floor":37},{"not_picked":["Second Wind+1","Armaments+1"],"picked":"True Grit+1","floor":38},{"not_picked":["Barricade","Pummel"],"picked":"Infernal Blade+1","floor":39},{"not_picked":["Metallicize","Pommel Strike"],"picked":"Headbutt+1","floor":41},{"not_picked":["Cleave+1","Armaments+1"],"picked":"Flame Barrier+1","floor":45},{"not_picked":["Heavy Blade","Wild Strike+1"],"picked":"Shockwave+1","floor":46}],"player_experience":1396537,"relics_obtained":[{"floor":6.0,"key":"Juzu Bracelet"},{"floor":8.0,"key":"Bottled Tornado"},{"floor":9.0,"key":"War Paint"},{"floor":23.0,"key":"StoneCalendar"},{"floor":26.0,"key":"Eternal Feather"},{"floor":27.0,"key":"PreservedInsect"},{"floor":41,"key":"Omamori"},{"floor":43,"key":"Whetstone"}],"event_choices":[{"damage_healed":0.0,"max_hp_gain":0.0,"max_hp_loss":0.0,"gold_gain":58.0,"event_name":"Golden Wing","player_choice":"Gained Gold","floor":13.0,"gold_loss":0.0,"damage_taken":0.0},{"cards_removed":["Rage"],"damage_healed":64.0,"max_hp_gain":0.0,"max_hp_loss":0.0,"gold_gain":0.0,"event_name":"Bonfire Elementals","player_choice":"Offered Uncommon","floor":14.0,"gold_loss":0.0,"damage_taken":0.0},{"damage_healed":0.0,"max_hp_gain":0.0,"max_hp_loss":0.0,"gold_gain":0.0,"event_name":"The Library","player_choice":"Read","floor":22.0,"gold_loss":0.0,"damage_taken":0.0,"cards_obtained":["Entrench"]},{"damage_healed":0.0,"max_hp_gain":0.0,"max_hp_loss":0.0,"gold_gain":0.0,"event_name":"Lab","player_choice":"Got Potions","floor":30.0,"gold_loss":0.0,"damage_taken":0.0},{"damage_healed":0.0,"max_hp_gain":0.0,"max_hp_loss":0.0,"gold_gain":0.0,"event_name":"The Woman in Blue","player_choice":"Bought 1 Potion","floor":31.0,"gold_loss":0.0,"damage_taken":0.0},{"cards_removed":["Discovery"],"damage_healed":0,"gold_gain":0,"player_choice":"Removed Skill","damage_taken":0,"max_hp_gain":0,"max_hp_loss":0,"event_name":"Falling","floor":36,"gold_loss":0}],"is_beta":false,"boss_relics":[{"not_picked":["Tiny House","Runic Pyramid"],"picked":"Pandora\u0027s Box"},{"not_picked":["Coffee Dripper","Empty Cage"],"picked":"Runic Dome"}],"items_purged_floors":[],"is_endless":false,"potions_floor_spawned":[1,5,6,7,8,16,18,23,24,33,37,38,39,45],"killed_by":"Reptomancer","ascension_level":20}}