{"host":"wonp23fsqqcu31ie","time":1609591778,"event":{"mods":["2.2 Compatiblity","AchievementEnabler","Aspiration","BaseMod","Bestiary","Better Altar","Better Match","Better Sensory Stone","Better Skull","Better Third Choice","BetterRewards","Block Reminder","Colored Map","Colored Powertips","Conspire","Curses Come First","DeckTracker","Displayed Cursed Tome","Downfall","Hermit","Highlight Path","Hubris","Marisa????????","Minty Spire (QoL Compilation)","Permanent Neow","Quick Restart","Rare Cards Sparkle","Relic Stats","Replay The Spire","Robot Space Explorer","Shade Mod","Shop Mod","StSLib","SuperFastMode","The Animator","The Cursed","The Gatherer","The Marked","The Necromancer","The Runesmith","The Servant 0.9.4"],"gold_per_floor":[119,294,312,312,42,72,72,72,97,111,111,144,144,44,44,140,140,126,126,141,154,171,204,204,204,254,58,58,94,94,139,139,245,245,284,284,244,273,304,304,346,384,384,384,434,467,467,499,499,517,517],"floor_reached":50,"playtime":1895,"items_purged":["Doubt","Amnesia"],"score":670,"play_id":"22d1e9da-5e89-4588-917e-32176cd54153","local_time":"20210102234938","is_ascension_mode":false,"campfire_choices":[{"floor":7.0,"key":"REST"},{"floor":11.0,"key":"RECALL"},{"data":"Chrysalis","floor":13.0,"key":"SMITH"},{"floor":15.0,"key":"REST"},{"floor":24.0,"key":"REST"},{"floor":32.0,"key":"REST"},{"floor":40,"key":"REST"},{"floor":47,"key":"REST"},{"floor":49,"key":"REST"}],"circlet_count":0,"master_deck":["theMarked:Strike","theMarked:Strike","theMarked:Strike","theMarked:Strike","theMarked:Strike","theMarked:Defend","theMarked:Defend","theMarked:Defend","theMarked:Defend","theMarked:SoldierOfQuellstein+1","theMarked:Opportunist+1","theMarked:BanishingStrike","Replay:Parry+1","theMarked:SwordAndMagic","theMarked:RepellingDischarge","theMarked:Standoff","Chrysalis+1","theMarked:Challenge","theMarked:HeightenedSenses","theMarked:Improvise","theMarked:SoldierForm+1","CurseOfTheBell","theMarked:AttractMetal+1","theMarked:Levitate","theMarked:Aftermath+1","theMarked:BanishingStrike","theMarked:Indomitable+1","theMarked:SoldierOfQuellstein+1","theMarked:Improvise","theMarked:SwordAndMagic","theMarked:ThrowWeapon","theMarked:TwofoldDefense+1","theMarked:ElementalBlade","theMarked:ContemptForTheProud+1","theMarked:Parry+1","theMarked:EternalStudent","theMarked:Frustration"],"relics":["theMarked:ArtifactOfAir","BargainBundle","hubris:SphereOfDissonance","Ring of Searing","Ring of Peace","Nunchaku","Replay:Ancient Bell","Runesmith:AutoHammer","Mummified Hand","Incense Burner","hubris:CrystalStatue","Replay:Bandana","aspiration:Nostalgia","Replay:M_StaffOfTheSnake","theMarked:Gun","Shuriken","Fusion Hammer","HornCleat","Replay:Baseball"],"acts_visited":["Exordium","TheCity","TheBeyond"],"potions_floor_usage":[50,50,50],"damage_taken":[{"damage":0.0,"enemies":"2 Louse","floor":1.0,"turns":2.0},{"damage":10.0,"enemies":"Small Slimes","floor":3.0,"turns":3.0},{"damage":16.0,"enemies":"Gremlin Nob","floor":6.0,"turns":5.0},{"damage":0.0,"enemies":"Jaw Worm","floor":10.0,"turns":2.0},{"damage":20.0,"enemies":"3 Sentries","floor":12.0,"turns":5.0},{"damage":40.0,"enemies":"Fading Forest","floor":16.0,"turns":11.0},{"damage":21.0,"enemies":"2 Thieves","floor":18.0,"turns":4.0},{"damage":10.0,"enemies":"Chosen","floor":20.0,"turns":4.0},{"damage":7.0,"enemies":"Centurion and Healer","floor":21.0,"turns":7.0},{"damage":0.0,"enemies":"Snake Plant","floor":22.0,"turns":5.0},{"damage":22.0,"enemies":"Gremlin Leader","floor":23.0,"turns":6.0},{"damage":6.0,"enemies":"Snecko","floor":29.0,"turns":4.0},{"damage":4.0,"enemies":"Slavers","floor":31.0,"turns":4.0},{"damage":17.0,"enemies":"Collector","floor":33.0,"turns":6.0},{"damage":10.0,"enemies":"3 Darklings","floor":35.0,"turns":4.0},{"damage":10,"enemies":"3 Shapes","floor":38,"turns":4},{"damage":19,"enemies":"Writhing Mass","floor":39,"turns":6},{"damage":13,"enemies":"Jaw Worm Horde","floor":41,"turns":3},{"damage":0,"enemies":"Transient","floor":42,"turns":5},{"damage":21,"enemies":"R_Hoarder","floor":45,"turns":7},{"damage":0,"enemies":"Maw","floor":46,"turns":7},{"damage":0,"enemies":"3 Darklings","floor":48,"turns":5},{"damage":75,"enemies":"Replay:Hell Engine","floor":50,"turns":7}],"seed_played":"-5193880990404400649","potions_obtained":[{"floor":1.0,"key":"FearPotion"},{"floor":3.0,"key":"theMarked:ChargePotion"},{"floor":16.0,"key":"Ancient Potion"},{"floor":21.0,"key":"Death Potion"},{"floor":23.0,"key":"Languid Potion"},{"floor":31.0,"key":"Elixir"},{"floor":37.0,"key":"GamblersBrew"},{"floor":37.0,"key":"Dexterity Potion"},{"floor":37.0,"key":"BlessingOfTheForge"},{"floor":46,"key":"theMarked:SummonPotion"}],"is_trial":false,"path_per_floor":["M","?","M","?","$","E","R","?","T","M","R","E","R","$","R","B",null,"M","?","M","M","M","E","R","?","T","$","T","M","?","E","R","B",null,"M","?","?","M","M","R","M","M","T","?","E","M","R","M","R","B"],"character_chosen":"THE_DEFAULT","items_purchased":["BargainBundle","Replay:Parry","theMarked:SwordAndMagic","theMarked:RepellingDischarge","theMarked:Standoff","Adrenaline Potion","AttackPotion","Chrysalis","aspiration:Nostalgia","PowerPotion"],"campfire_rested":7,"item_purchase_floors":[5,5,5,5,5,5,5,5,27,27],"current_hp_per_floor":[70,70,60,60,60,44,65,65,65,65,65,45,45,45,66,50,70,49,49,39,32,32,10,31,31,31,31,31,25,25,21,42,25,70,60,67,67,57,38,59,46,46,46,46,25,25,45,45,65,0,0],"gold":517,"neow_bonus":"UPGRADE_CARD","is_daily":false,"chose_seed":false,"campfire_upgraded":1,"win_rate":0.0,"timestamp":1609591778,"path_taken":["M","?","M","?","?","E","R","?","T","?","R","E","R","?","R","BOSS","M","?","?","M","?","E","R","?","T","?","?","M","?","E","R","BOSS","M","?","?","M","M","R","M","?","T","?","E","M","R","?","R","BOSS"],"items_purchased_type":["Relic","Card","Card","Card","Card","Potion","Potion","Card","Relic","Potion"],"build_version":"2020-12-22","purchased_purges":2,"victory":false,"max_hp_per_floor":[70,70,70,70,70,70,70,70,70,70,70,70,70,70,70,70,70,70,70,70,70,70,70,70,70,70,70,70,70,70,70,70,70,70,70,70,70,70,70,70,70,70,70,67,67,67,67,67,67,67,67],"relic_stats":{"Nunchaku":[26],"counters":[23,116],"Mummified Hand":[41],"Shuriken":[37],"obtain_stats":[{"BargainBundle":5,"hubris:CrystalStatue":23,"Replay:M_StaffOfTheSnake":27,"theMarked:Gun":28,"aspiration:Nostalgia":27,"hubris:SphereOfDissonance":6,"Replay:Ancient Bell":17,"Incense Burner":17,"Ring of Searing":8,"theMarked:ArtifactOfAir":0,"Nunchaku":12,"Replay:Bandana":26,"Replay:Baseball":45,"HornCleat":43,"Mummified Hand":17,"Shuriken":31,"Ring of Peace":8,"Fusion Hammer":34,"Runesmith:AutoHammer":17},{"BargainBundle":2,"hubris:CrystalStatue":11,"Replay:M_StaffOfTheSnake":11,"theMarked:Gun":11,"aspiration:Nostalgia":11,"hubris:SphereOfDissonance":3,"Replay:Ancient Bell":6,"Incense Burner":6,"Ring of Searing":3,"theMarked:ArtifactOfAir":0,"Nunchaku":5,"Replay:Bandana":11,"Replay:Baseball":20,"HornCleat":19,"Mummified Hand":6,"Shuriken":13,"Ring of Peace":3,"Fusion Hammer":14,"Runesmith:AutoHammer":6},{"BargainBundle":5,"hubris:CrystalStatue":54,"Replay:M_StaffOfTheSnake":54,"theMarked:Gun":54,"aspiration:Nostalgia":54,"hubris:SphereOfDissonance":10,"Replay:Ancient Bell":28,"Incense Burner":28,"Ring of Searing":10,"theMarked:ArtifactOfAir":0,"Nunchaku":17,"Replay:Bandana":54,"Replay:Baseball":97,"HornCleat":90,"Mummified Hand":28,"Shuriken":62,"Ring of Peace":10,"Fusion Hammer":68,"Runesmith:AutoHammer":28}]},"card_choices":[{"not_picked":["theMarked:LightningStrikesTwice","theMarked:Convert"],"picked":"theMarked:Opportunist","floor":1.0},{"not_picked":["theMarked:Convert","theMarked:WastefulAttack"],"picked":"theMarked:BanishingStrike","floor":3.0},{"not_picked":["theMarked:HeightenedSenses","theMarked:WastefulAttack"],"picked":"theMarked:Challenge","floor":6.0},{"not_picked":["theMarked:WastefulDefense","theMarked:LightningStrikesTwice"],"picked":"theMarked:HeightenedSenses","floor":10.0},{"not_picked":["theMarked:ResourceFulStrike","theMarked:Aftermath"],"picked":"theMarked:Improvise","floor":12.0},{"not_picked":["theMarked:DispelDoubt","theMarked:SuspiciousRaven"],"picked":"theMarked:SoldierForm","floor":16.0},{"not_picked":["sneckomod:Bewildered","Replay:Sluggish"],"picked":"CurseOfTheBell","floor":17.0},{"not_picked":["animator:Curse_Rozen","Hallucinations"],"picked":"animator:Curse_GriefSeed","floor":17.0},{"not_picked":["Delirium","Spreading Infection"],"picked":"animator:Curse_Rozen","floor":17.0},{"not_picked":["theMarked:Parkour","theMarked:Parry+1"],"picked":"theMarked:AttractMetal+1","floor":18.0},{"not_picked":["theMarked:WastefulAttack","theMarked:PowerFlow+1"],"picked":"theMarked:Levitate","floor":20.0},{"not_picked":["theMarked:Parkour+1","theMarked:Frustration"],"picked":"theMarked:Aftermath+1","floor":21.0},{"not_picked":["theMarked:WastefulDefense","theMarked:Static"],"picked":"theMarked:BanishingStrike","floor":22.0},{"not_picked":["theMarked:Polarize+1","theMarked:Improvise+1"],"picked":"theMarked:Indomitable+1","floor":23.0},{"not_picked":["theMarked:RepellingDischarge","theMarked:Generate"],"picked":"theMarked:Improvise","floor":29.0},{"not_picked":["Outmaneuver","CutThroughFate"],"picked":"theMarked:SwordAndMagic","floor":31.0},{"not_picked":["Night Terror","Establishment"],"picked":"theMarked:ThrowWeapon","floor":33.0},{"not_picked":["theMarked:WastefulAttack+1","theMarked:Improvise"],"picked":"theMarked:TwofoldDefense+1","floor":35.0},{"not_picked":["theMarked:Parkour+1","Acrobatics+1"],"picked":"theMarked:ElementalBlade","floor":38},{"not_picked":["JustLucky+1","theMarked:Frustration+1","theMarked:Parry"],"picked":"SKIP","floor":39},{"not_picked":["theMarked:AttractMetal+1","theMarked:Improvise+1"],"picked":"theMarked:ContemptForTheProud+1","floor":41},{"not_picked":["theMarked:PowerFlow+1","Acrobatics"],"picked":"theMarked:Parry+1","floor":42},{"not_picked":["Crescendo+1","CutThroughFate+1"],"picked":"theMarked:EternalStudent","floor":45},{"not_picked":["theMarked:TunnelVision+1","theMarked:SwordAndMagic","CutThroughFate+1"],"picked":"SKIP","floor":46},{"not_picked":["theMarked:WardOff","Dagger Throw"],"picked":"theMarked:Frustration","floor":48}],"player_experience":435810,"relics_obtained":[{"floor":6.0,"key":"hubris:SphereOfDissonance"},{"floor":8.0,"key":"Ring of Searing"},{"floor":8.0,"key":"Ring of Peace"},{"floor":12.0,"key":"Nunchaku"},{"floor":23.0,"key":"hubris:CrystalStatue"},{"floor":26.0,"key":"Replay:Bandana"},{"floor":28.0,"key":"theMarked:Gun"},{"floor":31.0,"key":"Shuriken"},{"floor":43,"key":"HornCleat"},{"floor":45,"key":"Replay:Baseball"}],"event_choices":[{"damage_healed":0.0,"max_hp_gain":0.0,"max_hp_loss":0.0,"gold_gain":175.0,"event_name":"betterThird:BetterSerpent","player_choice":"AGREE","floor":2.0,"gold_loss":0.0,"damage_taken":119.0},{"damage_healed":0.0,"max_hp_gain":0.0,"max_hp_loss":0.0,"gold_gain":0.0,"event_name":"Living Wall","player_choice":"Grow","floor":4.0,"gold_loss":0.0,"damage_taken":0.0,"cards_upgraded":["theMarked:Opportunist"]},{"damage_healed":0.0,"max_hp_gain":0.0,"max_hp_loss":0.0,"gold_gain":0.0,"event_name":"Upgrade Shrine","player_choice":"Upgraded","floor":19.0,"gold_loss":0.0,"damage_taken":0.0,"cards_upgraded":["theMarked:SoldierForm"]},{"damage_healed":0.0,"max_hp_gain":0.0,"max_hp_loss":0.0,"gold_gain":0.0,"event_name":"Duplicator","player_choice":"Copied","floor":25.0,"gold_loss":0.0,"damage_taken":0.0,"cards_obtained":["theMarked:SoldierOfQuellstein"]},{"damage_healed":0.0,"max_hp_gain":0.0,"max_hp_loss":0.0,"gold_gain":0.0,"event_name":"The Woman in Blue","player_choice":"Bought 3 Potions","floor":37.0,"gold_loss":0.0,"damage_taken":0.0},{"cards_removed":["Parasite","animator:Curse_Rozen","animator:Curse_GriefSeed"],"damage_healed":0,"gold_gain":0,"player_choice":"Removed Curses","damage_taken":0,"max_hp_gain":0,"max_hp_loss":0,"event_name":"Fountain of Cleansing","floor":44,"gold_loss":0}],"is_beta":false,"boss_relics":[{"not_picked":["Philosopher\u0027s Stone","Ring of Chaos"],"picked":"Replay:Ancient Bell"},{"not_picked":["aspiration:HiddenCompartment","Dream Catcher"],"picked":"Runesmith:AutoHammer"},{"not_picked":["Replay:Ringing Soul","Replay:Bottled Eggs"],"picked":"Mummified Hand"},{"not_picked":["theMarked:SecretDocuments","Runesmith:Locket"],"picked":"Incense Burner"},{"not_picked":["Runic Dome","aspiration:FutureDiary"],"picked":"Fusion Hammer"}],"items_purged_floors":[5,14],"is_endless":false,"potions_floor_spawned":[1,3,10,16,21,23,31,45,46,48],"killed_by":"Replay:Hell Engine","ascension_level":0}}