{"host":"1eo5f82aifdzd7pr","time":1609606128,"event":{"mods":["AchievementEnabler","BaseMod","Colored Map","Colored Powertips","DeckTracker","Marisa????????","Minty Spire (QoL Compilation)","StSLib","SuperFastMode"],"gold_per_floor":[113,123,138,157,173,173,151,151,177,193,225,225,300,319,319,319,319],"floor_reached":16,"playtime":830,"items_purged":[],"score":249,"play_id":"24edc9fa-a147-46a3-82eb-86d73abcdd04","local_time":"20210102184848","is_ascension_mode":true,"campfire_choices":[{"data":"Eruption","floor":6,"key":"SMITH"},{"data":"Meditate","floor":8,"key":"SMITH"},{"data":"CutThroughFate","floor":12,"key":"SMITH"},{"floor":15,"key":"REST"}],"circlet_count":0,"master_deck":["AscendersBane","Strike_P","Strike_P","Strike_P","Strike_P","Defend_P","Defend_P","Defend_P","Defend_P","Eruption+1","Vigilance","CutThroughFate+1","Meditate+1","FlurryOfBlows","Tantrum"],"relics":["PureWater","Thread and Needle","Happy Flower","Smiling Mask"],"acts_visited":["Exordium"],"potions_floor_usage":[7,11],"damage_taken":[{"damage":0,"enemies":"Jaw Worm","floor":1,"turns":3},{"damage":4,"enemies":"Small Slimes","floor":2,"turns":3},{"damage":0,"enemies":"Cultist","floor":3,"turns":4},{"damage":0,"enemies":"2 Fungi Beasts","floor":4,"turns":3},{"damage":2,"enemies":"Red Slaver","floor":5,"turns":4},{"damage":4,"enemies":"Exordium Thugs","floor":7,"turns":5},{"damage":0,"enemies":"Exordium Wildlife","floor":10,"turns":2},{"damage":0,"enemies":"Gremlin Nob","floor":11,"turns":2},{"damage":0,"enemies":"2 Fungi Beasts","floor":14,"turns":4},{"damage":42,"enemies":"The Guardian","floor":16,"turns":9}],"seed_played":"-1218257256967343468","potions_obtained":[{"floor":2,"key":"Explosive Potion"},{"floor":3,"key":"PowerPotion"},{"floor":7,"key":"Fire Potion"}],"is_trial":false,"path_per_floor":["M","M","M","M","M","R","M","R","T","M","E","R","?","M","R","B"],"character_chosen":"WATCHER","items_purchased":[],"campfire_rested":1,"item_purchase_floors":[],"current_hp_per_floor":[43,39,39,39,37,37,33,33,33,33,33,33,22,22,42,0,0],"gold":319,"neow_bonus":"ONE_RARE_RELIC","is_daily":false,"chose_seed":false,"campfire_upgraded":3,"win_rate":0.0,"timestamp":1609606128,"path_taken":["M","M","M","M","M","R","M","R","T","M","E","R","?","M","R","BOSS"],"items_purchased_type":[],"build_version":"2020-12-22","purchased_purges":0,"victory":false,"max_hp_per_floor":[68,68,68,68,68,68,68,68,68,68,68,68,68,68,68,68,68],"card_choices":[{"not_picked":["BowlingBash","Halt","ClearTheMind"],"picked":"SKIP","floor":1},{"not_picked":["Vengeance","JustLucky","Prostrate"],"picked":"SKIP","floor":2},{"not_picked":["FlyingSleeves","JustLucky"],"picked":"CutThroughFate","floor":3},{"not_picked":["BowlingBash","FlyingSleeves","EmptyBody"],"picked":"SKIP","floor":4},{"not_picked":["Crescendo","ForeignInfluence","EmptyFist"],"picked":"SKIP","floor":5},{"not_picked":["Prostrate","Indignation"],"picked":"Meditate","floor":7},{"not_picked":["FlyingSleeves","Blasphemy","ClearTheMind"],"picked":"SKIP","floor":10},{"not_picked":["Indignation","JustLucky"],"picked":"FlurryOfBlows","floor":11},{"not_picked":["CrushJoints","ReachHeaven"],"picked":"Tantrum","floor":14}],"player_experience":750428,"relics_obtained":[{"floor":9,"key":"Happy Flower"},{"floor":11,"key":"Smiling Mask"}],"event_choices":[{"damage_healed":0,"gold_gain":75,"player_choice":"Gather Gold","damage_taken":11,"max_hp_gain":0,"max_hp_loss":0,"event_name":"World of Goop","floor":13,"gold_loss":0}],"is_beta":false,"boss_relics":[],"items_purged_floors":[],"is_endless":false,"potions_floor_spawned":[2,3,4,7],"killed_by":"The Guardian","ascension_level":18}}