{"host":"7hpq7e8rzvzbnf1s","time":1609571476,"event":{"mods":["Arknights The Spire","BaseMod","Minty Spire (QoL Compilation)","Quick Restart","StSLib","Waifu the Spire"],"gold_per_floor":[115,65,140,155,165,165,165,165,165,165,181,208,208,30,30,30,30],"floor_reached":16,"playtime":385,"items_purged":[],"score":98,"play_id":"7be4f01c-c30e-4e80-abdc-06bb4c4a6f87","local_time":"20210102151116","is_ascension_mode":false,"campfire_choices":[{"data":"ats:Emotion Absorption","floor":6,"key":"SMITH"},{"floor":8,"key":"RECALL"},{"data":"ats:Flexible Camouflage","floor":10,"key":"SMITH"},{"floor":15,"key":"REST"}],"circlet_count":0,"master_deck":["ats:Strike C","ats:Strike S","ats:Armor Crushing Shot","ats:Defend","ats:Defend","ats:Defend","ats:Emotion Absorption+1","ats:Flexible Camouflage+1","ats:Assault Order","ats:Hammer On","ats:Curse Doll","ats:Roar Of Ursus","ats:Ignite","Apotheosis"],"relics":["ats:Sanity","InkBottle","ats:Originium","Matryoshka"],"acts_visited":["Exordium"],"potions_floor_usage":[16,16],"damage_taken":[{"damage":2,"enemies":"Small Slimes","floor":1,"turns":4},{"damage":6,"enemies":"2 Louse","floor":4,"turns":3},{"damage":3,"enemies":"Jaw Worm","floor":5,"turns":4},{"damage":9,"enemies":"Exordium Thugs","floor":11,"turns":4},{"damage":30,"enemies":"Lagavulin","floor":12,"turns":7},{"damage":26,"enemies":"The Guardian","floor":16,"turns":5}],"seed_played":"-3097938254670625457","potions_obtained":[{"floor":1,"key":"Ancient Potion"},{"floor":4,"key":"SmokeBomb"},{"floor":5,"key":"CultistPotion"}],"is_trial":false,"path_per_floor":["M","?","?","M","M","R","?","R","T","R","M","E","?","$","R","B"],"character_chosen":"DOCTOR_CLASS","items_purchased":["Apotheosis"],"campfire_rested":1,"item_purchase_floors":[14],"current_hp_per_floor":[70,70,59,53,50,50,50,50,50,50,41,11,4,4,25,0,0],"gold":30,"neow_bonus":"TRANSFORM_CARD","is_daily":false,"chose_seed":false,"campfire_upgraded":2,"win_rate":0.0,"timestamp":1609571476,"path_taken":["M","?","?","M","M","R","?","R","T","R","M","E","?","?","R","BOSS"],"items_purchased_type":["Card"],"build_version":"2020-12-22","purchased_purges":0,"victory":false,"max_hp_per_floor":[72,72,72,72,72,72,72,72,72,72,72,72,72,72,72,72,72],"card_choices":[{"not_picked":["ats:Rapid Magazine","ats:Consecutive Shot Auto"],"picked":"ats:Assault Order","floor":1},{"not_picked":["ats:Spore Proliferation","ats:Apocalypse"],"picked":"ats:Hammer On","floor":4},{"not_picked":["ats:Poison Spread","ats:Explosion Area Strengthen"],"picked":"ats:Curse Doll","floor":5},{"not_picked":["ats:Cat Scratch","ats:Shell Defense"],"picked":"ats:Roar Of Ursus","floor":11},{"not_picked":["ats:Explosion Area Strengthen","ats:Rapid Magazine"],"picked":"ats:Ignite","floor":12}],"player_experience":187526,"relics_obtained":[{"floor":9,"key":"InkBottle"},{"floor":12,"key":"ats:Originium"},{"floor":12,"key":"Matryoshka"}],"event_choices":[{"cards_removed":["ats:Defend"],"damage_healed":0,"gold_gain":0,"player_choice":"Card Removal","damage_taken":0,"max_hp_gain":0,"max_hp_loss":0,"event_name":"The Cleric","floor":2,"gold_loss":50},{"damage_healed":0,"gold_gain":75,"player_choice":"Gather Gold","damage_taken":11,"max_hp_gain":0,"max_hp_loss":0,"event_name":"World of Goop","floor":3,"gold_loss":0},{"damage_healed":0,"gold_gain":0,"player_choice":"Ignored","damage_taken":0,"max_hp_gain":0,"max_hp_loss":0,"event_name":"Liars Game","floor":7,"gold_loss":0},{"cards_removed":["ats:Strike G"],"damage_healed":0,"gold_gain":0,"player_choice":"Card Removal","damage_taken":7,"max_hp_gain":0,"max_hp_loss":0,"event_name":"Golden Wing","floor":13,"gold_loss":0}],"is_beta":false,"boss_relics":[],"items_purged_floors":[],"is_endless":false,"potions_floor_spawned":[1,4,5],"killed_by":"The Guardian","ascension_level":0}}