{"host":"c59zqhrgluvxuu0k","time":1609575413,"event":{"mods":["BaseMod","Better Altar","Better Third Choice","BetterRewards","Colored Map","Colored Powertips","Curses Come First","Downfall","Duelist Mod","Friendly Minions","Hermit","Hubris","Minty Spire (QoL Compilation)","Replay The Spire","Shop Mod","Spicy Shops","StSLib","The Administrix","The Blackbeard","The Caster","The Cursed","The Death Knight","The Dragon Tamer","The Druid","The Jungle","The Marked","The Runesmith","The Wild Card","TheVacant"],"gold_per_floor":[113,113,130,146,146,180,197,197,197,197,214,234,234,260,260,364,364,374,151,162,16,16,44,56,56,56,56,79,92,92,92,92,92,92,194,194,213,263,263,275,290,290,318,318,369,385,385,385,411,411,411,411,411],"floor_reached":52,"playtime":6097,"items_purged":["Languid"],"score":663,"play_id":"3175daac-70e3-4df4-a19d-ed6367abbec4","local_time":"20210102011653","is_ascension_mode":false,"campfire_choices":[{"data":"caster:GlacialShield","floor":10,"key":"SMITH"},{"data":"caster:PhoenixFlare","floor":13,"key":"SMITH"},{"data":"caster:BookThrow","floor":15,"key":"SMITH"},{"data":"caster:LAZER","floor":25,"key":"SMITH"},{"floor":27,"key":"RECALL"},{"data":"RitualDagger","floor":34,"key":"SMITH"},{"data":"caster:Inferno","floor":42,"key":"SMITH"},{"floor":44,"key":"REST"},{"data":"caster:WallOfThorns","floor":51,"key":"SMITH"}],"circlet_count":0,"master_deck":["caster:Meteor","caster:DivertFocus","caster:strike","caster:strike","caster:strike","caster:strike","caster:defend","caster:defend","caster:defend","caster:defend","caster:defend","caster:Unearth","caster:BookThrow+1","caster:GlacialShield+1","caster:WallOfThorns+1","caster:PhoenixFlare+1","caster:Slick+1","caster:LAZER+1","caster:SpontaneousCombustion","caster:StormGust","caster:ShortenedChant+1","caster:MagicAttunement+1","caster:MagicBarrier","caster:DiamondDust+1","caster:WallOfMirrors+1","caster:FrostDriver+1","RitualDagger+1","caster:PhoenixFlare","caster:IcicleLance+1","caster:GlacialShield+1","caster:WallOfAsh+1","caster:Inferno+1","caster:FlashSpeed","caster:Demi+1","Pain","Madness","Madness","caster:ShivasGrace+1"],"relics":["caster:MagicBook","NeowsBlessing","hubris:Icosahedron","Ring of Fury","hubris:OldNail","Runesmith:Nanobots","SlaversCollar","hexamod:BolsterEngine","hubris:CuriousFeather","Replay:Rubber Ducky","hubris:TenFootPole","Strawberry","Honey Jar","hubris:GlazedTorus","Bottled Flame","Juzu Bracelet","WarpedTongs","Shuriken"],"acts_visited":["Exordium","TheCity","TheBeyond"],"potions_floor_usage":[6,12,18,24,35,41,41],"damage_taken":[{"damage":0,"enemies":"Cultist","floor":1,"turns":1},{"damage":0,"enemies":"Small Slimes","floor":3,"turns":2},{"damage":0,"enemies":"Jaw Worm","floor":4,"turns":1},{"damage":13,"enemies":"3 Sentries","floor":6,"turns":12},{"damage":0,"enemies":"Large Slime","floor":7,"turns":8},{"damage":2,"enemies":"Exordium Thugs","floor":11,"turns":6},{"damage":5,"enemies":"Lots of Slimes","floor":12,"turns":4},{"damage":0,"enemies":"Replay:BlueRogue","floor":14,"turns":4},{"damage":3,"enemies":"Fading Forest","floor":16,"turns":11},{"damage":7,"enemies":"Spheric Guardian","floor":18,"turns":4},{"damage":10,"enemies":"Chosen","floor":20,"turns":4},{"damage":3,"enemies":"theDuelist:KaibaA2","floor":23,"turns":3},{"damage":0,"enemies":"Centurion and Healer","floor":24,"turns":5},{"damage":7,"enemies":"3 Cultists","floor":29,"turns":5},{"damage":0,"enemies":"Collector","floor":35,"turns":9},{"damage":18,"enemies":"3 Darklings","floor":37,"turns":6},{"damage":0,"enemies":"Mind Bloom Boss Battle","floor":38,"turns":6},{"damage":0,"enemies":"Orb Walker","floor":40,"turns":4},{"damage":6,"enemies":"Sphere and 2 Shapes","floor":41,"turns":4},{"damage":28,"enemies":"Reptomancer","floor":43,"turns":8},{"damage":3,"enemies":"Maw","floor":46,"turns":9},{"damage":2,"enemies":"R_Hoarder","floor":49,"turns":7},{"damage":48,"enemies":"Time Eater","floor":52,"turns":4}],"seed_played":"398762182148406654","potions_obtained":[{"floor":1,"key":"GamblersBrew"},{"floor":6,"key":"BlessingOfTheForge"},{"floor":7,"key":"Block Potion"},{"floor":20,"key":"PowerPotion"},{"floor":23,"key":"sneckomod:MuddlingPotion"},{"floor":37,"key":"EssenceOfSteel"},{"floor":40,"key":"AttackPotion"}],"is_trial":false,"path_per_floor":["M","?","M","M","?","E","M","?","T","R","M","M","R","E","R","B",null,"M","$","M","$","?","E","M","R","T","R","T","M","PTL","PTL","?","?","R","B",null,"M","?","?","M","M","R","E","R","T","M","?","?","E","?","R","B"],"character_chosen":"THE_CASTER","items_purchased":["hexamod:BolsterEngine","caster:DiamondDust","hubris:CuriousFeather"],"campfire_rested":1,"item_purchase_floors":[19,21,21],"current_hp_per_floor":[64,64,64,64,64,52,53,53,53,53,52,47,47,48,48,46,64,57,57,49,49,30,29,30,30,30,30,37,31,31,31,28,28,28,30,71,54,55,55,56,51,51,23,44,44,42,42,38,38,38,38,0,0],"gold":411,"neow_bonus":"THREE_ENEMY_KILL","is_daily":false,"chose_seed":false,"campfire_upgraded":7,"win_rate":0.0,"timestamp":1609575413,"path_taken":["M","?","M","M","?","E","M","?","T","R","?","M","R","E","R","BOSS","M","$","M","$","?","E","M","R","T","R","?","?","PTL","PTL","?","?","R","BOSS","M","?","?","?","M","R","E","R","T","M","?","?","E","?","R","BOSS"],"items_purchased_type":["Relic","Card","Relic"],"build_version":"2020-12-22","purchased_purges":1,"victory":false,"max_hp_per_floor":[64,64,64,64,64,64,64,64,64,64,64,64,64,64,64,64,64,64,64,64,64,64,64,64,64,64,64,71,71,71,71,71,71,71,71,71,71,71,71,71,71,71,71,71,71,71,71,71,71,71,71,71,71],"card_choices":[{"not_picked":["caster:FrigidBeam","caster:LightningBolt"],"picked":"caster:Unearth","floor":1},{"not_picked":["caster:Enfeeble","caster:Incinerate"],"picked":"caster:BookThrow","floor":3},{"not_picked":["caster:FlashSpeed","caster:FrostDriver"],"picked":"caster:GlacialShield","floor":4},{"not_picked":["caster:FireWall","caster:AlternatingCurrent"],"picked":"caster:WallOfThorns","floor":6},{"not_picked":["caster:Conflagrate","caster:LightningBolt"],"picked":"caster:PhoenixFlare","floor":7},{"not_picked":["caster:Barbroot","caster:MagicBarrier"],"picked":"caster:LAZER","floor":11},{"not_picked":["caster:Fireball","caster:Discharge"],"picked":"caster:SpontaneousCombustion","floor":12},{"not_picked":["caster:FrigidBeam","caster:Surge"],"picked":"caster:StormGust","floor":14},{"not_picked":["caster:Explosion","caster:StormGust"],"picked":"caster:ShortenedChant","floor":16},{"not_picked":["caster:LightningBolt","caster:MagicBarrier"],"picked":"caster:MagicAttunement","floor":18},{"not_picked":["caster:MagicWeapon","caster:DiablosFlame"],"picked":"caster:MagicBarrier","floor":20},{"not_picked":["caster:BurnItDown","caster:MegaloSpark"],"picked":"caster:WallOfMirrors","floor":23},{"not_picked":["caster:FireWall+1","caster:Charge","caster:Accumulation"],"picked":"SKIP","floor":24},{"not_picked":["caster:FlashSpeed","caster:Fireball"],"picked":"caster:FrostDriver+1","floor":29},{"not_picked":["caster:Ifrit","caster:StormGust"],"picked":"caster:PhoenixFlare","floor":35},{"not_picked":["caster:FireWall+1","caster:Fireball+1","caster:FrostDriver+1"],"picked":"caster:IcicleLance+1","floor":37},{"not_picked":["caster:Elementalize","caster:MagicBarrier+1","caster:QuickCast"],"picked":"caster:GlacialShield+1","floor":38},{"not_picked":["caster:FrostDriver+1","caster:MagicBarrier+1","caster:FlashSpeed"],"picked":"caster:WallOfAsh+1","floor":40},{"not_picked":["caster:DiablosFlame+1","caster:WallOfRocks","caster:BurnItDown"],"picked":"caster:Inferno","floor":41},{"not_picked":["caster:JupitelThunder","caster:LightningBolt+1","caster:Fireball"],"picked":"caster:FlashSpeed","floor":43},{"not_picked":["caster:FrigidBeam","caster:IcicleLance+1","caster:LAZER"],"picked":"caster:Demi","floor":46},{"not_picked":["caster:Illusion+1","caster:EchoingVoice","caster:Inferno"],"picked":"caster:ShivasGrace+1","floor":49}],"player_experience":2218987,"relics_obtained":[{"floor":5,"key":"Ring of Fury"},{"floor":6,"key":"hubris:OldNail"},{"floor":14,"key":"Runesmith:Nanobots"},{"floor":23,"key":"Replay:Rubber Ducky"},{"floor":26,"key":"hubris:TenFootPole"},{"floor":28,"key":"Strawberry"},{"floor":38,"key":"hubris:GlazedTorus"},{"floor":43,"key":"Bottled Flame"},{"floor":45,"key":"Juzu Bracelet"},{"floor":49,"key":"Shuriken"}],"event_choices":[{"damage_healed":0,"gold_gain":0,"player_choice":"Dagger","damage_taken":6,"max_hp_gain":0,"max_hp_loss":0,"event_name":"betterThird:BetterNest","floor":32,"gold_loss":0,"cards_obtained":["RitualDagger"]},{"damage_healed":0,"gold_gain":0,"player_choice":"Ignored","damage_taken":0,"max_hp_gain":0,"max_hp_loss":0,"event_name":"Beggar","floor":33,"gold_loss":0},{"damage_healed":0,"gold_gain":0,"player_choice":"Fight","damage_taken":0,"max_hp_gain":0,"max_hp_loss":0,"event_name":"MindBloom","floor":38,"gold_loss":0},{"damage_healed":0,"gold_gain":0,"player_choice":"Upgraded","damage_taken":0,"max_hp_gain":0,"max_hp_loss":0,"event_name":"Upgrade Shrine","floor":39,"gold_loss":0,"cards_upgraded":["caster:WallOfMirrors"]},{"damage_healed":0,"gold_gain":0,"player_choice":"Rummage","damage_taken":0,"relics_obtained":["WarpedTongs"],"max_hp_gain":0,"max_hp_loss":0,"event_name":"Accursed Blacksmith","floor":47,"gold_loss":0,"cards_obtained":["Pain"]},{"damage_healed":0,"gold_gain":0,"player_choice":"Embrace Madness","damage_taken":9,"max_hp_gain":0,"max_hp_loss":0,"event_name":"Winding Halls","floor":48,"gold_loss":0,"cards_obtained":["Madness","Madness"]}],"is_beta":false,"boss_relics":[{"not_picked":["Pandora\u0027s Box","hubris:VirtuousBlindfold"],"picked":"SlaversCollar"},{"not_picked":["hubris:CrackedHourglass","Empty Cage"],"picked":"Honey Jar"}],"items_purged_floors":[19],"is_endless":false,"potions_floor_spawned":[1,6,7,20,23,37,40],"killed_by":"Time Eater","ascension_level":0}}