{"host":"uikxj58mzlixykyi","time":1609583211,"event":{"mods":["AchievementEnabler","BaseMod","BetterRewards","Colored Map","Colored Powertips","Downfall","Highlight Path","Minty Spire (QoL Compilation)","Rare Cards Sparkle","Replay The Spire","Shop Mod","StSLib"],"gold_per_floor":[99,113,113,124,169,169,249,249,264,264,277,296,296,312,324,420,420,420,438,455,455,98,98,177,177,6,21,36,24,24,34,48,150,150,243,254,129,145,195,195,243,269,305,329,329,371,371,395,427,449],"floor_reached":51,"playtime":2209,"items_purged":["Writhe","Spreading Infection","Spreading Infection"],"score":1036,"play_id":"0a58c874-bac2-4e55-aac4-841be1899236","local_time":"20210102122651","is_ascension_mode":true,"campfire_choices":[{"data":"Slimebound:CorrosiveSpit","floor":1.0,"key":"SMITH"},{"data":"Slimebound:ProtectTheBoss","floor":8.0,"key":"SMITH"},{"data":"Slimebound:Overexert","floor":18.0,"key":"SMITH"},{"data":"Slimebound:SplitSpecialist","floor":23.0,"key":"SMITH"},{"data":"Slimebound:SplitBruiser","floor":47,"key":"SMITH"}],"circlet_count":0,"master_deck":["Slimebound:Strike_Slimebound","Slimebound:Strike_Slimebound","Slimebound:Strike_Slimebound","Slimebound:Tackle","Slimebound:Defend_Slimebound","Slimebound:Defend_Slimebound","Slimebound:Defend_Slimebound","Slimebound:Defend_Slimebound","Slimebound:Split","Slimebound:CorrosiveSpit+1","Slimebound:SplitLeeching","Slimebound:SplitMire","Slimebound:ProtectTheBoss+1","Slimebound:Replication+1","Slimebound:SlimeTap","Slimebound:HauntingLick","Slimebound:Overexert+1","Slimebound:SplitSpecialist+1","Slimebound:LeechLife","Amnesia","Clumsy","Slimebound:OozeBath","Slimebound:HauntingLick+1","Slimebound:Overexert+1","Slimebound:Repurpose","Slimebound:SplitLeeching","Slimebound:SplitMire","Slimebound:SplitBruiser+1","Slimebound:SplitBruiser","Slimebound:LeadByExample+1","Slimebound:OneTwoCombo","Slimebound:SlimeSpikes+1","Slimebound:FormOfPuddle+1","Slimebound:ServeAndProtect+1","Slimebound:SplitBruiser+1","Slimebound:SplitMire+1","Slimebound:SlimeSpikes+1"],"relics":["Slimebound:AbsorbEndCombat","Lizard Tail","Ring of Hypnosis","ReplayTheSpireMod:Ring of Addiction","SacredBark","White Beast Statue","ReplayTheSpireMod:Shallot","Replay:Ancient Bell","PreservedInsect","Slimebound:MaxSlimesRelic","Slimebound:SlimedSkullRelic","DollysMirror","Gremlin Horn","Kunai","ClockworkSouvenir","Toy Ornithopter","Runic Dome","Pocketwatch","Replay:Bandana","InkBottle"],"acts_visited":["Exordium","TheCity","TheBeyond"],"potions_floor_usage":[50],"damage_taken":[{"damage":14.0,"enemies":"2 Louse","floor":2.0,"turns":3.0},{"damage":8.0,"enemies":"Small Slimes","floor":4.0,"turns":3.0},{"damage":12.0,"enemies":"Jaw Worm","floor":9.0,"turns":3.0},{"damage":15.0,"enemies":"Lots of Slimes","floor":11.0,"turns":1.0},{"damage":12.0,"enemies":"Blue Slaver","floor":12.0,"turns":4.0},{"damage":12.0,"enemies":"Exordium Wildlife","floor":14.0,"turns":3.0},{"damage":17.0,"enemies":"Gremlin Gang","floor":15.0,"turns":5.0},{"damage":77.0,"enemies":"downfall:Defect","floor":16.0,"turns":7.0},{"damage":27.0,"enemies":"Shell Parasite","floor":19.0,"turns":4.0},{"damage":20.0,"enemies":"Snake Plant","floor":20.0,"turns":4.0},{"damage":12.0,"enemies":"downfall:FleeingMerchant","floor":22.0,"turns":4.0},{"damage":24.0,"enemies":"downfall:FleeingMerchant","floor":26.0,"turns":4.0},{"damage":16.0,"enemies":"Chosen and Byrds","floor":27.0,"turns":2.0},{"damage":23.0,"enemies":"Cultist and Chosen","floor":28.0,"turns":4.0},{"damage":24.0,"enemies":"downfall:FleeingMerchant","floor":29.0,"turns":4.0},{"damage":20.0,"enemies":"Snake Plant","floor":31.0,"turns":2.0},{"damage":39.0,"enemies":"Centurion and Healer","floor":32.0,"turns":5.0},{"damage":44.0,"enemies":"downfall:Watcher","floor":33.0,"turns":5.0},{"damage":16.0,"enemies":"Orb Walker","floor":36.0,"turns":3.0},{"damage":22.0,"enemies":"3 Shapes","floor":38.0,"turns":3.0},{"damage":16.0,"enemies":"Mind Bloom Boss Battle","floor":39.0,"turns":3.0},{"damage":16.0,"enemies":"Spire Growth","floor":42.0,"turns":3.0},{"damage":31,"enemies":"Sphere and 2 Shapes","floor":43,"turns":3},{"damage":40,"enemies":"Jaw Worm Horde","floor":44,"turns":4},{"damage":28,"enemies":"Nemesis","floor":46,"turns":4},{"damage":20,"enemies":"4 Shapes","floor":48,"turns":3},{"damage":31,"enemies":"Maw","floor":49,"turns":4},{"damage":19,"enemies":"downfall:Ironclad","floor":50,"turns":5}],"seed_played":"8321761275742134598","potions_obtained":[{"floor":4.0,"key":"Cursed Concoction"},{"floor":5.0,"key":"SkillPotion"},{"floor":5.0,"key":"hexamod:EctoCoolerPotion"},{"floor":11.0,"key":"Elixir"},{"floor":14.0,"key":"Slimebound:SlimyTonguePotion"},{"floor":15.0,"key":"Elixir"},{"floor":16.0,"key":"Elixir"},{"floor":19.0,"key":"Languid Potion"},{"floor":20.0,"key":"EntropicBrew"},{"floor":22.0,"key":"Slimebound:SpawnSlimePotion"},{"floor":33.0,"key":"SkillPotion"},{"floor":39.0,"key":"Energy Potion"},{"floor":49,"key":"LifebloodPotion"}],"is_trial":false,"path_per_floor":["R","M","?","M","?","?","T","R","M","?","M","M","?","M","M","B",null,"R","M","M","?","$","R","T","T","$","M","M","$","?","M","M","B",null,"R_BF","M","$","M","?","?","T","M","M","M","?","E","R","M","M","B",null],"character_chosen":"SLIMEBOUND","items_purchased":["DollysMirror","Slimebound:Repurpose","Slimebound:SplitLeeching","ClockworkSouvenir","Toy Ornithopter","FairyPotion"],"campfire_rested":0,"item_purchase_floors":[22,22,22,26,29,29],"current_hp_per_floor":[54,48,48,56,41,41,41,41,53,58,43,59,59,63,63,20,52,52,62,63,63,63,63,61,61,61,59,59,59,57,49,50,29,50,50,52,52,55,55,55,55,55,48,53,53,49,49,47,51,49],"gold":449,"neow_bonus":"ONE_RARE_RELIC","is_daily":false,"chose_seed":false,"campfire_upgraded":5,"win_rate":0.0,"timestamp":1609583211,"path_taken":["R","M","?","M","?","?","T","R","M","?","M","?","?","M","M","BOSS","R","M","?","?","$","R","T","?","?","M","M","$","?","?","M","BOSS","R_BF","M","$","M","?","?","T","M","M","M","?","E","R","M","M","BOSS"],"items_purchased_type":["Relic","Card","Card","Relic","Relic","Potion"],"build_version":"2020-12-22","purchased_purges":3,"victory":true,"max_hp_per_floor":[60,60,60,60,60,60,60,60,60,63,63,63,63,63,63,63,63,63,63,63,63,63,63,61,61,61,59,59,59,57,57,57,57,57,57,57,55,55,55,55,55,55,55,53,53,53,51,51,51,49],"card_choices":[{"not_picked":["Slimebound:GrowthPunch","Slimebound:ViciousTackle"],"picked":"Slimebound:SplitLeeching","floor":2.0},{"not_picked":["Slimebound:ServeAndProtect","Slimebound:SlimeSpikes"],"picked":"Slimebound:SplitMire","floor":4.0},{"not_picked":["Slimebound:GoopSpray","Slimebound:RollThrough"],"picked":"Slimebound:ProtectTheBoss","floor":5.0},{"not_picked":["Slimebound:FinishingTackle","Slimebound:Schlurp"],"picked":"Slimebound:Replication","floor":9.0},{"not_picked":["Slimebound:LivingWall","Slimebound:Gluttony","Slimebound:ViciousTackle"],"picked":"SKIP","floor":11.0},{"not_picked":["Slimebound:FormOfPuddle","Slimebound:TongueLash"],"picked":"Slimebound:SlimeTap","floor":12.0},{"not_picked":["Slimebound:DouseInSlime","Slimebound:ServeAndProtect","Slimebound:LeechingTouch"],"picked":"SKIP","floor":14.0},{"not_picked":["Slimebound:Recollect","Slimebound:Replication"],"picked":"Slimebound:SplitSpecialist","floor":15.0},{"not_picked":["Slimebound:PrepareCrush","Slimebound:WasteNot"],"picked":"Slimebound:LeechLife","floor":16.0},{"not_picked":["AbeCurse","Hallucinations"],"picked":"Spreading Infection","floor":17.0},{"not_picked":["Looming Evil","AbeCurse"],"picked":"Amnesia","floor":17.0},{"not_picked":["sneckomod:Bewildered","Normality"],"picked":"Clumsy","floor":17.0},{"not_picked":["Slimebound:PressTheAttack","Slimebound:BestDefense+1","Slimebound:GrowthPunch"],"picked":"SKIP","floor":19.0},{"not_picked":["Slimebound:SamplingLick+1","Slimebound:DivideAndConquer"],"picked":"Slimebound:OozeBath","floor":20.0},{"not_picked":["Slimebound:ServeAndProtect+1","Slimebound:SlimeSlap"],"picked":"Slimebound:HauntingLick+1","floor":22.0},{"not_picked":["Slimebound:GrowthPunch+1","Slimebound:RainOfGoop","Slimebound:SlimeBrawl+1"],"picked":"SKIP","floor":26.0},{"not_picked":["Slimebound:Chomp","Slimebound:ServeAndProtect"],"picked":"Slimebound:SplitMire","floor":27.0},{"not_picked":["Slimebound:SplitMire","Slimebound:Repurpose"],"picked":"Slimebound:SplitBruiser+1","floor":28.0},{"not_picked":["Slimebound:GoopTackle","Slimebound:PrepareCrush","Slimebound:PressTheAttack"],"picked":"SKIP","floor":29.0},{"not_picked":["Slimebound:Prepare+1","Slimebound:ComboTackle"],"picked":"Slimebound:SplitBruiser","floor":31.0},{"not_picked":["Slimebound:ViciousTackle","Slimebound:Equalize"],"picked":"Slimebound:LeadByExample","floor":32.0},{"not_picked":["Slimebound:SlimeSlap","Slimebound:TagTeam"],"picked":"Slimebound:OneTwoCombo","floor":33.0},{"not_picked":["Slimebound:ItLooksTasty+1","Slimebound:FinishingTackle+1"],"picked":"Slimebound:SlimeSpikes+1","floor":36.0},{"not_picked":["Slimebound:LevelUp","Slimebound:SplitMire"],"picked":"Slimebound:FormOfPuddle+1","floor":38.0},{"not_picked":["Slimebound:LeechingTouch","Slimebound:PressTheAttack+1"],"picked":"Slimebound:ServeAndProtect+1","floor":39.0},{"not_picked":["Slimebound:SlimeSpikes","Slimebound:Recollect+1"],"picked":"Slimebound:SplitBruiser","floor":42.0},{"not_picked":["Slimebound:FinishingTackle","Slimebound:SlimeBarrage+1"],"picked":"Slimebound:SplitMire+1","floor":43},{"not_picked":["Slimebound:DisruptingSlam","Slimebound:Schlurp+1","Slimebound:Equalize+1"],"picked":"SKIP","floor":44},{"not_picked":["Slimebound:HungryTackle+1","Slimebound:Nibble+1","Slimebound:Equalize+1"],"picked":"SKIP","floor":46},{"not_picked":["Slimebound:LeechingTouch+1","Slimebound:ForwardTackle","Slimebound:SlimeSpikes"],"picked":"SKIP","floor":48},{"not_picked":["Slimebound:ComboTackle+1","Slimebound:ServeAndProtect"],"picked":"Slimebound:SlimeSpikes+1","floor":49}],"player_experience":90462,"relics_obtained":[{"floor":6.0,"key":"Ring of Hypnosis"},{"floor":6.0,"key":"ReplayTheSpireMod:Ring of Addiction"},{"floor":6.0,"key":"SacredBark"},{"floor":6.0,"key":"White Beast Statue"},{"floor":7.0,"key":"ReplayTheSpireMod:Shallot"},{"floor":24.0,"key":"Gremlin Horn"},{"floor":25.0,"key":"Kunai"},{"floor":39.0,"key":"Pocketwatch"},{"floor":41.0,"key":"Replay:Bandana"},{"floor":46,"key":"InkBottle"}],"event_choices":[{"damage_healed":0.0,"max_hp_gain":5.0,"max_hp_loss":0.0,"gold_gain":0.0,"event_name":"Big Fish","player_choice":"Donut","floor":10.0,"gold_loss":0.0,"damage_taken":0.0},{"damage_healed":0.0,"max_hp_gain":0.0,"max_hp_loss":0.0,"gold_gain":0.0,"event_name":"Vampires","player_choice":"Ignored","floor":21.0,"gold_loss":0.0,"damage_taken":0.0},{"damage_healed":0.0,"max_hp_gain":0.0,"max_hp_loss":0.0,"gold_gain":0.0,"event_name":"Upgrade Shrine","player_choice":"Upgraded","floor":30.0,"gold_loss":0.0,"damage_taken":0.0,"cards_upgraded":["Slimebound:Replication"]},{"damage_healed":0,"gold_gain":0,"player_choice":"Forge","damage_taken":0,"max_hp_gain":0,"max_hp_loss":0,"event_name":"Accursed Blacksmith","floor":45,"gold_loss":0,"cards_upgraded":["Slimebound:LeadByExample"]}],"is_beta":false,"boss_relics":[{"not_picked":["Empty Cage","Black Star"],"picked":"Replay:Ancient Bell"},{"not_picked":["Lantern","Ancient Tea Set"],"picked":"PreservedInsect"},{"not_picked":["Eternal Feather","Meat on the Bone"],"picked":"Slimebound:MaxSlimesRelic"},{"not_picked":["Torii","Bird Faced Urn"],"picked":"Slimebound:SlimedSkullRelic"},{"not_picked":["ReplayTheSpireMod:DimensionalGlitch","Replay:Grab Bag"],"picked":"Runic Dome"}],"items_purged_floors":[22,29,37],"is_endless":false,"potions_floor_spawned":[4,9,11,12,14,15,16,19,20,22,26,27,28,29,31,32,33,36,38,39,42,43,44,46,48,49],"ascension_level":7}}