{"host":"qj91dvco5uhu9oti","time":1609595178,"event":{"mods":["BaseMod","Colored Map","Hermit","Keyboard Shortcuts","Minty Spire (QoL Compilation)","Permanent Neow","Relic Stats","StSLib","SuperFastMode","everything is the same but u backflip on backflip"],"gold_per_floor":[11,11,11,35,58,98,123,123,146,146,146,146,171,190,190,310,373,388,388,402,416,32,32,32],"floor_reached":23,"playtime":570,"items_purged":["hermit:Defend_Hermit"],"score":243,"play_id":"7c084383-77f9-4f1c-a98b-b1006df287c8","local_time":"20210102224618","is_ascension_mode":false,"campfire_choices":[{"data":"1","floor":8,"key":"LIFT"},{"data":"2","floor":10,"key":"LIFT"},{"data":"3","floor":12,"key":"LIFT"},{"data":"hermit:CalledShot","floor":15,"key":"SMITH"}],"circlet_count":0,"master_deck":["hermit:Strike_Hermit","hermit:Strike_Hermit","hermit:Strike_Hermit","hermit:Defend_Hermit","hermit:Defend_Hermit","hermit:Snapshot","hermit:Covet","hermit:CalledShot+1","hermit:SprayPray","hermit:Ricochet+1","hermit:ItchyTrigger","hermit:CalledShot+1","hermit:ItchyTrigger+1","hermit:Reprieve","hermit:TrackingShot","hermit:Brawl","hermit:Shortfuse","hermit:Roughhouse","hermit:Combo+1","hermit:Enervate"],"relics":["hermit:Momento","Girya","Golden Idol","Happy Flower","Vajra","Tiny House","Whetstone","Cauldron"],"acts_visited":["Exordium","TheCity"],"potions_floor_usage":[6,20,21,23],"damage_taken":[{"damage":7,"enemies":"Jaw Worm","floor":1,"turns":4},{"damage":5,"enemies":"Small Slimes","floor":4,"turns":3},{"damage":0,"enemies":"2 Louse","floor":5,"turns":2},{"damage":27,"enemies":"Gremlin Nob","floor":6,"turns":4},{"damage":10,"enemies":"Looter","floor":7,"turns":2},{"damage":1,"enemies":"Exordium Thugs","floor":13,"turns":3},{"damage":0,"enemies":"Exordium Wildlife","floor":14,"turns":1},{"damage":0,"enemies":"Slime Boss","floor":16,"turns":6},{"damage":17,"enemies":"Shell Parasite","floor":18,"turns":3},{"damage":18,"enemies":"2 Thieves","floor":20,"turns":3},{"damage":29,"enemies":"Cultist and Chosen","floor":21,"turns":5},{"damage":23,"enemies":"Book of Stabbing","floor":23,"turns":2}],"seed_played":"7628048623770697901","potions_obtained":[{"floor":1,"key":"LiquidMemories"},{"floor":6,"key":"Explosive Potion"},{"floor":7,"key":"LiquidBronze"},{"floor":16,"key":"Block Potion"},{"floor":17,"key":"hermit:Eclipse"},{"floor":22,"key":"Regen Potion"},{"floor":22,"key":"FearPotion"}],"is_trial":false,"path_per_floor":["M","$","?","M","M","E","M","R","T","R","?","R","M","M","R","B",null,"M","?","M","M","$","E"],"character_chosen":"HERMIT","items_purchased":["Whetstone","Cauldron"],"campfire_rested":0,"item_purchase_floors":[22,22],"current_hp_per_floor":[68,68,68,63,63,36,26,26,26,26,49,49,48,48,48,48,74,57,57,39,10,10,0,0],"gold":32,"neow_bonus":"ONE_RARE_RELIC","is_daily":false,"chose_seed":false,"campfire_upgraded":1,"win_rate":0.0,"timestamp":1609595178,"path_taken":["M","$","?","M","M","E","M","R","T","R","?","R","M","M","R","BOSS","M","?","M","M","$","E"],"items_purchased_type":["Relic","Relic"],"build_version":"2020-12-22","purchased_purges":1,"victory":false,"max_hp_per_floor":[75,75,69,69,69,69,69,69,69,69,69,69,69,69,69,69,74,74,74,74,74,74,74,74],"relic_stats":{"Happy Flower":[8],"counters":[12,38],"Golden Idol":78,"Whetstone":["hermit:ItchyTrigger","hermit:CalledShot"],"obtain_stats":[{"Girya":0,"Cauldron":22,"Tiny House":17,"Happy Flower":6,"Golden Idol":3,"Vajra":9,"Whetstone":22,"hermit:Momento":0},{"Girya":0,"Cauldron":11,"Tiny House":8,"Happy Flower":4,"Golden Idol":1,"Vajra":5,"Whetstone":11,"hermit:Momento":0},{"Girya":0,"Cauldron":36,"Tiny House":25,"Happy Flower":13,"Golden Idol":4,"Vajra":15,"Whetstone":36,"hermit:Momento":0}]},"card_choices":[{"not_picked":["hermit:Shortfuse","hermit:Snipe"],"picked":"hermit:CalledShot","floor":1},{"not_picked":["hermit:BodyArmor","hermit:Dive"],"picked":"hermit:SprayPray","floor":4},{"not_picked":["hermit:Grudge","hermit:EyeOfTheStorm"],"picked":"hermit:Ricochet","floor":5},{"not_picked":["hermit:Determination","hermit:BigShot"],"picked":"hermit:ItchyTrigger","floor":6},{"not_picked":["hermit:TrackingShot","hermit:Roulette"],"picked":"hermit:CalledShot","floor":7},{"not_picked":["hermit:BodyArmor","hermit:GhostlyPresence"],"picked":"hermit:ItchyTrigger","floor":13},{"not_picked":["hermit:Adapt","hermit:Desperado","hermit:Feint"],"picked":"SKIP","floor":14},{"not_picked":["hermit:FatalDesire","hermit:EternalForm"],"picked":"hermit:Reprieve","floor":16},{"not_picked":["hermit:NoHoldsBarred","hermit:Roulette"],"picked":"hermit:TrackingShot","floor":17},{"not_picked":["hermit:LowProfile","hermit:TrackingShot"],"picked":"hermit:Brawl","floor":18},{"not_picked":["hermit:Horror","hermit:CursedWeapon"],"picked":"hermit:Combo+1","floor":20},{"not_picked":["hermit:SprayPray","hermit:Showdown"],"picked":"hermit:Enervate","floor":21}],"player_experience":330823,"relics_obtained":[{"floor":6,"key":"Happy Flower"},{"floor":9,"key":"Vajra"}],"event_choices":[{"damage_healed":0,"gold_gain":0,"player_choice":"Lose Max HP","damage_taken":0,"relics_obtained":["Golden Idol"],"max_hp_gain":0,"max_hp_loss":6,"event_name":"Golden Idol","floor":3,"gold_loss":0},{"damage_healed":23,"gold_gain":0,"player_choice":"Banana","damage_taken":0,"max_hp_gain":0,"max_hp_loss":0,"event_name":"Big Fish","floor":11,"gold_loss":0},{"damage_healed":0,"gold_gain":0,"cards_transformed":["hermit:Strike_Hermit","hermit:Defend_Hermit"],"player_choice":"Became Test Subject","damage_taken":0,"max_hp_gain":0,"max_hp_loss":0,"event_name":"Drug Dealer","floor":19,"gold_loss":0,"cards_obtained":["hermit:Shortfuse","hermit:Roughhouse"]}],"is_beta":false,"boss_relics":[{"not_picked":["Snecko Eye","Velvet Choker"],"picked":"Tiny House"}],"items_purged_floors":[22],"is_endless":false,"potions_floor_spawned":[1,6,7,16,18],"killed_by":"Book of Stabbing","ascension_level":0}}