{"host":"qbjg3mu4phs7gjh5","time":1609559858,"event":{"mods":["BaseMod","Googly Eyes","Hermit","Hubris","Minty Spire (QoL Compilation)","Replay The Spire","StSLib","The Bug Knight","The Cursed","The Disciple","The Jungle","The Necromancer","The Servant 0.9.4","The Vixen","slay the spire mod where everything is the same but ironclad has a cowboy hat"],"gold_per_floor":[113,113,113,133,153,153,163,190,190,136,165,184,219,235,235,333,333,347,120,120,120,120,120,120],"floor_reached":23,"playtime":1855,"items_purged":[],"score":259,"play_id":"bab8e8b4-663e-4e78-b50c-de08984074f8","local_time":"20210101225738","is_ascension_mode":false,"campfire_choices":[{"data":"hermit:GoldenBullet","floor":6,"key":"SMITH"},{"floor":15,"key":"REST"}],"circlet_count":0,"master_deck":["hermit:Strike_Hermit","hermit:Strike_Hermit","hermit:Strike_Hermit","hermit:Defend_Hermit","hermit:Defend_Hermit","hermit:Defend_Hermit","hermit:Defend_Hermit","hermit:Snapshot","hermit:Covet","hermit:TrackingShot","hermit:Quickdraw","hermit:Ricochet","hubris:DuctTapeCard","hermit:Malice","hermit:Shortfuse","hermit:RoundhouseKick","hermit:RoundhouseKick","hubris:Despair","Decay","Looming Evil","hermit:Quickdraw","hermit:ShadowCloak","Shame","hermit:FlashPowder"],"relics":["hermit:Momento","NeowsBlessing","Quantum Egg","Snack Pack","Mummified Hand","hubris:DuctTape","Ice Cream","Replay:Ancient Bell","Bronze Scales","Onion Ring","hubris:FunFungus","Pen Nib","theJungle:PaperFaux"],"acts_visited":["Exordium","Exordium"],"potions_floor_usage":[8,23,23,23],"damage_taken":[{"damage":0,"enemies":"Jaw Worm","floor":1,"turns":1},{"damage":0,"enemies":"Small Slimes","floor":4,"turns":2},{"damage":0,"enemies":"Cultist","floor":5,"turns":1},{"damage":9,"enemies":"2 Fungi Beasts","floor":7,"turns":3},{"damage":15,"enemies":"Lagavulin","floor":8,"turns":6},{"damage":21,"enemies":"3 Sentries","floor":11,"turns":8},{"damage":0,"enemies":"Exordium Wildlife","floor":12,"turns":2},{"damage":9,"enemies":"Replay:BlueRogue","floor":13,"turns":5},{"damage":0,"enemies":"Looter","floor":14,"turns":1},{"damage":0,"enemies":"Fading Forest","floor":16,"turns":11},{"damage":35,"enemies":"theJungle:GiantWrat","floor":18,"turns":5},{"damage":51,"enemies":"theJungle:2_Phrogs","floor":23,"turns":5}],"seed_played":"-9127032642602455188","potions_obtained":[{"floor":4,"key":"Languid Potion"},{"floor":7,"key":"BlessingOfTheForge"},{"floor":11,"key":"SkillPotion"},{"floor":14,"key":"PowerPotion"}],"is_trial":false,"path_per_floor":["M","?","?","M","M","R","M","E","T","$","E","M","E","M","R","B",null,"M","$","?","?","?","E"],"character_chosen":"HERMIT","items_purchased":["hermit:Ricochet","hermit:ShadowCloak","Pen Nib"],"campfire_rested":1,"item_purchase_floors":[10,19,19],"current_hp_per_floor":[75,72,72,72,72,72,63,48,48,48,31,33,24,26,48,75,75,48,48,48,48,48,0,0],"gold":120,"neow_bonus":"THREE_ENEMY_KILL","is_daily":false,"chose_seed":false,"campfire_upgraded":1,"win_rate":0.0,"timestamp":1609559858,"path_taken":["M","?","?","?","M","R","M","E","T","$","E","M","E","M","R","BOSS","M","$","?","?","?","E"],"items_purchased_type":["Card","Card","Relic"],"build_version":"2020-12-22","purchased_purges":0,"victory":false,"max_hp_per_floor":[75,75,75,75,75,75,75,75,75,75,75,75,75,75,75,75,75,75,75,75,75,75,75,75],"card_choices":[{"not_picked":["hermit:Desperado","hermit:CalledShot","hermit:Headshot"],"picked":"SKIP","floor":1},{"not_picked":["hermit:Snipe","hermit:Vantage"],"picked":"hermit:TrackingShot","floor":4},{"not_picked":["hermit:Roulette","hermit:Virtue"],"picked":"hermit:GoldenBullet","floor":5},{"not_picked":["hermit:Glare","hermit:WideOpen"],"picked":"hermit:RoundhouseKick","floor":7},{"not_picked":["hermit:Scavenge","hermit:Desperado"],"picked":"hermit:Quickdraw","floor":8},{"not_picked":["hermit:Desperado","hermit:Virtue"],"picked":"hermit:Malice","floor":11},{"not_picked":["hermit:Desperado","hermit:Misfire"],"picked":"hermit:Shortfuse","floor":12},{"not_picked":["hermit:Determination","hermit:Spite"],"picked":"hermit:RoundhouseKick","floor":13},{"not_picked":["hermit:LowProfile","hermit:ShadowCloak","hermit:Manifest"],"picked":"SKIP","floor":14},{"not_picked":["hermit:DeadOrAlive","hermit:FinalCanter"],"picked":"hermit:RoundhouseKick","floor":16},{"not_picked":["Doubt","Shame"],"picked":"hubris:Despair","floor":17},{"not_picked":["hubris:Disease","Normality"],"picked":"Decay","floor":17},{"not_picked":["ReplayTheSpireMod:Faulty Equipment","Overencumbered"],"picked":"Looming Evil","floor":17},{"not_picked":["hermit:Determination","hermit:Snipe+1"],"picked":"hermit:Quickdraw","floor":18}],"player_experience":766024,"relics_obtained":[{"floor":8,"key":"Snack Pack"},{"floor":9,"key":"Mummified Hand"},{"floor":11,"key":"hubris:DuctTape"},{"floor":13,"key":"Ice Cream"}],"event_choices":[{"damage_healed":0,"gold_gain":0,"player_choice":"Success","damage_taken":3,"relics_obtained":["Quantum Egg"],"max_hp_gain":0,"max_hp_loss":0,"event_name":"Scrap Ooze","floor":2,"gold_loss":0},{"cards_removed":["hermit:Strike_Hermit"],"damage_healed":0,"gold_gain":0,"player_choice":"Offered Basic","damage_taken":0,"max_hp_gain":0,"max_hp_loss":0,"event_name":"Bonfire Elementals","floor":3,"gold_loss":0}],"is_beta":false,"boss_relics":[{"not_picked":["hubris:VirtuousBlindfold","Runic Dome"],"picked":"Replay:Ancient Bell"},{"not_picked":["War Paint","Boot"],"picked":"Bronze Scales"},{"not_picked":["Pear","hermit:Spyglass"],"picked":"Onion Ring"},{"not_picked":["hubris:Potato","hubris:Spice"],"picked":"hubris:FunFungus"}],"items_purged_floors":[],"is_endless":false,"potions_floor_spawned":[4,7,11,14],"killed_by":"theJungle:2_Phrogs","ascension_level":0}}