{"host":"mruvby243fwgm3bp","time":1609581713,"event":{"mods":["AchievementEnabler","BaseMod","Colored Map","Colored Powertips","Minty Spire (QoL Compilation)","Permanent Neow","Random Character Button","StSLib"],"gold_per_floor":[109,119,44,44,44,44,79,79,106,122,122,142,160,160,160,288,288,313,313,313,329,229,229,229,229],"floor_reached":24,"playtime":813,"items_purged":["Strike_R","Writhe"],"score":277,"play_id":"cdc445c5-d8af-43a0-95c7-8aa8a18f4edd","local_time":"20210102020153","is_ascension_mode":true,"campfire_choices":[{"data":"Intimidate","floor":6,"key":"SMITH"},{"floor":8,"key":"REST"},{"data":"Infernal Blade","floor":11,"key":"SMITH"},{"data":"Infernal Blade","floor":15,"key":"SMITH"},{"data":"Bite","floor":23,"key":"SMITH"}],"circlet_count":0,"master_deck":["Defend_R","Defend_R","Defend_R","Bash","Limit Break","Evolve","Intimidate+1","Infernal Blade+1","Infernal Blade+1","Reaper","Exhume","Bite+1","Bite","Bite","Bite","Bite"],"relics":["Burning Blood","StoneCalendar","Kunai","Golden Idol","Busted Crown","TungstenRod"],"acts_visited":["Exordium","TheCity"],"potions_floor_usage":[18,18,24],"damage_taken":[{"damage":1,"enemies":"Cultist","floor":1,"turns":3},{"damage":10,"enemies":"Small Slimes","floor":2,"turns":4},{"damage":59,"enemies":"Gremlin Nob","floor":7,"turns":6},{"damage":18,"enemies":"Jaw Worm","floor":10,"turns":6},{"damage":10,"enemies":"2 Fungi Beasts","floor":12,"turns":4},{"damage":0,"enemies":"Exordium Wildlife","floor":13,"turns":3},{"damage":19,"enemies":"Slime Boss","floor":16,"turns":7},{"damage":25,"enemies":"Shell Parasite","floor":18,"turns":7},{"damage":26,"enemies":"Chosen","floor":21,"turns":5},{"damage":77,"enemies":"Book of Stabbing","floor":24,"turns":6}],"seed_played":"3555546893921992206","potions_obtained":[{"floor":7,"key":"GamblersBrew"},{"floor":10,"key":"Weak Potion"},{"floor":12,"key":"Weak Potion"},{"floor":16,"key":"Fruit Juice"},{"floor":21,"key":"Regen Potion"}],"is_trial":false,"path_per_floor":["M","M","$","?","?","R","E","R","T","M","R","M","M","?","R","B",null,"M","?","?","M","$","R","E"],"character_chosen":"IRONCLAD","items_purchased":[],"campfire_rested":1,"item_purchase_floors":[],"current_hp_per_floor":[77,73,73,61,61,61,8,32,32,20,20,16,22,22,22,9,58,50,50,50,48,48,48,0,0],"gold":229,"neow_bonus":"ONE_RANDOM_RARE_CARD","is_daily":false,"chose_seed":false,"campfire_upgraded":4,"win_rate":0.0,"timestamp":1609581713,"path_taken":["M","M","$","?","?","R","E","R","T","M","R","?","M","?","R","BOSS","M","?","?","M","?","R","E"],"items_purchased_type":[],"build_version":"2020-12-22","purchased_purges":2,"victory":false,"max_hp_per_floor":[80,80,80,80,80,80,80,80,80,80,80,80,80,74,74,74,74,79,55,55,55,55,55,55,55],"card_choices":[{"not_picked":["Pommel Strike","Entrench"],"picked":"Evolve","floor":1},{"not_picked":["Warcry","Iron Wave"],"picked":"Intimidate","floor":2},{"not_picked":["True Grit","Havoc"],"picked":"Infernal Blade","floor":7},{"not_picked":["Rupture","Havoc","Dual Wield"],"picked":"SKIP","floor":10},{"not_picked":["Flame Barrier","Body Slam"],"picked":"Infernal Blade","floor":12},{"not_picked":["Warcry","Rampage"],"picked":"Reaper","floor":13},{"not_picked":["Brutality","Feed"],"picked":"Exhume","floor":16},{"not_picked":["True Grit"],"picked":"SKIP","floor":18},{"not_picked":["Rampage"],"picked":"SKIP","floor":21}],"player_experience":363866,"relics_obtained":[{"floor":7,"key":"Kunai"}],"event_choices":[{"damage_healed":0,"gold_gain":0,"player_choice":"Success","damage_taken":12,"relics_obtained":["StoneCalendar"],"max_hp_gain":0,"max_hp_loss":0,"event_name":"Scrap Ooze","floor":4,"gold_loss":0},{"cards_removed":["Defend_R"],"damage_healed":0,"gold_gain":0,"player_choice":"Purged","damage_taken":0,"max_hp_gain":0,"max_hp_loss":0,"event_name":"Purifier","floor":5,"gold_loss":0},{"damage_healed":0,"gold_gain":0,"player_choice":"Lose Max HP","damage_taken":0,"relics_obtained":["Golden Idol"],"max_hp_gain":0,"max_hp_loss":6,"event_name":"Golden Idol","floor":14,"gold_loss":0},{"damage_healed":0,"gold_gain":0,"player_choice":"Became a vampire","damage_taken":0,"max_hp_gain":0,"max_hp_loss":24,"event_name":"Vampires","floor":19,"gold_loss":0,"cards_obtained":["Bite","Bite","Bite","Bite","Bite"]},{"damage_healed":0,"gold_gain":0,"player_choice":"Opened","damage_taken":0,"relics_obtained":["TungstenRod"],"max_hp_gain":0,"max_hp_loss":0,"event_name":"The Mausoleum","floor":20,"gold_loss":0,"cards_obtained":["Writhe"]}],"is_beta":false,"boss_relics":[{"not_picked":["Snecko Eye","Coffee Dripper"],"picked":"Busted Crown"}],"items_purged_floors":[3,22],"is_endless":false,"potions_floor_spawned":[7,10,12,16,21],"killed_by":"Book of Stabbing","ascension_level":6}}