{"host":"aewhn2fld106mlky","time":1609566862,"event":{"mods":["Act Like it!","BaseMod","Downfall","GungeonMod","Koishi","KomeijiMod","Minty Spire (QoL Compilation)","Quick Restart","Relic Stats","Spicy Shops","StSLib","The Jungle","The Mystic"],"gold_per_floor":[154,154,174,184,6,40,40,40,120,70,145,18,32,69,69,174,174,187,204,204,70,87,87,105,105,151,151,151,167,215,22,22,117,117,135,135,172,38,86,86,123,32,32,43,43,43,43,60,60,60],"floor_reached":51,"playtime":1698,"items_purged":["DemoMod:Strike_Huntress","Regret"],"score":749,"play_id":"91aa4e6f-0d9c-4434-bc22-5decee9d2fec","local_time":"20210102135422","is_ascension_mode":false,"campfire_choices":[{"data":"DemoMod:ChanceBullets","floor":8.0,"key":"SMITH"},{"data":"DemoMod:FullFirepower","floor":15.0,"key":"SMITH"},{"floor":23,"key":"REST"},{"data":"DemoMod:LifeOrb","floor":25,"key":"SMITH"},{"data":"DemoMod:SpreadAmmo","floor":27,"key":"SMITH"},{"floor":32,"key":"REST"},{"floor":40,"key":"REST"},{"data":"DemoMod:BalloonGun","floor":49,"key":"SMITH"}],"circlet_count":0,"master_deck":["DemoMod:Defend_Huntress","DemoMod:Defend_Huntress","DemoMod:Defend_Huntress","DemoMod:Roll","DemoMod:ManualReload","DemoMod:RustySidearm","DemoMod:CrossBow","DemoMod:LifeOrb+1","DemoMod:Elimentaler+1","DemoMod:ManualReload","DemoMod:ChanceBullets+1","DemoMod:AbyssalTentacle","DemoMod:CursedBullets","DemoMod:CursedBullets+1","DemoMod:FullFirepower+1","DemoMod:SpreadAmmo+1","DemoMod:DoubleSwitch","DemoMod:PotionOfGunFriendShip+1","DemoMod:BalloonGun+1","DemoMod:ChanceBullets+1","DemoMod:GunslingerForm+1","DemoMod:TableSutra+1","DemoMod:ChanceBullets+1","DemoMod:ChanceBullets+1","DemoMod:PotionOfGunFriendShip+1"],"relics":["DemoMod:Dog","NeowsBlessing","Membership Card","DemoMod:GnawedKey","Ancient Tea Set","Frozen Egg 2","DemoMod:RedGuonStone","White Beast Statue","Empty Cage","DemoMod:SerJunkan","DemoMod:Junk","DemoMod:Plus1Bullets","DemoMod:HoleyGrail","DemoMod:Test1","WingedGreaves","Blood Vial","DemoMod:ClearGuonStone","DemoMod:RatBoots"],"acts_visited":["Exordium","Exordium","TheBeyond"],"potions_floor_usage":[22,24,24,24,30,30,33,37,41,50,50,50,50],"damage_taken":[{"damage":0.0,"enemies":"Small Slimes","floor":1.0,"turns":1.0},{"damage":0.0,"enemies":"Cultist","floor":3.0,"turns":3.0},{"damage":0.0,"enemies":"Jaw Worm","floor":4.0,"turns":1.0},{"damage":16.0,"enemies":"Lagavulin","floor":6.0,"turns":5.0},{"damage":8.0,"enemies":"2 Fungi Beasts","floor":13.0,"turns":3.0},{"damage":1.0,"enemies":"3 Sentries","floor":14.0,"turns":6.0},{"damage":15.0,"enemies":"Slime Boss","floor":16.0,"turns":10.0},{"damage":20.0,"enemies":"Shell Parasite","floor":18.0,"turns":4.0},{"damage":23.0,"enemies":"theJungle:5_Spyders","floor":19.0,"turns":6.0},{"damage":15,"enemies":"Snake Plant","floor":22,"turns":3},{"damage":9,"enemies":"theJungle:JungleHuntersEncounter","floor":24,"turns":5},{"damage":0,"enemies":"theJungle:2_Flameangoes","floor":29,"turns":4},{"damage":11,"enemies":"theJungle:Cassacara","floor":30,"turns":5},{"damage":27,"enemies":"theJungle:TotemBoss","floor":33,"turns":5},{"damage":28,"enemies":"3 Darklings","floor":35,"turns":4},{"damage":0,"enemies":"3 Shapes","floor":37,"turns":4},{"damage":24,"enemies":"2 Orb Walkers","floor":39,"turns":3},{"damage":0,"enemies":"Giant Head","floor":41,"turns":5},{"damage":5,"enemies":"3 Shapes","floor":44,"turns":3},{"damage":0,"enemies":"Transient","floor":48,"turns":5},{"damage":19,"enemies":"Time Eater","floor":50,"turns":4}],"seed_played":"2414358177235587234","potions_obtained":[{"floor":1.0,"key":"BlessingOfTheForge"},{"floor":6.0,"key":"DemoMod:LeadSkinPotion"},{"floor":16.0,"key":"SteroidPotion"},{"floor":18.0,"key":"SteroidPotion"},{"floor":19.0,"key":"GamblersBrew"},{"floor":22,"key":"SteroidPotion"},{"floor":24,"key":"Weak Potion"},{"floor":29,"key":"SteroidPotion"},{"floor":30,"key":"Fire Potion"},{"floor":33,"key":"SteroidPotion"},{"floor":35,"key":"Weak Potion"},{"floor":37,"key":"Strength Potion"},{"floor":39,"key":"Regen Potion"},{"floor":41,"key":"DistilledChaos"}],"is_trial":false,"path_per_floor":["M","?","M","M","$","E","?","R","T","?","?","$","M","E","R","B",null,"M","M","?","$","M","R","M","R","T","R","?","M","E","$","R","B",null,"M","T","?","$","?","R","E","$","T","M","?","?","?","M","R","B",null],"character_chosen":"HUNTRESS","items_purchased":["Membership Card","DemoMod:GnawedKey","DemoMod:RedGuonStone","DemoMod:CursedBullets+1","DemoMod:SerJunkan","DistilledChaos","DemoMod:Plus1Bullets","DemoMod:HoleyGrail","DemoMod:ChanceBullets+1","Blood Vial","DemoMod:TableSutra+1","DemoMod:ClearGuonStone","DemoMod:ChanceBullets+1","DuplicationPotion"],"campfire_rested":3,"item_purchase_floors":[5,5,12,12,21,21,31,31,31,38,38,38,42,42],"current_hp_per_floor":[70,70,70,70,70,54,47,47,47,47,36,36,28,27,27,12,70,50,27,27,27,12,33,24,24,24,24,24,24,13,13,34,7,70,42,42,42,42,20,41,57,57,57,54,54,54,54,56,56,39],"gold":60,"neow_bonus":"THREE_ENEMY_KILL","is_daily":false,"chose_seed":false,"campfire_upgraded":5,"win_rate":0.0,"timestamp":1609566862,"path_taken":["M","?","?","M","$","E","?","R","T","?","?","$","M","E","R","BOSS","M","M","?","$","?","R","M","R","T","R","?","M","E","$","R","BOSS","M","?","?","$","?","R","E","$","T","M","?","?","?","M","R","BOSS"],"items_purchased_type":["Relic","Relic","Relic","Card","Relic","Potion","Relic","Relic","Card","Relic","Card","Relic","Card","Potion"],"build_version":"2020-12-22","purchased_purges":2,"victory":true,"max_hp_per_floor":[70,70,70,70,70,70,70,70,70,70,70,70,70,70,70,70,70,70,70,70,70,70,70,70,70,70,70,70,70,70,70,70,70,70,70,70,70,70,70,70,70,70,70,70,70,70,70,70,70,70],"relic_stats":{"Blood Vial":10,"counters":[21,87],"obtain_stats":[{"DemoMod:Junk":26,"DemoMod:Dog":0,"NeowsBlessing":0,"DemoMod:HoleyGrail":31,"DemoMod:Plus1Bullets":31,"DemoMod:GlassGuonStoneRelic":1,"DemoMod:RatBoots":39,"Frozen Egg 2":9,"Ancient Tea Set":6,"Empty Cage":17,"White Beast Statue":14,"DemoMod:Test1":34,"Blood Vial":38,"DemoMod:RedGuonStone":12,"DemoMod:SerJunkan":21,"WingedGreaves":37,"DemoMod:GnawedKey":5,"Membership Card":5,"DemoMod:ClearGuonStone":38},{"DemoMod:Junk":11,"DemoMod:Dog":0,"NeowsBlessing":0,"DemoMod:HoleyGrail":13,"DemoMod:Plus1Bullets":13,"DemoMod:GlassGuonStoneRelic":1,"DemoMod:RatBoots":17,"Frozen Egg 2":4,"Ancient Tea Set":4,"Empty Cage":7,"White Beast Statue":6,"DemoMod:Test1":14,"Blood Vial":16,"DemoMod:RedGuonStone":4,"DemoMod:SerJunkan":9,"WingedGreaves":16,"DemoMod:GnawedKey":3,"Membership Card":3,"DemoMod:ClearGuonStone":16},{"DemoMod:Junk":47,"DemoMod:Dog":0,"NeowsBlessing":0,"DemoMod:HoleyGrail":56,"DemoMod:Plus1Bullets":56,"DemoMod:GlassGuonStoneRelic":1,"DemoMod:RatBoots":71,"Frozen Egg 2":10,"Ancient Tea Set":10,"Empty Cage":29,"White Beast Statue":19,"DemoMod:Test1":60,"Blood Vial":68,"DemoMod:RedGuonStone":10,"DemoMod:SerJunkan":39,"WingedGreaves":68,"DemoMod:GnawedKey":5,"Membership Card":5,"DemoMod:ClearGuonStone":68}]},"card_choices":[{"not_picked":["DemoMod:DoubleSwitch","DemoMod:DirectionalPad"],"picked":"DemoMod:LifeOrb","floor":1.0},{"not_picked":["DemoMod:HighKaliber","DemoMod:BoxingGlove"],"picked":"DemoMod:ChanceBullets","floor":3.0},{"not_picked":["DemoMod:JK47","DemoMod:HighKaliber"],"picked":"DemoMod:AbyssalTentacle","floor":3.0},{"not_picked":["DemoMod:GunstockTap","DemoMod:MachoBrace","DemoMod:BoxingGlove"],"picked":"SKIP","floor":4.0},{"not_picked":["DemoMod:DoubleSwitch","DemoMod:JK47"],"picked":"DemoMod:CursedBullets","floor":6.0},{"not_picked":["DemoMod:SAA","DemoMod:AC15"],"picked":"DemoMod:FullFirepower","floor":13.0},{"not_picked":["DemoMod:DirectionalPad","DemoMod:SAA"],"picked":"DemoMod:SpreadAmmo","floor":14.0},{"not_picked":["DemoMod:ConditionalReflex","DemoMod:TeaPot"],"picked":"DemoMod:DoubleSwitch","floor":18.0},{"not_picked":["DemoMod:TripleGun","DemoMod:MegaHand","DemoMod:ZorGun"],"picked":"SKIP","floor":19.0},{"not_picked":["DemoMod:MegaHand","DemoMod:HungryBullets+1","DemoMod:AC15"],"picked":"SKIP","floor":22},{"not_picked":["DemoMod:CursedBullets+1","DemoMod:StickyCrossBow+1"],"picked":"DemoMod:PotionOfGunFriendShip+1","floor":24},{"not_picked":["DemoMod:LifeOrb","DemoMod:Unmoved+1","DemoMod:EasyReloadBullets+1"],"picked":"SKIP","floor":29},{"not_picked":["DemoMod:Polaris+1","DemoMod:BattleInHaste"],"picked":"DemoMod:BalloonGun","floor":30},{"not_picked":["DemoMod:DarkMarker","DemoMod:DoubleVision"],"picked":"DemoMod:GunslingerForm+1","floor":33},{"not_picked":["DemoMod:Purify","DemoMod:BoxingGlove","DemoMod:SAA+1"],"picked":"SKIP","floor":35},{"not_picked":["DemoMod:LifeOrb+1","DemoMod:SkilledReload+1","DemoMod:AbyssalTentacle"],"picked":"SKIP","floor":37},{"not_picked":["DemoMod:ConditionalReflex","DemoMod:FightSabre"],"picked":"DemoMod:ChanceBullets+1","floor":41},{"not_picked":["DemoMod:DirectionalPad","DemoMod:TeaPot","DemoMod:SAA"],"picked":"SKIP","floor":44},{"not_picked":["DemoMod:BoxingGlove+1","DemoMod:StickyCrossBow"],"picked":"DemoMod:PotionOfGunFriendShip+1","floor":48}],"player_experience":40826,"relics_obtained":[{"floor":6.0,"key":"Ancient Tea Set"},{"floor":9.0,"key":"Frozen Egg 2"},{"floor":14.0,"key":"White Beast Statue"},{"floor":26,"key":"DemoMod:Junk"},{"floor":30,"key":"DemoMod:Junk"},{"floor":36,"key":"DemoMod:Junk"},{"floor":37,"key":"WingedGreaves"},{"floor":39,"key":"DemoMod:RatBoots"},{"floor":41,"key":"DemoMod:Junk"},{"floor":43,"key":"DemoMod:Junk"}],"event_choices":[{"damage_healed":0.0,"max_hp_gain":0.0,"max_hp_loss":0.0,"gold_gain":0.0,"event_name":"Match and Keep!","player_choice":"2 cards matched","floor":2.0,"gold_loss":0.0,"damage_taken":0.0,"cards_obtained":["DemoMod:Elimentaler","DemoMod:ManualReload"]},{"cards_removed":["Doubt"],"damage_healed":0.0,"max_hp_gain":0.0,"max_hp_loss":0.0,"gold_gain":0.0,"event_name":"Golden Wing","player_choice":"Card Removal","floor":7.0,"gold_loss":0.0,"damage_taken":7.0},{"cards_removed":["DemoMod:Strike_Huntress"],"damage_healed":0.0,"max_hp_gain":0.0,"max_hp_loss":0.0,"gold_gain":0.0,"event_name":"The Cleric","player_choice":"Card Removal","floor":10.0,"gold_loss":50.0,"damage_taken":0.0},{"damage_healed":0.0,"max_hp_gain":0.0,"max_hp_loss":0.0,"gold_gain":75.0,"event_name":"World of Goop","player_choice":"Gather Gold","floor":11.0,"gold_loss":0.0,"damage_taken":11.0},{"damage_healed":0.0,"max_hp_gain":0.0,"max_hp_loss":0.0,"gold_gain":0.0,"event_name":"Upgrade Shrine","player_choice":"Upgraded","floor":20.0,"gold_loss":0.0,"damage_taken":0.0,"cards_upgraded":["DemoMod:Elimentaler"]},{"damage_healed":0,"gold_gain":0,"player_choice":"Bought 0 Potions","damage_taken":0,"max_hp_gain":0,"max_hp_loss":0,"event_name":"The Woman in Blue","floor":28,"gold_loss":0},{"damage_healed":0,"gold_gain":0,"player_choice":"Fight","damage_taken":0,"max_hp_gain":0,"max_hp_loss":0,"event_name":"Mysterious Sphere","floor":39,"gold_loss":0}],"is_beta":false,"boss_relics":[{"not_picked":["DemoMod:ElasticCartridgeClip","Philosopher\u0027s Stone"],"picked":"Empty Cage"},{"not_picked":["Runic Pyramid","Sozu"],"picked":"DemoMod:Test1"}],"items_purged_floors":[12,21],"is_endless":false,"potions_floor_spawned":[1,6,16,18,19,22,24,29,30,33,35,37,39,41,44,48],"ascension_level":0}}