{"host":"axuns55dzq466eei","time":1609600808,"event":{"mods":["BaseMod","Colored Map","Keyboard Shortcuts","Minty Spire (QoL Compilation)","StSLib","SuperFastMode"],"gold_per_floor":[114,114,114,39,54,85,99,99,99,128,128,28,47,62,62,133,133,151,164,164,39,39,64,64,83,135,135,45,55,55,73,73,73,73],"floor_reached":33,"playtime":690,"items_purged":["Defend_G","Strike_G","Strike_G"],"score":600,"play_id":"139eaa02-ac99-4e2c-872e-a902eb2e1bbe","local_time":"20210103002008","is_ascension_mode":true,"campfire_choices":[{"data":"Predator","floor":11.0,"key":"SMITH"},{"data":"Dagger Spray","floor":15.0,"key":"SMITH"},{"data":"Phantasmal Killer","floor":27.0,"key":"SMITH"},{"data":"Terror","floor":30,"key":"SMITH"},{"data":"Concentrate","floor":32,"key":"SMITH"}],"circlet_count":0,"master_deck":["AscendersBane","Strike_G","Strike_G","Defend_G","Defend_G","Defend_G","Survivor","Neutralize","Terror+1","Crippling Poison","Predator+1","Cloak And Dagger","Dagger Spray+1","Phantasmal Killer+1","Tactician+1","Escape Plan","All Out Attack","Concentrate+1"],"relics":["Ring of the Snake","NeowsBlessing","Paper Crane","Meat on the Bone","Bag of Marbles","Runic Pyramid","Nloth\u0027s Gift","Bag of Preparation"],"acts_visited":["Exordium","TheCity"],"potions_floor_usage":[],"damage_taken":[{"damage":0.0,"enemies":"Small Slimes","floor":1.0,"turns":1.0},{"damage":0.0,"enemies":"2 Louse","floor":5.0,"turns":1.0},{"damage":0.0,"enemies":"Lagavulin","floor":6.0,"turns":1.0},{"damage":2.0,"enemies":"Jaw Worm","floor":7.0,"turns":4.0},{"damage":4.0,"enemies":"Gremlin Nob","floor":10.0,"turns":3.0},{"damage":2.0,"enemies":"Looter","floor":13.0,"turns":3.0},{"damage":10.0,"enemies":"Exordium Thugs","floor":14.0,"turns":5.0},{"damage":20.0,"enemies":"Slime Boss","floor":16.0,"turns":9.0},{"damage":1.0,"enemies":"Spheric Guardian","floor":18.0,"turns":3.0},{"damage":0.0,"enemies":"3 Byrds","floor":19.0,"turns":4.0},{"damage":12.0,"enemies":"Book of Stabbing","floor":23.0,"turns":5.0},{"damage":13.0,"enemies":"Centurion and Healer","floor":25.0,"turns":4.0},{"damage":10,"enemies":"Shelled Parasite and Fungi","floor":29,"turns":5},{"damage":6,"enemies":"Snecko","floor":31,"turns":4},{"damage":46,"enemies":"Collector","floor":33,"turns":6}],"seed_played":"5385062775505481781","potions_obtained":[{"floor":1.0,"key":"Explosive Potion"},{"floor":6.0,"key":"Swift Potion"},{"floor":16.0,"key":"Energy Potion"},{"floor":23.0,"key":"Explosive Potion"},{"floor":25.0,"key":"Energy Potion"}],"is_trial":false,"path_per_floor":["M","?","?","$","M","E","M","?","T","E","R","$","M","M","R","B",null,"M","M","?","$","?","E","?","M","T","R","$","M","R","M","R","B"],"character_chosen":"THE_SILENT","items_purchased":["Concentrate"],"campfire_rested":0,"item_purchase_floors":[28],"current_hp_per_floor":[59,59,52,52,52,52,50,50,50,46,46,46,44,34,34,26,56,55,55,37,37,37,47,47,46,46,46,46,48,48,42,42,0,0],"gold":73,"neow_bonus":"THREE_ENEMY_KILL","is_daily":false,"chose_seed":false,"campfire_upgraded":5,"win_rate":0.0,"timestamp":1609600808,"path_taken":["M","?","?","$","M","E","M","?","T","E","R","$","M","?","R","BOSS","M","M","?","$","?","E","?","M","T","R","$","?","R","M","R","BOSS"],"items_purchased_type":["Card"],"build_version":"2020-12-22","purchased_purges":3,"victory":false,"max_hp_per_floor":[66,66,66,66,66,66,66,66,66,66,66,66,66,66,66,66,66,66,66,71,71,71,81,81,81,81,81,81,81,81,81,81,81,81],"card_choices":[{"not_picked":["Expertise","Prepared"],"picked":"Terror","floor":1.0},{"not_picked":["Flying Knee","Quick Slash","Poisoned Stab"],"picked":"SKIP","floor":5.0},{"not_picked":["PiercingWail","Deadly Poison"],"picked":"Crippling Poison","floor":6.0},{"not_picked":["All Out Attack","Outmaneuver"],"picked":"Predator","floor":7.0},{"not_picked":["Choke","PiercingWail"],"picked":"Cloak And Dagger","floor":10.0},{"not_picked":["Flying Knee","Deflect"],"picked":"Dagger Spray","floor":13.0},{"not_picked":["Calculated Gamble","PiercingWail","Envenom"],"picked":"SKIP","floor":14.0},{"not_picked":["Burst","Storm of Steel"],"picked":"Phantasmal Killer","floor":16.0},{"not_picked":["Poisoned Stab","Underhanded Strike"],"picked":"Tactician+1","floor":18.0},{"not_picked":["Cloak And Dagger","Distraction","Deadly Poison"],"picked":"SKIP","floor":19.0},{"not_picked":["Catalyst","Wraith Form v2"],"picked":"Escape Plan","floor":23.0},{"not_picked":["Quick Slash","Caltrops"],"picked":"All Out Attack","floor":25.0},{"not_picked":["Deadly Poison","Dagger Spray","Storm of Steel"],"picked":"SKIP","floor":29},{"not_picked":["Deadly Poison","Slice","Distraction"],"picked":"SKIP","floor":31}],"player_experience":1056926,"relics_obtained":[{"floor":6.0,"key":"Paper Crane"},{"floor":9.0,"key":"Meat on the Bone"},{"floor":10.0,"key":"Bag of Marbles"},{"floor":23.0,"key":"Pear"},{"floor":26.0,"key":"Bag of Preparation"}],"event_choices":[{"cards_removed":["Strike_G"],"damage_healed":0.0,"max_hp_gain":0.0,"max_hp_loss":0.0,"gold_gain":0.0,"event_name":"Living Wall","player_choice":"Forget","floor":2.0,"gold_loss":0.0,"damage_taken":0.0},{"cards_removed":["Defend_G"],"damage_healed":0.0,"max_hp_gain":0.0,"max_hp_loss":0.0,"gold_gain":0.0,"event_name":"Golden Wing","player_choice":"Card Removal","floor":3.0,"gold_loss":0.0,"damage_taken":7.0},{"damage_healed":0.0,"max_hp_gain":0.0,"max_hp_loss":0.0,"gold_gain":0.0,"event_name":"Golden Idol","player_choice":"Ignored","floor":8.0,"gold_loss":0.0,"damage_taken":0.0},{"damage_healed":0.0,"max_hp_gain":5.0,"max_hp_loss":0.0,"gold_gain":0.0,"event_name":"Forgotten Altar","player_choice":"Shed Blood","floor":20.0,"gold_loss":0.0,"damage_taken":23.0},{"damage_healed":0.0,"max_hp_gain":0.0,"max_hp_loss":0.0,"gold_gain":0.0,"event_name":"Vampires","player_choice":"Ignored","floor":22.0,"gold_loss":0.0,"damage_taken":0.0},{"damage_healed":0.0,"max_hp_gain":0.0,"max_hp_loss":0.0,"gold_gain":0.0,"event_name":"N\u0027loth","player_choice":"Traded Relic","floor":24.0,"relics_lost":["Pear"],"gold_loss":0.0,"damage_taken":0.0,"relics_obtained":["Nloth\u0027s Gift"]}],"is_beta":false,"boss_relics":[{"not_picked":["Runic Dome","Cursed Key"],"picked":"Runic Pyramid"}],"items_purged_floors":[4,12,21],"is_endless":false,"potions_floor_spawned":[1,6,16,23,25],"killed_by":"Collector","ascension_level":20}}