{"host":"4q8tqz186r0pap1a","time":1609562757,"event":{"mods":["ATMod(阿瑾Mod)","Act Like it!","Arknights The Spire","Ascension Reborn","BaseMod","Colored Powertips","Dota2Spire","Downfall","GungeonMod","Hallownest","Highlight Path","Hunter 猎人","Minty Spire (QoL Compilation)","Nova Terra(诺娃・泰拉)","Pale of the Ancients","Quick Restart","Relic Stats","Replay The Spire","Say the Spire","Shop Mod","Spicy Shops","StSLib","The Construct","TheWitcher","[IsaacMod]以撒尖塔","【功能Mod】混沌之环修复补丁","【功能Mod】聪明的最终Boss","【遗物卡牌】REMEMod","残留之物"],"gold_per_floor":[199,210,224,224,224,98536,98536,97206,97221,97279,97290,96264,96295,96369,96385,96485,96535,96385,96395,96406,96426,96446,95223,95301,95151,95184,95184,95204,95236,95247,95337,95348,95446,95546,95471,95488,94143,94138,94129,94129,94129,94129,94129,94129,92768,92786,92786,92786,92805,92745,92745,92755,91216,91216,91048],"floor_reached":56,"playtime":4937,"items_purged":["Languid","Normality","Decay","PlaceholderMod:PoisonWhip","PlaceholderMod:AngryAttack","PlaceholderMod:Break","PlaceholderMod:Stratification","PlaceholderMod:BaseStrike","PlaceholderMod:BaseDefend"],"score":1564,"play_id":"64375e77-fdf9-4c22-b52b-4081f139b5f9","local_time":"20210102124557","is_ascension_mode":true,"campfire_choices":[{"floor":1,"key":"RECALL"},{"data":"PlaceholderMod:Activation","floor":18,"key":"SMITH"},{"data":"AT_KingSlayer","floor":35,"key":"SMITH"},{"data":"PlaceholderMod:QualitativeChange","floor":40,"key":"SMITH"},{"data":"PlaceholderMod:QualitativeChange","floor":42,"key":"SMITH"},{"data":"PlaceholderMod:Inner","floor":44,"key":"SMITH"},{"data":"PlaceholderMod:Corrosion","floor":47,"key":"SMITH"},{"data":"SnafuTest:PowerEquilibrium","floor":54,"key":"SMITH"}],"circlet_count":0,"master_deck":["PlaceholderMod:BaseStrike","PlaceholderMod:BaseStrike","PlaceholderMod:BaseStrike","PlaceholderMod:BaseStrike","PlaceholderMod:BaseDefend","PlaceholderMod:BaseDefend","PlaceholderMod:BaseDefend","PlaceholderMod:BaseDefend","PlaceholderMod:Crystal","AT_KingSlayer+1","SnafuTest:PowerEquilibrium+1","PlaceholderMod:FastReaction","PlaceholderMod:PoisonBlast","PlaceholderMod:SelfCoupling+1","PlaceholderMod:PoisonBlast","PlaceholderMod:HealingAttack","PlaceholderMod:EnergyAbsorb","PlaceholderMod:Turn","PlaceholderMod:StressReaction","PlaceholderMod:StressReaction","Replay:SS_hec_2","PlaceholderMod:HighConcentration","PlaceholderMod:HornyCollision+1","PlaceholderMod:Stable","PlaceholderMod:Assimilation","PlaceholderMod:Corrosion+1","PlaceholderMod:Activation+1","PlaceholderMod:ComplexForm+1","PlaceholderMod:ComplexForm","PlaceholderMod:QualitativeChange+1","PlaceholderMod:QualitativeChange+1","PlaceholderMod:EvolutionSpray+1","Ghostly","PlaceholderMod:PericyclicReaction","PlaceholderMod:ReactionCatalyze","PlaceholderMod:NearChange","PlaceholderMod:BlastSpray","PlaceholderMod:Inner+1","PlaceholderMod:StressReaction+1","expansioncontent:LastStand","expansioncontent:Sear","Replay:SS_forest_6","Pot Of Greed+1","Pot Of Greed+1","Pot Of Greed+1","Pot Of Greed+1","expansioncontent:QuickStudy+1","ReplayTheSpireMod:Brewmster","Pot Of Greed+1"],"relics":["PlaceholderMod:Tancle","AT_ATBox","HushsDoor","REME_ComplimentaryCards","GuppysTail","Replay:PocketPolymizer","Ring of Fury","ReplayTheSpireMod:Ring of Addiction","SacredBark","Toy Ornithopter","DemoMod:GundromedaStrain","Blue Doll","Medical Kit","Vajra","Bag of Marbles","MerchantsRug","Orichalcum","Simple Rune","Lee\u0027s Waffle","InkBottle","Ancient Tea Set","HandDrill","ClockworkSouvenir","Happy Flower","Thread and Needle","Shuriken","Replay:Bottled Steam","TuHaoJin","DeadEye","Tiny House","downfall:HeartBlessingRed","downfall:HeartBlessingBlue","DemoMod:GlassGuonStoneRelic","Bird Faced Urn","Dota2Spire:Satanic","Guide Book","BookOfRevelations","DemoMod:PartiallyEatenCheese","Sling","SnafuTest:CatRelic","Dota2Spire:EchoSabre","FossilizedHelix","Blood Vial","Replay:Wanted Poster","Damocles","downfall:HeartBlessingGreen","Dota2Spire:ShadowBlade","Strawberry","Dota2Spire:CrimsonGuard","Frozen Eye","DemoMod:MemoryAlloy","Pet Ghost","REME_OnlineShoppingPlatform","AT_SunfireAegis","Toxic Egg 2","Lizard Tail","DemoMod:WeirdEgg","Nunchaku","BargainBundle","Grinning Jar","PreservedInsect","OrangePellets","Onion Ring","Dota2Spire:DivineRapier","DemoMod:BlueGuonStone","Replay:Bandana","REME_HandOfSuture","AT_ArchangelStaff","Replay:Accelerometer","Toolbox","Anchor","DemoMod:WhiteGuonStone"],"acts_visited":["Exordium","TheCity","TheBeyond","TheEnding"],"potions_floor_usage":[6,9,12,15,29,32,32,38,39,50,50,50,52,55,55,55,55,55,55,55,55,55],"damage_taken":[{"damage":1,"enemies":"Cultist","floor":2,"turns":3},{"damage":3,"enemies":"Jaw Worm","floor":3,"turns":5},{"damage":0,"enemies":"downfall:FleeingMerchant","floor":6,"turns":4},{"damage":0,"enemies":"downfall:FleeingMerchant","floor":8,"turns":4},{"damage":1,"enemies":"Small Slimes","floor":9,"turns":2},{"damage":0,"enemies":"Large Slime","floor":11,"turns":5},{"damage":0,"enemies":"downfall:FleeingMerchant","floor":12,"turns":4},{"damage":0,"enemies":"Lagavulin","floor":13,"turns":3},{"damage":0,"enemies":"Red Slaver","floor":15,"turns":5},{"damage":0,"enemies":"downfall:Defect","floor":16,"turns":3},{"damage":6,"enemies":"3 Byrds","floor":19,"turns":5},{"damage":0,"enemies":"Spheric Guardian","floor":20,"turns":4},{"damage":0,"enemies":"Snecko","floor":21,"turns":3},{"damage":0,"enemies":"3 Cultists","floor":22,"turns":5},{"damage":0,"enemies":"downfall:FleeingMerchant","floor":23,"turns":1},{"damage":0,"enemies":"REME_1_Revenger","floor":26,"turns":1},{"damage":0,"enemies":"Snake Plant","floor":28,"turns":1},{"damage":0,"enemies":"Book of Stabbing","floor":29,"turns":1},{"damage":0,"enemies":"Centurion and Healer","floor":30,"turns":4},{"damage":0,"enemies":"Chosen and Byrds","floor":32,"turns":4},{"damage":0,"enemies":"downfall:Silent","floor":33,"turns":1},{"damage":0,"enemies":"3 Darklings","floor":36,"turns":1},{"damage":0,"enemies":"Orb Walker","floor":38,"turns":1},{"damage":0,"enemies":"Transient","floor":39,"turns":3},{"damage":0,"enemies":"3 Darklings","floor":46,"turns":2},{"damage":0,"enemies":"4 Shapes","floor":49,"turns":2},{"damage":0,"enemies":"downfall:Ironclad","floor":50,"turns":2},{"damage":0,"enemies":"downfall:CharBossMerchant","floor":52,"turns":1},{"damage":0,"enemies":"downfall:NeowBoss","floor":55,"turns":11}],"seed_played":"6464692605254161457","potions_obtained":[{"floor":3,"key":"Dexterity Potion"},{"floor":5,"key":"LiquidMemories"},{"floor":5,"key":"Dexterity Potion"},{"floor":9,"key":"DemoMod:LeadSkinPotion"},{"floor":16,"key":"SpeedPotion"},{"floor":17,"key":"Venom Potion"},{"floor":32,"key":"AttackPotion"},{"floor":33,"key":"Milkshake"},{"floor":36,"key":"Explosive Potion"}],"is_trial":false,"path_per_floor":["R","M","M","?","?","$","T","$","M","?","M","$","E","T","M","B",null,"R","M","M","M","M","$","T","?","E","?","M","E","M","?","M","B",null,"R","M","$","M","M","R","T","R","?","R","$","M","R","T","M","B",null,"E","$","R","B",null],"character_chosen":"THE_PLACEHOLDER","items_purchased":["DemoMod:GundromedaStrain","Blue Doll","Medical Kit","Vajra","Bag of Marbles","PlaceholderMod:PoisonBlast","PlaceholderMod:HealingAttack","PlaceholderMod:EnergyAbsorb","MerchantsRug","Orichalcum","Simple Rune","Lee\u0027s Waffle","InkBottle","Ancient Tea Set","HandDrill","PlaceholderMod:StressReaction","PlaceholderMod:Break","Replay:SS_hec_2","LiquidBronze","ClockworkSouvenir","Happy Flower","Thread and Needle","Shuriken","Replay:Bottled Steam","PlaceholderMod:Stable","PlaceholderMod:Activation","Bird Faced Urn","Dota2Spire:Satanic","Guide Book","BookOfRevelations","DemoMod:PartiallyEatenCheese","Sling","PlaceholderMod:QualitativeChange","PlaceholderMod:EvolutionSpray+1","Damocles","PlaceholderMod:Inner","Strawberry","Dota2Spire:CrimsonGuard","Frozen Eye","DemoMod:MemoryAlloy","Pet Ghost","REME_OnlineShoppingPlatform","DemoMod:WeirdEgg","Nunchaku","BargainBundle","Grinning Jar","PreservedInsect","OrangePellets","expansioncontent:QuickStudy+1","AT_ArchangelStaff","Replay:Accelerometer","Toolbox","Anchor","DemoMod:WhiteGuonStone","ReplayTheSpireMod:Brewmster"],"campfire_rested":0,"item_purchase_floors":[6,6,6,6,6,6,6,6,6,8,8,8,8,8,8,8,8,8,8,12,12,12,12,12,12,17,23,23,23,23,23,23,23,23,34,34,37,37,37,37,37,37,45,45,45,45,45,45,45,53,53,53,53,53,53],"current_hp_per_floor":[78,77,74,67,67,72,72,85,85,70,80,85,85,85,85,85,86,96,94,94,94,96,96,96,94,94,94,92,92,92,77,96,96,82,82,80,87,87,87,87,87,87,75,75,75,83,83,83,81,81,81,81,81,81,81],"gold":91048,"neow_bonus":"HUNDRED_GOLD","is_daily":false,"chose_seed":false,"campfire_upgraded":7,"win_rate":0.0,"timestamp":1609562757,"path_taken":["R","M","?","?","?","$","T","$","M","?","?","$","E","?","M","BOSS","R","M","M","M","?","$","T","?","E","?","M","E","M","?","M","BOSS","R","M","$","M","M","R","T","R","?","R","$","M","R","?","M","BOSS","E","$","R","BOSS"],"items_purchased_type":["Relic","Relic","Relic","Relic","Relic","Card","Card","Card","Relic","Relic","Relic","Relic","Relic","Relic","Relic","Card","Card","Card","Potion","Relic","Relic","Relic","Relic","Relic","Card","Card","Relic","Relic","Relic","Relic","Relic","Relic","Card","Card","Relic","Card","Relic","Relic","Relic","Relic","Relic","Relic","Relic","Relic","Relic","Relic","Relic","Relic","Card","Relic","Relic","Relic","Relic","Relic","Card"],"build_version":"2020-12-22","purchased_purges":9,"victory":true,"max_hp_per_floor":[78,78,78,78,78,78,78,85,85,85,85,85,85,85,85,85,86,96,94,94,94,96,96,96,94,94,94,92,92,92,92,96,96,82,82,80,87,87,87,87,87,87,85,85,85,83,83,83,81,81,81,81,81,81,81],"relic_stats":{"Lee\u0027s Waffle":7,"Happy Flower":[21],"counters":[29,91],"PreservedInsect":0,"Orichalcum":[168],"Medical Kit":[0],"Blood Vial":4,"OrangePellets":[19],"Lizard Tail":0,"Nunchaku":[3],"Shuriken":[9],"Bird Faced Urn":[9],"HandDrill":[20],"obtain_stats":[{"Damocles":34,"Replay:Accelerometer":53,"DemoMod:BlueGuonStone":49,"AT_ATBox":0,"Tiny House":17,"Vajra":6,"downfall:HeartBlessingGreen":35,"DemoMod:GlassGuonStoneRelic":19,"Dota2Spire:ShadowBlade":36,"DeadEye":14,"Sling":23,"AT_ArchangelStaff":53,"Blood Vial":29,"Replay:Wanted Poster":34,"Dota2Spire:Satanic":23,"Lizard Tail":41,"Dota2Spire:CrimsonGuard":37,"Strawberry":37,"TuHaoJin":13,"Dota2Spire:DivineRapier":48,"HandDrill":8,"Toxic Egg 2":39,"REME_OnlineShoppingPlatform":37,"Replay:Bottled Steam":12,"KeepersGift":0,"MerchantsRug":6,"Happy Flower":12,"ReplayTheSpireMod:Ring of Addiction":5,"BookOfRevelations":23,"OrangePellets":45,"DemoMod:GundromedaStrain":6,"Shuriken":12,"Bird Faced Urn":23,"Simple Rune":8,"Onion Ring":46,"Grinning Jar":45,"HushsDoor":0,"PlaceholderMod:Tancle":0,"GuppysTail":0,"Dota2Spire:EchoSabre":26,"Replay:PocketPolymizer":4,"SacredBark":5,"Blue Doll":6,"DemoMod:WhiteGuonStone":53,"Ancient Tea Set":8,"Pet Ghost":37,"ClockworkSouvenir":12,"Frozen Eye":37,"Nunchaku":45,"Replay:Bandana":52,"downfall:HeartBlessingBlue":18,"Toolbox":53,"InkBottle":8,"Lee\u0027s Waffle":8,"BargainBundle":45,"downfall:HeartBlessingRed":18,"DemoMod:MemoryAlloy":37,"Guide Book":23,"DemoMod:WeirdEgg":45,"Thread and Needle":12,"DemoMod:PartiallyEatenCheese":23,"PreservedInsect":45,"Orichalcum":8,"Medical Kit":6,"SnafuTest:CatRelic":24,"Anchor":53,"Ring of Fury":5,"REME_HandOfSuture":52,"Bag of Marbles":6,"AT_SunfireAegis":38,"Toy Ornithopter":5,"FossilizedHelix":27,"REME_ComplimentaryCards":0},{"Damocles":21,"Replay:Accelerometer":28,"DemoMod:BlueGuonStone":26,"AT_ATBox":0,"Tiny House":10,"Vajra":3,"downfall:HeartBlessingGreen":21,"DemoMod:GlassGuonStoneRelic":11,"Dota2Spire:ShadowBlade":22,"DeadEye":8,"Sling":15,"AT_ArchangelStaff":28,"Blood Vial":18,"Replay:Wanted Poster":21,"Dota2Spire:Satanic":15,"Lizard Tail":24,"Dota2Spire:CrimsonGuard":22,"Strawberry":22,"TuHaoJin":8,"Dota2Spire:DivineRapier":25,"HandDrill":4,"Toxic Egg 2":24,"REME_OnlineShoppingPlatform":22,"Replay:Bottled Steam":7,"KeepersGift":0,"MerchantsRug":3,"Happy Flower":7,"ReplayTheSpireMod:Ring of Addiction":2,"BookOfRevelations":15,"OrangePellets":24,"DemoMod:GundromedaStrain":3,"Shuriken":7,"Bird Faced Urn":15,"Simple Rune":4,"Onion Ring":25,"Grinning Jar":24,"HushsDoor":0,"PlaceholderMod:Tancle":0,"GuppysTail":0,"Dota2Spire:EchoSabre":16,"Replay:PocketPolymizer":2,"SacredBark":2,"Blue Doll":3,"DemoMod:WhiteGuonStone":28,"Ancient Tea Set":4,"Pet Ghost":22,"ClockworkSouvenir":7,"Frozen Eye":22,"Nunchaku":24,"Replay:Bandana":28,"downfall:HeartBlessingBlue":10,"Toolbox":28,"InkBottle":4,"Lee\u0027s Waffle":4,"BargainBundle":24,"downfall:HeartBlessingRed":10,"DemoMod:MemoryAlloy":22,"Guide Book":15,"DemoMod:WeirdEgg":24,"Thread and Needle":7,"DemoMod:PartiallyEatenCheese":15,"PreservedInsect":24,"Orichalcum":4,"Medical Kit":3,"SnafuTest:CatRelic":15,"Anchor":28,"Ring of Fury":2,"REME_HandOfSuture":28,"Bag of Marbles":3,"AT_SunfireAegis":23,"Toy Ornithopter":2,"FossilizedHelix":16,"REME_ComplimentaryCards":0},{"Damocles":68,"Replay:Accelerometer":80,"DemoMod:BlueGuonStone":77,"AT_ATBox":0,"Tiny House":38,"Vajra":12,"downfall:HeartBlessingGreen":68,"DemoMod:GlassGuonStoneRelic":43,"Dota2Spire:ShadowBlade":69,"DeadEye":30,"Sling":56,"AT_ArchangelStaff":80,"Blood Vial":59,"Replay:Wanted Poster":68,"Dota2Spire:Satanic":56,"Lizard Tail":73,"Dota2Spire:CrimsonGuard":69,"Strawberry":69,"TuHaoJin":30,"Dota2Spire:DivineRapier":75,"HandDrill":16,"Toxic Egg 2":73,"REME_OnlineShoppingPlatform":69,"Replay:Bottled Steam":27,"KeepersGift":0,"MerchantsRug":12,"Happy Flower":27,"ReplayTheSpireMod:Ring of Addiction":8,"BookOfRevelations":56,"OrangePellets":73,"DemoMod:GundromedaStrain":12,"Shuriken":27,"Bird Faced Urn":56,"Simple Rune":16,"Onion Ring":75,"Grinning Jar":73,"HushsDoor":0,"PlaceholderMod:Tancle":0,"GuppysTail":0,"Dota2Spire:EchoSabre":57,"Replay:PocketPolymizer":8,"SacredBark":8,"Blue Doll":12,"DemoMod:WhiteGuonStone":80,"Ancient Tea Set":16,"Pet Ghost":69,"ClockworkSouvenir":27,"Frozen Eye":69,"Nunchaku":73,"Replay:Bandana":80,"downfall:HeartBlessingBlue":38,"Toolbox":80,"InkBottle":16,"Lee\u0027s Waffle":16,"BargainBundle":73,"downfall:HeartBlessingRed":38,"DemoMod:MemoryAlloy":69,"Guide Book":56,"DemoMod:WeirdEgg":73,"Thread and Needle":27,"DemoMod:PartiallyEatenCheese":56,"PreservedInsect":73,"Orichalcum":16,"Medical Kit":12,"SnafuTest:CatRelic":56,"Anchor":80,"Ring of Fury":8,"REME_HandOfSuture":80,"Bag of Marbles":12,"AT_SunfireAegis":70,"Toy Ornithopter":8,"FossilizedHelix":57,"REME_ComplimentaryCards":0}],"Toy Ornithopter":20,"InkBottle":[29]},"card_choices":[{"not_picked":[],"picked":"ChaosCard","floor":0},{"not_picked":["PlaceholderMod:SprayAttack","PlaceholderMod:ContinueSpray"],"picked":"PlaceholderMod:FastReaction","floor":2},{"not_picked":["PlaceholderMod:Colorful","PlaceholderMod:Package"],"picked":"PlaceholderMod:PoisonBlast","floor":3},{"not_picked":["PlaceholderMod:Polyp","PlaceholderMod:Sweep"],"picked":"PlaceholderMod:SelfCoupling","floor":6},{"not_picked":["PlaceholderMod:Internalization","PlaceholderMod:ParasiteChange"],"picked":"PlaceholderMod:Turn","floor":8},{"not_picked":["PlaceholderMod:NutritionAbsorb","PlaceholderMod:Package"],"picked":"PlaceholderMod:AngryAttack","floor":9},{"not_picked":["Bomb","PlaceholderMod:StrongAcid"],"picked":"PlaceholderMod:HighConcentration","floor":11},{"not_picked":["Bomb","PlaceholderMod:FastReaction"],"picked":"PlaceholderMod:HornyCollision","floor":12},{"not_picked":["PlaceholderMod:SeverePoisonStrike","PlaceholderMod:PoisonBlast"],"picked":"PlaceholderMod:Stratification","floor":13},{"not_picked":["PlaceholderMod:ProliferateStrike","PlaceholderMod:ParasiteChange","PlaceholderMod:SpinBlade"],"picked":"SKIP","floor":15},{"not_picked":["PlaceholderMod:DoublePoint","PlaceholderMod:AbsorbTouch"],"picked":"PlaceholderMod:Assimilation","floor":16},{"not_picked":["PlaceholderMod:Polyp","PlaceholderMod:SelectReaction"],"picked":"PlaceholderMod:Corrosion","floor":17},{"not_picked":["PlaceholderMod:CrystallizationStrike","PlaceholderMod:PoisonAbsorb","PlaceholderMod:OHStrongAttack"],"picked":"SKIP","floor":19},{"not_picked":["PlaceholderMod:HealingAttack","PlaceholderMod:ConsolidateHit","PlaceholderMod:DirectingGroup"],"picked":"SKIP","floor":20},{"not_picked":["PlaceholderMod:InnerStable+1","PlaceholderMod:Sweep","PlaceholderMod:ParasiteChange"],"picked":"SKIP","floor":21},{"not_picked":["PlaceholderMod:Hard","PlaceholderMod:ProliferateStrike"],"picked":"PlaceholderMod:ComplexForm+1","floor":22},{"not_picked":["PlaceholderMod:SelectReaction","PlaceholderMod:Internalization"],"picked":"PlaceholderMod:ComplexForm","floor":23},{"not_picked":["PlaceholderMod:TriggerStrike","PlaceholderMod:HardStinger+1","PlaceholderMod:ConsolidateHit"],"picked":"SKIP","floor":26},{"not_picked":["PlaceholderMod:HardStinger+1","PlaceholderMod:StrongAcid"],"picked":"PlaceholderMod:PericyclicReaction","floor":28},{"not_picked":["PlaceholderMod:PoisonExcitation+1","PlaceholderMod:Internalization"],"picked":"PlaceholderMod:ReactionCatalyze","floor":29},{"not_picked":["PlaceholderMod:ConsolidateHit+1","PlaceholderMod:MultipleOxi"],"picked":"PlaceholderMod:NearChange","floor":30},{"not_picked":["PlaceholderMod:ProliferateStrike","PlaceholderMod:DissolvingSpikes","PlaceholderMod:Turn"],"picked":"SKIP","floor":32},{"not_picked":["PlaceholderMod:FinalSpray","PlaceholderMod:SelfCoupling"],"picked":"PlaceholderMod:BlastSpray","floor":33},{"not_picked":["PlaceholderMod:SeverePoisonStrike+1","PlaceholderMod:SprayAttack+1","PlaceholderMod:PoisonAbsorb"],"picked":"SKIP","floor":36},{"not_picked":["PlaceholderMod:Polyp","PlaceholderMod:ParasiteChange"],"picked":"PlaceholderMod:StressReaction+1","floor":38},{"not_picked":["PlaceholderMod:CycleAttack","PlaceholderMod:AttackAsDefend+1","PlaceholderMod:Sweep+1"],"picked":"SKIP","floor":39},{"not_picked":["expansioncontent:PolyBeam","Replay:SS_forest_2"],"picked":"expansioncontent:LastStand","floor":43},{"not_picked":["Replay:SS_hec_4","expansioncontent:Torchfire"],"picked":"expansioncontent:Sear","floor":43},{"not_picked":["expansioncontent:PolyBeam","expansioncontent:ChargeUp+1"],"picked":"Replay:SS_forest_6","floor":43},{"not_picked":["PlaceholderMod:SprayAttack+1","PlaceholderMod:ParasiteChange+1","PlaceholderMod:EnergyAbsorb+1"],"picked":"SKIP","floor":46},{"not_picked":["PlaceholderMod:FastReaction+1","PlaceholderMod:OHStrongAttack+1","PlaceholderMod:InnerStable+1"],"picked":"SKIP","floor":49},{"not_picked":["PlaceholderMod:Polyp+1","PlaceholderMod:BlastSpray","PlaceholderMod:Corrosion+1"],"picked":"SKIP","floor":52}],"player_experience":63424,"relics_obtained":[{"floor":5,"key":"Ring of Fury"},{"floor":5,"key":"ReplayTheSpireMod:Ring of Addiction"},{"floor":5,"key":"SacredBark"},{"floor":5,"key":"Toy Ornithopter"},{"floor":13,"key":"TuHaoJin"},{"floor":14,"key":"DeadEye"},{"floor":24,"key":"SnafuTest:CatRelic"},{"floor":26,"key":"Dota2Spire:EchoSabre"},{"floor":29,"key":"Blood Vial"},{"floor":36,"key":"Dota2Spire:ShadowBlade"},{"floor":38,"key":"AT_SunfireAegis"},{"floor":39,"key":"Toxic Egg 2"},{"floor":41,"key":"Lizard Tail"},{"floor":46,"key":"Onion Ring"},{"floor":48,"key":"Dota2Spire:DivineRapier"},{"floor":49,"key":"DemoMod:BlueGuonStone"},{"floor":52,"key":"Replay:Bandana"},{"floor":52,"key":"REME_HandOfSuture"}],"event_choices":[{"damage_healed":0,"gold_gain":0,"player_choice":"Success","damage_taken":7,"relics_obtained":["Replay:PocketPolymizer"],"max_hp_gain":0,"max_hp_loss":0,"event_name":"Scrap Ooze","floor":4,"gold_loss":0}],"is_beta":false,"boss_relics":[{"not_picked":["Runic Pyramid","AT_MortalBlade"],"picked":"Tiny House"},{"not_picked":[]},{"not_picked":["Painkiller Herb","ChewingGum"],"picked":"Replay:Wanted Poster"},{"not_picked":[]}],"items_purged_floors":[6,12,23,37,37,45,45,53,53],"is_endless":false,"potions_floor_spawned":[3,9,11,16,21,26,28,32,33,36],"ascension_level":0}}