{"host":"6dypmz777xraikqf","time":1609565989,"event":{"mods":["AchievementEnabler","BaseMod","BetterRewards","Colored Map","Colored Powertips","Downfall","Highlight Path","Hubris","Infinite Spire","Minty Spire (QoL Compilation)","Replay The Spire","StSLib"],"gold_per_floor":[112,123,123,298,309,309,51,51,77,77,87,87,87,97,97,195,195,205,33,33,33,33,65,122,122,122,122,33,49,49,82,82,187,187,203,17,17,17],"floor_reached":37,"playtime":2720,"items_purged":["Strike_P","Doubt","Writhe"],"score":818,"play_id":"fcbe2a3d-d630-4775-9d3d-d5276f6da2b4","local_time":"20210102053949","is_ascension_mode":false,"campfire_choices":[{"data":"Eruption","floor":6.0,"key":"SMITH"},{"data":"ForeignInfluence","floor":10.0,"key":"SMITH"},{"data":"hubris:EnhanceAbility","floor":15.0,"key":"SMITH"},{"data":"Secret Technique","floor":25.0,"key":"SMITH"},{"data":"DeusExMachina","floor":27,"key":"SMITH"},{"floor":32,"key":"REST"}],"circlet_count":0,"master_deck":["Strike_P","Strike_P","Defend_P","Defend_P","Eruption+1","Vigilance","Meditate","CrushJoints+1","CutThroughFate+1","ReachHeaven+1","Prostrate","ForeignInfluence+1","Steam","Replay:BluntJabs+1","hubris:EnhanceAbility+1","Blasphemy","FlurryOfBlows+1","FollowUp+1","JustLucky+1","DeusExMachina+1","JustLucky+1","Study+1","SashWhip+1","Bandage Up","Pot Of Greed","Pot Of Greed","Pot Of Greed","Replay:Cycle","ReplayTheSpireMod:IOU","ReplayTheSpireMod:IOU","ReplayTheSpireMod:IOU","Secret Technique+1","Deep Breath","Study","Replay:Battleflow","EmptyFist+1","Evaluate+1","Pot Of Greed","EmptyFist+1","Slimebound:CheckThePlaybook","Perseverance","Protect","DeusExMachina","FollowUp+1","Mind Blast+1"],"relics":["PureWater","Membership Card","hubris:GlazedTorus","Molten Egg 2","MealTicket","Oddly Smooth Stone","Ring of Chaos","Grinning Jar","Replay:Rubber Ducky","hubris:Towel","Dream Catcher","Replay:Wax Seal","infinitespire:BottledMercury","HornCleat","Replay:Bronze Core","infinitespire:Joker Card"],"acts_visited":["Exordium","TheCity","TheBeyond"],"potions_floor_usage":[33,37],"damage_taken":[{"damage":22.0,"enemies":"Jaw Worm","floor":1.0,"turns":2.0},{"damage":0.0,"enemies":"Small Slimes","floor":2.0,"turns":2.0},{"damage":0.0,"enemies":"Cultist","floor":5.0,"turns":2.0},{"damage":6.0,"enemies":"Exordium Wildlife","floor":11.0,"turns":2.0},{"damage":0.0,"enemies":"Large Slime","floor":14.0,"turns":3.0},{"damage":35.0,"enemies":"Hexaghost","floor":16.0,"turns":6.0},{"damage":0.0,"enemies":"3 Byrds","floor":18.0,"turns":5.0},{"damage":0.0,"enemies":"Gremlin Leader","floor":23.0,"turns":3.0},{"damage":18,"enemies":"Spheric Guardian","floor":28,"turns":4},{"damage":3,"enemies":"3 Cultists","floor":29,"turns":4},{"damage":29,"enemies":"Slavers","floor":31,"turns":7},{"damage":25,"enemies":"Pondfish","floor":33,"turns":5},{"damage":3,"enemies":"3 Darklings","floor":35,"turns":3},{"damage":12,"enemies":"infinitespire:Three Voidlings","floor":37,"turns":3},{"damage":62,"enemies":"Nightmare_Alpha","floor":37,"turns":6}],"seed_played":"-5663377620424515793","potions_obtained":[{"floor":2.0,"key":"Dexterity Potion"},{"floor":31,"key":"PowerPotion"}],"is_trial":false,"path_per_floor":["M","M","?","?","M","R","$","$","T","R","M","?","?","M","R","B",null,"M","$","?","?","?","E","$","R","T","R","M","M","?","E","R","B",null,"M","$","?"],"character_chosen":"WATCHER","items_purchased":["Membership Card","Molten Egg 2","CrushJoints+1","CutThroughFate+1","hubris:EnhanceAbility","Blasphemy","FlurryOfBlows+1","FollowUp+1","Study","SashWhip+1","Bandage Up","Grinning Jar","Replay:Wax Seal","Secret Technique","Deep Breath","Study","Replay:Battleflow","EmptyFist+1","Mind Blast+1","infinitespire:Joker Card"],"campfire_rested":1,"item_purchase_floors":[0,0,0,0,7,7,7,7,19,19,19,19,24,24,24,24,24,24,36,36],"current_hp_per_floor":[32,32,32,32,32,32,32,32,32,32,26,26,50,50,50,15,72,72,72,72,72,72,72,72,72,72,72,54,55,55,30,49,24,65,62,65,0,0],"gold":17,"neow_bonus":"","is_daily":false,"chose_seed":false,"campfire_upgraded":5,"win_rate":0.0,"timestamp":1609565989,"path_taken":["M","M","?","?","M","R","?","$","T","R","?","?","?","M","R","BOSS","M","$","?","?","?","E","$","R","T","R","M","M","?","E","R","BOSS","M","$","?"],"items_purchased_type":["Relic","Relic","Card","Card","Card","Card","Card","Card","Card","Card","Card","Relic","Relic","Card","Card","Card","Card","Card","Card","Relic"],"build_version":"2020-12-22","purchased_purges":3,"victory":false,"max_hp_per_floor":[72,72,72,72,72,72,72,72,72,72,72,72,72,72,72,72,72,72,72,72,72,72,72,72,72,72,72,72,72,65,65,65,65,65,65,65,65,65],"card_choices":[{"not_picked":["CarveReality+1","SashWhip+1"],"picked":"ReachHeaven+1","floor":1.0},{"not_picked":["FlyingSleeves+1","PathToVictory"],"picked":"Prostrate","floor":2.0},{"not_picked":["Replay:Battleflow","Replay:DivineShield"],"picked":"Replay:BluntJabs+1","floor":5.0},{"not_picked":["BowlingBash+1","WaveOfTheHand","Blasphemy"],"picked":"SKIP","floor":11.0},{"not_picked":["EmptyFist+1","FollowUp+1"],"picked":"JustLucky+1","floor":14.0},{"not_picked":["Scrawl","ConjureBlade"],"picked":"DeusExMachina","floor":16.0},{"not_picked":["WreathOfFlame","Fasting2"],"picked":"JustLucky+1","floor":18.0},{"not_picked":["SashWhip+1","Blasphemy"],"picked":"Replay:Cycle","floor":23.0},{"not_picked":["Collect+1","CutThroughFate+1"],"picked":"Evaluate+1","floor":28},{"not_picked":["WreathOfFlame","ThirdEye+1"],"picked":"EmptyFist+1","floor":29},{"not_picked":["BowlingBash+1","EmptyFist+1"],"picked":"Perseverance","floor":31},{"not_picked":["SignatureMove+1","EmptyBody"],"picked":"Protect","floor":32},{"not_picked":["MasterReality","Establishment"],"picked":"DeusExMachina","floor":33},{"not_picked":["Replay:Battleflow","BowlingBash+1"],"picked":"FollowUp+1","floor":35}],"player_experience":57197,"relics_obtained":[{"floor":9.0,"key":"MealTicket"},{"floor":23.0,"key":"Dream Catcher"},{"floor":26.0,"key":"infinitespire:BottledMercury"},{"floor":31,"key":"HornCleat"}],"event_choices":[{"damage_healed":0.0,"max_hp_gain":0.0,"max_hp_loss":0.0,"gold_gain":175.0,"event_name":"Liars Game","player_choice":"AGREE","floor":4.0,"gold_loss":0.0,"damage_taken":0.0,"cards_obtained":["Doubt"]},{"damage_healed":0.0,"max_hp_gain":0.0,"max_hp_loss":0.0,"gold_gain":0.0,"event_name":"Dead Adventurer","player_choice":"Searched \u00271\u0027 times","floor":12.0,"gold_loss":0.0,"damage_taken":0.0,"relics_obtained":["Oddly Smooth Stone"]},{"damage_healed":24.0,"max_hp_gain":0.0,"max_hp_loss":0.0,"gold_gain":0.0,"event_name":"Big Fish","player_choice":"Banana","floor":13.0,"gold_loss":0.0,"damage_taken":0.0},{"damage_healed":0.0,"max_hp_gain":0.0,"max_hp_loss":0.0,"gold_gain":0.0,"event_name":"The Mausoleum","player_choice":"Opened","floor":20.0,"gold_loss":0.0,"damage_taken":0.0,"relics_obtained":["Replay:Rubber Ducky"],"cards_obtained":["Writhe"]}],"is_beta":false,"boss_relics":[{"not_picked":["HolyWater","VioletLotus"],"picked":"Ring of Chaos"},{"not_picked":["Runic Pyramid","Replay:Ancient Bell"],"picked":"Replay:Bronze Core"}],"items_purged_floors":[0,7,24],"is_endless":false,"potions_floor_spawned":[2,31],"killed_by":"Nightmare_Alpha","ascension_level":0}}