{"host":"6fh0uvaoh3e0g6do","time":1609550111,"event":{"mods":["AchievementEnabler","BaseMod","Downfall","Minty Spire (QoL Compilation)","Replay The Spire","StSLib","The Cursed"],"gold_per_floor":[115,40,115,127,127,127,155,155,182,194,194,194,209,55,55,160,160,171,188,188,10,20,20,38,38,38,56,72,72,72,72],"floor_reached":30,"playtime":2256,"items_purged":["hexamod:Haunted","Strike_R"],"score":230,"play_id":"46212aa0-18a9-4485-b7a2-bb64749eb09a","local_time":"20210101181511","is_ascension_mode":false,"campfire_choices":[{"data":"Bash","floor":6,"key":"SMITH"},{"data":"Rampage","floor":8,"key":"SMITH"},{"data":"Armaments","floor":12,"key":"SMITH"},{"data":"Rampage","floor":23,"key":"SMITH"},{"data":"Demonic Infusion","floor":25,"key":"SMITH"}],"circlet_count":0,"master_deck":["Strike_R","Strike_R","Strike_R","Strike_R","Defend_R","Defend_R","Defend_R","Defend_R","Bash+1","Rampage+1","Armaments+1","Demonic Infusion+1","Clash","Twin Strike","Rampage+1","Twin Strike","Decay","Whirlwind","Armaments"],"relics":["Burning Blood","TungstenRod","Pen Nib","Blood Vial","Replay:Mystery Machine","Cursed Key","Oddly Smooth Stone"],"acts_visited":["Exordium","TheCity"],"potions_floor_usage":[7,10,18,22,24,28],"damage_taken":[{"damage":6,"enemies":"Jaw Worm","floor":1,"turns":5},{"damage":8,"enemies":"Small Slimes","floor":4,"turns":4},{"damage":25,"enemies":"Gremlin Nob","floor":7,"turns":4},{"damage":3,"enemies":"Cultist","floor":10,"turns":4},{"damage":0,"enemies":"3 Louse","floor":13,"turns":4},{"damage":50,"enemies":"The Guardian","floor":16,"turns":12},{"damage":13,"enemies":"Shell Parasite","floor":18,"turns":6},{"damage":4,"enemies":"2 Thieves","floor":19,"turns":4},{"damage":0,"enemies":"Snake Plant","floor":22,"turns":3},{"damage":3,"enemies":"3 Cultists","floor":24,"turns":4},{"damage":36,"enemies":"Cultist and Chosen","floor":27,"turns":8},{"damage":53,"enemies":"Chosen and Byrds","floor":28,"turns":9},{"damage":0,"enemies":"Snake Plant","floor":30,"turns":1}],"seed_played":"4664213195198039587","potions_obtained":[{"floor":4,"key":"Fire Potion"},{"floor":7,"key":"Block Potion"},{"floor":16,"key":"PowerPotion"},{"floor":18,"key":"ColorlessPotion"},{"floor":22,"key":"Weak Potion"},{"floor":27,"key":"Block Potion"}],"is_trial":false,"path_per_floor":["M","$","?","M","?","R","E","R","T","M","?","R","M","$","R","B",null,"M","M","?","$","M","R","M","R","T","M","M","$","M"],"character_chosen":"IRONCLAD","items_purchased":["Replay:Mystery Machine","Rampage"],"campfire_rested":0,"item_purchase_floors":[14,21],"current_hp_per_floor":[80,80,70,68,68,68,49,49,49,54,59,59,67,67,85,41,85,78,82,85,85,85,85,85,85,85,55,10,10,12,12],"gold":72,"neow_bonus":"ONE_RARE_RELIC","is_daily":false,"chose_seed":false,"campfire_upgraded":5,"win_rate":0.0,"timestamp":1609550111,"path_taken":["M","$","?","M","?","R","E","R","T","M","?","R","M","?","R","BOSS","M","?","?","?","?","R","M","R","T","M","M","$","M"],"items_purchased_type":["Relic","Card"],"build_version":"2020-12-22","purchased_purges":2,"victory":false,"max_hp_per_floor":[80,80,80,80,80,80,80,80,80,80,85,85,85,85,85,85,85,85,85,85,85,85,85,85,85,85,85,85,85,85,85],"card_choices":[{"not_picked":["Thunderclap","Dark Embrace"],"picked":"Fire Breathing","floor":1},{"not_picked":["Flex","ReplayTheSpireMod:Strike From Hell","Shrug It Off"],"picked":"SKIP","floor":4},{"not_picked":["Run Through","Armaments"],"picked":"Rampage","floor":7},{"not_picked":["Sword Boomerang","Intimidate"],"picked":"Armaments","floor":10},{"not_picked":["Disarm","Thunderclap","Uppercut"],"picked":"SKIP","floor":13},{"not_picked":["Barricade","Eclipse"],"picked":"Demonic Infusion","floor":16},{"not_picked":["Replay:Undeath\u0027s Touch","Shrug It Off+1"],"picked":"Clash","floor":18},{"not_picked":["Anger","Thunderclap"],"picked":"Twin Strike","floor":19},{"not_picked":["Ghostly Armor","Clothesline","Anger+1"],"picked":"SKIP","floor":22},{"not_picked":["ReplayTheSpireMod:Strike From Hell","Reaper"],"picked":"Twin Strike","floor":24},{"not_picked":["Thunderclap","Pommel Strike"],"picked":"Whirlwind","floor":27},{"not_picked":["Body Slam","Power Through+1"],"picked":"Armaments","floor":28}],"player_experience":5540,"relics_obtained":[{"floor":7,"key":"Pen Nib"},{"floor":9,"key":"Blood Vial"},{"floor":26,"key":"Oddly Smooth Stone"}],"event_choices":[{"damage_healed":0,"gold_gain":75,"player_choice":"Gather Gold","damage_taken":11,"max_hp_gain":0,"max_hp_loss":0,"event_name":"World of Goop","floor":3,"gold_loss":0},{"damage_healed":0,"gold_gain":0,"player_choice":"Leave","damage_taken":0,"max_hp_gain":0,"max_hp_loss":0,"event_name":"The Cleric","floor":5,"gold_loss":0},{"damage_healed":0,"gold_gain":0,"player_choice":"Donut","damage_taken":0,"max_hp_gain":5,"max_hp_loss":0,"event_name":"Big Fish","floor":11,"gold_loss":0},{"cards_removed":["Fire Breathing"],"damage_healed":3,"gold_gain":0,"player_choice":"Offered Uncommon","damage_taken":0,"max_hp_gain":0,"max_hp_loss":0,"event_name":"Bonfire Elementals","floor":20,"gold_loss":0}],"is_beta":false,"boss_relics":[{"not_picked":["SacredBark","Electric Blood"],"picked":"Cursed Key"}],"items_purged_floors":[2,21],"is_endless":false,"potions_floor_spawned":[4,7,16,18,22,27],"killed_by":"Snake Plant","ascension_level":0}}