{"host":"6he3f0ic6yesrium","time":1609605248,"event":{"mods":["BaseMod","Better Altar","Better Match","Better Note","Better Sensory Stone","Better Skull","Better Third Choice","Colored Map","Conspire","Hubris","Marisa????????","Minty Spire (QoL Compilation)","Replay The Spire","StSLib","The Alterego","The Mystic","The Necromancer","The Runesmith"],"gold_per_floor":[111,127,144,10,27,27,47,47,71,71,83,116,129,146,146,251,251,269,229,229,160,81,81,93,93,165,177,137,152,164,164,164,267,267,286,298,348,348,348],"floor_reached":38,"playtime":1777,"items_purged":[],"score":530,"play_id":"c5e539a1-5997-4bb1-983c-8052f9d552dc","local_time":"20210102113408","is_ascension_mode":false,"campfire_choices":[{"floor":6,"key":"REST"},{"data":"Runesmith:Firestorm","floor":10,"key":"SMITH"},{"floor":15,"key":"REST"},{"data":"Runesmith:Firestorm","floor":23,"key":"SMITH"},{"floor":25,"key":"REST"},{"floor":32,"key":"REST"}],"circlet_count":0,"master_deck":["Runesmith:Strike_RS","Runesmith:Strike_RS","Runesmith:Strike_RS","Runesmith:Strike_RS","Runesmith:Defend_RS","Runesmith:Defend_RS","Runesmith:Defend_RS","Runesmith:CraftFirestone","Runesmith:Fortify","Runesmith:CraftIndustria","Runesmith:HammerThrow","Runesmith:HeatExchange+1","Runesmith:Attraction","Runesmith:ChiselStab","Runesmith:Firestorm+1","Runesmith:Firestorm+1","Runesmith:CraftProtectio","Runesmith:ChiselStab","Runesmith:HeatExchange+1","Runesmith:CraftMagma","Runesmith:CraftSpiculum","Runesmith:CraftMedicinae","Runesmith:CraftMagma+1","Runesmith:ChaoticBlast","Runesmith:Firestorm","Runesmith:HeatExchange+1","Runesmith:HammerTime","Runesmith:WhiteBalance+1","Runesmith:ArcReactor","Runesmith:PerfectChisel","Runesmith:WhiteBalance+1","Runesmith:Permafrost+1"],"relics":["Runesmith:BrokenRuby","ReplayTheSpireMod:Lightbulb","Replay:Towering Pillar of Hats","Runesmith:UraniumAnvil","Quantum Egg","hubris:Towel","conspire:SlowCooker","Du-Vu Doll"],"acts_visited":["Exordium","TheCity","TheBeyond"],"potions_floor_usage":[7,16,16,16,27,29,29,33,36,37],"damage_taken":[{"damage":0,"enemies":"Cultist","floor":1,"turns":4},{"damage":11,"enemies":"Small Slimes","floor":2,"turns":3},{"damage":0,"enemies":"2 Louse","floor":3,"turns":2},{"damage":20,"enemies":"Exordium Wildlife","floor":5,"turns":5},{"damage":0,"enemies":"2 Fungi Beasts","floor":7,"turns":2},{"damage":10,"enemies":"Looter","floor":11,"turns":4},{"damage":14,"enemies":"Gremlin Nob","floor":12,"turns":4},{"damage":13,"enemies":"Exordium Wildlife","floor":13,"turns":3},{"damage":2,"enemies":"Large Slime","floor":14,"turns":5},{"damage":33,"enemies":"Slime Boss","floor":16,"turns":6},{"damage":35,"enemies":"2 Thieves","floor":18,"turns":5},{"damage":20,"enemies":"Shell Parasite","floor":24,"turns":5},{"damage":13,"enemies":"Snecko","floor":27,"turns":5},{"damage":2,"enemies":"Cultist and Chosen","floor":29,"turns":4},{"damage":5,"enemies":"3 Cultists","floor":30,"turns":3},{"damage":35,"enemies":"Pondfish","floor":33,"turns":10},{"damage":64,"enemies":"3 Darklings","floor":35,"turns":4},{"damage":0,"enemies":"Orb Walker","floor":36,"turns":1},{"damage":2,"enemies":"Mind Bloom Boss Battle","floor":37,"turns":5},{"damage":11,"enemies":"4 Shapes","floor":38,"turns":1}],"seed_played":"-4345262967194470239","potions_obtained":[{"floor":3,"key":"Dexterity Potion"},{"floor":5,"key":"Energy Potion"},{"floor":12,"key":"SteroidPotion"},{"floor":13,"key":"Strength Potion"},{"floor":24,"key":"ColorlessPotion"},{"floor":28,"key":"Cursed Concoction"},{"floor":28,"key":"CultistPotion"},{"floor":28,"key":"SmokeBomb"},{"floor":29,"key":"Milkshake"},{"floor":35,"key":"FearPotion"},{"floor":37,"key":"Energy Potion"}],"is_trial":false,"path_per_floor":["M","M","M","$","M","R","M","?","T","R","M","E","M","M","R","B",null,"M","?","?","$","$","R","M","R","T","M","?","M","M","?","R","B",null,"M","M","?","M"],"character_chosen":"RUNESMITH_CLASS","items_purchased":["Runesmith:ChiselStab","Runesmith:Firestorm","Runesmith:ChaoticBlast","Runesmith:Firestorm"],"campfire_rested":4,"item_purchase_floors":[4,4,21,22],"current_hp_per_floor":[70,59,59,59,39,60,60,60,60,60,50,36,23,21,42,9,70,36,36,36,36,36,36,17,38,38,25,25,23,18,18,39,4,70,6,6,4,0,0],"gold":348,"neow_bonus":"ONE_RANDOM_RARE_CARD","is_daily":false,"chose_seed":false,"campfire_upgraded":2,"win_rate":0.0,"timestamp":1609605248,"path_taken":["M","M","M","$","?","R","M","?","T","R","M","E","M","?","R","BOSS","M","?","?","?","$","R","M","R","T","M","?","M","?","?","R","BOSS","M","M","?","M"],"items_purchased_type":["Card","Card","Card","Card"],"build_version":"2020-12-22","purchased_purges":0,"victory":false,"max_hp_per_floor":[70,70,70,70,70,70,70,70,70,70,70,70,70,70,70,70,70,70,70,70,70,70,70,70,70,70,70,70,70,70,70,70,70,70,70,70,70,70,70],"card_choices":[{"not_picked":["Runesmith:MakeshiftArmor","Runesmith:Overpower"],"picked":"Runesmith:HammerThrow","floor":1},{"not_picked":["Runesmith:ShiftingStrike","Runesmith:HammerThrow"],"picked":"Runesmith:HeatExchange","floor":2},{"not_picked":["Runesmith:Overpower","Runesmith:ShiftingStrike"],"picked":"Runesmith:Attraction","floor":3},{"not_picked":["Runesmith:CraftProtectio","Runesmith:EnergizedChisel"],"picked":"Runesmith:Firestorm","floor":5},{"not_picked":["Runesmith:LastStand","Runesmith:ElementalConversion"],"picked":"Runesmith:CraftProtectio","floor":7},{"not_picked":["Runesmith:Retool","Runesmith:EnergizedChisel"],"picked":"Runesmith:ChiselStab","floor":11},{"not_picked":["Runesmith:Malloc","Runesmith:ShiftingStrike"],"picked":"Runesmith:HeatExchange","floor":12},{"not_picked":["Runesmith:Electrocute","Runesmith:RuneHurl"],"picked":"Runesmith:CraftMagma","floor":13},{"not_picked":["Runesmith:WhiteBalance","Runesmith:ChiselStab"],"picked":"Runesmith:CraftSpiculum","floor":14},{"not_picked":["Runesmith:GrandSlam","Runesmith:DuctTape"],"picked":"Runesmith:CraftMedicinae","floor":16},{"not_picked":["Runesmith:Prism","Runesmith:CraftProtectio"],"picked":"Runesmith:CraftMagma+1","floor":18},{"not_picked":["Runesmith:PerfectChisel+1","Runesmith:EnergizedChisel"],"picked":"Runesmith:HeatExchange+1","floor":24},{"not_picked":["Runesmith:EarthShield","Runesmith:Duplicate","Runesmith:StaticCage"],"picked":"SKIP","floor":27},{"not_picked":["Runesmith:EarthShield+1","Runesmith:CraftMagma"],"picked":"Runesmith:HammerTime","floor":29},{"not_picked":["Runesmith:StaticCage+1","Runesmith:ShiftingStrike+1"],"picked":"Runesmith:WhiteBalance+1","floor":30},{"not_picked":["Runesmith:LastStand","Runesmith:Supernova"],"picked":"Runesmith:ArcReactor","floor":33},{"not_picked":["Runesmith:HammerThrow","Runesmith:Malloc+1"],"picked":"Runesmith:PerfectChisel","floor":35},{"not_picked":["Runesmith:EnergizedChisel+1","Runesmith:UnstableHammer"],"picked":"Runesmith:WhiteBalance+1","floor":36},{"not_picked":["Runesmith:CraftIncendium+1","Runesmith:Repurpose"],"picked":"Runesmith:Permafrost+1","floor":37}],"player_experience":288132,"relics_obtained":[{"floor":9,"key":"ReplayTheSpireMod:Lightbulb"},{"floor":12,"key":"Replay:Towering Pillar of Hats"},{"floor":26,"key":"Quantum Egg"},{"floor":37,"key":"Du-Vu Doll"}],"event_choices":[{"cards_removed":["Runesmith:Defend_RS"],"damage_healed":0,"gold_gain":0,"player_choice":"Card Removal","damage_taken":0,"max_hp_gain":0,"max_hp_loss":0,"event_name":"Wheel of Change","floor":8,"gold_loss":0},{"damage_healed":0,"gold_gain":0,"player_choice":"Upgrade","damage_taken":0,"max_hp_gain":0,"max_hp_loss":0,"event_name":"Designer","floor":19,"gold_loss":40,"cards_upgraded":["Runesmith:HeatExchange"]},{"damage_healed":0,"gold_gain":0,"player_choice":"Forge","damage_taken":0,"max_hp_gain":0,"max_hp_loss":0,"event_name":"Accursed Blacksmith","floor":20,"gold_loss":0,"cards_upgraded":["Runesmith:HeatExchange"]},{"damage_healed":0,"gold_gain":0,"player_choice":"Bought 3 Potions","damage_taken":0,"max_hp_gain":0,"max_hp_loss":0,"event_name":"The Woman in Blue","floor":28,"gold_loss":0},{"damage_healed":0,"gold_gain":0,"player_choice":"Fight","damage_taken":0,"max_hp_gain":0,"max_hp_loss":0,"event_name":"MindBloom","floor":37,"gold_loss":0}],"is_beta":false,"boss_relics":[{"not_picked":["hubris:RunicObelisk","Replay:Bronze Core"],"picked":"Runesmith:UraniumAnvil"},{"not_picked":["Runic Dome","Snecko Eye"],"picked":"conspire:SlowCooker"}],"items_purged_floors":[],"is_endless":false,"potions_floor_spawned":[3,5,12,13,24,29,35,37],"killed_by":"4 Shapes","ascension_level":0}}