{"host":"640uue19m79c7wbt","time":1609622323,"event":{"mods":["BaseMod","Colored Map","Googly Eyes","Highlight Path","Minty Spire (QoL Compilation)","Quick Restart","StSLib"],"gold_per_floor":[110,60,60,60,74,74,99,174,247,247,260,294,138,148,148,245,245,260,277,20,20,20,49,49,60,60,60,77,112,112,124,124,124,124],"floor_reached":33,"playtime":1343,"items_purged":["Strike_G"],"score":413,"play_id":"c1f9ac2f-cdff-4f7d-8a4f-e30322127d95","local_time":"20210102161843","is_ascension_mode":true,"campfire_choices":[{"data":"Cloak And Dagger","floor":6.0,"key":"SMITH"},{"floor":15.0,"key":"REST"},{"floor":24.0,"key":"REST"},{"floor":27.0,"key":"REST"},{"floor":30.0,"key":"REST"},{"data":"Venomology","floor":32.0,"key":"SMITH"}],"circlet_count":0,"master_deck":["Strike_G","Strike_G","Defend_G","Defend_G","Defend_G","Defend_G","Defend_G","Survivor","Neutralize","Dagger Spray","Cloak And Dagger+1","Riddle With Holes","Doppelganger","Venomology+1","Crippling Poison","Terror","Choke","Backstab","Footwork","Night Terror","Deflect+1","Blade Dance","Accuracy","Dagger Throw+1","Escape Plan+1","Blur","Accuracy","Cloak And Dagger"],"relics":["Ring of the Snake","NeowsBlessing","Blue Candle","Sundial","Meat on the Bone","Orrery","SacredBark","Regal Pillow","MutagenicStrength","Blood Vial","Centennial Puzzle","HornCleat"],"acts_visited":["Exordium","TheCity"],"potions_floor_usage":[33],"damage_taken":[{"damage":0.0,"enemies":"Jaw Worm","floor":1.0,"turns":1.0},{"damage":0.0,"enemies":"Small Slimes","floor":5.0,"turns":1.0},{"damage":0.0,"enemies":"Gremlin Nob","floor":7.0,"turns":1.0},{"damage":2.0,"enemies":"2 Louse","floor":11.0,"turns":2.0},{"damage":35.0,"enemies":"Lagavulin","floor":12.0,"turns":6.0},{"damage":4.0,"enemies":"Looter","floor":14.0,"turns":3.0},{"damage":22.0,"enemies":"Hexaghost","floor":16.0,"turns":9.0},{"damage":0.0,"enemies":"3 Byrds","floor":18.0,"turns":2.0},{"damage":32.0,"enemies":"2 Thieves","floor":19.0,"turns":4.0},{"damage":18.0,"enemies":"Book of Stabbing","floor":23.0,"turns":5.0},{"damage":33.0,"enemies":"Centurion and Healer","floor":25.0,"turns":6.0},{"damage":27.0,"enemies":"Snake Plant","floor":28.0,"turns":4.0},{"damage":23.0,"enemies":"Gremlin Leader","floor":29.0,"turns":4.0},{"damage":12.0,"enemies":"Snecko","floor":31.0,"turns":5.0},{"damage":52,"enemies":"Automaton","floor":33,"turns":8}],"seed_played":"-1212695667607793498","potions_obtained":[{"floor":5.0,"key":"CultistPotion"},{"floor":14.0,"key":"SteroidPotion"},{"floor":16.0,"key":"Explosive Potion"},{"floor":25.0,"key":"LiquidMemories"},{"floor":29.0,"key":"Strength Potion"}],"is_trial":false,"path_per_floor":["M","?","$","?","M","R","E","?","T","?","M","E","$","M","R","B",null,"M","M","$","?","?","E","R","M","T","R","M","E","R","M","R","B"],"character_chosen":"THE_SILENT","items_purchased":["Orrery","Accuracy","Regal Pillow"],"campfire_rested":4,"item_purchase_floors":[13,20,20],"current_hp_per_floor":[63,63,63,68,68,68,68,57,57,50,48,13,13,21,43,33,65,65,45,45,45,31,25,64,45,45,80,53,44,80,68,68,18,18],"gold":124,"neow_bonus":"THREE_ENEMY_KILL","is_daily":false,"chose_seed":false,"campfire_upgraded":2,"win_rate":0.0,"timestamp":1609622323,"path_taken":["M","?","$","?","M","R","E","?","T","?","M","E","$","M","R","BOSS","M","M","$","?","?","E","R","M","T","R","M","E","R","M","R","BOSS"],"items_purchased_type":["Relic","Card","Relic"],"build_version":"2020-12-22","purchased_purges":1,"victory":false,"max_hp_per_floor":[70,70,70,75,75,75,75,75,75,75,75,75,75,75,75,75,75,75,75,75,75,80,80,80,80,80,80,80,80,80,80,80,80,80],"card_choices":[{"not_picked":["Backflip","Deflect"],"picked":"Dagger Spray","floor":1.0},{"not_picked":["PiercingWail","Flying Knee"],"picked":"Cloak And Dagger","floor":5.0},{"not_picked":["Flechettes","Expertise","Deflect"],"picked":"SKIP","floor":7.0},{"not_picked":["Acrobatics","Infinite Blades"],"picked":"Riddle With Holes","floor":11.0},{"not_picked":["All Out Attack","Prepared"],"picked":"Doppelganger","floor":12.0},{"not_picked":["After Image","Dagger Throw"],"picked":"Venomology","floor":13.0},{"not_picked":["Prepared","Backflip"],"picked":"Crippling Poison","floor":13.0},{"not_picked":["Flying Knee","Catalyst"],"picked":"Terror","floor":13.0},{"not_picked":["Dagger Throw","Outmaneuver"],"picked":"Choke","floor":13.0},{"not_picked":["Footwork","Noxious Fumes"],"picked":"Backstab","floor":13.0},{"not_picked":["Outmaneuver","Quick Slash"],"picked":"Footwork","floor":14.0},{"not_picked":["After Image","Die Die Die"],"picked":"Night Terror","floor":16.0},{"not_picked":["Riddle With Holes","PiercingWail"],"picked":"Deflect+1","floor":18.0},{"not_picked":["Flying Knee","Quick Slash"],"picked":"Blade Dance","floor":19.0},{"not_picked":["Storm of Steel","Bane"],"picked":"Dagger Throw+1","floor":23.0},{"not_picked":["Distraction","Eviscerate"],"picked":"Escape Plan+1","floor":25.0},{"not_picked":["Backflip","Sucker Punch"],"picked":"Blur","floor":28.0},{"not_picked":["Acrobatics","Slice"],"picked":"Accuracy","floor":29.0},{"not_picked":["Acrobatics","Flying Knee"],"picked":"Cloak And Dagger","floor":31.0}],"player_experience":556915,"relics_obtained":[{"floor":7.0,"key":"Blue Candle"},{"floor":9.0,"key":"Sundial"},{"floor":12.0,"key":"Meat on the Bone"},{"floor":23.0,"key":"Blood Vial"},{"floor":26.0,"key":"Centennial Puzzle"},{"floor":29.0,"key":"HornCleat"}],"event_choices":[{"cards_removed":["Strike_G"],"damage_healed":0.0,"max_hp_gain":0.0,"max_hp_loss":0.0,"gold_gain":0.0,"event_name":"The Cleric","player_choice":"Card Removal","floor":2.0,"gold_loss":50.0,"damage_taken":0.0},{"damage_healed":0.0,"max_hp_gain":5.0,"max_hp_loss":0.0,"gold_gain":0.0,"event_name":"Big Fish","player_choice":"Donut","floor":4.0,"gold_loss":0.0,"damage_taken":0.0},{"damage_healed":0.0,"max_hp_gain":0.0,"max_hp_loss":0.0,"gold_gain":75.0,"event_name":"World of Goop","player_choice":"Gather Gold","floor":8.0,"gold_loss":0.0,"damage_taken":11.0},{"cards_removed":["Strike_G"],"damage_healed":0.0,"max_hp_gain":0.0,"max_hp_loss":0.0,"gold_gain":0.0,"event_name":"Golden Wing","player_choice":"Card Removal","floor":10.0,"gold_loss":0.0,"damage_taken":7.0},{"damage_healed":0.0,"max_hp_gain":0.0,"max_hp_loss":0.0,"gold_gain":0.0,"event_name":"Drug Dealer","player_choice":"Inject Mutagens","floor":21.0,"gold_loss":0.0,"damage_taken":0.0,"relics_obtained":["MutagenicStrength"]},{"damage_healed":0.0,"max_hp_gain":5.0,"max_hp_loss":0.0,"gold_gain":0.0,"event_name":"Forgotten Altar","player_choice":"Shed Blood","floor":22.0,"gold_loss":0.0,"damage_taken":19.0}],"is_beta":false,"boss_relics":[{"not_picked":["Calling Bell","Sozu"],"picked":"SacredBark"}],"items_purged_floors":[20],"is_endless":false,"potions_floor_spawned":[5,14,16,25,29],"killed_by":"Automaton","ascension_level":6}}