{"host":"vsdszi3rnxsdp24p","time":1609614361,"event":{"mods":["AchievementEnabler","BaseMod","Colored Map","Colored Powertips","Hermit","Highlight Path","Minty Spire (QoL Compilation)","Quick Restart","Relic Sorter","Relic Stats","StSLib","SuperFastMode","Synergy Search","The Cursed","The Mystic"],"gold_per_floor":[110,110,128,128,78,104,104,115,163,180,206,206,223,22,22,127,127,143,143,58,70,70,70,86,86,86,103,23,42,42,42,42],"floor_reached":31,"playtime":718,"items_purged":[],"score":270,"play_id":"ad75ba22-c39d-49ee-8dd4-76f01b4a3345","local_time":"20210102200601","is_ascension_mode":false,"campfire_choices":[{"data":"Static Discharge","floor":7,"key":"SMITH"},{"floor":12,"key":"REST"},{"floor":15,"key":"REST"},{"floor":23,"key":"REST"},{"floor":25,"key":"REST"}],"circlet_count":0,"master_deck":["Strike_B","Strike_B","Defend_B","Defend_B+1","Zap+1","Dualcast","Static Discharge+1","Stack","Stack","Tempest","Cold Snap","Steam Power","Meteor Strike","Loop","Turbo","Streamline","Barrage","Electrodynamics","Capacitor","Redo","Tempest","Defragment","Melter"],"relics":["Cracked Core","NeowsBlessing","Ancient Tea Set","Regal Pillow","PreservedInsect","Empty Cage","Cables","Bottled Lightning"],"acts_visited":["Exordium","TheCity"],"potions_floor_usage":[11,16,21,27,29],"damage_taken":[{"damage":0,"enemies":"Jaw Worm","floor":1,"turns":1},{"damage":0,"enemies":"2 Louse","floor":3,"turns":1},{"damage":0,"enemies":"3 Sentries","floor":6,"turns":1},{"damage":8,"enemies":"Small Slimes","floor":8,"turns":3},{"damage":4,"enemies":"Blue Slaver","floor":10,"turns":2},{"damage":38,"enemies":"Lagavulin","floor":11,"turns":6},{"damage":15,"enemies":"Exordium Thugs","floor":13,"turns":2},{"damage":8,"enemies":"Slime Boss","floor":16,"turns":6},{"damage":15,"enemies":"Chosen","floor":18,"turns":3},{"damage":17,"enemies":"Shell Parasite","floor":21,"turns":3},{"damage":25,"enemies":"Chosen and Byrds","floor":24,"turns":4},{"damage":30,"enemies":"Snecko","floor":27,"turns":3},{"damage":14,"enemies":"Centurion and Healer","floor":29,"turns":5},{"damage":47,"enemies":"Chosen and Byrds","floor":31,"turns":4}],"seed_played":"8407692796713387084","potions_obtained":[{"floor":10,"key":"FearPotion"},{"floor":11,"key":"Fire Potion"},{"floor":16,"key":"FearPotion"},{"floor":18,"key":"DistilledChaos"},{"floor":21,"key":"ColorlessPotion"},{"floor":24,"key":"DuplicationPotion"}],"is_trial":false,"path_per_floor":["M","?","M","?","?","E","R","M","T","M","E","R","M","$","R","B",null,"M","?","?","M","?","R","M","R","T","M","$","M","T","M"],"character_chosen":"DEFECT","items_purchased":["Loop","Turbo","Streamline","Barrage","Defragment"],"campfire_rested":4,"item_purchase_floors":[14,14,14,14,28],"current_hp_per_floor":[75,60,60,60,60,60,60,52,52,48,10,47,32,32,69,61,75,60,46,46,29,29,68,43,80,80,50,50,36,36,0,0],"gold":42,"neow_bonus":"THREE_ENEMY_KILL","is_daily":false,"chose_seed":false,"campfire_upgraded":1,"win_rate":0.0,"timestamp":1609614361,"path_taken":["M","?","M","?","?","E","R","M","T","M","E","R","M","$","R","BOSS","M","?","?","M","?","R","M","R","T","M","$","?","?","M"],"items_purchased_type":["Card","Card","Card","Card","Card"],"build_version":"2020-12-22","purchased_purges":0,"victory":false,"max_hp_per_floor":[75,75,75,75,75,75,75,75,75,75,75,75,75,75,75,75,75,75,80,80,80,80,80,80,80,80,80,80,80,80,80,80],"relic_stats":{"Regal Pillow":58,"counters":[14,44],"PreservedInsect":0,"obtain_stats":[{"Regal Pillow":9,"NeowsBlessing":0,"PreservedInsect":11,"Bottled Lightning":30,"Cracked Core":0,"Ancient Tea Set":6,"Empty Cage":17,"Cables":20},{"Regal Pillow":4,"NeowsBlessing":0,"PreservedInsect":6,"Bottled Lightning":13,"Cracked Core":0,"Ancient Tea Set":3,"Empty Cage":8,"Cables":9},{"Regal Pillow":6,"NeowsBlessing":0,"PreservedInsect":14,"Bottled Lightning":40,"Cracked Core":0,"Ancient Tea Set":3,"Empty Cage":22,"Cables":25}],"Cables":[18,17,1,0,0]},"card_choices":[{"not_picked":["Barrage","Streamline","Compile Driver"],"picked":"SKIP","floor":1},{"not_picked":["Ball Lightning","Aggregate"],"picked":"Static Discharge","floor":3},{"not_picked":["Conserve Battery","Hologram"],"picked":"Stack","floor":6},{"not_picked":["Sweeping Beam","Gash"],"picked":"Tempest","floor":8},{"not_picked":["FTL","Go for the Eyes"],"picked":"Cold Snap","floor":10},{"not_picked":["Rip and Tear","Rebound"],"picked":"Steam Power","floor":11},{"not_picked":["Stack","Go for the Eyes"],"picked":"Meteor Strike","floor":13},{"not_picked":["Thunder Strike","Fission"],"picked":"Electrodynamics","floor":16},{"not_picked":["Conserve Battery+1","Recycle"],"picked":"Capacitor","floor":18},{"not_picked":["Compile Driver","Steam+1"],"picked":"Redo","floor":21},{"not_picked":["Compile Driver+1","Genetic Algorithm"],"picked":"Tempest","floor":24},{"not_picked":["Hologram","Streamline","Conserve Battery+1"],"picked":"SKIP","floor":27},{"not_picked":["Go for the Eyes","Rebound"],"picked":"Melter","floor":29}],"player_experience":121961,"relics_obtained":[{"floor":6,"key":"Ancient Tea Set"},{"floor":9,"key":"Regal Pillow"},{"floor":11,"key":"PreservedInsect"},{"floor":30,"key":"Bottled Lightning"}],"event_choices":[{"damage_healed":0,"gold_gain":0,"player_choice":"Entered Light","damage_taken":15,"max_hp_gain":0,"max_hp_loss":0,"event_name":"Shining Light","floor":2,"gold_loss":0,"cards_upgraded":["Defend_B","Zap"]},{"damage_healed":0,"gold_gain":0,"cards_transformed":["Strike_B"],"player_choice":"Change","damage_taken":0,"max_hp_gain":0,"max_hp_loss":0,"event_name":"Living Wall","floor":4,"gold_loss":0,"cards_obtained":["Stack"]},{"cards_removed":["Defend_B"],"damage_healed":0,"gold_gain":0,"player_choice":"Card Removal","damage_taken":0,"max_hp_gain":0,"max_hp_loss":0,"event_name":"The Cleric","floor":5,"gold_loss":50},{"damage_healed":0,"gold_gain":0,"player_choice":"Shed Blood","damage_taken":19,"max_hp_gain":5,"max_hp_loss":0,"event_name":"Forgotten Altar","floor":19,"gold_loss":0},{"damage_healed":0,"gold_gain":0,"player_choice":"Obtained Relic","damage_taken":0,"relics_obtained":["Cables"],"max_hp_gain":0,"max_hp_loss":0,"event_name":"Addict","floor":20,"gold_loss":85},{"damage_healed":0,"gold_gain":0,"player_choice":"Ignored","damage_taken":0,"max_hp_gain":0,"max_hp_loss":0,"event_name":"Ghosts","floor":22,"gold_loss":0}],"is_beta":false,"boss_relics":[{"not_picked":["Velvet Choker","Coffee Dripper"],"picked":"Empty Cage"}],"items_purged_floors":[],"is_endless":false,"potions_floor_spawned":[10,11,16,18,21,24],"killed_by":"Chosen and Byrds","ascension_level":0}}