{"host":"foq4mrde4mssg7vt","time":1609617712,"event":{"mods":["AchievementEnabler","BaseMod","Colored Map","Colored Powertips","Highlight Path","Minty Spire (QoL Compilation)","Relic Stats","everything is the same but u backflip on backflip"],"gold_per_floor":[113,123,138,138,149,149,182,182,182,192,207,224,251,53,53,125,125,141,56,75,86,104,104,29,29,29,29,45,45,80,90,90,90,90],"floor_reached":33,"playtime":1281,"items_purged":["Strike_R"],"score":478,"play_id":"e6f9fa82-3a2b-46b8-b5fd-0ce1f3388ba4","local_time":"20210103040152","is_ascension_mode":true,"campfire_choices":[{"data":"Immolate","floor":6.0,"key":"SMITH"},{"data":"Bash","floor":8.0,"key":"SMITH"},{"data":"True Grit","floor":15.0,"key":"SMITH"},{"floor":23,"key":"REST"},{"data":"Feel No Pain","floor":25,"key":"SMITH"},{"data":"Metallicize","floor":27,"key":"SMITH"},{"floor":32,"key":"REST"}],"circlet_count":0,"master_deck":["AscendersBane","Strike_R","Strike_R","Defend_R+1","Defend_R","Defend_R","Defend_R","Bash+1","Immolate+1","Feel No Pain+1","Twin Strike","Pummel","Sentinel","True Grit+1","Flame Barrier","Evolve","Metallicize+1","Fiend Fire","Inflame","Offering+1","CurseOfTheBell","Shrug It Off","Strike_R+1"],"relics":["Burning Blood","Girya","Question Card","Meat on the Bone","Calling Bell","War Paint","Molten Egg 2","Incense Burner","TungstenRod","Ornamental Fan","Ice Cream"],"acts_visited":["Exordium","TheCity"],"potions_floor_usage":[30,31],"damage_taken":[{"damage":0.0,"enemies":"Small Slimes","floor":1.0,"turns":3.0},{"damage":1.0,"enemies":"Cultist","floor":2.0,"turns":3.0},{"damage":12.0,"enemies":"Jaw Worm","floor":3.0,"turns":2.0},{"damage":3.0,"enemies":"Large Slime","floor":5.0,"turns":4.0},{"damage":24.0,"enemies":"Lagavulin","floor":7.0,"turns":6.0},{"damage":5.0,"enemies":"Gremlin Gang","floor":10.0,"turns":3.0},{"damage":0.0,"enemies":"2 Fungi Beasts","floor":11.0,"turns":1.0},{"damage":5.0,"enemies":"Red Slaver","floor":12.0,"turns":5.0},{"damage":29.0,"enemies":"Gremlin Nob","floor":13.0,"turns":4.0},{"damage":18.0,"enemies":"Slime Boss","floor":16.0,"turns":8.0},{"damage":39,"enemies":"Shell Parasite","floor":18,"turns":8},{"damage":5,"enemies":"Chosen","floor":20,"turns":6},{"damage":24,"enemies":"Centurion and Healer","floor":21,"turns":6},{"damage":34,"enemies":"Chosen and Byrds","floor":22,"turns":12},{"damage":13,"enemies":"Shelled Parasite and Fungi","floor":28,"turns":8},{"damage":40,"enemies":"Slavers","floor":30,"turns":5},{"damage":19,"enemies":"Snake Plant","floor":31,"turns":6},{"damage":42,"enemies":"Collector","floor":33,"turns":6}],"seed_played":"7148760019081645071","potions_obtained":[{"floor":2.0,"key":"AttackPotion"},{"floor":7.0,"key":"SneckoOil"},{"floor":10.0,"key":"Explosive Potion"},{"floor":12.0,"key":"AttackPotion"},{"floor":13.0,"key":"SpeedPotion"},{"floor":31,"key":"FearPotion"}],"is_trial":false,"path_per_floor":["M","M","M","?","M","R","E","R","T","M","M","M","E","$","R","B",null,"M","?","M","M","M","R","$","R","T","R","M","?","E","M","R","B"],"character_chosen":"IRONCLAD","items_purchased":["Fiend Fire","Inflame"],"campfire_rested":2,"item_purchase_floors":[14,14],"current_hp_per_floor":[68,68,62,62,65,65,47,47,47,48,54,55,32,32,32,32,59,38,38,51,45,29,49,49,49,49,49,42,42,20,19,39,0,0],"gold":90,"neow_bonus":"THREE_RARE_CARDS","is_daily":false,"chose_seed":false,"campfire_upgraded":5,"win_rate":0.0,"timestamp":1609617712,"path_taken":["M","M","M","?","M","R","E","R","T","?","M","M","E","$","R","BOSS","M","?","M","M","M","R","?","R","T","R","M","?","E","M","R","BOSS"],"items_purchased_type":["Card","Card"],"build_version":"2020-12-22","purchased_purges":1,"victory":false,"max_hp_per_floor":[68,68,68,68,68,68,68,68,68,68,68,68,68,68,68,68,68,68,68,68,68,68,68,68,68,68,68,68,68,68,68,68,68,68],"relic_stats":{"counters":[18,96],"Ornamental Fan":[4],"War Paint":["Defend_R","Offering"],"Question Card":13,"obtain_stats":[{"Calling Bell":17,"Ice Cream":30,"Girya":7,"Ornamental Fan":26,"Molten Egg 2":17,"Incense Burner":17,"War Paint":17,"Question Card":9,"Burning Blood":0,"TungstenRod":19,"Meat on the Bone":13},{"Calling Bell":10,"Ice Cream":16,"Girya":5,"Ornamental Fan":14,"Molten Egg 2":10,"Incense Burner":10,"War Paint":10,"Question Card":5,"Burning Blood":0,"TungstenRod":11,"Meat on the Bone":9},{"Calling Bell":39,"Ice Cream":84,"Girya":18,"Ornamental Fan":71,"Molten Egg 2":39,"Incense Burner":39,"War Paint":39,"Question Card":18,"Burning Blood":0,"TungstenRod":47,"Meat on the Bone":31}],"Burning Blood":91,"TungstenRod":31,"Meat on the Bone":84},"card_choices":[{"not_picked":["Impervious","Bludgeon"],"picked":"Immolate","floor":0.0},{"not_picked":["Iron Wave","Body Slam"],"picked":"Feel No Pain","floor":1.0},{"not_picked":["Carnage","Battle Trance"],"picked":"Twin Strike","floor":2.0},{"not_picked":["Heavy Blade","Perfected Strike"],"picked":"Pummel","floor":3.0},{"not_picked":["Clash","Havoc"],"picked":"Sentinel","floor":5.0},{"not_picked":["Infernal Blade","Pommel Strike","Combust"],"picked":"SKIP","floor":7.0},{"not_picked":["Pommel Strike","Berserk","Reckless Charge"],"picked":"True Grit","floor":10.0},{"not_picked":["Sever Soul","True Grit","Thunderclap"],"picked":"Flame Barrier","floor":11.0},{"not_picked":["Anger","Immolate","Combust"],"picked":"Evolve","floor":12.0},{"not_picked":["Entrench","Iron Wave","Exhume"],"picked":"Metallicize","floor":13.0},{"not_picked":["Berserk","Brutality","Juggernaut"],"picked":"Offering","floor":16.0},{"not_picked":["Entrench","Sword Boomerang+1","Twin Strike+1","Uppercut+1"],"picked":"SKIP","floor":18},{"not_picked":["Pommel Strike+1","Dual Wield","Demon Form","Flex"],"picked":"SKIP","floor":20},{"not_picked":["Uppercut+1","Flex+1","Headbutt+1"],"picked":"Shrug It Off","floor":21},{"not_picked":["Carnage+1","Shrug It Off","Cleave+1","Perfected Strike+1"],"picked":"SKIP","floor":22},{"not_picked":["Fire Breathing","Inflame","Flame Barrier","Body Slam+1"],"picked":"SKIP","floor":28},{"not_picked":["Clash+1","Body Slam+1","Armaments","Intimidate"],"picked":"SKIP","floor":30},{"not_picked":["Havoc+1","Thunderclap+1","True Grit","Sever Soul+1"],"picked":"SKIP","floor":31}],"player_experience":376070,"relics_obtained":[{"floor":7.0,"key":"Girya"},{"floor":9.0,"key":"Question Card"},{"floor":13.0,"key":"Meat on the Bone"},{"floor":17,"key":"War Paint"},{"floor":17,"key":"Molten Egg 2"},{"floor":17,"key":"Incense Burner"},{"floor":26,"key":"Ornamental Fan"},{"floor":30,"key":"Ice Cream"}],"event_choices":[{"cards_removed":["Strike_R"],"damage_healed":0.0,"max_hp_gain":0.0,"max_hp_loss":0.0,"gold_gain":0.0,"event_name":"Bonfire Elementals","player_choice":"Offered Basic","floor":4.0,"gold_loss":0.0,"damage_taken":0.0},{"damage_healed":0,"gold_gain":0,"player_choice":"Obtained Relic","damage_taken":0,"relics_obtained":["TungstenRod"],"max_hp_gain":0,"max_hp_loss":0,"event_name":"Addict","floor":19,"gold_loss":85},{"cards_removed":["Strike_R"],"damage_healed":0,"gold_gain":0,"player_choice":"Took Card","damage_taken":0,"max_hp_gain":0,"max_hp_loss":0,"event_name":"NoteForYourself","floor":29,"gold_loss":0,"cards_obtained":["Strike_R"]}],"is_beta":false,"boss_relics":[{"not_picked":["Empty Cage","Runic Cube"],"picked":"Calling Bell"}],"items_purged_floors":[24],"is_endless":false,"potions_floor_spawned":[2,7,10,12,13,18,31],"killed_by":"Collector","ascension_level":14}}