{"host":"tq7pufgtqftqw8yr","time":1609575731,"event":{"mods":["BaseMod","Downfall","Minty Spire (QoL Compilation)","StSLib"],"gold_per_floor":[99,119,133,143,161,79,79,93,78,3,33,33,18,31,41,138,138,63,76,89,99,99,99,111,123,135,167,179,179,179],"floor_reached":28,"playtime":2102,"items_purged":[],"score":233,"play_id":"23a1d02d-91a1-4024-8906-7d0405cd63ab","local_time":"20210102162211","is_ascension_mode":true,"campfire_choices":[{"floor":1.0,"key":"RECALL"},{"floor":10.0,"key":"REST"},{"floor":12.0,"key":"REST"},{"data":"1","floor":18.0,"key":"LIFT"},{"floor":26.0,"key":"REST"}],"circlet_count":0,"master_deck":["Guardian:Strike_Guardian","Guardian:Strike_Guardian","Guardian:Strike_Guardian","Guardian:Strike_Guardian","Guardian:Defend_Guardian","Guardian:Defend_Guardian","Guardian:Defend_Guardian","Guardian:Defend_Guardian","Guardian:CurlUp","Guardian:TwinSlam","Guardian:Planning","Guardian:ExploitGems","Guardian:EvasiveProtocol","Guardian:Gem_Lightblue","Guardian:Gem_Orange","Guardian:Orbwalk","Guardian:Gem_Crimson","Guardian:FuturePlans","Guardian:GemFinder","CurseOfTheBell","Guardian:Gem_Green","Guardian:Gem_Synthetic","Guardian:TemporalShield+1","Guardian:Gem_Cyan","Guardian:SpikerProtocol","Shame","Guardian:PrismaticBeam"],"relics":["Guardian:ModeShifter","downfall:HeartBlessingRed","Kunai","Calling Bell","Boot","Sundial","Girya","downfall:HeartBlessingBlue","MawBank","Singing Bowl"],"acts_visited":["Exordium","TheCity"],"potions_floor_usage":[28,28],"damage_taken":[{"damage":1.0,"enemies":"Cultist","floor":2.0,"turns":4.0},{"damage":1.0,"enemies":"Jaw Worm","floor":3.0,"turns":5.0},{"damage":5.0,"enemies":"Small Slimes","floor":4.0,"turns":4.0},{"damage":7.0,"enemies":"Blue Slaver","floor":5.0,"turns":3.0},{"damage":0.0,"enemies":"downfall:FleeingMerchant","floor":6.0,"turns":4.0},{"damage":9.0,"enemies":"3 Louse","floor":8.0,"turns":4.0},{"damage":10.0,"enemies":"downfall:FleeingMerchant","floor":9.0,"turns":4.0},{"damage":17.0,"enemies":"3 Sentries","floor":11.0,"turns":10.0},{"damage":15.0,"enemies":"downfall:FleeingMerchant","floor":13.0,"turns":4.0},{"damage":16.0,"enemies":"Gremlin Gang","floor":14.0,"turns":5.0},{"damage":8.0,"enemies":"Large Slime","floor":15.0,"turns":7.0},{"damage":26.0,"enemies":"downfall:Silent","floor":16.0,"turns":8.0},{"damage":10.0,"enemies":"Shell Parasite","floor":19.0,"turns":5.0},{"damage":41.0,"enemies":"Chosen","floor":20.0,"turns":7.0},{"damage":31.0,"enemies":"Snake Plant","floor":21.0,"turns":5.0},{"damage":24.0,"enemies":"Shelled Parasite and Fungi","floor":27.0,"turns":6.0},{"damage":10,"enemies":"Snecko","floor":28,"turns":6}],"seed_played":"-1911194214302560316","potions_obtained":[{"floor":2.0,"key":"Fire Potion"},{"floor":4.0,"key":"Dexterity Potion"},{"floor":5.0,"key":"Strength Potion"},{"floor":11.0,"key":"CultistPotion"},{"floor":21.0,"key":"AttackPotion"}],"is_trial":false,"path_per_floor":["R","M","M","M","M","$","T","M","$","R","E","R","$","M","M","B",null,"R","M","M","M","?","?","T","?","R","M","M"],"character_chosen":"GUARDIAN","items_purchased":["Guardian:Gem_Crimson"],"campfire_rested":3,"item_purchase_floors":[6],"current_hp_per_floor":[80,79,78,73,66,66,66,57,47,71,54,78,63,47,39,13,80,90,80,39,8,8,8,8,8,35,13,3,3,3],"gold":179,"neow_bonus":"RANDOM_COLORLESS","is_daily":false,"chose_seed":false,"campfire_upgraded":0,"win_rate":0.0,"timestamp":1609575731,"path_taken":["R","M","M","M","M","?","T","?","$","R","E","R","?","M","M","BOSS","R","M","M","M","?","?","T","?","R","?","M"],"items_purchased_type":["Card"],"build_version":"2020-12-22","purchased_purges":0,"victory":false,"max_hp_per_floor":[80,80,80,80,80,80,80,80,80,80,80,80,80,80,80,80,80,90,90,90,90,90,90,90,90,90,92,92,92,92],"card_choices":[{"not_picked":["Guardian:Gem_Green","Guardian:FuturePlans"],"picked":"Guardian:Gem_Red","floor":2.0},{"not_picked":["Guardian:PiercingHide","Guardian:TemporalStrike"],"picked":"Guardian:Planning","floor":3.0},{"not_picked":["Guardian:WalkerClaw","Guardian:Emergency"],"picked":"Guardian:Gem_Crimson","floor":4.0},{"not_picked":["Guardian:Orbwalk","Guardian:PrimingBeam"],"picked":"Guardian:ExploitGems","floor":5.0},{"not_picked":["Guardian:PiercingHide","Guardian:ShieldCharger"],"picked":"Guardian:EvasiveProtocol","floor":6.0},{"not_picked":["Guardian:ShieldCharger","Guardian:Repulse"],"picked":"Guardian:Gem_Lightblue","floor":8.0},{"not_picked":["Guardian:Planning","Guardian:Orbwalk"],"picked":"Guardian:Gem_Orange","floor":9.0},{"not_picked":["Guardian:TemporalStrike","Guardian:ChargeCore"],"picked":"Guardian:Orbwalk","floor":11.0},{"not_picked":["Guardian:Harden","Guardian:CrystalBeam"],"picked":"Guardian:Gem_Blue","floor":13.0},{"not_picked":["Guardian:RollAttack","Guardian:Planning"],"picked":"Guardian:Gem_Crimson","floor":14.0},{"not_picked":["Guardian:CrystalBeam","Guardian:Planning"],"picked":"Guardian:FuturePlans","floor":15.0},{"not_picked":["Guardian:RevengeProtocol","Guardian:ConstructionForm"],"picked":"Guardian:GemFinder","floor":16.0},{"not_picked":["Guardian:Gem_Cyan","Guardian:Gem_Lightblue"],"picked":"Guardian:Gem_Green","floor":19.0},{"not_picked":["Guardian:ChargeUp+1","Guardian:VentSteam+1"],"picked":"Guardian:Gem_Synthetic","floor":19.0},{"not_picked":["Guardian:Gem_Lightblue","Guardian:Gem_Green"],"picked":"Guardian:Gem_Red","floor":20.0},{"not_picked":["Guardian:TimeBomb+1","Guardian:Gem_Green"],"picked":"Guardian:TemporalShield+1","floor":20.0},{"not_picked":["Guardian:Gem_Green","Guardian:Gem_Red"],"picked":"Guardian:Gem_Cyan","floor":21.0},{"not_picked":["Guardian:TimeCapacitor","Guardian:Gem_Lightblue"],"picked":"Guardian:SpikerProtocol","floor":21.0},{"not_picked":["Guardian:Gem_Red","Guardian:Gem_Cyan","Guardian:Gem_Green"],"picked":"Singing Bowl","floor":27.0},{"not_picked":["Guardian:Gem_White","Guardian:TemporalShield+1"],"picked":"Guardian:PrismaticBeam","floor":27.0}],"player_experience":814507,"relics_obtained":[{"floor":11.0,"key":"Kunai"},{"floor":17.0,"key":"Boot"},{"floor":17.0,"key":"Sundial"},{"floor":17.0,"key":"Girya"},{"floor":24.0,"key":"Singing Bowl"}],"event_choices":[{"damage_healed":0.0,"max_hp_gain":0.0,"max_hp_loss":0.0,"gold_gain":0.0,"event_name":"Addict","player_choice":"Stole Relic","floor":23.0,"gold_loss":0.0,"damage_taken":0.0,"relics_obtained":["MawBank"],"cards_obtained":["Shame"]},{"damage_healed":0.0,"max_hp_gain":0.0,"max_hp_loss":0.0,"gold_gain":0.0,"event_name":"Ghosts","player_choice":"Ignored","floor":25.0,"gold_loss":0.0,"damage_taken":0.0}],"is_beta":false,"boss_relics":[{"not_picked":["Runic Dome","Guardian:ModeShifterPlus"],"picked":"Calling Bell"}],"items_purged_floors":[],"is_endless":false,"potions_floor_spawned":[2,4,5,11,14,15,21],"killed_by":"Snecko","ascension_level":1}}