{"host":"axuns55dzq466eei","time":1609598073,"event":{"mods":["BaseMod","Colored Map","Keyboard Shortcuts","Minty Spire (QoL Compilation)","StSLib","SuperFastMode"],"gold_per_floor":[111,128,128,143,162,162,122,152,152,202,231,231,250,263,263,336,336,352,364,122,47,47,47,74,92,92,125,125,125,125],"floor_reached":29,"playtime":704,"items_purged":["Strike_G"],"score":646,"play_id":"530c5079-d6c0-43e1-ae06-661ec0aa81e1","local_time":"20210102233433","is_ascension_mode":true,"campfire_choices":[{"data":"Accuracy","floor":6.0,"key":"SMITH"},{"data":"Blade Dance","floor":12.0,"key":"SMITH"},{"floor":15.0,"key":"REST"},{"floor":23.0,"key":"REST"}],"circlet_count":0,"master_deck":["AscendersBane","Strike_G","Strike_G+1","Defend_G","Defend_G","Defend_G","Defend_G","Survivor","Neutralize+1","Blade Dance+1","Well Laid Plans","Accuracy+1","Dagger Throw","Well Laid Plans+1","Grand Finale","Flying Knee","Calculated Gamble","Finesse","Accuracy+1","Backflip","Concentrate"],"relics":["Ring of the Snake","Whetstone","InkBottle","Frozen Egg 2","Cursed Key","Pear","Darkstone Periapt"],"acts_visited":["Exordium","TheCity"],"potions_floor_usage":[],"damage_taken":[{"damage":1.0,"enemies":"Small Slimes","floor":1.0,"turns":5.0},{"damage":0.0,"enemies":"Cultist","floor":2.0,"turns":4.0},{"damage":0.0,"enemies":"2 Louse","floor":4.0,"turns":3.0},{"damage":4.0,"enemies":"Looter","floor":5.0,"turns":4.0},{"damage":17.0,"enemies":"Lagavulin","floor":8.0,"turns":6.0},{"damage":8.0,"enemies":"Gremlin Nob","floor":11.0,"turns":3.0},{"damage":0.0,"enemies":"Blue Slaver","floor":13.0,"turns":2.0},{"damage":18.0,"enemies":"Lots of Slimes","floor":14.0,"turns":4.0},{"damage":0.0,"enemies":"Slime Boss","floor":16.0,"turns":7.0},{"damage":0.0,"enemies":"Chosen","floor":18.0,"turns":5.0},{"damage":18.0,"enemies":"2 Thieves","floor":19.0,"turns":3.0},{"damage":20.0,"enemies":"Book of Stabbing","floor":24.0,"turns":4.0},{"damage":27.0,"enemies":"Cultist and Chosen","floor":25.0,"turns":4.0},{"damage":21.0,"enemies":"Slavers","floor":27.0,"turns":5.0},{"damage":12,"enemies":"Book of Stabbing","floor":29,"turns":3}],"seed_played":"-3236335364401614236","potions_obtained":[{"floor":4.0,"key":"Energy Potion"},{"floor":5.0,"key":"LiquidMemories"},{"floor":13.0,"key":"SpeedPotion"},{"floor":14.0,"key":"DistilledChaos"},{"floor":19.0,"key":"SneckoOil"},{"floor":24.0,"key":"Regen Potion"}],"is_trial":false,"path_per_floor":["M","M","?","M","M","R","?","E","T","?","E","R","M","M","R","B",null,"M","M","$","?","?","R","E","M","T","E","?","E"],"character_chosen":"THE_SILENT","items_purchased":["Finesse","Accuracy+1"],"campfire_rested":2,"item_purchase_floors":[20,20],"current_hp_per_floor":[43,43,48,48,44,44,44,27,27,27,19,19,19,1,20,20,55,55,37,37,37,37,56,46,19,19,12,12,0,0],"gold":125,"neow_bonus":"REMOVE_TWO","is_daily":false,"chose_seed":false,"campfire_upgraded":2,"win_rate":0.0,"timestamp":1609598073,"path_taken":["M","M","?","M","?","R","?","E","T","?","E","R","M","?","R","BOSS","M","M","$","?","?","R","E","M","T","E","?","E"],"items_purchased_type":["Card","Card"],"build_version":"2020-12-22","purchased_purges":1,"victory":false,"max_hp_per_floor":[66,66,66,66,66,66,66,66,66,66,66,66,66,66,66,66,66,66,66,66,66,66,66,76,76,76,76,76,76,76],"card_choices":[{"not_picked":["Endless Agony","Underhanded Strike"],"picked":"Blade Dance","floor":1.0},{"not_picked":["Catalyst","Sucker Punch"],"picked":"Poisoned Stab","floor":2.0},{"not_picked":["Flying Knee","Quick Slash"],"picked":"Well Laid Plans","floor":4.0},{"not_picked":["Flechettes","Storm of Steel"],"picked":"Accuracy","floor":5.0},{"not_picked":["Blade Dance","Flying Knee"],"picked":"Dagger Throw","floor":8.0},{"not_picked":["Poisoned Stab","Deflect"],"picked":"Well Laid Plans+1","floor":11.0},{"not_picked":["Outmaneuver","All Out Attack","Dodge and Roll"],"picked":"SKIP","floor":13.0},{"not_picked":["Acrobatics","Prepared","Dodge and Roll"],"picked":"SKIP","floor":14.0},{"not_picked":["Bullet Time","Wraith Form v2+1"],"picked":"Grand Finale","floor":16.0},{"not_picked":["Quick Slash","Dodge and Roll"],"picked":"Flying Knee","floor":18.0},{"not_picked":["Catalyst","Backstab"],"picked":"Calculated Gamble","floor":19.0},{"not_picked":["Heel Hook","Backstab"],"picked":"Backflip","floor":24.0},{"not_picked":["Dagger Spray","Underhanded Strike","Deflect"],"picked":"SKIP","floor":25.0},{"not_picked":["All Out Attack","Leg Sweep"],"picked":"Concentrate","floor":27.0}],"player_experience":1054386,"relics_obtained":[{"floor":8.0,"key":"Whetstone"},{"floor":9.0,"key":"InkBottle"},{"floor":11.0,"key":"Frozen Egg 2"},{"floor":24.0,"key":"Pear"},{"floor":27.0,"key":"Darkstone Periapt"}],"event_choices":[{"cards_removed":["Poisoned Stab"],"damage_healed":5.0,"max_hp_gain":0.0,"max_hp_loss":0.0,"gold_gain":0.0,"event_name":"Bonfire Elementals","player_choice":"Offered Common","floor":3.0,"gold_loss":0.0,"damage_taken":0.0},{"cards_removed":["Poisoned Stab"],"damage_healed":5.0,"max_hp_gain":0.0,"max_hp_loss":0.0,"gold_gain":0.0,"event_name":"Bonfire Elementals","player_choice":"Offered Special","floor":3.0,"gold_loss":0.0,"damage_taken":0.0},{"damage_healed":0.0,"max_hp_gain":0.0,"max_hp_loss":0.0,"gold_gain":0.0,"event_name":"World of Goop","player_choice":"Left Gold","floor":7.0,"gold_loss":40.0,"damage_taken":0.0},{"damage_healed":0.0,"max_hp_gain":0.0,"max_hp_loss":0.0,"gold_gain":50.0,"event_name":"Golden Shrine","player_choice":"Pray","floor":10.0,"gold_loss":0.0,"damage_taken":0.0},{"cards_removed":["Strike_G"],"damage_healed":0.0,"max_hp_gain":0.0,"max_hp_loss":0.0,"gold_gain":0.0,"event_name":"Beggar","player_choice":"Gave Gold","floor":21.0,"gold_loss":75.0,"damage_taken":0.0},{"damage_healed":0.0,"max_hp_gain":0.0,"max_hp_loss":0.0,"gold_gain":0.0,"event_name":"The Mausoleum","player_choice":"Ignored","floor":22.0,"gold_loss":0.0,"damage_taken":0.0},{"damage_healed":0.0,"max_hp_gain":0.0,"max_hp_loss":0.0,"gold_gain":0.0,"event_name":"Cursed Tome","player_choice":"Ignored","floor":28.0,"gold_loss":0.0,"damage_taken":0.0}],"is_beta":false,"boss_relics":[{"not_picked":["Black Star","Tiny House"],"picked":"Cursed Key"}],"items_purged_floors":[20],"is_endless":false,"potions_floor_spawned":[4,5,13,14,19,24],"killed_by":"Book of Stabbing","ascension_level":20}}