{"host":"p08oqmr389b4tgxi","time":1609547887,"event":{"mods":["Act Like it!","Arknights The Spire","BaseMod","Colored Powertips","Friendly Minions","Gensokyo","Hermit","Minty Spire (QoL Compilation)","Pale of the Ancients","Relic Stats","StSLib","The Alterego","The Marked","UnlockEverythingMod","Yakumo Yukari mod"],"gold_per_floor":[115,135,146,160,177,206,57,57,131,147,166,180,180,198,198,321,321,340,340,361,386,400,400,400,400],"floor_reached":24,"playtime":1011,"items_purged":["ats:Strike G"],"score":206,"play_id":"27c43a76-5df0-4339-b665-9a982e50583c","local_time":"20210102083807","is_ascension_mode":false,"campfire_choices":[{"data":"ats:Burning Ground","floor":8,"key":"SMITH"},{"data":"ats:Guardian Obelisk","floor":15,"key":"SMITH"},{"data":"ats:Healing Strengthening","floor":23,"key":"SMITH"}],"circlet_count":0,"master_deck":["ats:Strike C","ats:Strike S","ats:Strike V","ats:Armor Crushing Shot","ats:Defend","ats:Defend","ats:Defend","ats:Defend","ats:Emotion Absorption","ats:Leaping Hammer","ats:Hammer On","ats:Explosion Area Strengthen","ats:Mental Burst","ats:Sunburst","ats:Burning Ground+1","ats:Ignite","ats:Defend Order","ats:Healing Drone","ats:Guardian Obelisk+1","ats:Healing Strengthening+1"],"relics":["ats:Sanity","NeowsBlessing","ats:Originium","Art of War","Darkstone Periapt","Golden Idol","SacredBark","alterego_mod:SomeoneToFightFor"],"acts_visited":["Exordium","TheCity"],"potions_floor_usage":[6],"damage_taken":[{"damage":0,"enemies":"Cultist","floor":1,"turns":1},{"damage":0,"enemies":"Small Slimes","floor":2,"turns":1},{"damage":0,"enemies":"Jaw Worm","floor":3,"turns":1},{"damage":4,"enemies":"Blue Slaver","floor":4,"turns":3},{"damage":13,"enemies":"3 Louse","floor":5,"turns":3},{"damage":21,"enemies":"Lagavulin","floor":6,"turns":5},{"damage":0,"enemies":"2 Fungi Beasts","floor":10,"turns":2},{"damage":1,"enemies":"Exordium Thugs","floor":11,"turns":3},{"damage":14,"enemies":"Blue Slaver","floor":12,"turns":4},{"damage":14,"enemies":"3 Louse","floor":14,"turns":2},{"damage":23,"enemies":"Slime Boss","floor":16,"turns":8},{"damage":2,"enemies":"Spheric Guardian","floor":18,"turns":3},{"damage":35,"enemies":"Shell Parasite","floor":20,"turns":8},{"damage":34,"enemies":"Chosen and Byrds","floor":21,"turns":6},{"damage":33,"enemies":"Centurion and Healer","floor":22,"turns":9},{"damage":36,"enemies":"3 Cultists","floor":24,"turns":3}],"seed_played":"-2558561024844401285","potions_obtained":[{"floor":3,"key":"Weak Potion"},{"floor":4,"key":"BlessingOfTheForge"},{"floor":5,"key":"FairyPotion"},{"floor":10,"key":"ats:Emergency Sanity Potion"}],"is_trial":false,"path_per_floor":["M","M","M","M","M","E","$","R","T","M","M","M","?","M","R","B",null,"M","?","M","M","M","R","M"],"character_chosen":"DOCTOR_CLASS","items_purchased":["ats:Burning Ground"],"campfire_rested":0,"item_purchase_floors":[7],"current_hp_per_floor":[72,72,72,68,55,34,34,34,34,34,33,19,19,5,5,16,67,67,67,44,30,27,27,0,0],"gold":400,"neow_bonus":"THREE_ENEMY_KILL","is_daily":false,"chose_seed":false,"campfire_upgraded":3,"win_rate":0.0,"timestamp":1609547887,"path_taken":["M","M","?","M","M","E","?","R","T","M","M","M","?","M","R","BOSS","M","?","M","M","M","R","M"],"items_purchased_type":["Card"],"build_version":"2020-12-22","purchased_purges":1,"victory":false,"max_hp_per_floor":[72,72,72,72,72,72,72,72,72,72,72,72,67,67,67,67,67,67,67,67,67,67,67,67,67],"relic_stats":{"Darkstone Periapt":0,"counters":[16,60],"Golden Idol":45,"Art of War":[6],"obtain_stats":[{"Darkstone Periapt":9,"NeowsBlessing":0,"ats:Originium":6,"Golden Idol":13,"SacredBark":17,"Art of War":6,"ats:Sanity":0,"alterego_mod:SomeoneToFightFor":19},{"Darkstone Periapt":6,"NeowsBlessing":0,"ats:Originium":6,"Golden Idol":9,"SacredBark":11,"Art of War":6,"ats:Sanity":0,"alterego_mod:SomeoneToFightFor":12},{"Darkstone Periapt":14,"NeowsBlessing":0,"ats:Originium":14,"Golden Idol":23,"SacredBark":32,"Art of War":14,"ats:Sanity":0,"alterego_mod:SomeoneToFightFor":34}]},"card_choices":[{"not_picked":["ats:Beaten Up","ats:Support Order"],"picked":"ats:Leaping Hammer","floor":1},{"not_picked":["ats:Shadow Raid","ats:Guardian Obelisk"],"picked":"ats:Hammer On","floor":2},{"not_picked":["ats:Steam Pump","ats:Cat Scratch","ats:Collapsing Strike"],"picked":"SKIP","floor":3},{"not_picked":["ats:Shell Defense","ats:Poison Spread"],"picked":"ats:Explosion Area Strengthen","floor":4},{"not_picked":["ats:Flexible Camouflage","ats:Cat Scratch"],"picked":"ats:Mental Burst","floor":5},{"not_picked":["ats:Revitalization","ats:Roar Of Ursus"],"picked":"ats:Sunburst","floor":6},{"not_picked":["ats:Apocalypse","ats:Explosion Area Strengthen"],"picked":"ats:Ignite","floor":10},{"not_picked":["ats:Magnetic Hammer","ats:Curse Doll"],"picked":"ats:Defend Order","floor":11},{"not_picked":["ats:Neurotoxin","ats:Red Shift"],"picked":"ats:Healing Drone","floor":12},{"not_picked":["ats:Curse Doll","ats:Hammer On"],"picked":"ats:Guardian Obelisk","floor":14},{"not_picked":["ats:Rapid Magazine","ats:Assault Order+1","ats:Leaping Hammer"],"picked":"SKIP","floor":18},{"not_picked":["ats:Curse Doll","ats:Leaping Hammer+1","ats:Counter Healing Mode"],"picked":"SKIP","floor":20},{"not_picked":["ats:Spore Proliferation","ats:LN2 Cannon"],"picked":"ats:Healing Strengthening","floor":21},{"not_picked":["ats:Collapsing Strike+1","ats:Explosion Area Strengthen","ats:Thermite Blade"],"picked":"SKIP","floor":22}],"player_experience":7527,"relics_obtained":[{"floor":6,"key":"ats:Originium"},{"floor":6,"key":"Art of War"},{"floor":9,"key":"Darkstone Periapt"}],"event_choices":[{"damage_healed":0,"gold_gain":0,"player_choice":"Lose Max HP","damage_taken":0,"relics_obtained":["Golden Idol"],"max_hp_gain":0,"max_hp_loss":5,"event_name":"Golden Idol","floor":13,"gold_loss":0},{"damage_healed":0,"gold_gain":0,"player_choice":"Choice 2","damage_taken":0,"relics_obtained":["alterego_mod:SomeoneToFightFor"],"max_hp_gain":0,"max_hp_loss":0,"event_name":"°®µÄÉñÊ¥»¨Ô°","floor":19,"gold_loss":0}],"is_beta":false,"boss_relics":[{"not_picked":["Coffee Dripper","Calling Bell"],"picked":"SacredBark"}],"items_purged_floors":[7],"is_endless":false,"potions_floor_spawned":[3,4,5,10,12,18,20],"killed_by":"3 Cultists","ascension_level":0}}