{"host":"by2xx8ri294xcjpl","time":1609603052,"event":{"mods":["BaseMod","Minty Spire (QoL Compilation)","StSLib"],"gold_per_floor":[118,118,118,118,19,49,49,123,123,157,14,30,44,60,60,165,165,183,202,212,302,314,340,62,62,62,90,101,101,111,111,111,208,208,218,268,322,322,341,341,354,52,52,62,79,79,7,17,17,17],"floor_reached":51,"playtime":2476,"items_purged":["Writhe"],"score":772,"play_id":"0188e205-6f7d-47b2-b58b-371be01765e0","local_time":"20210102235732","is_ascension_mode":false,"campfire_choices":[{"data":"Armaments","floor":7,"key":"SMITH"},{"data":"Uppercut","floor":15,"key":"SMITH"},{"data":"Demon Form","floor":25,"key":"SMITH"},{"floor":32,"key":"REST"},{"data":"Berserk","floor":40,"key":"SMITH"},{"floor":46,"key":"REST"},{"data":"Brutality","floor":49,"key":"SMITH"}],"circlet_count":0,"master_deck":["Strike_R","Strike_R","Strike_R","Defend_R","Defend_R+1","Defend_R+1","Defend_R","Bash","Pommel Strike","Armaments+1","Flex","Double Tap","Perfected Strike","Perfected Strike","Uppercut+1","Flame Barrier","Feed","Disarm","Infernal Blade+1","Blood for Blood+1","Flex","Demon Form+1","Bloodletting","Ghostly Armor+1","Clash+1","Iron Wave+1","Berserk+1","Combust+1","Brutality+1","Apotheosis","Reaper+1","Pummel+1"],"relics":["Burning Blood","Pear","Regal Pillow","Sundial","Darkstone Periapt","Orichalcum","Lee\u0027s Waffle","SlaversCollar","Bronze Scales","Kunai","Ornamental Fan","Molten Egg 2","Runic Cube","TungstenRod","Ice Cream","Eternal Feather"],"acts_visited":["Exordium","TheCity","TheBeyond"],"potions_floor_usage":[23,23,27,37,45,45,48,48,50,50],"damage_taken":[{"damage":5,"enemies":"Small Slimes","floor":1,"turns":5},{"damage":26,"enemies":"3 Sentries","floor":6,"turns":12},{"damage":16,"enemies":"Lagavulin","floor":10,"turns":6},{"damage":6,"enemies":"Jaw Worm","floor":12,"turns":3},{"damage":0,"enemies":"2 Louse","floor":13,"turns":2},{"damage":4,"enemies":"Looter","floor":14,"turns":2},{"damage":32,"enemies":"The Guardian","floor":16,"turns":7},{"damage":7,"enemies":"Chosen","floor":18,"turns":5},{"damage":6,"enemies":"Shell Parasite","floor":19,"turns":4},{"damage":15,"enemies":"Chosen and Byrds","floor":20,"turns":7},{"damage":18,"enemies":"Shelled Parasite and Fungi","floor":22,"turns":5},{"damage":15,"enemies":"Gremlin Leader","floor":23,"turns":6},{"damage":29,"enemies":"Slavers","floor":27,"turns":4},{"damage":10,"enemies":"Centurion and Healer","floor":28,"turns":7},{"damage":5,"enemies":"Snecko","floor":30,"turns":3},{"damage":62,"enemies":"Champ","floor":33,"turns":9},{"damage":6,"enemies":"3 Shapes","floor":35,"turns":4},{"damage":11,"enemies":"Mind Bloom Boss Battle","floor":36,"turns":7},{"damage":31,"enemies":"2 Orb Walkers","floor":37,"turns":4},{"damage":12,"enemies":"Orb Walker","floor":39,"turns":4},{"damage":18,"enemies":"Maw","floor":41,"turns":6},{"damage":59,"enemies":"Spire Growth","floor":44,"turns":6},{"damage":26,"enemies":"Sphere and 2 Shapes","floor":45,"turns":6},{"damage":43,"enemies":"Writhing Mass","floor":48,"turns":5},{"damage":89,"enemies":"Awakened One","floor":50,"turns":8}],"seed_played":"-7171952548408385154","potions_obtained":[{"floor":10,"key":"Regen Potion"},{"floor":12,"key":"LiquidMemories"},{"floor":18,"key":"Block Potion"},{"floor":23,"key":"Strength Potion"},{"floor":30,"key":"BloodPotion"},{"floor":41,"key":"EntropicBrew"},{"floor":45,"key":"BloodPotion"}],"is_trial":false,"path_per_floor":["M","?","?","T","$","E","R","T","T","E","$","M","M","M","R","B",null,"M","M","M","?","M","E","$","R","T","E","M","?","M","$","R","B",null,"M","?","?","?","M","R","M","$","T","M","M","R","$","M","R","B",null],"character_chosen":"IRONCLAD","items_purchased":["Armaments","Flex","Lee\u0027s Waffle","Kunai","Bloodletting","Apotheosis","Block Potion","Pummel+1"],"campfire_rested":2,"item_purchase_floors":[5,5,11,24,24,42,42,47],"current_hp_per_floor":[80,73,57,67,67,47,47,47,47,37,97,97,97,97,97,71,97,96,99,93,81,69,74,74,74,74,51,47,47,48,48,93,37,103,106,101,76,109,103,103,91,91,91,38,40,106,106,94,112,53],"gold":17,"neow_bonus":"","is_daily":false,"chose_seed":false,"campfire_upgraded":5,"win_rate":0.0,"timestamp":1609603052,"path_taken":["M","?","?","?","$","E","R","?","T","E","?","M","M","?","R","BOSS","M","M","M","?","M","E","?","R","T","E","M","?","?","?","R","BOSS","M","?","?","?","M","R","?","$","T","M","?","R","?","M","R","BOSS"],"items_purchased_type":["Card","Card","Relic","Relic","Card","Card","Potion","Card"],"build_version":"2020-12-22","purchased_purges":1,"victory":true,"max_hp_per_floor":[80,80,80,90,90,90,90,90,90,90,97,97,97,97,97,97,97,97,100,103,103,103,103,103,103,103,103,103,103,103,103,103,103,103,106,106,106,112,112,112,112,112,112,112,112,112,112,115,115,115],"card_choices":[{"not_picked":["Thunderclap","Iron Wave"],"picked":"Pommel Strike","floor":1},{"not_picked":["Thunderclap","Dropkick"],"picked":"Double Tap","floor":6},{"not_picked":["Shrug It Off","Dark Embrace"],"picked":"Perfected Strike","floor":10},{"not_picked":["Twin Strike","Burning Pact"],"picked":"Perfected Strike","floor":12},{"not_picked":["Anger","Dual Wield"],"picked":"Uppercut","floor":13},{"not_picked":["Rupture","Anger"],"picked":"Flame Barrier","floor":14},{"not_picked":["Barricade","Corruption"],"picked":"Feed","floor":16},{"not_picked":["Battle Trance","Headbutt"],"picked":"Disarm","floor":18},{"not_picked":["Perfected Strike+1","Fire Breathing"],"picked":"Infernal Blade+1","floor":19},{"not_picked":["Headbutt","Shrug It Off"],"picked":"Blood for Blood+1","floor":20},{"not_picked":["Headbutt+1","Body Slam"],"picked":"Flex","floor":22},{"not_picked":["Flame Barrier","Blood for Blood"],"picked":"Demon Form","floor":23},{"not_picked":["Clothesline+1","Body Slam+1"],"picked":"Ghostly Armor+1","floor":27},{"not_picked":["Body Slam+1","Pommel Strike+1"],"picked":"Clash+1","floor":28},{"not_picked":["Clothesline+1","Headbutt+1","Thunderclap+1"],"picked":"SKIP","floor":30},{"not_picked":["Double Tap","Reaper+1"],"picked":"Berserk","floor":33},{"not_picked":["Headbutt+1","Flame Barrier","Battle Trance"],"picked":"SKIP","floor":35},{"not_picked":["True Grit","Dark Embrace+1"],"picked":"Combust+1","floor":37},{"not_picked":["Shrug It Off","Carnage+1","Warcry"],"picked":"SKIP","floor":39},{"not_picked":["Pommel Strike+1","Thunderclap+1"],"picked":"Brutality","floor":41},{"not_picked":["Shrug It Off+1","Cleave+1","Sword Boomerang+1"],"picked":"SKIP","floor":44},{"not_picked":["Carnage+1","Clothesline+1"],"picked":"Reaper+1","floor":45},{"not_picked":["Dark Embrace+1","Shockwave","Clash+1"],"picked":"SKIP","floor":48}],"player_experience":0,"relics_obtained":[{"floor":4,"key":"Pear"},{"floor":6,"key":"Regal Pillow"},{"floor":8,"key":"Sundial"},{"floor":9,"key":"Darkstone Periapt"},{"floor":10,"key":"Orichalcum"},{"floor":23,"key":"Bronze Scales"},{"floor":26,"key":"Ornamental Fan"},{"floor":27,"key":"Molten Egg 2"},{"floor":36,"key":"TungstenRod"},{"floor":37,"key":"Ice Cream"},{"floor":43,"key":"Eternal Feather"}],"event_choices":[{"cards_removed":["Strike_R"],"damage_healed":0,"gold_gain":0,"player_choice":"Card Removal","damage_taken":7,"max_hp_gain":0,"max_hp_loss":0,"event_name":"Golden Wing","floor":2,"gold_loss":0},{"damage_healed":0,"gold_gain":0,"player_choice":"Entered Light","damage_taken":16,"max_hp_gain":0,"max_hp_loss":0,"event_name":"Shining Light","floor":3,"gold_loss":0,"cards_upgraded":["Defend_R","Defend_R"]},{"damage_healed":0,"gold_gain":90,"player_choice":"GOLD ","damage_taken":12,"max_hp_gain":0,"max_hp_loss":0,"event_name":"Knowing Skull","floor":21,"potions_obtained":[],"gold_loss":0,"cards_obtained":[]},{"cards_removed":["Strike_R"],"damage_healed":0,"gold_gain":0,"player_choice":"Took Card","damage_taken":0,"max_hp_gain":0,"max_hp_loss":0,"event_name":"NoteForYourself","floor":29,"gold_loss":0,"cards_obtained":["Iron Wave"]},{"damage_healed":0,"gold_gain":0,"player_choice":"Fight","damage_taken":0,"max_hp_gain":0,"max_hp_loss":0,"event_name":"MindBloom","floor":36,"gold_loss":0},{"damage_healed":0,"gold_gain":0,"player_choice":"Fight","damage_taken":0,"max_hp_gain":0,"max_hp_loss":0,"event_name":"Mysterious Sphere","floor":37,"gold_loss":0},{"damage_healed":27,"gold_gain":0,"player_choice":"Writhe","damage_taken":0,"max_hp_gain":0,"max_hp_loss":0,"event_name":"Winding Halls","floor":38,"gold_loss":0,"cards_obtained":["Writhe"]}],"is_beta":false,"boss_relics":[{"not_picked":["Ectoplasm","Busted Crown"],"picked":"SlaversCollar"},{"not_picked":["Astrolabe","Black Star"],"picked":"Runic Cube"}],"items_purged_floors":[42],"is_endless":false,"potions_floor_spawned":[10,12,18,20,23,30,41,44,45],"ascension_level":0}}