{"host":"1a0tas65lso7aoyx","time":1609569856,"event":{"mods":["Arknights The Spire","BaseMod","Hermit","Koishi","Lobotomy","Marisa£¨Ùöéë¡¡Øª×âÞÞ£©","Minty Spire (QoL Compilation)","READ ME - Guardian Mod","StSLib","Td1madao Mod","The Bug Knight","The Cursed","The Dragon Tamer","The Gatherer","The Hierophant","The Runesmith","Uncapped"],"gold_per_floor":[50000,50010,49205,49218,49218,49218,49188,49146,49146,49146,49157,49157,47963,47983,47983,48083,48083,48083,48083],"floor_reached":18,"playtime":1013,"items_purged":["ats:Strike V","ats:Defend"],"score":158,"play_id":"eae5bed1-c81d-469f-a657-c5cf5f223db0","local_time":"20210102154416","is_ascension_mode":true,"campfire_choices":[{"data":"ats:Part Time Job","floor":6,"key":"SMITH"},{"data":"ats:Defend Order","floor":15,"key":"SMITH"}],"circlet_count":0,"master_deck":["ats:Strike C","ats:Strike G","ats:Armor Crushing Shot","ats:Defend","ats:Emotion Absorption","ats:Revitalization","ats:Part Time Job+1","ats:Shell Defense","ats:Apocalypse","Sadistic Nature","ats:Defend Order+1","ats:Dogmatic Field"],"relics":["ats:Sanity","ats:Rhine Circuitry","Vajra","OrangePellets","Lizard Tail","Ice Cream","ats:Assault","FossilizedHelix","Runesmith:Nanobots","Black Star"],"acts_visited":["Exordium","TheCity"],"potions_floor_usage":[11,11,11,11,11,14,14,14,14,16,16],"damage_taken":[{"damage":12,"enemies":"Small Slimes","floor":1,"turns":3},{"damage":1,"enemies":"Cultist","floor":2,"turns":4},{"damage":7,"enemies":"2 Louse","floor":4,"turns":4},{"damage":5,"enemies":"Looter","floor":7,"turns":4},{"damage":27,"enemies":"Exordium Wildlife","floor":11,"turns":6},{"damage":14,"enemies":"Gremlin Gang","floor":14,"turns":3},{"damage":145,"enemies":"Slime Boss","floor":16,"turns":19},{"damage":5,"enemies":"Shell Parasite","floor":18,"turns":3}],"seed_played":"-9198548273838500121","potions_obtained":[{"floor":2,"key":"EntropicBrew"},{"floor":14,"key":"Energy Potion"},{"floor":16,"key":"FearPotion"}],"is_trial":false,"path_per_floor":["M","M","$","M","?","R","M","?","T","?","M","?","$","M","R","B",null,"M"],"character_chosen":"DOCTOR_CLASS","items_purchased":["ats:Rhine Circuitry","Vajra","OrangePellets","ats:Revitalization","ats:Part Time Job","Regen Potion","EssenceOfSteel","ats:Assault","FossilizedHelix","Runesmith:Nanobots","ats:Apocalypse","EntropicBrew","ColorlessPotion","Sadistic Nature"],"campfire_rested":0,"item_purchase_floors":[3,3,3,3,3,3,3,13,13,13,13,13,13,13],"current_hp_per_floor":[60,59,59,58,46,46,51,51,51,51,60,60,60,62,62,22,72,68,68],"gold":48083,"neow_bonus":"REMOVE_TWO","is_daily":false,"chose_seed":false,"campfire_upgraded":2,"win_rate":0.0,"timestamp":1609569856,"path_taken":["M","M","$","M","?","R","M","?","T","?","M","?","$","M","R","BOSS","M"],"items_purchased_type":["Relic","Relic","Relic","Card","Card","Potion","Potion","Relic","Relic","Relic","Card","Potion","Potion","Card"],"build_version":"2020-12-22","purchased_purges":2,"victory":false,"max_hp_per_floor":[72,72,72,72,72,72,72,72,72,72,72,72,72,72,72,72,72,72,72],"card_choices":[{"not_picked":["ats:Curse Doll","ats:Childhood Dance","ats:Hammer On"],"picked":"SKIP","floor":1},{"not_picked":["ats:Poison Spread","ats:Very Hot Blade","ats:Childhood Dance"],"picked":"SKIP","floor":2},{"not_picked":["ats:Hammer On","ats:Curse Doll"],"picked":"ats:Shell Defense","floor":4},{"not_picked":["ats:Curse Doll","ats:Childhood Dance","ats:Burning Ground"],"picked":"SKIP","floor":7},{"not_picked":["ats:Support Order","ats:Nebulous Foxfire","ats:Hook Shot"],"picked":"SKIP","floor":11},{"not_picked":["ats:Powerful Strike","ats:Song Of Battle"],"picked":"ats:Defend Order","floor":14},{"not_picked":["ats:Wolf Pack","ats:Ambush"],"picked":"ats:Dogmatic Field","floor":16}],"player_experience":677783,"relics_obtained":[{"floor":9,"key":"Ice Cream"}],"event_choices":[{"damage_healed":0,"gold_gain":0,"player_choice":"Success","damage_taken":12,"relics_obtained":["Lizard Tail"],"max_hp_gain":0,"max_hp_loss":0,"event_name":"Scrap Ooze","floor":5,"gold_loss":0},{"damage_healed":0,"gold_gain":0,"player_choice":"Left Gold","damage_taken":0,"max_hp_gain":0,"max_hp_loss":0,"event_name":"World of Goop","floor":8,"gold_loss":42},{"damage_healed":0,"gold_gain":0,"player_choice":"Ignored","damage_taken":0,"max_hp_gain":0,"max_hp_loss":0,"event_name":"Liars Game","floor":10,"gold_loss":0},{"cards_removed":["ats:Defend"],"damage_healed":0,"gold_gain":0,"player_choice":"Purged","damage_taken":0,"max_hp_gain":0,"max_hp_loss":0,"event_name":"Purifier","floor":12,"gold_loss":0}],"is_beta":false,"boss_relics":[{"not_picked":["Snecko Eye","Velvet Choker"],"picked":"Black Star"}],"items_purged_floors":[3,13],"is_endless":false,"potions_floor_spawned":[2,14,16],"killed_by":"Shell Parasite","ascension_level":1}}