{"host":"6pcojuaa041y50xg","time":1609600711,"event":{"mods":["2.2 Compatiblity","Act Like it!","Arknights The Spire","BaseMod","Better Match","Better Third Choice","BetterRewards","ChefMod","Colored Powertips","Conspire","Ekko","GifTheSpireLib","Halation","Hallownest","Hermit","Hubris","Infinite Spire","Mad Scientist","Minty Spire (QoL Compilation)","Pale of the Ancients","Rare Cards Sparkle","StSLib","Stuff the Spire","SuperFastMode","The Animator","The Bladedancer","The Bug Knight","The Factory","The Gatherer","The IronCluck","The Judge","The Jungle","The Marked","The Runesmith","The Servant 0.9.4","The Valiant","The Witch","TheSwordswoman","Trackpad","Wandering Minibosses","everything is the same but u backflip on backflip","vexMod"],"gold_per_floor":[115,135,65,65,78,108,108,128,154,166,153,153,167,167,167,270,270,282,300,18,18,32,32,32],"floor_reached":23,"playtime":1224,"items_purged":[],"score":195,"play_id":"a860c461-fa16-42f4-96e6-f04ad7e317b4","local_time":"20210102071831","is_ascension_mode":false,"campfire_choices":[{"data":"hermit:EyeOfTheStorm","floor":7,"key":"SMITH"},{"floor":15,"key":"REST"}],"circlet_count":0,"master_deck":["hermit:Strike_Hermit","hermit:Strike_Hermit","hermit:Strike_Hermit","hermit:Strike_Hermit","hermit:Defend_Hermit","hermit:Defend_Hermit","hermit:Defend_Hermit","hermit:Defend_Hermit","hermit:Snapshot","hermit:Covet","Trip","hermit:BigShot+1","hermit:Headshot+1","hermit:Enervate+1","hermit:EyeOfTheStorm+1","hermit:ItchyTrigger+1","hermit:Vantage+1","hermit:Dive+1","hermit:TrackingShot+1","hermit:Ricochet","Shame"],"relics":["hermit:Momento","infinitespire:Satchel","Boot","hubris:Towel","vexMod:ImprovementManual","Pantograph","trackpad:BottledTsunami"],"acts_visited":["Exordium","TheCity"],"potions_floor_usage":[10,11,18,18,22],"damage_taken":[{"damage":2,"enemies":"2 Louse","floor":1,"turns":3},{"damage":0,"enemies":"Small Slimes","floor":2,"turns":3},{"damage":6,"enemies":"Jaw Worm","floor":5,"turns":2},{"damage":34,"enemies":"3 Sentries","floor":6,"turns":9},{"damage":5,"enemies":"Exordium Thugs","floor":8,"turns":3},{"damage":0,"enemies":"Exordium Wildlife","floor":10,"turns":2},{"damage":8,"enemies":"Large Slime","floor":11,"turns":7},{"damage":0,"enemies":"2 Fungi Beasts","floor":13,"turns":2},{"damage":31,"enemies":"Hexaghost","floor":16,"turns":8},{"damage":24,"enemies":"3 Byrds","floor":18,"turns":7},{"damage":16,"enemies":"Shell Parasite","floor":19,"turns":4},{"damage":21,"enemies":"Centurion and Healer","floor":22,"turns":4},{"damage":28,"enemies":"Book of Stabbing","floor":23,"turns":2}],"seed_played":"108606511900159979","potions_obtained":[{"floor":6,"key":"Explosive Potion"},{"floor":8,"key":"ColorlessPotion"},{"floor":11,"key":"Energy Potion"},{"floor":16,"key":"Weak Potion"},{"floor":18,"key":"Regen Potion"}],"is_trial":false,"path_per_floor":["M","M","$","?","M","E","R","M","T","M","M","?","M","?","R","B",null,"M","M","$","?","M","E"],"character_chosen":"HERMIT","items_purchased":["hermit:Enervate","hermit:Ricochet","Pantograph"],"campfire_rested":1,"item_purchase_floors":[3,20,20],"current_hp_per_floor":[73,73,73,73,67,33,33,28,28,28,20,20,20,20,42,11,75,51,35,35,35,26,0,0],"gold":32,"neow_bonus":"RANDOM_COLORLESS","is_daily":false,"chose_seed":false,"campfire_upgraded":1,"win_rate":0.0,"timestamp":1609600711,"path_taken":["M","M","$","?","M","E","R","M","T","M","M","?","M","?","R","BOSS","M","M","$","?","M","E"],"items_purchased_type":["Card","Card","Relic"],"build_version":"2020-12-22","purchased_purges":0,"victory":false,"max_hp_per_floor":[75,75,75,75,75,75,75,75,75,75,75,75,75,75,75,75,75,75,75,75,75,75,75,75],"card_choices":[{"not_picked":["Forethought","StuffTheSpire:FreeRealEstate"],"picked":"Trip","floor":0},{"not_picked":["hermit:CalledShot","hermit:TakeAim"],"picked":"hermit:BigShot","floor":1},{"not_picked":["hermit:Brawl","hermit:Feint"],"picked":"hermit:Headshot","floor":2},{"not_picked":["hermit:Desperado","hermit:Roulette"],"picked":"hermit:EyeOfTheStorm","floor":5},{"not_picked":["hermit:Roulette","hermit:Malice","hermit:FromBeyond"],"picked":"SKIP","floor":6},{"not_picked":["hermit:Quickdraw","hermit:Ricochet"],"picked":"hermit:ItchyTrigger","floor":8},{"not_picked":["hermit:BigShot","hermit:Malice"],"picked":"hermit:Vantage","floor":10},{"not_picked":["hermit:HighCaliber","hermit:GoldenBullet","hermit:Quickdraw"],"picked":"SKIP","floor":11},{"not_picked":["hermit:SprayPray","hermit:Manifest"],"picked":"hermit:Dive","floor":13},{"not_picked":["hermit:Snipe","hermit:GoldenBullet"],"picked":"hermit:TrackingShot+1","floor":18},{"not_picked":["hermit:LowProfile+1","hermit:Manifest+1","hermit:DeadMansHand"],"picked":"SKIP","floor":19},{"not_picked":["hermit:ItchyTrigger","hermit:Manifest","hermit:ShadowCloak"],"picked":"SKIP","floor":22}],"player_experience":497272,"relics_obtained":[{"floor":6,"key":"hubris:MedicalManual"},{"floor":9,"key":"infinitespire:Satchel"},{"floor":12,"key":"Boot"}],"event_choices":[{"damage_healed":0,"gold_gain":0,"player_choice":"Stole Relic","damage_taken":0,"relics_obtained":["trackpad:BottledTsunami"],"max_hp_gain":0,"max_hp_loss":0,"event_name":"Addict","floor":21,"gold_loss":0,"cards_obtained":["Shame"]}],"is_beta":false,"boss_relics":[{"not_picked":["vexMod:NewClearReactor","hermit:DentedPlate"],"picked":"vexMod:ImprovementManual"}],"items_purged_floors":[],"is_endless":false,"potions_floor_spawned":[6,8,11,16,18],"killed_by":"Book of Stabbing","ascension_level":0}}