{"host":"Bilverbakes","time":1609552615,"event":{"mods":["2.2 Compatiblity","AchievementEnabler","BaseMod","Bestiary","Colored Map","Minty Spire (QoL Compilation)","Relic Stats","StSLib","ojb\u0027s Info Mod"],"gold_per_floor":[115,115,133,283,68,68,95,95,95,124,143,156,181,200,200,273,273,289,316,316,125,135,135,205,55,55,66,92,15,15,15,15,93,93,107,132,132,55,68,99,118,151,151,151,151,199,421,435,435,435,435,435,93,118,118],"floor_reached":56,"playtime":3668,"items_purged":["Doubt","Writhe","Strike_G"],"score":2585,"play_id":"bb6acdad-02f9-4827-833b-626608081354","local_time":"20210101195655","is_ascension_mode":true,"campfire_choices":[{"data":"Neutralize","floor":6.0,"key":"SMITH"},{"data":"Finisher","floor":8.0,"key":"SMITH"},{"data":"Caltrops","floor":15.0,"key":"SMITH"},{"data":"After Image","floor":23.0,"key":"SMITH"},{"data":"Well Laid Plans","floor":30.0,"key":"SMITH"},{"data":"Footwork","floor":32.0,"key":"SMITH"},{"data":"Regret","floor":45.0,"key":"PURGE"},{"floor":49.0,"key":"RECALL"},{"floor":52.0,"key":"REST"}],"circlet_count":0,"master_deck":["AscendersBane","Strike_G","Strike_G","Strike_G","Defend_G","Defend_G","Defend_G","Defend_G","Survivor","Neutralize+1","Finisher+1","Masterful Stab","Backstab","Footwork+1","Deadly Poison+1","Leg Sweep+1","After Image+1","Caltrops+1","Prepared+1","Night Terror+1","Blur+1","Deflect+1","Catalyst+1","Dodge and Roll+1","Backflip+1","Phantasmal Killer+1","Backflip+1","Blade Dance+1","Backflip+1","Well Laid Plans+1","Corpse Explosion+1","PiercingWail+1","Thinking Ahead+1","Thinking Ahead+1","Catalyst+1","Cloak And Dagger+1","Crippling Poison+1","Backflip+1","Acrobatics+1","Cloak And Dagger+1"],"relics":["Ring of the Snake","NeowsBlessing","Toxic Egg 2","Toy Ornithopter","Gremlin Horn","Bag of Marbles","Cursed Key","Red Mask","HornCleat","Blood Vial","Peace Pipe","Mummified Hand","Fusion Hammer","Calipers","Dream Catcher","Kunai","The Specimen","OrangePellets","Bronze Scales","Ninja Scroll"],"acts_visited":["Exordium","TheCity","TheBeyond","TheEnding"],"potions_floor_usage":[55],"damage_taken":[{"damage":0.0,"enemies":"2 Louse","floor":1.0,"turns":1.0},{"damage":0.0,"enemies":"Small Slimes","floor":3.0,"turns":1.0},{"damage":0.0,"enemies":"Gremlin Nob","floor":7.0,"turns":1.0},{"damage":15.0,"enemies":"Lagavulin","floor":10.0,"turns":5.0},{"damage":0.0,"enemies":"Jaw Worm","floor":11.0,"turns":2.0},{"damage":0.0,"enemies":"Blue Slaver","floor":12.0,"turns":2.0},{"damage":1.0,"enemies":"3 Sentries","floor":13.0,"turns":11.0},{"damage":0.0,"enemies":"2 Fungi Beasts","floor":14.0,"turns":2.0},{"damage":11.0,"enemies":"Hexaghost","floor":16.0,"turns":9.0},{"damage":0.0,"enemies":"3 Byrds","floor":18.0,"turns":3.0},{"damage":5.0,"enemies":"Masked Bandits","floor":19.0,"turns":5.0},{"damage":0.0,"enemies":"Spheric Guardian","floor":22.0,"turns":4.0},{"damage":7.0,"enemies":"Slavers","floor":24.0,"turns":10.0},{"damage":2.0,"enemies":"Snecko","floor":27.0,"turns":7.0},{"damage":0.0,"enemies":"Gremlin Leader","floor":28.0,"turns":4.0},{"damage":0.0,"enemies":"Collector","floor":33.0,"turns":8.0},{"damage":0.0,"enemies":"3 Shapes","floor":35.0,"turns":5.0},{"damage":7.0,"enemies":"Mind Bloom Boss Battle","floor":36.0,"turns":5.0},{"damage":0.0,"enemies":"Orb Walker","floor":39.0,"turns":4.0},{"damage":0.0,"enemies":"Nemesis","floor":40.0,"turns":3.0},{"damage":0.0,"enemies":"Transient","floor":41.0,"turns":6.0},{"damage":0.0,"enemies":"Reptomancer","floor":42.0,"turns":4.0},{"damage":0.0,"enemies":"2 Orb Walkers","floor":46.0,"turns":3.0},{"damage":0.0,"enemies":"Jaw Worm Horde","floor":48.0,"turns":2.0},{"damage":25.0,"enemies":"Awakened One","floor":50.0,"turns":11.0},{"damage":4.0,"enemies":"Shield and Spear","floor":54.0,"turns":4.0},{"damage":0,"enemies":"The Heart","floor":55,"turns":9}],"seed_played":"-5868277854009306007","potions_obtained":[{"floor":1.0,"key":"PowerPotion"},{"floor":12.0,"key":"Swift Potion"},{"floor":13.0,"key":"FearPotion"},{"floor":19.0,"key":"ColorlessPotion"},{"floor":24.0,"key":"SpeedPotion"},{"floor":28.0,"key":"AttackPotion"},{"floor":36.0,"key":"BlessingOfTheForge"},{"floor":40.0,"key":"GhostInAJar"}],"is_trial":false,"path_per_floor":["M","?","M","?","$","R","E","R","T","E","M","M","E","M","R","B",null,"M","?","?","$","M","R","E","$","T","M","E","$","R","?","R","B",null,"M","?","?","$","M","E","M","E","T","?","R","?","?","M","R","B",null,"R","$","E","B",null],"character_chosen":"THE_SILENT","items_purchased":["Backstab","Poison Potion","Catalyst+1","Dodge and Roll+1","Backflip+1","Well Laid Plans","Catalyst+1","OrangePellets","Bronze Scales"],"campfire_rested":1,"item_purchase_floors":[5,5,21,21,25,29,38,53,53],"current_hp_per_floor":[59,52,52,52,52,52,52,52,52,42,42,42,46,46,46,40,60,60,55,55,55,55,55,53,53,53,53,60,60,60,60,60,66,66,66,59,54,54,56,58,60,62,62,62,62,64,64,66,66,41,60,66,66,62,66],"gold":118,"neow_bonus":"THREE_ENEMY_KILL","is_daily":false,"chose_seed":false,"campfire_upgraded":6,"win_rate":0.0,"timestamp":1609552615,"path_taken":["M","?","M","?","?","R","E","R","T","E","M","M","E","M","R","BOSS","M","?","?","$","M","R","E","$","T","?","E","?","R","?","R","BOSS","M","?","?","$","M","E","M","E","T","?","R","?","?","M","R","BOSS","R","$","E","BOSS"],"items_purchased_type":["Card","Potion","Card","Card","Card","Card","Card","Relic","Relic"],"build_version":"2020-12-18","purchased_purges":3,"victory":true,"max_hp_per_floor":[66,66,66,66,66,66,66,66,66,66,66,66,66,66,66,66,66,66,66,66,66,66,66,66,66,66,66,66,66,66,66,66,66,66,66,66,66,66,66,66,66,66,66,66,66,66,66,66,66,66,66,66,66,66,66],"relic_stats":{"Gremlin Horn":[25,25],"counters":[27,131],"Cursed Key":2,"Blood Vial":20,"Peace Pipe":1,"OrangePellets":[4],"Dream Catcher":1,"Mummified Hand":[48],"Bronze Scales":[102],"Kunai":[11],"obtain_stats":[{"Calipers":36,"NeowsBlessing":0,"Gremlin Horn":10,"The Specimen":46,"Cursed Key":17,"Blood Vial":24,"Peace Pipe":26,"OrangePellets":53,"Dream Catcher":40,"HornCleat":20,"Mummified Hand":28,"Ninja Scroll":54,"Bronze Scales":53,"Fusion Hammer":34,"Bag of Marbles":13,"Red Mask":19,"Kunai":42,"Toxic Egg 2":7,"Toy Ornithopter":9,"Ring of the Snake":0},{"Calipers":18,"NeowsBlessing":0,"Gremlin Horn":4,"The Specimen":23,"Cursed Key":9,"Blood Vial":13,"Peace Pipe":13,"OrangePellets":25,"Dream Catcher":20,"HornCleat":11,"Mummified Hand":15,"Ninja Scroll":26,"Bronze Scales":25,"Fusion Hammer":16,"Bag of Marbles":7,"Red Mask":11,"Kunai":22,"Toxic Egg 2":3,"Toy Ornithopter":3,"Ring of the Snake":0},{"Calipers":85,"NeowsBlessing":0,"Gremlin Horn":8,"The Specimen":105,"Cursed Key":34,"Blood Vial":56,"Peace Pipe":56,"OrangePellets":118,"Dream Catcher":92,"HornCleat":42,"Mummified Hand":67,"Ninja Scroll":122,"Bronze Scales":118,"Fusion Hammer":75,"Bag of Marbles":23,"Red Mask":42,"Kunai":102,"Toxic Egg 2":3,"Toy Ornithopter":3,"Ring of the Snake":0}],"Toy Ornithopter":31,"Ring of the Snake":[54]},"card_choices":[{"not_picked":["Distraction","Deflect"],"picked":"Finisher","floor":1.0},{"not_picked":["Slice","Sucker Punch"],"picked":"Masterful Stab","floor":3.0},{"not_picked":["Slice","Dagger Throw"],"picked":"Footwork","floor":7.0},{"not_picked":["Setup+1","Underhanded Strike"],"picked":"Deadly Poison+1","floor":10.0},{"not_picked":["Flying Knee","PiercingWail+1"],"picked":"Leg Sweep+1","floor":11.0},{"not_picked":["Crippling Poison+1","Calculated Gamble+1"],"picked":"After Image","floor":12.0},{"not_picked":["Quick Slash","Footwork"],"picked":"Caltrops","floor":13.0},{"not_picked":["All Out Attack","Bouncing Flask+1"],"picked":"Prepared+1","floor":14.0},{"not_picked":["Unload","A Thousand Cuts"],"picked":"Night Terror+1","floor":16.0},{"not_picked":["Slice","PiercingWail+1"],"picked":"Blur+1","floor":18.0},{"not_picked":["Dagger Spray","Calculated Gamble+1"],"picked":"Deflect+1","floor":19.0},{"not_picked":["Deflect+1","Leg Sweep+1"],"picked":"Backflip+1","floor":22.0},{"not_picked":["Predator","Outmaneuver+1"],"picked":"Phantasmal Killer+1","floor":24.0},{"not_picked":["Deadly Poison+1","Flechettes"],"picked":"Blade Dance+1","floor":27.0},{"not_picked":["Backstab","PiercingWail+1"],"picked":"Backflip+1","floor":28.0},{"not_picked":["Wraith Form v2","Phantasmal Killer+1"],"picked":"Corpse Explosion+1","floor":33.0},{"not_picked":["Flying Knee","Poisoned Stab","Dagger Throw+1"],"picked":"SKIP","floor":35.0},{"not_picked":["Backflip+1","Deadly Poison+1"],"picked":"PiercingWail+1","floor":36.0},{"not_picked":["Dramatic Entrance","Discovery+1"],"picked":"Thinking Ahead+1","floor":37.0},{"not_picked":["Deep Breath+1","PanicButton+1"],"picked":"Thinking Ahead+1","floor":37.0},{"not_picked":["Catalyst+1","Prepared+1"],"picked":"Cloak And Dagger+1","floor":39.0},{"not_picked":["PiercingWail+1","Storm of Steel+1"],"picked":"Crippling Poison+1","floor":40.0},{"not_picked":["Quick Slash+1","Dagger Throw"],"picked":"Backflip+1","floor":41.0},{"not_picked":["Eviscerate","Flying Knee+1","Choke"],"picked":"SKIP","floor":42.0},{"not_picked":["Blur+1","Dodge and Roll+1","Bane"],"picked":"SKIP","floor":48.0},{"not_picked":["Bouncing Flask+1","Bane"],"picked":"Acrobatics+1","floor":52.0},{"not_picked":["Choke","Blur+1"],"picked":"Cloak And Dagger+1","floor":54.0}],"player_experience":518810,"relics_obtained":[{"floor":7.0,"key":"Toxic Egg 2"},{"floor":9.0,"key":"Toy Ornithopter"},{"floor":10.0,"key":"Gremlin Horn"},{"floor":13.0,"key":"Bag of Marbles"},{"floor":19.0,"key":"Red Mask"},{"floor":24.0,"key":"Blood Vial"},{"floor":26.0,"key":"Peace Pipe"},{"floor":28.0,"key":"Mummified Hand"},{"floor":36.0,"key":"Calipers"},{"floor":40.0,"key":"Dream Catcher"},{"floor":42.0,"key":"Kunai"},{"floor":46.0,"key":"The Specimen"},{"floor":54.0,"key":"Ninja Scroll"}],"event_choices":[{"cards_removed":["Defend_G"],"damage_healed":0.0,"max_hp_gain":0.0,"max_hp_loss":0.0,"gold_gain":0.0,"event_name":"Golden Wing","player_choice":"Card Removal","floor":2.0,"gold_loss":0.0,"damage_taken":7.0},{"damage_healed":0.0,"max_hp_gain":0.0,"max_hp_loss":0.0,"gold_gain":150.0,"event_name":"Liars Game","player_choice":"AGREE","floor":4.0,"gold_loss":0.0,"damage_taken":0.0,"cards_obtained":["Doubt"]},{"damage_healed":0.0,"max_hp_gain":0.0,"max_hp_loss":0.0,"gold_gain":0.0,"event_name":"Masked Bandits","player_choice":"Fought Bandits","floor":19.0,"gold_loss":0.0,"damage_taken":0.0},{"damage_healed":0.0,"max_hp_gain":0.0,"max_hp_loss":0.0,"gold_gain":0.0,"event_name":"The Mausoleum","player_choice":"Opened","floor":20.0,"gold_loss":0.0,"damage_taken":0.0,"relics_obtained":["HornCleat"],"cards_obtained":["Writhe"]},{"cards_removed":["Shame"],"damage_healed":0.0,"max_hp_gain":0.0,"max_hp_loss":0.0,"gold_gain":0.0,"event_name":"Fountain of Cleansing","player_choice":"Removed Curses","floor":31.0,"gold_loss":0.0,"damage_taken":0.0},{"damage_healed":0.0,"max_hp_gain":0.0,"max_hp_loss":0.0,"gold_gain":0.0,"event_name":"MindBloom","player_choice":"Fight","floor":36.0,"gold_loss":0.0,"damage_taken":0.0},{"damage_healed":0.0,"max_hp_gain":0.0,"max_hp_loss":0.0,"gold_gain":0.0,"event_name":"SensoryStone","player_choice":"Memory 2","floor":37.0,"gold_loss":0.0,"damage_taken":5.0},{"cards_removed":["Strike_G"],"damage_healed":0.0,"max_hp_gain":0.0,"max_hp_loss":0.0,"gold_gain":0.0,"event_name":"Falling","player_choice":"Removed Attack","floor":44.0,"gold_loss":0.0,"damage_taken":0.0},{"damage_healed":0.0,"max_hp_gain":0.0,"max_hp_loss":0.0,"gold_gain":0.0,"event_name":"Mysterious Sphere","player_choice":"Fight","floor":46.0,"gold_loss":0.0,"damage_taken":0.0},{"damage_healed":0.0,"max_hp_gain":0.0,"max_hp_loss":0.0,"gold_gain":222.0,"event_name":"Tomb of Lord Red Mask","player_choice":"Wore Mask","floor":47.0,"gold_loss":0.0,"damage_taken":0.0}],"is_beta":true,"boss_relics":[{"not_picked":["Sozu","Busted Crown"],"picked":"Cursed Key"},{"not_picked":["Ring of the Serpent","Empty Cage"],"picked":"Fusion Hammer"}],"items_purged_floors":[5,21,25],"is_endless":false,"potions_floor_spawned":[1,12,13,14,19,24,28,36,40,42,54],"ascension_level":19}}