{"host":"ec09novo68szpe7d","time":1609546762,"event":{"mods":["AchievementEnabler","BaseMod","Bestiary","BetterRewards","Minty Spire (QoL Compilation)","StSLib"],"gold_per_floor":[115,290,300,318,332,360,360,360,385,411,411,439,439,465,465,565,565,585,599,698,708,708,708,1039,1039,1065,1093,1093,1107,1122,1122,1122,1217,1217,1236,1252,1272,693,710,742,742,761,835,848,53,0,0,11,11,11],"floor_reached":51,"playtime":2763,"items_purged":["Strike_R","Strike_R","Doubt","Flex"],"score":1281,"play_id":"a5d1c040-7184-4bd4-a5db-374c4e974fdd","local_time":"20210102011922","is_ascension_mode":true,"campfire_choices":[{"data":"Armaments","floor":7.0,"key":"SMITH"},{"data":"Limit Break","floor":11.0,"key":"SMITH"},{"data":"Demon Form","floor":13.0,"key":"SMITH"},{"data":"Shockwave","floor":15.0,"key":"SMITH"},{"floor":23.0,"key":"REST"},{"floor":25.0,"key":"REST"},{"floor":32.0,"key":"REST"},{"data":"Armaments","floor":41,"key":"SMITH"},{"data":"Thinking Ahead","floor":49,"key":"SMITH"}],"circlet_count":0,"master_deck":["Defend_R","Defend_R","Defend_R","Defend_R","Bash","Limit Break+1","Armaments+1","Infernal Blade","Carnage","Demon Form+1","Shockwave+1","Fiend Fire","Dual Wield+1","Searing Blow+1","Combust+1","Disarm+1","Pummel+1","Armaments+1","Twin Strike","Impervious","Shrug It Off+1","Limit Break","Impervious","Heavy Blade+1","Thinking Ahead+1","Thinking Ahead"],"relics":["Burning Blood","Brimstone","Art of War","Happy Flower","Centennial Puzzle","Eternal Feather","Oddly Smooth Stone","Astrolabe","Old Coin","Anchor","Frozen Egg 2","Turnip","FaceOfCleric","Snecko Eye","DollysMirror","Blood Vial","Nunchaku","Vajra","HornCleat","CaptainsWheel","Cauldron","Red Mask"],"acts_visited":["Exordium","TheCity","TheBeyond"],"potions_floor_usage":[36,39,44,50],"damage_taken":[{"damage":13.0,"enemies":"Small Slimes","floor":1.0,"turns":3.0},{"damage":6.0,"enemies":"Jaw Worm","floor":3.0,"turns":4.0},{"damage":4.0,"enemies":"2 Louse","floor":4.0,"turns":3.0},{"damage":13.0,"enemies":"Large Slime","floor":5.0,"turns":5.0},{"damage":9.0,"enemies":"Lagavulin","floor":6.0,"turns":5.0},{"damage":19.0,"enemies":"3 Sentries","floor":10.0,"turns":6.0},{"damage":12.0,"enemies":"Gremlin Nob","floor":12.0,"turns":3.0},{"damage":0.0,"enemies":"Lagavulin","floor":14.0,"turns":4.0},{"damage":16.0,"enemies":"The Guardian","floor":16.0,"turns":5.0},{"damage":19.0,"enemies":"Spheric Guardian","floor":18.0,"turns":4.0},{"damage":14.0,"enemies":"Chosen","floor":19.0,"turns":3.0},{"damage":40.0,"enemies":"3 Cultists","floor":21.0,"turns":5.0},{"damage":42.0,"enemies":"Gremlin Leader","floor":24.0,"turns":7.0},{"damage":44.0,"enemies":"Slavers","floor":27.0,"turns":7.0},{"damage":14.0,"enemies":"Centurion and Healer","floor":29.0,"turns":3.0},{"damage":2.0,"enemies":"Sentry and Sphere","floor":30.0,"turns":3.0},{"damage":28.0,"enemies":"Champ","floor":33.0,"turns":5.0},{"damage":6.0,"enemies":"3 Shapes","floor":35.0,"turns":2.0},{"damage":9,"enemies":"3 Darklings","floor":36,"turns":3},{"damage":3,"enemies":"Jaw Worm Horde","floor":37,"turns":5},{"damage":29,"enemies":"Transient","floor":39,"turns":5},{"damage":14,"enemies":"Reptomancer","floor":40,"turns":3},{"damage":3,"enemies":"3 Darklings","floor":42,"turns":4},{"damage":8,"enemies":"Writhing Mass","floor":44,"turns":2},{"damage":7,"enemies":"Spire Growth","floor":48,"turns":4},{"damage":19,"enemies":"Donu and Deca","floor":50,"turns":4}],"seed_played":"2277507604975312017","potions_obtained":[{"floor":4.0,"key":"DistilledChaos"},{"floor":6.0,"key":"ElixirPotion"},{"floor":10.0,"key":"ColorlessPotion"},{"floor":12.0,"key":"ColorlessPotion"},{"floor":16.0,"key":"Regen Potion"},{"floor":18.0,"key":"Strength Potion"},{"floor":21.0,"key":"SpeedPotion"},{"floor":33.0,"key":"SkillPotion"},{"floor":39,"key":"GamblersBrew"},{"floor":42,"key":"DuplicationPotion"},{"floor":45,"key":"Swift Potion"},{"floor":45,"key":"ColorlessPotion"},{"floor":48,"key":"BloodPotion"}],"is_trial":false,"path_per_floor":["M","?","M","M","M","E","R","?","T","E","R","E","R","E","R","B",null,"M","M","?","M","?","R","E","R","T","E","?","M","M","?","R","B",null,"M","M","M","$","M","E","R","M","T","M","$","?","?","M","R","B",null],"character_chosen":"IRONCLAD","items_purchased":["Brimstone","Limit Break","DollysMirror","Blood Vial","Nunchaku","CaptainsWheel","Thinking Ahead","Cauldron"],"campfire_rested":3,"item_purchase_floors":[0,0,38,38,38,45,45,45],"current_hp_per_floor":[44,44,44,46,39,36,36,62,62,49,49,43,52,58,67,57,74,61,53,53,28,28,61,25,58,58,20,20,12,16,16,52,31,69,70,68,72,72,52,47,62,68,68,69,69,69,69,71,86,76],"gold":11,"neow_bonus":"","is_daily":false,"chose_seed":false,"campfire_upgraded":6,"win_rate":0.0,"timestamp":1609546762,"path_taken":["M","?","M","M","M","E","R","?","T","E","R","E","R","E","R","BOSS","M","M","?","M","?","R","E","R","T","E","?","M","M","?","R","BOSS","M","M","M","$","M","E","R","M","T","?","$","?","?","M","R","BOSS"],"items_purchased_type":["Relic","Card","Relic","Relic","Relic","Relic","Card","Relic"],"build_version":"2020-12-22","purchased_purges":4,"victory":true,"max_hp_per_floor":[80,80,80,80,80,80,80,80,80,80,80,80,80,80,80,80,80,80,80,80,80,80,80,80,80,80,80,80,80,80,80,80,81,81,82,83,84,84,85,86,86,87,87,88,88,88,88,89,89,90],"card_choices":[{"not_picked":["Havoc","True Grit"],"picked":"Armaments","floor":1.0},{"not_picked":["Twin Strike","Flame Barrier","Iron Wave"],"picked":"SKIP","floor":3.0},{"not_picked":["Carnage","Anger"],"picked":"Infernal Blade","floor":4.0},{"not_picked":["Evolve","Reckless Charge"],"picked":"Flex","floor":5.0},{"not_picked":["Bloodletting","Rupture"],"picked":"Carnage","floor":6.0},{"not_picked":["Clothesline","Clash","Feel No Pain"],"picked":"SKIP","floor":10.0},{"not_picked":["Havoc","Heavy Blade"],"picked":"Demon Form","floor":12.0},{"not_picked":["Clash","Thunderclap"],"picked":"Shockwave","floor":14.0},{"not_picked":["Juggernaut","Exhume"],"picked":"Fiend Fire","floor":16.0},{"not_picked":["Pommel Strike","Havoc+1"],"picked":"Disarm+1","floor":18.0},{"not_picked":["Blood for Blood","Rage","Body Slam"],"picked":"SKIP","floor":19.0},{"not_picked":["Havoc+1","Combust","Dropkick"],"picked":"SKIP","floor":21.0},{"not_picked":["Spot Weakness","Berserk"],"picked":"Pummel+1","floor":24.0},{"not_picked":["Uppercut","Hemokinesis","Perfected Strike"],"picked":"SKIP","floor":27.0},{"not_picked":["Infernal Blade","Clash"],"picked":"Armaments","floor":29.0},{"not_picked":["Clothesline+1","Wild Strike"],"picked":"Twin Strike","floor":30.0},{"not_picked":["Berserk+1","Juggernaut+1"],"picked":"Impervious","floor":33.0},{"not_picked":["Bloodletting","Body Slam+1","Headbutt+1"],"picked":"SKIP","floor":35.0},{"not_picked":["Rupture+1","Flex"],"picked":"Shrug It Off+1","floor":36},{"not_picked":["Havoc+1","Clash+1"],"picked":"Limit Break","floor":37},{"not_picked":["Inflame+1","Body Slam+1"],"picked":"Heavy Blade+1","floor":39},{"not_picked":["Anger","Perfected Strike+1","Clash"],"picked":"SKIP","floor":40},{"not_picked":["Infernal Blade","Intimidate","Second Wind+1"],"picked":"SKIP","floor":42},{"not_picked":["Inflame+1","Havoc+1","Twin Strike+1"],"picked":"SKIP","floor":44},{"not_picked":["Rupture+1","Dropkick","Anger"],"picked":"SKIP","floor":48}],"player_experience":239500,"relics_obtained":[{"floor":6.0,"key":"Art of War"},{"floor":9.0,"key":"Happy Flower"},{"floor":10.0,"key":"Centennial Puzzle"},{"floor":12.0,"key":"Eternal Feather"},{"floor":14.0,"key":"Oddly Smooth Stone"},{"floor":24.0,"key":"Old Coin"},{"floor":26.0,"key":"Anchor"},{"floor":27.0,"key":"Frozen Egg 2"},{"floor":40,"key":"Vajra"},{"floor":43,"key":"HornCleat"}],"event_choices":[{"damage_healed":0.0,"max_hp_gain":0.0,"max_hp_loss":0.0,"gold_gain":175.0,"event_name":"Liars Game","player_choice":"AGREE","floor":2.0,"gold_loss":0.0,"damage_taken":0.0,"cards_obtained":["Doubt"]},{"damage_healed":26.0,"max_hp_gain":0.0,"max_hp_loss":0.0,"gold_gain":0.0,"event_name":"Big Fish","player_choice":"Banana","floor":8.0,"gold_loss":0.0,"damage_taken":0.0},{"damage_healed":0.0,"max_hp_gain":0.0,"max_hp_loss":0.0,"gold_gain":99.0,"event_name":"Nest","player_choice":"Stole From Cult","floor":20.0,"gold_loss":0.0,"damage_taken":0.0},{"damage_healed":0.0,"max_hp_gain":0.0,"max_hp_loss":0.0,"gold_gain":0.0,"event_name":"Vampires","player_choice":"Ignored","floor":22.0,"gold_loss":0.0,"damage_taken":0.0},{"damage_healed":0.0,"max_hp_gain":0.0,"max_hp_loss":0.0,"gold_gain":0.0,"event_name":"The Mausoleum","player_choice":"Opened","floor":28.0,"gold_loss":0.0,"damage_taken":0.0,"relics_obtained":["Turnip"]},{"damage_healed":0.0,"max_hp_gain":0.0,"max_hp_loss":0.0,"gold_gain":0.0,"event_name":"FaceTrader","player_choice":"Trade","floor":31.0,"gold_loss":0.0,"damage_taken":0.0,"relics_obtained":["FaceOfCleric"]},{"damage_healed":0,"gold_gain":0,"player_choice":"Paid","damage_taken":0,"relics_obtained":["Red Mask"],"max_hp_gain":0,"max_hp_loss":0,"event_name":"Tomb of Lord Red Mask","floor":46,"gold_loss":53},{"damage_healed":0,"gold_gain":0,"player_choice":"Copied","damage_taken":0,"max_hp_gain":0,"max_hp_loss":0,"event_name":"Duplicator","floor":47,"gold_loss":0,"cards_obtained":["Thinking Ahead"]}],"is_beta":false,"boss_relics":[{"not_picked":["Tiny House","Runic Cube"],"picked":"Astrolabe"},{"not_picked":["Fusion Hammer","Velvet Choker"],"picked":"Snecko Eye"}],"items_purged_floors":[0,0,38,45],"is_endless":false,"potions_floor_spawned":[4,6,10,12,16,18,21,29,33,35,39,42,48],"ascension_level":6}}