{"host":"xz7n3qy1zq36rzpg","time":1609624463,"event":{"mods":["BaseMod","Colored Map","Colored Powertips","Highlight Path","Minty Spire (QoL Compilation)","Quick Restart","Shop Mod"],"gold_per_floor":[114,114,124,137,113,113,144,144,221,231,231,231,231,231],"floor_reached":13,"playtime":252,"items_purged":[],"score":95,"play_id":"f298cd81-1e96-4fc5-9cf1-04f5f4358729","local_time":"20210102225423","is_ascension_mode":true,"campfire_choices":[{"floor":6,"key":"RECALL"},{"floor":8,"key":"REST"},{"floor":11,"key":"REST"}],"circlet_count":0,"master_deck":["Strike_G","Strike_G","Strike_G","Strike_G","Strike_G","Defend_G","Defend_G","Defend_G","Defend_G","Defend_G","Survivor","Neutralize","Prepared","Dodge and Roll","PiercingWail","Flying Knee","Deflect","Decay"],"relics":["Ring of the Snake","NeowsBlessing","Smiling Mask","Mercury Hourglass"],"acts_visited":["Exordium"],"potions_floor_usage":[7],"damage_taken":[{"damage":0,"enemies":"Cultist","floor":1,"turns":1},{"damage":0,"enemies":"2 Louse","floor":3,"turns":1},{"damage":0,"enemies":"Small Slimes","floor":4,"turns":1},{"damage":53,"enemies":"Gremlin Nob","floor":7,"turns":6},{"damage":16,"enemies":"Gremlin Gang","floor":10,"turns":4},{"damage":50,"enemies":"Lagavulin","floor":13,"turns":8}],"seed_played":"-334757209311221041","potions_obtained":[{"floor":1,"key":"Explosive Potion"},{"floor":7,"key":"GamblersBrew"},{"floor":10,"key":"DuplicationPotion"}],"is_trial":false,"path_per_floor":["M","T","M","M","?","R","E","R","T","M","R","?","E"],"character_chosen":"THE_SILENT","items_purchased":[],"campfire_rested":2,"item_purchase_floors":[],"current_hp_per_floor":[70,70,70,70,70,70,17,38,38,22,43,43,0,0],"gold":231,"neow_bonus":"THREE_ENEMY_KILL","is_daily":false,"chose_seed":false,"campfire_upgraded":0,"win_rate":0.0,"timestamp":1609624463,"path_taken":["M","?","M","M","?","R","E","R","T","M","R","?","E"],"items_purchased_type":[],"build_version":"2020-12-22","purchased_purges":0,"victory":false,"max_hp_per_floor":[70,70,70,70,70,70,70,70,70,70,70,70,70,70],"card_choices":[{"not_picked":["Expertise","Acrobatics"],"picked":"Prepared","floor":1},{"not_picked":["Masterful Stab","Blur"],"picked":"Dodge and Roll","floor":3},{"not_picked":["Sucker Punch","Deadly Poison"],"picked":"PiercingWail","floor":4},{"not_picked":["Eviscerate","Cloak And Dagger"],"picked":"Flying Knee","floor":7},{"not_picked":["Wraith Form v2","Outmaneuver"],"picked":"Deflect","floor":10}],"player_experience":278849,"relics_obtained":[{"floor":7,"key":"Smiling Mask"},{"floor":9,"key":"Mercury Hourglass"}],"event_choices":[{"damage_healed":0,"gold_gain":0,"player_choice":"Left Gold","damage_taken":0,"max_hp_gain":0,"max_hp_loss":0,"event_name":"World of Goop","floor":5,"gold_loss":24},{"damage_healed":0,"gold_gain":0,"player_choice":"Cursed","damage_taken":0,"max_hp_gain":0,"max_hp_loss":0,"event_name":"Wheel of Change","floor":12,"gold_loss":0,"cards_obtained":["Decay"]}],"is_beta":false,"boss_relics":[],"items_purged_floors":[],"is_endless":false,"potions_floor_spawned":[1,7,10],"killed_by":"Lagavulin","ascension_level":3}}