{"host":"os7ajuuouznx3pj7","time":1609616228,"event":{"mods":["AchievementEnabler","BaseMod","Bestiary","Block Reminder","Colored Map","Colored Powertips","Keyboard Shortcuts","Minty Spire (QoL Compilation)","Quick Restart","Relic Stats","SuperFastMode"],"gold_per_floor":[110,122,122,122,136,136,36,36,36,36,51,76,76,96,96,171,171,183,183,98,148,165,165,365,400,400,400,414,433,448,83,83,83,83],"floor_reached":33,"playtime":4610,"items_purged":["Strike_R"],"score":530,"play_id":"e4406254-3ff1-40b1-9edb-8e9504b365a8","local_time":"20210102173708","is_ascension_mode":true,"campfire_choices":[{"data":"Wild Strike","floor":6.0,"key":"SMITH"},{"data":"Whirlwind","floor":8.0,"key":"SMITH"},{"data":"Pommel Strike","floor":10.0,"key":"SMITH"},{"data":"Body Slam","floor":13.0,"key":"SMITH"},{"data":"Bash","floor":15.0,"key":"SMITH"},{"data":"Double Tap","floor":23.0,"key":"SMITH"},{"data":"Havoc","floor":27.0,"key":"SMITH"},{"floor":32,"key":"REST"}],"circlet_count":0,"master_deck":["AscendersBane","Strike_R","Defend_R","Defend_R","Defend_R","Defend_R+1","Bash+1","Second Wind+1","Wild Strike+1","Pommel Strike+1","Whirlwind+1","Clothesline","Shrug It Off","Body Slam+1","Dropkick","Impervious","Havoc+1","Double Tap+1","Shrug It Off","Doubt","Seeing Red","Iron Wave","Feel No Pain","Offering","Power Through"],"relics":["Burning Blood","Ice Cream","Kunai","Ornamental Fan","Cursed Key","Turnip","Bag of Preparation","Shuriken"],"acts_visited":["Exordium","TheCity"],"potions_floor_usage":[33],"damage_taken":[{"damage":1.0,"enemies":"2 Louse","floor":1.0,"turns":3.0},{"damage":1.0,"enemies":"Small Slimes","floor":2.0,"turns":4.0},{"damage":1.0,"enemies":"Cultist","floor":5.0,"turns":3.0},{"damage":4.0,"enemies":"Looter","floor":11.0,"turns":2.0},{"damage":21.0,"enemies":"Gremlin Nob","floor":12.0,"turns":4.0},{"damage":0.0,"enemies":"2 Fungi Beasts","floor":14.0,"turns":3.0},{"damage":22.0,"enemies":"Slime Boss","floor":16.0,"turns":7.0},{"damage":0.0,"enemies":"Chosen","floor":18.0,"turns":3.0},{"damage":7.0,"enemies":"2 Thieves","floor":22.0,"turns":2.0},{"damage":46.0,"enemies":"Slavers","floor":25.0,"turns":7.0},{"damage":19.0,"enemies":"Centurion and Healer","floor":28.0,"turns":5.0},{"damage":0,"enemies":"Snake Plant","floor":29,"turns":3},{"damage":18,"enemies":"Chosen and Byrds","floor":30,"turns":5},{"damage":39,"enemies":"Automaton","floor":33,"turns":6}],"seed_played":"-5059532546203183123","potions_obtained":[{"floor":2.0,"key":"Strength Potion"},{"floor":22.0,"key":"Weak Potion"},{"floor":29,"key":"Ancient Potion"},{"floor":30,"key":"CultistPotion"}],"is_trial":false,"path_per_floor":["M","M","?","?","M","R","$","R","T","R","M","E","R","M","R","B",null,"M","?","?","?","M","R","?","E","T","R","M","M","M","$","R","B"],"character_chosen":"IRONCLAD","items_purchased":["Whirlwind","Clothesline","Feel No Pain","Offering","Power Through"],"campfire_rested":1,"item_purchase_floors":[7,7,31,31,31],"current_hp_per_floor":[73,75,52,52,57,57,57,57,57,57,59,44,44,50,50,34,65,71,71,71,71,70,70,70,30,30,30,17,23,11,11,33,0,0],"gold":83,"neow_bonus":"TRANSFORM_CARD","is_daily":false,"chose_seed":false,"campfire_upgraded":7,"win_rate":0.0,"timestamp":1609616228,"path_taken":["M","M","?","?","M","R","$","R","T","R","?","E","R","M","R","BOSS","M","?","?","?","M","R","?","E","T","R","?","M","M","$","R","BOSS"],"items_purchased_type":["Card","Card","Card","Card","Card"],"build_version":"2020-12-22","purchased_purges":1,"victory":false,"max_hp_per_floor":[75,75,75,75,75,75,75,75,75,75,75,75,75,75,75,75,75,75,75,75,75,75,75,75,75,75,75,75,75,75,75,75,75,75],"relic_stats":{"counters":[14,57],"Ornamental Fan":[76],"Shuriken":[11],"Turnip":[2],"Bag of Preparation":[8],"Kunai":[20],"Cursed Key":1,"obtain_stats":[{"Ice Cream":4,"Ornamental Fan":12,"Shuriken":26,"Turnip":20,"Bag of Preparation":25,"Kunai":9,"Cursed Key":17,"Burning Blood":0},{"Ice Cream":2,"Ornamental Fan":5,"Shuriken":10,"Turnip":8,"Bag of Preparation":10,"Kunai":3,"Cursed Key":7,"Burning Blood":0},{"Ice Cream":7,"Ornamental Fan":16,"Shuriken":38,"Turnip":29,"Bag of Preparation":38,"Kunai":10,"Cursed Key":26,"Burning Blood":0}],"Burning Blood":75},"card_choices":[{"not_picked":["Heavy Blade","Rage"],"picked":"Wild Strike","floor":1.0},{"not_picked":["Warcry","Armaments","Anger"],"picked":"SKIP","floor":2.0},{"not_picked":["Warcry","Pummel"],"picked":"Pommel Strike","floor":5.0},{"not_picked":["True Grit","Armaments"],"picked":"Shrug It Off","floor":11.0},{"not_picked":["Rampage","Ghostly Armor"],"picked":"Body Slam","floor":12.0},{"not_picked":["Headbutt","Wild Strike"],"picked":"Dropkick","floor":14.0},{"not_picked":["Brutality","Limit Break"],"picked":"Impervious","floor":16.0},{"not_picked":["Havoc","Sword Boomerang","Dual Wield"],"picked":"SKIP","floor":18.0},{"not_picked":["Combust","Perfected Strike"],"picked":"Shrug It Off","floor":22.0},{"not_picked":["Clothesline+1","Fire Breathing","Cleave+1"],"picked":"SKIP","floor":25.0},{"not_picked":["Perfected Strike","Carnage","Havoc"],"picked":"SKIP","floor":28.0},{"not_picked":["Second Wind","Clothesline+1"],"picked":"Seeing Red","floor":29},{"not_picked":["Evolve","Twin Strike"],"picked":"Iron Wave","floor":30}],"player_experience":746908,"relics_obtained":[{"floor":9.0,"key":"Kunai"},{"floor":12.0,"key":"Ornamental Fan"},{"floor":25.0,"key":"Bag of Preparation"},{"floor":26.0,"key":"Shuriken"}],"event_choices":[{"damage_healed":0.0,"max_hp_gain":0.0,"max_hp_loss":0.0,"gold_gain":0.0,"event_name":"Shining Light","player_choice":"Entered Light","floor":3.0,"gold_loss":0.0,"damage_taken":23.0,"cards_upgraded":["Second Wind","Defend_R"]},{"damage_healed":0.0,"max_hp_gain":0.0,"max_hp_loss":0.0,"gold_gain":0.0,"event_name":"WeMeetAgain","player_choice":"Gave Potion","floor":4.0,"gold_loss":0.0,"damage_taken":0.0,"relics_obtained":["Ice Cream"]},{"damage_healed":0.0,"max_hp_gain":0.0,"max_hp_loss":0.0,"gold_gain":0.0,"cards_transformed":["Strike_R","Strike_R"],"event_name":"Drug Dealer","player_choice":"Became Test Subject","floor":19.0,"gold_loss":0.0,"damage_taken":0.0,"cards_obtained":["Havoc","Double Tap"]},{"damage_healed":0.0,"max_hp_gain":0.0,"max_hp_loss":0.0,"gold_gain":0.0,"event_name":"Addict","player_choice":"Obtained Relic","floor":20.0,"gold_loss":85.0,"damage_taken":0.0,"relics_obtained":["Turnip"]},{"damage_healed":0.0,"max_hp_gain":0.0,"max_hp_loss":0.0,"gold_gain":50.0,"event_name":"Nest","player_choice":"Stole From Cult","floor":21.0,"gold_loss":0.0,"damage_taken":0.0},{"damage_healed":0.0,"max_hp_gain":0.0,"max_hp_loss":0.0,"gold_gain":200.0,"event_name":"Wheel of Change","player_choice":"Gold","floor":24.0,"gold_loss":0.0,"damage_taken":0.0}],"is_beta":false,"boss_relics":[{"not_picked":["Busted Crown","Fusion Hammer"],"picked":"Cursed Key"}],"items_purged_floors":[31],"is_endless":false,"potions_floor_spawned":[2,22,29,30],"killed_by":"Automaton","ascension_level":20}}