{"host":"9vk21r6l9dtkpvh9","time":1609597000,"event":{"mods":["2.2 Compatiblity","AchievementEnabler","Act Like it!","Astrologer","Bartender","BaseMod","Better Altar","Better Match","Better Note","Better Sensory Stone","Better Skull","Better Third Choice","BetterRewards","CapriCore","CatGirl Mod","Colored Map","Colored Powertips","Conspire","DeckTracker","Downfall","Energized Spire","Gensokyo","GifTheSpireLib","Hermit","Hubris","Infinite Spire","Jorbs\u0027s Wanderer Trilogy","Koishi","LagranYue(???·?)","Luminous","Mad Scientist","Marisa????????","Mimic Mod","Minty Spire (QoL Compilation)","Potionbrewer","Rare Cards Sparkle","Relic Stats","Replay The Spire","SOS???????","Shade Mod","Spicy Shops","StSLib","SuperFastMode","Td1madao Mod","The Animator","The Forsaken","The Gatherer","The Hierophant","The Immortal","The Jungle","The Mystic","The Necromancer","The Runesmith","The Senshi","The Servant 0.9.4","The Valiant","The Wild Card","TheBandit","TheSwordswoman","TheWitcher","WarShipGirlsR/????R mod","vexMod","???Mod??????Boss"],"gold_per_floor":[110,127,191,209,209,238,256,256,256,256,276,304,304,317,317,413,413,424,424,424,443,476,513,513,513],"floor_reached":25,"playtime":1468,"items_purged":[],"score":277,"play_id":"a79ff880-fa3b-4f92-a34e-830ab76e771e","local_time":"20210102091640","is_ascension_mode":true,"campfire_choices":[{"floor":10,"key":"REST"},{"data":"True Grit","floor":13,"key":"SMITH"},{"floor":15,"key":"REST"}],"circlet_count":0,"master_deck":["Strike_R","Strike_R","Strike_R","Strike_R","Strike_R","Defend_R","Defend_R","Defend_R","Defend_R","Bash+1","Pummel","Thunderclap","conspire:ExplosiveBarrier","Shrug It Off","Shockwave","Spot Weakness","True Grit+1","Wild Strike","Offering","conspire:Charge","Barricade","Exhume","Impervious"],"relics":["Black Blood","LagranYue:RandomDrawCardRelic","Cleaning_Rag","infinitespire:CheckeredPen","White Beast Statue","hubris:Teleporter","vexMod:GildedClover","Gambling Chip","Quantum Egg"],"acts_visited":["Exordium","TheCity"],"potions_floor_usage":[12,12,12,16,16,23,23,24,24,25],"damage_taken":[{"damage":15,"enemies":"2 Louse","floor":1,"turns":3},{"damage":9,"enemies":"Jaw Worm","floor":2,"turns":3},{"damage":7,"enemies":"Small Slimes","floor":4,"turns":4},{"damage":13,"enemies":"Replay:BlueRogue","floor":6,"turns":5},{"damage":16,"enemies":"3 Louse","floor":7,"turns":3},{"damage":12,"enemies":"Looter","floor":11,"turns":3},{"damage":18,"enemies":"Lagavulin","floor":12,"turns":7},{"damage":0,"enemies":"2 Fungi Beasts","floor":14,"turns":4},{"damage":25,"enemies":"Hexaghost","floor":16,"turns":10},{"damage":20,"enemies":"Chosen","floor":18,"turns":5},{"damage":12,"enemies":"conspire:FuzzyDice","floor":22,"turns":6},{"damage":39,"enemies":"Slavers","floor":23,"turns":6},{"damage":29,"enemies":"conspire:MimicChest","floor":24,"turns":6},{"damage":45,"enemies":"Gremlin Leader","floor":25,"turns":2}],"seed_played":"-2449442793650241006","potions_obtained":[{"floor":1,"key":"Reflective Coating"},{"floor":2,"key":"potionbrewer:BoundlessPotion"},{"floor":3,"key":"Regen Potion"},{"floor":11,"key":"potionbrewer:DiscountPotion"},{"floor":12,"key":"Block Potion"},{"floor":14,"key":"champ:CounterPotion"},{"floor":16,"key":"SkillPotion"},{"floor":18,"key":"potionbrewer:ToxicPotion"},{"floor":22,"key":"PowerPotion"},{"floor":23,"key":"potionbrewer:HastePotion"},{"floor":24,"key":"BloodPotion"}],"is_trial":false,"path_per_floor":["M","M","?","M","?","E","M","?","T","R","M","E","R","M","R","B",null,"M","AVR","?","M","E","?","E"],"character_chosen":"IRONCLAD","items_purchased":[],"campfire_rested":2,"item_purchase_floors":[],"current_hp_per_floor":[71,68,36,35,35,28,18,18,18,42,36,39,39,45,69,50,80,72,72,72,72,45,28,0,0],"gold":513,"neow_bonus":"UPGRADE_CARD","is_daily":false,"chose_seed":false,"campfire_upgraded":1,"win_rate":0.0,"timestamp":1609597000,"path_taken":["M","M","?","M","?","E","M","?","T","R","M","E","R","M","R","BOSS","M","AVR","?","M","E","?","E"],"items_purchased_type":[],"build_version":"2020-12-22","purchased_purges":0,"victory":false,"max_hp_per_floor":[80,80,80,80,80,80,80,80,80,80,80,80,80,80,80,80,80,80,80,80,80,80,80,80,80],"relic_stats":{"counters":[14,67],"Gambling Chip":[3],"Black Blood":102,"obtain_stats":[{"vexMod:GildedClover":20,"hubris:Teleporter":12,"LagranYue:RandomDrawCardRelic":0,"Gambling Chip":23,"Quantum Egg":24,"Black Blood":17,"infinitespire:CheckeredPen":6,"Burning Blood":0,"White Beast Statue":9,"Cleaning_Rag":3},{"vexMod:GildedClover":10,"hubris:Teleporter":7,"LagranYue:RandomDrawCardRelic":0,"Gambling Chip":12,"Quantum Egg":13,"Black Blood":9,"infinitespire:CheckeredPen":4,"Burning Blood":0,"White Beast Statue":5,"Cleaning_Rag":2},{"vexMod:GildedClover":47,"hubris:Teleporter":28,"LagranYue:RandomDrawCardRelic":0,"Gambling Chip":59,"Quantum Egg":65,"Black Blood":42,"infinitespire:CheckeredPen":15,"Burning Blood":0,"White Beast Statue":18,"Cleaning_Rag":6}]},"card_choices":[{"not_picked":["Bloodletting","Iron Wave"],"picked":"Pummel","floor":1},{"not_picked":["Power Through","Burning Pact"],"picked":"Thunderclap","floor":2},{"not_picked":["hubris:CleavingFinish","Pummel"],"picked":"conspire:ExplosiveBarrier","floor":3},{"not_picked":["Twin Strike","Pommel Strike"],"picked":"Shrug It Off","floor":3},{"not_picked":["conspire:ExplosiveBarrier","Sentinel","Hemokinesis"],"picked":"SKIP","floor":4},{"not_picked":["Entrench","Flex"],"picked":"Shockwave","floor":6},{"not_picked":["Uppercut","Power Through"],"picked":"Spot Weakness","floor":7},{"not_picked":["Replay:Undeath\u0027s Touch","Iron Wave"],"picked":"True Grit","floor":11},{"not_picked":["Rampage","Pommel Strike"],"picked":"Wild Strike","floor":12},{"not_picked":["ReplayTheSpireMod:Strike From Hell","Run Through","Entrench"],"picked":"SKIP","floor":14},{"not_picked":["Limit Break","Replay:Many Hands"],"picked":"Offering","floor":16},{"not_picked":["Wild Strike","Twin Strike","Anger"],"picked":"SKIP","floor":18},{"not_picked":[],"picked":"conspire:Charge","floor":21},{"not_picked":["Exhume","hubris:StunningStrike"],"picked":"Barricade","floor":22},{"not_picked":["Offering","Brutality"],"picked":"Exhume","floor":23},{"not_picked":["Reaper","Barricade"],"picked":"Impervious","floor":24}],"player_experience":621257,"relics_obtained":[{"floor":3,"key":"Cleaning_Rag"},{"floor":6,"key":"infinitespire:CheckeredPen"},{"floor":9,"key":"White Beast Statue"},{"floor":12,"key":"hubris:Teleporter"},{"floor":23,"key":"Gambling Chip"},{"floor":24,"key":"Quantum Egg"}],"event_choices":[{"damage_healed":0,"gold_gain":0,"player_choice":"Disagree","damage_taken":0,"max_hp_gain":0,"max_hp_loss":0,"event_name":"conspire:LoneGhost","floor":5,"gold_loss":0},{"damage_healed":0,"gold_gain":0,"player_choice":"Ignored","damage_taken":256,"max_hp_gain":0,"max_hp_loss":0,"event_name":"betterThird:BetterSerpent","floor":8,"gold_loss":0}],"is_beta":false,"boss_relics":[{"not_picked":["hubris:HollowSoul","Black Star"],"picked":"Black Blood"}],"items_purged_floors":[],"is_endless":false,"potions_floor_spawned":[1,2,7,11,12,14,16,18,22,23,24],"killed_by":"Gremlin Leader","ascension_level":4}}