{"host":"w9yruvs4bqht6bhw","time":1609546982,"event":{"mods":["BaseMod","Colored Powertips","Minty Spire (QoL Compilation)"],"gold_per_floor":[109,119,133,133,133,133,164,164,188,200,150,164,164,198,198,296,296,309,66,80,80,80,80,98,112,112,128,128,128,161,173,173,173,173],"floor_reached":33,"playtime":908,"items_purged":["Defend_R"],"score":371,"play_id":"f88fe8cb-4542-45ec-b08f-a784d1e96b56","local_time":"20210101192302","is_ascension_mode":true,"campfire_choices":[{"data":"Flex","floor":6,"key":"SMITH"},{"data":"Wild Strike","floor":15,"key":"SMITH"},{"data":"Wild Strike","floor":23,"key":"SMITH"},{"data":"Rampage","floor":29,"key":"SMITH"},{"data":"Perfected Strike","floor":32,"key":"SMITH"}],"circlet_count":0,"master_deck":["Strike_R+1","Strike_R+1","Strike_R+1","Defend_R+1","Defend_R+1","Defend_R+1","Bash","Cleave","Cleave+1","Flex+1","Anger","Hemokinesis","Headbutt","Wild Strike+1","Impervious","Wild Strike+1","Wild Strike+1","Thunderclap","Rampage+1","Seeing Red+1","Wild Strike+1","Perfected Strike+1"],"relics":["Burning Blood","Art of War","Mummified Hand","Mark of Pain","Lantern","MutagenicStrength","Gremlin Horn","Dead Branch"],"acts_visited":["Exordium","TheCity"],"potions_floor_usage":[7,16,24,33,33],"damage_taken":[{"damage":7,"enemies":"Small Slimes","floor":1,"turns":4},{"damage":5,"enemies":"2 Louse","floor":2,"turns":3},{"damage":7,"enemies":"Jaw Worm","floor":3,"turns":3},{"damage":13,"enemies":"3 Sentries","floor":7,"turns":3},{"damage":0,"enemies":"Gremlin Gang","floor":10,"turns":2},{"damage":4,"enemies":"Large Slime","floor":12,"turns":3},{"damage":20,"enemies":"Gremlin Nob","floor":14,"turns":3},{"damage":68,"enemies":"Hexaghost","floor":16,"turns":8},{"damage":13,"enemies":"Spheric Guardian","floor":18,"turns":3},{"damage":12,"enemies":"Chosen","floor":20,"turns":3},{"damage":9,"enemies":"Centurion and Healer","floor":24,"turns":2},{"damage":2,"enemies":"Snake Plant","floor":25,"turns":1},{"damage":0,"enemies":"Sentry and Sphere","floor":27,"turns":2},{"damage":4,"enemies":"Gremlin Leader","floor":30,"turns":3},{"damage":6,"enemies":"Centurion and Healer","floor":31,"turns":2},{"damage":134,"enemies":"Collector","floor":33,"turns":7}],"seed_played":"7640152117446251919","potions_obtained":[{"floor":2,"key":"PowerPotion"},{"floor":3,"key":"Ancient Potion"},{"floor":14,"key":"GamblersBrew"},{"floor":16,"key":"SteroidPotion"},{"floor":18,"key":"FearPotion"},{"floor":25,"key":"FairyPotion"}],"is_trial":false,"path_per_floor":["M","M","M","?","?","R","E","?","T","M","?","M","?","E","R","B",null,"M","$","M","?","?","R","M","M","T","M","?","R","E","M","R","B"],"character_chosen":"IRONCLAD","items_purchased":["Wild Strike","Lantern"],"campfire_rested":0,"item_purchase_floors":[19,19],"current_hp_per_floor":[87,88,87,80,80,80,73,73,73,79,79,81,86,72,72,10,72,65,65,59,59,59,59,56,60,60,66,66,66,68,68,68,0,0],"gold":173,"neow_bonus":"TEN_PERCENT_HP_BONUS","is_daily":false,"chose_seed":false,"campfire_upgraded":5,"win_rate":0.0,"timestamp":1609546982,"path_taken":["M","M","M","?","?","R","E","?","T","M","?","M","?","E","R","BOSS","M","$","M","?","?","R","?","M","T","M","?","R","E","M","R","BOSS"],"items_purchased_type":["Card","Relic"],"build_version":"2020-12-22","purchased_purges":1,"victory":false,"max_hp_per_floor":[88,88,88,88,88,88,88,88,88,88,88,88,93,93,93,93,93,93,93,93,93,93,93,93,93,93,93,93,93,93,93,93,93,93],"card_choices":[{"not_picked":["Warcry","Iron Wave"],"picked":"Cleave","floor":1},{"not_picked":["Sword Boomerang","Flex"],"picked":"Cleave","floor":2},{"not_picked":["Inflame","Second Wind"],"picked":"Flex","floor":3},{"not_picked":["Disarm","Clothesline"],"picked":"Anger","floor":7},{"not_picked":["Seeing Red","Bloodletting"],"picked":"Hemokinesis","floor":10},{"not_picked":["Searing Blow","Reckless Charge"],"picked":"Headbutt","floor":12},{"not_picked":["Disarm","Combust"],"picked":"Wild Strike","floor":14},{"not_picked":["Fiend Fire","Brutality"],"picked":"Impervious","floor":16},{"not_picked":["Clothesline","Twin Strike"],"picked":"Wild Strike","floor":18},{"not_picked":["Dual Wield","Body Slam"],"picked":"Thunderclap","floor":20},{"not_picked":["Hemokinesis+1","Clash+1"],"picked":"Rampage","floor":24},{"not_picked":["Sever Soul+1","Body Slam+1","Corruption"],"picked":"SKIP","floor":25},{"not_picked":["Havoc","Burning Pact+1"],"picked":"Seeing Red+1","floor":27},{"not_picked":["Rampage","Havoc+1"],"picked":"Wild Strike+1","floor":30},{"not_picked":["Hemokinesis+1","Twin Strike"],"picked":"Perfected Strike","floor":31}],"player_experience":241313,"relics_obtained":[{"floor":7,"key":"Art of War"},{"floor":14,"key":"Mummified Hand"},{"floor":26,"key":"Gremlin Horn"},{"floor":30,"key":"Dead Branch"}],"event_choices":[{"cards_removed":["Strike_R"],"damage_healed":0,"gold_gain":0,"player_choice":"Card Removal","damage_taken":7,"max_hp_gain":0,"max_hp_loss":0,"event_name":"Golden Wing","floor":4,"gold_loss":0},{"damage_healed":0,"gold_gain":0,"player_choice":"Ignored","damage_taken":0,"max_hp_gain":0,"max_hp_loss":0,"event_name":"Liars Game","floor":5,"gold_loss":0},{"damage_healed":0,"gold_gain":0,"player_choice":"Grow","damage_taken":0,"max_hp_gain":0,"max_hp_loss":0,"event_name":"Living Wall","floor":8,"gold_loss":0,"cards_upgraded":["Cleave"]},{"cards_removed":["Strike_R"],"damage_healed":0,"gold_gain":0,"player_choice":"Card Removal","damage_taken":0,"max_hp_gain":0,"max_hp_loss":0,"event_name":"The Cleric","floor":11,"gold_loss":50},{"damage_healed":0,"gold_gain":0,"player_choice":"Donut","damage_taken":0,"max_hp_gain":5,"max_hp_loss":0,"event_name":"Big Fish","floor":13,"gold_loss":0},{"damage_healed":0,"gold_gain":0,"player_choice":"Inject Mutagens","damage_taken":0,"relics_obtained":["MutagenicStrength"],"max_hp_gain":0,"max_hp_loss":0,"event_name":"Drug Dealer","floor":21,"gold_loss":0},{"damage_healed":0,"gold_gain":0,"player_choice":"Forge","damage_taken":0,"max_hp_gain":0,"max_hp_loss":0,"event_name":"Accursed Blacksmith","floor":22,"gold_loss":0,"cards_upgraded":["Wild Strike"]},{"damage_healed":0,"gold_gain":0,"player_choice":"Simplicity","damage_taken":0,"max_hp_gain":0,"max_hp_loss":0,"event_name":"Back to Basics","floor":28,"gold_loss":0,"cards_upgraded":["Strike_R","Strike_R","Strike_R","Defend_R","Defend_R","Defend_R"]}],"is_beta":false,"boss_relics":[{"not_picked":["SacredBark","Snecko Eye"],"picked":"Mark of Pain"}],"items_purged_floors":[19],"is_endless":false,"potions_floor_spawned":[2,3,14,16,18,25,30,31],"killed_by":"Collector","ascension_level":5}}