{"host":"rolltorest","time":1609631094,"event":{"mods":["BaseMod","Minty Spire (QoL Compilation)","Relic Stats","Robot Space Explorer","Slay the Relics Exporter","StSLib"],"gold_per_floor":[36,89,89,14,14,14,70,109,109,167,207,207,54,96,96,217,217,278,315,356,401,75,133,133,164,164,216,91,106,156,71,71,197,197,240,251,251,289,308,343,343,380,404,436,513,570,586,630,630,655,655,655,48,75,75,75],"floor_reached":55,"playtime":2921,"items_purged":["RobotSpaceExplorer:Strike","RobotSpaceExplorer:Strike","RobotSpaceExplorer:Strike","RobotSpaceExplorer:Strike"],"score":1129,"play_id":"6c5040b0-f69e-40bb-b1b9-87911a31295d","local_time":"20210102154454","is_ascension_mode":true,"campfire_choices":[{"data":"RobotSpaceExplorer:RigExplosive","floor":6,"key":"SMITH"},{"data":"RobotSpaceExplorer:Asteroid","floor":12,"key":"SMITH"},{"data":"RobotSpaceExplorer:TurboDodge","floor":15,"key":"SMITH"},{"data":"RobotSpaceExplorer:MiniLasers","floor":24,"key":"SMITH"},{"floor":32,"key":"REST"},{"floor":41,"key":"RECALL"},{"floor":49,"key":"REST"},{"data":"RobotSpaceExplorer:ShockMissile","floor":52,"key":"SMITH"}],"circlet_count":0,"master_deck":["RobotSpaceExplorer:Defend","RobotSpaceExplorer:Defend","RobotSpaceExplorer:Defend","RobotSpaceExplorer:Defend","RobotSpaceExplorer:Scan","RobotSpaceExplorer:MiniLasers+1","HandOfGreed+1","RobotSpaceExplorer:RigExplosive+1","RobotSpaceExplorer:Asteroid+1","RobotSpaceExplorer:ScrapMissile","RobotSpaceExplorer:TurboDodge+1","RobotSpaceExplorer:TrailblazerForm+1","RobotSpaceExplorer:GearShield","RobotSpaceExplorer:MetalStrike","RobotSpaceExplorer:ScrapMissile+1","RobotSpaceExplorer:DroneSwarm+1","RobotSpaceExplorer:GearShield+1","RobotSpaceExplorer:SurgingShield+1","RobotSpaceExplorer:SurgingStrike+1","RobotSpaceExplorer:TrailblazerForm+1","RobotSpaceExplorer:PowerCollector+1","RobotSpaceExplorer:Electropulse+1","RobotSpaceExplorer:FranticSearch+1","RobotSpaceExplorer:FrostMissile","RobotSpaceExplorer:ShockMissile+1","RobotSpaceExplorer:Counterblock+1","RobotSpaceExplorer:TurboDodge+1"],"relics":["RobotSpaceExplorer:RoboCore","Frozen Egg 2","Meat on the Bone","Du-Vu Doll","Bag of Preparation","Philosopher\u0027s Stone","Matryoshka","Unceasing Top","Nunchaku","RobotSpaceExplorer:BottledGravity","Gremlin Horn","Anchor","Sundial","Potion Belt","SlaversCollar","Akabeko","Blood Vial","Bottled Flame","RobotSpaceExplorer:RingOfTheNewt","Orichalcum","Gambling Chip","PrismaticShard","Mango"],"acts_visited":["Exordium","TheCity","TheBeyond","TheEnding"],"potions_floor_usage":[7,10,10,11,14,16,18,18,20,23,23,25,27,30,33,36,39,39,40,40,44,45,45,45,47,47,48,50,54,55,55,55,55,55,55],"damage_taken":[{"damage":0,"enemies":"Small Slimes","floor":1,"turns":2},{"damage":0,"enemies":"2 Louse","floor":2,"turns":3},{"damage":18,"enemies":"Lagavulin","floor":7,"turns":6},{"damage":0,"enemies":"Cultist","floor":8,"turns":2},{"damage":10,"enemies":"Gremlin Nob","floor":10,"turns":3},{"damage":5,"enemies":"3 Louse","floor":11,"turns":3},{"damage":0,"enemies":"Large Slime","floor":14,"turns":4},{"damage":20,"enemies":"The Guardian","floor":16,"turns":13},{"damage":12,"enemies":"2 Thieves","floor":18,"turns":3},{"damage":0,"enemies":"Spheric Guardian","floor":19,"turns":4},{"damage":0,"enemies":"Centurion and Healer","floor":20,"turns":5},{"damage":19,"enemies":"Chosen and Byrds","floor":21,"turns":7},{"damage":19,"enemies":"Gremlin Leader","floor":23,"turns":10},{"damage":14,"enemies":"Book of Stabbing","floor":25,"turns":8},{"damage":13,"enemies":"Gremlin Leader","floor":27,"turns":6},{"damage":14,"enemies":"Snake Plant","floor":29,"turns":5},{"damage":2,"enemies":"Slavers","floor":30,"turns":5},{"damage":6,"enemies":"Collector","floor":33,"turns":10},{"damage":0,"enemies":"3 Shapes","floor":35,"turns":6},{"damage":14,"enemies":"3 Darklings","floor":36,"turns":6},{"damage":27,"enemies":"Writhing Mass","floor":38,"turns":8},{"damage":14,"enemies":"Maw","floor":39,"turns":7},{"damage":1,"enemies":"Giant Head","floor":40,"turns":7},{"damage":0,"enemies":"4 Shapes","floor":42,"turns":4},{"damage":6,"enemies":"Nemesis","floor":44,"turns":7},{"damage":14,"enemies":"2 Orb Walkers","floor":45,"turns":3},{"damage":5,"enemies":"Giant Head","floor":46,"turns":7},{"damage":15,"enemies":"Spire Growth","floor":47,"turns":5},{"damage":8,"enemies":"Jaw Worm Horde","floor":48,"turns":3},{"damage":11,"enemies":"Time Eater","floor":50,"turns":11},{"damage":28,"enemies":"Shield and Spear","floor":54,"turns":6},{"damage":67,"enemies":"The Heart","floor":55,"turns":8}],"seed_played":"-282557275426228429","potions_obtained":[{"floor":2,"key":"GamblersBrew"},{"floor":8,"key":"ColorlessPotion"},{"floor":10,"key":"RobotSpaceExplorer:RecyclePotion"},{"floor":23,"key":"DuplicationPotion"},{"floor":38,"key":"Swift Potion"},{"floor":42,"key":"Strength Potion"},{"floor":45,"key":"Block Potion"},{"floor":47,"key":"PowerPotion"}],"is_trial":false,"path_per_floor":["M","M","?","$","?","R","E","M","T","E","M","R","$","M","R","B",null,"M","M","M","M","$","E","R","E","T","E","$","M","E","?","R","B",null,"M","M","?","M","M","E","R","M","T","E","?","E","M","M","R","B",null,"R","$","E","B"],"character_chosen":"RobotSpaceExplorer","items_purchased":["Bag of Preparation","RobotSpaceExplorer:DroneSwarm+1","RobotSpaceExplorer:Exploration","Gambling Chip","PrismaticShard"],"campfire_rested":2,"item_purchase_floors":[13,22,22,53,53],"current_hp_per_floor":[68,68,73,73,73,73,55,55,55,45,52,52,52,52,52,44,71,59,59,59,52,52,45,45,43,43,42,42,40,50,50,74,68,77,77,63,63,48,46,45,45,45,45,41,41,50,49,43,67,58,75,75,75,63,0,0],"gold":75,"neow_bonus":"RANDOM_COLORLESS_2","is_daily":false,"chose_seed":false,"campfire_upgraded":5,"win_rate":0.0,"timestamp":1609631094,"path_taken":["M","M","?","$","?","R","E","M","T","E","M","R","$","M","R","BOSS","M","M","M","M","?","E","R","E","T","E","$","M","E","?","R","BOSS","M","M","?","M","M","E","R","M","T","E","?","E","?","M","R","BOSS","R","$","E","BOSS"],"items_purchased_type":["Relic","Card","Card","Relic","Relic"],"build_version":"2020-12-18","purchased_purges":4,"victory":false,"max_hp_per_floor":[75,75,80,80,80,80,80,80,80,80,80,80,80,80,80,80,80,80,80,80,80,80,80,80,80,80,80,80,80,80,80,80,80,80,80,80,80,80,80,80,80,80,80,80,80,80,80,80,80,80,80,80,80,94,94,94],"relic_stats":{"Blood Vial":16,"Nunchaku":[19],"Gremlin Horn":[24,24],"counters":[32,187],"Sundial":[16],"Gambling Chip":[9],"Bag of Preparation":[52],"Orichalcum":[12],"obtain_stats":[{"Potion Belt":31,"Gremlin Horn":26,"RobotSpaceExplorer:RoboCore":0,"RobotSpaceExplorer:RingOfTheNewt":45,"Mango":54,"Bag of Preparation":13,"Frozen Egg 2":7,"Orichalcum":46,"PrismaticShard":53,"Akabeko":40,"Du-Vu Doll":10,"Blood Vial":43,"SlaversCollar":34,"Nunchaku":25,"Anchor":27,"Bottled Flame":44,"Matryoshka":23,"RobotSpaceExplorer:BottledGravity":26,"Sundial":30,"Gambling Chip":53,"Philosopher\u0027s Stone":17,"Unceasing Top":23,"Meat on the Bone":9},{"Potion Belt":17,"Gremlin Horn":14,"RobotSpaceExplorer:RoboCore":0,"RobotSpaceExplorer:RingOfTheNewt":26,"Mango":31,"Bag of Preparation":6,"Frozen Egg 2":3,"Orichalcum":27,"PrismaticShard":30,"Akabeko":23,"Du-Vu Doll":5,"Blood Vial":24,"SlaversCollar":18,"Nunchaku":14,"Anchor":15,"Bottled Flame":25,"Matryoshka":13,"RobotSpaceExplorer:BottledGravity":14,"Sundial":17,"Gambling Chip":30,"Philosopher\u0027s Stone":8,"Unceasing Top":13,"Meat on the Bone":4},{"Potion Belt":89,"Gremlin Horn":73,"RobotSpaceExplorer:RoboCore":0,"RobotSpaceExplorer:RingOfTheNewt":147,"Mango":179,"Bag of Preparation":19,"Frozen Egg 2":11,"Orichalcum":154,"PrismaticShard":173,"Akabeko":133,"Du-Vu Doll":16,"Blood Vial":137,"SlaversCollar":99,"Nunchaku":73,"Anchor":79,"Bottled Flame":144,"Matryoshka":65,"RobotSpaceExplorer:BottledGravity":73,"Sundial":89,"Gambling Chip":173,"Philosopher\u0027s Stone":36,"Unceasing Top":65,"Meat on the Bone":13}],"Unceasing Top":[7],"Meat on the Bone":156},"card_choices":[{"not_picked":["Secret Technique","Magnetism"],"picked":"HandOfGreed","floor":0},{"not_picked":["RobotSpaceExplorer:MiniBoosters","RobotSpaceExplorer:SurgingStrike","RobotSpaceExplorer:SlimeMissile"],"picked":"SKIP","floor":1},{"not_picked":["RobotSpaceExplorer:FranticSearch","RobotSpaceExplorer:SwiftStep"],"picked":"RobotSpaceExplorer:RigExplosive","floor":2},{"not_picked":["RobotSpaceExplorer:MetalStrike","RobotSpaceExplorer:SwiftStep"],"picked":"RobotSpaceExplorer:Asteroid","floor":7},{"not_picked":["RobotSpaceExplorer:ShovelStrike","RobotSpaceExplorer:Reload","RobotSpaceExplorer:MakeshiftVolley"],"picked":"SKIP","floor":8},{"not_picked":["RobotSpaceExplorer:Pulsar","RobotSpaceExplorer:JunkDive","RobotSpaceExplorer:PowerGlove+1"],"picked":"SKIP","floor":10},{"not_picked":["RobotSpaceExplorer:MiniDrones","RobotSpaceExplorer:DualCore+1"],"picked":"RobotSpaceExplorer:ScrapMissile","floor":11},{"not_picked":["RobotSpaceExplorer:GlueShot","RobotSpaceExplorer:Pulsar"],"picked":"RobotSpaceExplorer:TurboDodge","floor":14},{"not_picked":["RobotSpaceExplorer:Wormhole","RobotSpaceExplorer:Blaster"],"picked":"RobotSpaceExplorer:TrailblazerForm+1","floor":16},{"not_picked":["RobotSpaceExplorer:StarDust+1","RobotSpaceExplorer:ShockKick"],"picked":"RobotSpaceExplorer:GearShield","floor":18},{"not_picked":["RobotSpaceExplorer:DualCore+1","RobotSpaceExplorer:SurgingStrike"],"picked":"RobotSpaceExplorer:MetalStrike","floor":19},{"not_picked":["RobotSpaceExplorer:FranticSearch","RobotSpaceExplorer:ImprovisedAttack"],"picked":"RobotSpaceExplorer:ScrapMissile+1","floor":20},{"not_picked":["RobotSpaceExplorer:ScrapMissile","RobotSpaceExplorer:ImprovisedAttack","RobotSpaceExplorer:FranticSearch"],"picked":"SKIP","floor":21},{"not_picked":["RobotSpaceExplorer:JunkDive","RobotSpaceExplorer:ShockKick","RobotSpaceExplorer:Counterblock"],"picked":"SKIP","floor":23},{"not_picked":["RobotSpaceExplorer:Ammunition","RobotSpaceExplorer:MakeshiftVolley"],"picked":"RobotSpaceExplorer:GearShield+1","floor":25},{"not_picked":["RobotSpaceExplorer:ToxicBomb","RobotSpaceExplorer:Ammunition"],"picked":"RobotSpaceExplorer:SurgingShield+1","floor":27},{"not_picked":["RobotSpaceExplorer:ImprovisedAttack","RobotSpaceExplorer:MiniBoosters+1"],"picked":"RobotSpaceExplorer:SurgingStrike+1","floor":29},{"not_picked":["RobotSpaceExplorer:DoubleBlock","RobotSpaceExplorer:PowerGlove+1","RobotSpaceExplorer:SlimeMissile+1"],"picked":"SKIP","floor":30},{"not_picked":["RobotSpaceExplorer:Exploration","RobotSpaceExplorer:Comet"],"picked":"RobotSpaceExplorer:TrailblazerForm+1","floor":33},{"not_picked":["RobotSpaceExplorer:FranticSearch","RobotSpaceExplorer:Counterblock+1"],"picked":"RobotSpaceExplorer:PowerCollector+1","floor":35},{"not_picked":["RobotSpaceExplorer:SurgingShield","RobotSpaceExplorer:MiniBoosters+1"],"picked":"RobotSpaceExplorer:Electropulse+1","floor":36},{"not_picked":["RobotSpaceExplorer:SlimeMissile","RobotSpaceExplorer:MiniDrones+1"],"picked":"RobotSpaceExplorer:FranticSearch+1","floor":38},{"not_picked":["RobotSpaceExplorer:DoubleBlock","RobotSpaceExplorer:Discharger+1","RobotSpaceExplorer:MetalStrike+1"],"picked":"SKIP","floor":39},{"not_picked":["RobotSpaceExplorer:ScrapMissile","RobotSpaceExplorer:ScrapToss+1","RobotSpaceExplorer:Reload"],"picked":"SKIP","floor":40},{"not_picked":["RobotSpaceExplorer:Probe","RobotSpaceExplorer:RigExplosive"],"picked":"RobotSpaceExplorer:FrostMissile","floor":42},{"not_picked":["RobotSpaceExplorer:ShovelStrike+1","RobotSpaceExplorer:MetalStrike"],"picked":"RobotSpaceExplorer:ShockMissile","floor":44},{"not_picked":["RobotSpaceExplorer:Ammunition+1","RobotSpaceExplorer:SwiftStep+1"],"picked":"RobotSpaceExplorer:Counterblock+1","floor":45},{"not_picked":["RobotSpaceExplorer:DroneSwarm+1","RobotSpaceExplorer:SurgingShield","RobotSpaceExplorer:ImprovisedAttack+1"],"picked":"SKIP","floor":46},{"not_picked":["RobotSpaceExplorer:Counterblock","RobotSpaceExplorer:LaserBurst+1","RobotSpaceExplorer:FreezeRay+1"],"picked":"SKIP","floor":47},{"not_picked":["RobotSpaceExplorer:FrostMissile+1","RobotSpaceExplorer:GlueShot"],"picked":"RobotSpaceExplorer:TurboDodge+1","floor":48},{"not_picked":["Dagger Spray","Pummel","Discovery+1"],"picked":"SKIP","floor":54}],"player_experience":1743551,"relics_obtained":[{"floor":7,"key":"Frozen Egg 2"},{"floor":9,"key":"Meat on the Bone"},{"floor":10,"key":"Du-Vu Doll"},{"floor":23,"key":"Matryoshka"},{"floor":23,"key":"Unceasing Top"},{"floor":25,"key":"Nunchaku"},{"floor":26,"key":"RobotSpaceExplorer:BottledGravity"},{"floor":26,"key":"Gremlin Horn"},{"floor":27,"key":"Anchor"},{"floor":30,"key":"Sundial"},{"floor":40,"key":"Akabeko"},{"floor":43,"key":"Blood Vial"},{"floor":44,"key":"Bottled Flame"},{"floor":45,"key":"RobotSpaceExplorer:RingOfTheNewt"},{"floor":46,"key":"Orichalcum"},{"floor":54,"key":"Mango"}],"event_choices":[{"damage_healed":0,"gold_gain":0,"player_choice":"Donut","damage_taken":0,"max_hp_gain":5,"max_hp_loss":0,"event_name":"Big Fish","floor":3,"gold_loss":0},{"damage_healed":0,"gold_gain":0,"player_choice":"Upgraded","damage_taken":0,"max_hp_gain":0,"max_hp_loss":0,"event_name":"Upgrade Shrine","floor":5,"gold_loss":0,"cards_upgraded":["HandOfGreed"]},{"damage_healed":0,"gold_gain":0,"player_choice":"Obtained Relic","damage_taken":0,"relics_obtained":["Potion Belt"],"max_hp_gain":0,"max_hp_loss":0,"event_name":"Addict","floor":31,"gold_loss":85},{"damage_healed":0,"gold_gain":0,"player_choice":"Ignored","damage_taken":0,"max_hp_gain":0,"max_hp_loss":0,"event_name":"Tomb of Lord Red Mask","floor":37,"gold_loss":0},{"damage_healed":0,"gold_gain":0,"player_choice":"Fight","damage_taken":0,"max_hp_gain":0,"max_hp_loss":0,"event_name":"Mysterious Sphere","floor":45,"gold_loss":0}],"is_beta":true,"boss_relics":[{"not_picked":["Astrolabe","RobotSpaceExplorer:Reprocessor"],"picked":"Philosopher\u0027s Stone"},{"not_picked":["Tiny House","Black Star"],"picked":"SlaversCollar"}],"items_purged_floors":[4,22,28,53],"is_endless":false,"potions_floor_spawned":[2,8,10,16,19,23,27,29,38,42,45,47,48],"killed_by":"The Heart","ascension_level":7}}