{"host":"h4lp0eeso8a0ssq0","time":1609629641,"event":{"mods":["2.2 Compatiblity","AchievementEnabler","BaseMod","CapriCore","Colored Map","Lobotomy","Minty Spire (QoL Compilation)","StSLib","SuperFastMode"],"gold_per_floor":[113,131,81,81,6,6,32,32,78,78,78,92,92,104,104,207,207,222,297,197,207,217,252,252,269,269,280,294,304,26,39,39,136,136,149,166,182,232,4,23,33,33,33,46,46,63,63,63,63,63],"floor_reached":51,"playtime":1940,"items_purged":["Strike_P","Strike_P","Strike_P","Strike_P+1"],"score":748,"play_id":"8358bf6a-c509-418d-95bd-f1b640f09412","local_time":"20210103082041","is_ascension_mode":false,"campfire_choices":[{"floor":6.0,"key":"REST"},{"data":"Adaptation","floor":8.0,"key":"SMITH"},{"floor":10.0,"key":"REST"},{"data":"Vigilance","floor":15.0,"key":"SMITH"},{"floor":24.0,"key":"REST"},{"floor":32.0,"key":"REST"},{"floor":42.0,"key":"REST"},{"floor":47.0,"key":"REST"},{"floor":49.0,"key":"REST"}],"circlet_count":0,"master_deck":["Defend_P","Eruption+1","Vigilance+1","Adaptation+1","Adaptation+1","Fasting2+1","MentalFortress","Halt","FearNoEvil+1","MentalFortress","MentalFortress"],"relics":["HolyWater","Potion Belt","Orichalcum","Dream Catcher","ClockworkSouvenir","Cursed Key","CaptainsWheel"],"acts_visited":["Exordium","TheCity","TheBeyond"],"potions_floor_usage":[],"damage_taken":[{"damage":3.0,"enemies":"Jaw Worm","floor":1.0,"turns":2.0},{"damage":4.0,"enemies":"2 Louse","floor":2.0,"turns":2.0},{"damage":23.0,"enemies":"Lagavulin","floor":7.0,"turns":7.0},{"damage":0.0,"enemies":"Small Slimes","floor":12.0,"turns":3.0},{"damage":0.0,"enemies":"3 Louse","floor":14.0,"turns":1.0},{"damage":10.0,"enemies":"Slime Boss","floor":16.0,"turns":14.0},{"damage":3.0,"enemies":"2 Thieves","floor":18.0,"turns":4.0},{"damage":0.0,"enemies":"Chosen","floor":21.0,"turns":3.0},{"damage":0.0,"enemies":"Snake Plant","floor":22.0,"turns":6.0},{"damage":19.0,"enemies":"Slavers","floor":23.0,"turns":10.0},{"damage":0.0,"enemies":"Shelled Parasite and Fungi","floor":25.0,"turns":5.0},{"damage":14.0,"enemies":"Centurion and Healer","floor":27.0,"turns":7.0},{"damage":0.0,"enemies":"Snecko","floor":28.0,"turns":4.0},{"damage":0.0,"enemies":"Snake Plant","floor":29.0,"turns":5.0},{"damage":0.0,"enemies":"3 Cultists","floor":31.0,"turns":5.0},{"damage":22.0,"enemies":"Collector","floor":33.0,"turns":9.0},{"damage":10.0,"enemies":"3 Shapes","floor":35.0,"turns":3.0},{"damage":9.0,"enemies":"3 Darklings","floor":36.0,"turns":4.0},{"damage":8.0,"enemies":"Transient","floor":37.0,"turns":5.0},{"damage":0.0,"enemies":"Mind Bloom Boss Battle","floor":38.0,"turns":3.0},{"damage":0.0,"enemies":"Sphere and 2 Shapes","floor":40.0,"turns":4.0},{"damage":0.0,"enemies":"Writhing Mass","floor":41.0,"turns":5.0},{"damage":1.0,"enemies":"4 Shapes","floor":44.0,"turns":4.0},{"damage":0.0,"enemies":"Maw","floor":46.0,"turns":4.0},{"damage":3.0,"enemies":"Time Eater","floor":50.0,"turns":7.0},{"damage":33.0,"enemies":"Malkuth","floor":51.0,"turns":3.0},{"damage":32.0,"enemies":"Yesod","floor":51.0,"turns":3.0}],"seed_played":"4130761441451971316","potions_obtained":[{"floor":1.0,"key":"AttackPotion"},{"floor":14.0,"key":"PowerPotion"},{"floor":18.0,"key":"Ancient Potion"},{"floor":25.0,"key":"AttackPotion"},{"floor":28.0,"key":"StancePotion"},{"floor":33.0,"key":"GamblersBrew"},{"floor":37.0,"key":"SmokeBomb"},{"floor":41.0,"key":"SpeedPotion"}],"is_trial":false,"path_per_floor":["M","M","?","?","$","R","E","R","T","R","?","M","?","M","R","B",null,"M","?","$","M","M","E","R","M","T","M","M","M","$","M","R","B",null,"M","M","M","?","$","M","M","R","T","M","$","M","R","?","R","B",null,null],"character_chosen":"WATCHER","items_purchased":["ClockworkSouvenir","MentalFortress"],"campfire_rested":7,"item_purchase_floors":[30,39],"current_hp_per_floor":[62,58,58,41,41,66,43,43,43,68,61,61,61,61,61,51,86,83,75,75,75,75,56,81,81,81,67,67,67,67,67,86,64,86,76,67,59,59,59,59,59,84,84,83,83,83,86,86,86,83],"gold":63,"neow_bonus":"TWENTY_PERCENT_HP_BONUS","is_daily":false,"chose_seed":false,"campfire_upgraded":2,"win_rate":0.0,"timestamp":1609629641,"path_taken":["M","M","?","?","$","R","E","R","T","R","?","M","?","M","R","BOSS","M","?","$","M","M","E","R","M","T","M","?","M","$","M","R","BOSS","M","M","M","?","$","M","M","R","T","M","?","M","R","?","R","BOSS"],"items_purchased_type":["Relic","Card"],"build_version":"2020-12-22","purchased_purges":4,"victory":true,"max_hp_per_floor":[86,86,86,86,86,86,86,86,86,86,86,86,86,86,86,86,86,86,86,86,86,86,86,86,86,86,86,86,86,86,86,86,86,86,86,86,86,86,86,86,86,86,86,86,86,86,86,86,86,86],"card_choices":[{"not_picked":["EmptyFist","Swivel"],"picked":"Adaptation","floor":1.0},{"not_picked":["BowlingBash","SashWhip","Wallop"],"picked":"SKIP","floor":2.0},{"not_picked":["Crescendo","JustLucky","Consecrate"],"picked":"SKIP","floor":7.0},{"not_picked":["Crescendo","JustLucky","Consecrate"],"picked":"SKIP","floor":7.0},{"not_picked":["BowlingBash","Nirvana","EmptyBody"],"picked":"SKIP","floor":12.0},{"not_picked":["SashWhip","Crescendo","JustLucky"],"picked":"SKIP","floor":14.0},{"not_picked":["Consecrate","FollowUp","Crescendo"],"picked":"SKIP","floor":18.0},{"not_picked":["Crescendo","DeceiveReality","Swivel"],"picked":"SKIP","floor":21.0},{"not_picked":["Crescendo","DeceiveReality","Swivel"],"picked":"SKIP","floor":21.0},{"not_picked":["Tantrum","Wireheading","EmptyBody+1"],"picked":"SKIP","floor":22.0},{"not_picked":["Vengeance","Sanctity+1","Crescendo"],"picked":"SKIP","floor":23.0},{"not_picked":["CrushJoints","Collect"],"picked":"Adaptation+1","floor":24.0},{"not_picked":["ForeignInfluence","LikeWater","BowlingBash"],"picked":"SKIP","floor":25.0},{"not_picked":["Evaluate+1","Fasting2+1","Consecrate"],"picked":"SKIP","floor":27.0},{"not_picked":["Evaluate+1","Consecrate"],"picked":"Fasting2+1","floor":27.0},{"not_picked":["EmptyFist","Prostrate","JustLucky+1"],"picked":"SKIP","floor":28.0},{"not_picked":["Prostrate","PathToVictory+1","CrushJoints+1"],"picked":"SKIP","floor":29.0},{"not_picked":["FlurryOfBlows","EmptyFist","ClearTheMind"],"picked":"SKIP","floor":31.0},{"not_picked":["Halt+1","SashWhip","SignatureMove+1"],"picked":"SKIP","floor":35.0},{"not_picked":["WaveOfTheHand+1","Prostrate","SandsOfTime"],"picked":"SKIP","floor":36.0},{"not_picked":["EmptyBody+1","ClearTheMind+1","WreathOfFlame"],"picked":"SKIP","floor":37.0},{"not_picked":["Perseverance+1","Tantrum","FollowUp+1"],"picked":"SKIP","floor":40.0},{"not_picked":["BowlingBash+1","FlyingSleeves+1"],"picked":"Halt","floor":41.0},{"not_picked":["Halt+1","SashWhip"],"picked":"FearNoEvil+1","floor":44.0},{"not_picked":["WreathOfFlame+1","Worship+1"],"picked":"MentalFortress","floor":46.0},{"not_picked":["FollowUp+1","Evaluate"],"picked":"MentalFortress","floor":47.0}],"player_experience":39453,"relics_obtained":[{"floor":7.0,"key":"Potion Belt"},{"floor":9.0,"key":"Orichalcum"},{"floor":23.0,"key":"Dream Catcher"},{"floor":38.0,"key":"CaptainsWheel"}],"event_choices":[{"cards_removed":["Defend_P"],"damage_healed":0.0,"max_hp_gain":0.0,"max_hp_loss":0.0,"gold_gain":0.0,"event_name":"The Cleric","player_choice":"Card Removal","floor":3.0,"gold_loss":50.0,"damage_taken":0.0},{"damage_healed":0.0,"max_hp_gain":0.0,"max_hp_loss":0.0,"gold_gain":0.0,"event_name":"Shining Light","player_choice":"Entered Light","floor":4.0,"gold_loss":0.0,"damage_taken":17.0,"cards_upgraded":["Eruption","Strike_P"]},{"cards_removed":["Defend_P"],"damage_healed":0.0,"max_hp_gain":0.0,"max_hp_loss":0.0,"gold_gain":0.0,"event_name":"Golden Wing","player_choice":"Card Removal","floor":11.0,"gold_loss":0.0,"damage_taken":7.0},{"cards_removed":["Defend_P"],"damage_healed":0.0,"max_hp_gain":0.0,"max_hp_loss":0.0,"gold_gain":0.0,"event_name":"Purifier","player_choice":"Purged","floor":13.0,"gold_loss":0.0,"damage_taken":0.0},{"damage_healed":0.0,"max_hp_gain":0.0,"max_hp_loss":0.0,"gold_gain":75.0,"event_name":"FaceTrader","player_choice":"Touch","floor":19.0,"gold_loss":0.0,"damage_taken":8.0},{"damage_healed":0.0,"max_hp_gain":0.0,"max_hp_loss":0.0,"gold_gain":0.0,"event_name":"MindBloom","player_choice":"Fight","floor":38.0,"gold_loss":0.0,"damage_taken":0.0},{"damage_healed":0.0,"max_hp_gain":0.0,"max_hp_loss":0.0,"gold_gain":0.0,"event_name":"Mysterious Sphere","player_choice":"Ignored","floor":48.0,"gold_loss":0.0,"damage_taken":0.0}],"is_beta":false,"boss_relics":[{"not_picked":["Coffee Dripper","Runic Dome"],"picked":"HolyWater"},{"not_picked":["Snecko Eye","Calling Bell"],"picked":"Cursed Key"}],"items_purged_floors":[5,20,30,39],"is_endless":false,"potions_floor_spawned":[1,14,18,25,28,33,37,41,44],"ascension_level":0}}