{"host":"9d9dhukr2jywmy0f","time":1609593902,"event":{"mods":["2.2 Compatiblity","Alarm Clock","BaseMod","Bestiary","Block Reminder","Colored Map","Colored Powertips","Curses Come First","DeckTracker","Highlight Path","Key Reminder","Keyboard Shortcuts","Koishi","Minty Spire (QoL Compilation)","MonsterHotkey","Quick Restart","Rare Cards Sparkle","Relic Sorter","Relic Stats","Spire Birthday Party","StSLib","SuperFastMode","Synergy Search","Unceasing Turn Reminder","Unknown Chances"],"gold_per_floor":[112,37,37,37,37,37,37,37,37,54,68,96,114,129,129,129,129],"floor_reached":16,"playtime":488,"items_purged":[],"score":190,"play_id":"2cbbcf2f-a7a8-4bf8-9756-5a7d3472253a","local_time":"20210102212502","is_ascension_mode":true,"campfire_choices":[{"data":"Koishi:SubconsciousSweep","floor":6,"key":"SMITH"},{"data":"Koishi:UnconsciousUprising","floor":8,"key":"SMITH"},{"floor":15,"key":"RECALL"}],"circlet_count":0,"master_deck":["AscendersBane","Koishi:BasicStrike","Koishi:BasicStrike","Koishi:BasicStrike","Koishi:BasicDefend","Koishi:BasicDefend","Koishi:BasicDefend","Koishi:Provoke","Koishi:HauntingSlash","Koishi:SubconsciousSweep+1","Koishi:UnconsciousUprising+1"],"relics":["Koishi:ImaginaryFriend","NeowsBlessing","Gremlin Horn","Singing Bowl","Lantern","keyreminder:keyreminder"],"acts_visited":["Exordium"],"potions_floor_usage":[12,14],"damage_taken":[{"damage":0.0,"enemies":"Jaw Worm","floor":1.0,"turns":1.0},{"damage":0,"enemies":"Small Slimes","floor":10,"turns":1},{"damage":0,"enemies":"2 Louse","floor":11,"turns":1},{"damage":17,"enemies":"3 Sentries","floor":12,"turns":7},{"damage":6,"enemies":"Looter","floor":13,"turns":3},{"damage":0,"enemies":"Exordium Wildlife","floor":14,"turns":4},{"damage":0,"enemies":"Hexaghost","floor":16,"turns":8}],"seed_played":"-4630387972361243546","potions_obtained":[{"floor":10,"key":"SteroidPotion"},{"floor":11,"key":"DuplicationPotion"},{"floor":12,"key":"Fire Potion"},{"floor":14,"key":"Fire Potion"}],"is_trial":false,"path_per_floor":["M","?","?","$","?","R","$","R","T","M","M","E","M","M","R","B"],"character_chosen":"KOISHI","items_purchased":[],"campfire_rested":0,"item_purchase_floors":[],"current_hp_per_floor":[51,51,33,33,33,33,33,33,33,35,37,22,19,23,23,23,23],"gold":129,"neow_bonus":"THREE_ENEMY_KILL","is_daily":false,"chose_seed":false,"campfire_upgraded":2,"win_rate":0.0,"timestamp":1609593902,"path_taken":["M","?","?","$","?","R","?","R","T","M","?","E","M","M","R","BOSS"],"items_purchased_type":[],"build_version":"2020-11-30","purchased_purges":0,"victory":false,"max_hp_per_floor":[57,57,57,57,57,57,57,57,57,59,61,63,65,67,67,67,67],"relic_stats":{"Gremlin Horn":[2,3],"Singing Bowl":10,"counters":[7,25],"obtain_stats":[{"keyreminder:keyreminder":15,"Lantern":12,"NeowsBlessing":0,"Gremlin Horn":3,"Singing Bowl":9,"Koishi:ImaginaryFriend":0},{"keyreminder:keyreminder":6,"Lantern":4,"NeowsBlessing":0,"Gremlin Horn":1,"Singing Bowl":1,"Koishi:ImaginaryFriend":0},{"keyreminder:keyreminder":17,"Lantern":10,"NeowsBlessing":0,"Gremlin Horn":1,"Singing Bowl":1,"Koishi:ImaginaryFriend":0}]},"card_choices":[{"not_picked":["Koishi:JumpScare","Koishi:ApparitionsStalkTheNight"],"picked":"Koishi:SubconsciousSweep","floor":1.0},{"not_picked":["Koishi:DreadfulBlow","Koishi:TremblingHands","Koishi:Untouchable"],"picked":"Singing Bowl","floor":10},{"not_picked":["Koishi:RacingHeart","Koishi:HeartfeltFancy","Koishi:EmbryosDream"],"picked":"Singing Bowl","floor":11},{"not_picked":["Koishi:PhantomBarrier","Koishi:GrowingPain","Koishi:JumpScare"],"picked":"Singing Bowl","floor":12},{"not_picked":["Koishi:Prune","Koishi:Whimsy","Koishi:RacingHeart"],"picked":"Singing Bowl","floor":13},{"not_picked":["Koishi:RacingHeart","Koishi:StrangeCloudFist","Koishi:SubconsciousSweep"],"picked":"Singing Bowl","floor":14}],"player_experience":876659,"relics_obtained":[{"floor":9,"key":"Singing Bowl"},{"floor":12,"key":"Lantern"}],"event_choices":[{"cards_removed":["Koishi:BasicStrike"],"damage_healed":0.0,"max_hp_gain":0.0,"max_hp_loss":0.0,"gold_gain":0.0,"event_name":"The Cleric","player_choice":"Card Removal","floor":2.0,"gold_loss":75.0,"damage_taken":0.0},{"damage_healed":0.0,"max_hp_gain":0.0,"max_hp_loss":0.0,"gold_gain":0.0,"event_name":"Scrap Ooze","player_choice":"Success","floor":3.0,"gold_loss":0.0,"damage_taken":18.0,"relics_obtained":["Gremlin Horn"]},{"damage_healed":0,"gold_gain":0,"cards_transformed":["Koishi:BasicDefend"],"player_choice":"Change","damage_taken":0,"max_hp_gain":0,"max_hp_loss":0,"event_name":"Living Wall","floor":5,"gold_loss":0,"cards_obtained":["Koishi:UnconsciousUprising"]}],"is_beta":false,"boss_relics":[],"items_purged_floors":[],"is_endless":false,"potions_floor_spawned":[10,11,12,14],"killed_by":"Hexaghost","ascension_level":18}}