{"host":"csp9nt53rootlkah","time":1609580633,"event":{"mods":["Act Like it!","BaseMod","Colored Powertips","Friendly Minions","Gensokyo","Highlight Path","Minty Spire (QoL Compilation)","Quick Restart","Replay The Spire","StSLib","TestMod","The Factory","The Hierophant","The Jungle","UnlockEverythingMod","【遗物卡牌】REMEMod"],"gold_per_floor":[115,135,153,42,62,52,86,86,86,86,103,103,119,19,19,120,120,134,154,171,181,181,181,212,212,237,237,251,126,140,189,189,285,285,347,347,392,242,308,439,439,439,439,532,622,702,702,808,808,808,808],"floor_reached":50,"playtime":5627,"items_purged":["hierophant:Strike_Hierophant","hierophant:Defend_Hierophant","hierophant:Strike_Hierophant","hierophant:Defend_Hierophant"],"score":680,"play_id":"a3444562-6c35-42d2-b9f2-5b3489ce8d64","local_time":"20210102174353","is_ascension_mode":false,"campfire_choices":[{"data":"testmod-ChaoticCore","floor":8.0,"key":"SMITH"},{"data":"hierophant:Repentance","floor":10.0,"key":"SMITH"},{"data":"hierophant:Anathema","floor":12.0,"key":"SMITH"},{"data":"hierophant:Endure","floor":15.0,"key":"SMITH"},{"data":"hierophant:Doomsaying","floor":23.0,"key":"SMITH"},{"data":"hierophant:PristineSoul","floor":25.0,"key":"SMITH"},{"data":"hierophant:ChurchCoffers","floor":27.0,"key":"SMITH"},{"data":"hierophant:FaithHealing","floor":32.0,"key":"SMITH"},{"data":"hierophant:BulkyChest","floor":42.0,"key":"SMITH"},{"data":"hierophant:Punish","floor":47.0,"key":"SMITH"},{"data":"hierophant:MorningPrayer","floor":49.0,"key":"SMITH"}],"circlet_count":0,"master_deck":["hierophant:Strike_Hierophant","hierophant:Strike_Hierophant","hierophant:Punish+1","hierophant:Defend_Hierophant","hierophant:Defend_Hierophant","hierophant:ChurchCoffers+1","testmod-ChaoticCore+1","hierophant:MorningPrayer+1","hierophant:Zeal","hierophant:Repentance+1","hierophant:Doomsaying+1","hierophant:Anathema+1","hierophant:Endure+1","hierophant:PristineSoul+1","hierophant:FaithHealing+1","hierophant:BulkyChest+1","hierophant:Smite+1","hierophant:Exaltation+1"],"relics":["hierophant:PropheticMaskRelic","testmod-TestBox","REME_ComplimentaryCards","testmod-SaigiyounoYou","NeowsBlessing","MealTicket","Bottled Tornado","SlaversCollar","Strawberry","Replay:Baseball","Sozu","Philosopher\u0027s Stone","Black Star","testmod-Recursion","The Courier","Art of War","Du-Vu Doll","Kunai","Regal Pillow","CeramicFish"],"acts_visited":["Exordium","TheCity","TheBeyond"],"potions_floor_usage":[50,50],"damage_taken":[{"damage":0.0,"enemies":"Cultist","floor":1.0,"turns":1.0},{"damage":0.0,"enemies":"Jaw Worm","floor":2.0,"turns":1.0},{"damage":0.0,"enemies":"2 Louse","floor":3.0,"turns":1.0},{"damage":15.0,"enemies":"Looter","floor":5.0,"turns":4.0},{"damage":13.0,"enemies":"Exordium Thugs","floor":6.0,"turns":4.0},{"damage":0.0,"enemies":"Lagavulin","floor":7.0,"turns":5.0},{"damage":8.0,"enemies":"2 Fungi Beasts","floor":11.0,"turns":4.0},{"damage":32.0,"enemies":"Exordium Wildlife","floor":13.0,"turns":6.0},{"damage":25.0,"enemies":"Fading Forest","floor":16.0,"turns":11.0},{"damage":9.0,"enemies":"Chosen","floor":18.0,"turns":6.0},{"damage":0.0,"enemies":"Spheric Guardian","floor":19.0,"turns":3.0},{"damage":0.0,"enemies":"Chosen and Byrds","floor":20.0,"turns":4.0},{"damage":10.0,"enemies":"Centurion and Healer","floor":21.0,"turns":6.0},{"damage":61.0,"enemies":"Slavers","floor":24.0,"turns":5.0},{"damage":7.0,"enemies":"Cultist and Chosen","floor":28.0,"turns":4.0},{"damage":0.0,"enemies":"Sentry and Sphere","floor":30.0,"turns":3.0},{"damage":11.0,"enemies":"Centurion and Healer","floor":31.0,"turns":5.0},{"damage":7.0,"enemies":"Champ","floor":33.0,"turns":12.0},{"damage":0.0,"enemies":"3 Shapes","floor":35.0,"turns":3.0},{"damage":0.0,"enemies":"Orb Walker","floor":37.0,"turns":2.0},{"damage":0.0,"enemies":"Transient","floor":39.0,"turns":5.0},{"damage":0.0,"enemies":"R_Hoarder","floor":40.0,"turns":3.0},{"damage":0.0,"enemies":"4 Shapes","floor":44.0,"turns":4.0},{"damage":0.0,"enemies":"Sphere and 2 Shapes","floor":45.0,"turns":2.0},{"damage":0.0,"enemies":"Spire Growth","floor":46.0,"turns":3.0},{"damage":0.0,"enemies":"Reptomancer","floor":48.0,"turns":2.0},{"damage":135,"enemies":"Time Eater","floor":50,"turns":9}],"seed_played":"7492539423735684638","potions_obtained":[{"floor":1.0,"key":"Flashbang"},{"floor":3.0,"key":"FearPotion"},{"floor":13.0,"key":"ColorlessPotion"},{"floor":18.0,"key":"REME_GoldPotion"},{"floor":24.0,"key":"Ancient Potion"}],"is_trial":false,"path_per_floor":["M","M","M","$","M","M","E","R","T","R","M","R","M","$","R","B",null,"M","M","M","M","?","R","E","R","T","R","M","$","M","M","R","B",null,"M","?","M","$","M","E","?","R","T","M","M","M","R","E","R","B"],"character_chosen":"HIEROPHANT","items_purchased":["hierophant:Repentance"],"campfire_rested":0,"item_purchase_floors":[4],"current_hp_per_floor":[75,75,75,75,66,58,63,63,63,63,64,64,42,57,57,51,75,74,74,75,75,85,85,47,47,47,47,50,65,68,68,68,92,92,92,92,92,92,92,92,92,92,92,92,92,92,92,92,92,0,0],"gold":808,"neow_bonus":"THREE_ENEMY_KILL","is_daily":false,"chose_seed":false,"campfire_upgraded":11,"win_rate":0.0,"timestamp":1609580633,"path_taken":["M","M","M","?","?","M","E","R","T","R","M","R","M","$","R","BOSS","M","M","M","M","?","R","E","R","T","R","?","$","M","M","R","BOSS","M","?","M","$","M","E","?","R","T","M","?","M","R","E","R","BOSS"],"items_purchased_type":["Card"],"build_version":"2020-12-22","purchased_purges":4,"victory":false,"max_hp_per_floor":[75,75,75,75,75,75,75,75,75,75,75,75,75,75,75,75,75,75,75,75,75,85,85,92,92,92,92,92,92,92,92,92,92,92,92,92,92,92,92,92,92,92,92,92,92,92,92,92,92,92,92],"card_choices":[{"not_picked":["hierophant:PassingBell","hierophant:Racketeering"],"picked":"hierophant:MorningPrayer","floor":1.0},{"not_picked":["hierophant:Shelter","hierophant:Dazzle"],"picked":"hierophant:Zeal","floor":2.0},{"not_picked":["hierophant:HammerAndAnvil","hierophant:MorningPrayer","hierophant:Zeal"],"picked":"SKIP","floor":3.0},{"not_picked":["hierophant:Mercenaries","hierophant:Shelter"],"picked":"hierophant:Doomsaying","floor":5.0},{"not_picked":["hierophant:Sermon","hierophant:Glossolalia"],"picked":"hierophant:Anathema","floor":6.0},{"not_picked":["hierophant:Smite","hierophant:EyeForCoin"],"picked":"hierophant:Endure","floor":7.0},{"not_picked":["hierophant:Remorse","hierophant:AuricBeam","hierophant:PassingBell"],"picked":"SKIP","floor":11.0},{"not_picked":["hierophant:RustyCrate","hierophant:HammerAndAnvil","hierophant:FlamingChariot"],"picked":"SKIP","floor":13.0},{"not_picked":["hierophant:MintersHammer","hierophant:Cornucopia"],"picked":"hierophant:Determination","floor":16.0},{"not_picked":["hierophant:MirrorShield+1","hierophant:ArchangelShield","hierophant:Sermon+1"],"picked":"SKIP","floor":18.0},{"not_picked":["hierophant:PassingBell+1","hierophant:Smite","hierophant:FieryStrike"],"picked":"SKIP","floor":19.0},{"not_picked":["hierophant:Kindle","hierophant:Patience","hierophant:Purify+1"],"picked":"SKIP","floor":20.0},{"not_picked":["hierophant:OrnateBuckler","hierophant:Doubloon","hierophant:Bribe"],"picked":"SKIP","floor":21.0},{"not_picked":["hierophant:Zeal+1","hierophant:Doubloon+1"],"picked":"hierophant:PristineSoul","floor":24.0},{"not_picked":["hierophant:FieryStrike","hierophant:Purify","hierophant:SealAway"],"picked":"SKIP","floor":28.0},{"not_picked":["hierophant:Community+1","hierophant:Doomsaying","hierophant:ThreeLashes+1"],"picked":"SKIP","floor":30.0},{"not_picked":["hierophant:WrathOfGod","hierophant:Endure"],"picked":"hierophant:FaithHealing","floor":31.0},{"not_picked":["hierophant:AuricForm","hierophant:LocustPlague"],"picked":"hierophant:BulkyChest","floor":33.0},{"not_picked":["hierophant:AuricBeam+1","hierophant:OrnateJavelin","hierophant:Glossolalia"],"picked":"SKIP","floor":35.0},{"not_picked":["hierophant:Zeal","hierophant:HolyVerse+1","hierophant:PassingBell"],"picked":"SKIP","floor":37.0},{"not_picked":["hierophant:FlamingChariot","hierophant:Sermon+1","hierophant:SealAway"],"picked":"SKIP","floor":39.0},{"not_picked":["hierophant:Mercenaries","hierophant:HolyVerse+1","hierophant:Dazzle+1"],"picked":"SKIP","floor":40.0},{"not_picked":["hierophant:Bribe","hierophant:Sermon"],"picked":"hierophant:Smite+1","floor":44.0},{"not_picked":["hierophant:ThreeLashes","hierophant:FlamingChariot","hierophant:Remorse"],"picked":"SKIP","floor":45.0},{"not_picked":["hierophant:Empathy","hierophant:RustyCrate+1"],"picked":"hierophant:Exaltation+1","floor":46.0},{"not_picked":["hierophant:Empathy","hierophant:Kindle","hierophant:Shelter"],"picked":"SKIP","floor":48.0}],"player_experience":115836,"relics_obtained":[{"floor":7.0,"key":"MealTicket"},{"floor":9.0,"key":"Bottled Tornado"},{"floor":24.0,"key":"Strawberry"},{"floor":26.0,"key":"Replay:Baseball"},{"floor":40.0,"key":"The Courier"},{"floor":40.0,"key":"Art of War"},{"floor":43.0,"key":"Kunai"},{"floor":48.0,"key":"Regal Pillow"},{"floor":48.0,"key":"CeramicFish"}],"event_choices":[{"cards_removed":["hierophant:Determination"],"damage_healed":0.0,"max_hp_gain":10.0,"max_hp_loss":0.0,"gold_gain":0.0,"event_name":"Bonfire Elementals","player_choice":"Offered Rare","floor":22.0,"gold_loss":0.0,"damage_taken":0.0},{"damage_healed":0.0,"max_hp_gain":0.0,"max_hp_loss":0.0,"gold_gain":0.0,"event_name":"Tomb of Lord Red Mask","player_choice":"Ignored","floor":36.0,"gold_loss":0.0,"damage_taken":0.0},{"damage_healed":0.0,"max_hp_gain":0.0,"max_hp_loss":0.0,"gold_gain":0.0,"event_name":"给自己的盒子","player_choice":"Swap Relic","floor":41.0,"relics_lost":["Replay:Grab Bag"],"gold_loss":0.0,"damage_taken":0.0,"relics_obtained":["Du-Vu Doll"]}],"is_beta":false,"boss_relics":[{"not_picked":["testmod-PortableAltar","Replay:Bronze Core"],"picked":"SlaversCollar"},{"not_picked":["testmod-TimeTraveler","Replay:Ancient Bell"],"picked":"Replay:Grab Bag"},{"not_picked":["Busted Crown","ChewingGum"],"picked":"Sozu"},{"not_picked":["Velvet Choker","Cursed Key"],"picked":"Philosopher\u0027s Stone"},{"not_picked":["Tiny House","Astrolabe"],"picked":"Black Star"},{"not_picked":["Honey Jar","testmod-IncinerationGenerator"],"picked":"testmod-Recursion"}],"items_purged_floors":[4,14,29,38],"is_endless":false,"potions_floor_spawned":[1,3,13,18,24,28,30,44,45,46],"killed_by":"Time Eater","ascension_level":0}}