{"host":"w9yruvs4bqht6bhw","time":1609626582,"event":{"mods":["BaseMod","Colored Powertips","Minty Spire (QoL Compilation)"],"gold_per_floor":[112,129,31,131,0,0,11,11,11,28,28,28,45,59,59,158,158,177,177,196,196,196],"floor_reached":21,"playtime":509,"items_purged":["Strike_R"],"score":231,"play_id":"05b21e93-31e2-484b-bebd-770d69217bcc","local_time":"20210102172942","is_ascension_mode":true,"campfire_choices":[{"data":"Cleave","floor":6,"key":"SMITH"},{"data":"Cleave","floor":8,"key":"SMITH"},{"data":"Carnage","floor":15,"key":"SMITH"}],"circlet_count":0,"master_deck":["Strike_R","Strike_R","Strike_R","Defend_R","Defend_R","Defend_R","Bash","Cleave+1","Clothesline","Thunderclap","Cleave+1","Uppercut","Cleave+1","Carnage+1","Shrug It Off","Exhume","Flex+1"],"relics":["Burning Blood","Lantern"],"acts_visited":["Exordium","TheCity"],"potions_floor_usage":[2,7,10,16,21],"damage_taken":[{"damage":1,"enemies":"Cultist","floor":1,"turns":3},{"damage":14,"enemies":"Small Slimes","floor":2,"turns":4},{"damage":9,"enemies":"Jaw Worm","floor":7,"turns":2},{"damage":4,"enemies":"3 Louse","floor":10,"turns":2},{"damage":0,"enemies":"Gremlin Gang","floor":13,"turns":2},{"damage":13,"enemies":"Blue Slaver","floor":14,"turns":2},{"damage":12,"enemies":"Slime Boss","floor":16,"turns":5},{"damage":28,"enemies":"2 Thieves","floor":18,"turns":3},{"damage":67,"enemies":"Spheric Guardian","floor":20,"turns":8},{"damage":32,"enemies":"Shelled Parasite and Fungi","floor":21,"turns":2}],"seed_played":"2069483590890168551","potions_obtained":[{"floor":1,"key":"PowerPotion"},{"floor":7,"key":"Swift Potion"},{"floor":14,"key":"Block Potion"},{"floor":18,"key":"ElixirPotion"},{"floor":20,"key":"FearPotion"}],"is_trial":false,"path_per_floor":["M","M","$","?","$","R","M","R","T","M","?","?","M","M","R","B",null,"M","?","M","M"],"character_chosen":"IRONCLAD","items_purchased":["Cleave","Uppercut","ColorlessPotion"],"campfire_rested":0,"item_purchase_floors":[3,5,5],"current_hp_per_floor":[72,64,64,64,64,64,61,61,61,63,72,72,72,65,65,59,69,47,72,11,0,0],"gold":196,"neow_bonus":"TRANSFORM_TWO_CARDS","is_daily":false,"chose_seed":false,"campfire_upgraded":3,"win_rate":0.0,"timestamp":1609626582,"path_taken":["M","M","$","?","?","R","M","R","T","M","?","?","?","M","R","BOSS","M","?","?","M"],"items_purchased_type":["Card","Card","Potion"],"build_version":"2020-12-22","purchased_purges":1,"victory":false,"max_hp_per_floor":[72,72,72,72,72,72,72,72,72,72,72,72,72,72,72,72,72,72,72,72,72,72],"card_choices":[{"not_picked":["Combust","Reckless Charge"],"picked":"Clothesline","floor":1},{"not_picked":["Reckless Charge","Havoc"],"picked":"Thunderclap","floor":2},{"not_picked":["Searing Blow","True Grit"],"picked":"Cleave","floor":7},{"not_picked":["Twin Strike","Sever Soul","Flex"],"picked":"SKIP","floor":10},{"not_picked":["Shockwave","Anger"],"picked":"Carnage","floor":13},{"not_picked":["Seeing Red","Exhume"],"picked":"Shrug It Off","floor":14},{"not_picked":["Brutality","Fiend Fire"],"picked":"Exhume","floor":16},{"not_picked":["Sword Boomerang","Warcry","Burning Pact"],"picked":"SKIP","floor":18},{"not_picked":["Perfected Strike","Warcry"],"picked":"Flex+1","floor":20}],"player_experience":272584,"relics_obtained":[{"floor":9,"key":"Lantern"}],"event_choices":[{"damage_healed":0,"gold_gain":100,"player_choice":"Pray","damage_taken":0,"max_hp_gain":0,"max_hp_loss":0,"event_name":"Golden Shrine","floor":4,"gold_loss":0},{"damage_healed":24,"gold_gain":0,"player_choice":"Banana","damage_taken":0,"max_hp_gain":0,"max_hp_loss":0,"event_name":"Big Fish","floor":11,"gold_loss":0},{"damage_healed":0,"gold_gain":0,"player_choice":"Grow","damage_taken":0,"max_hp_gain":0,"max_hp_loss":0,"event_name":"Living Wall","floor":12,"gold_loss":0,"cards_upgraded":["Cleave"]},{"cards_removed":["Entrench"],"damage_healed":25,"gold_gain":0,"player_choice":"Offered Uncommon","damage_taken":0,"max_hp_gain":0,"max_hp_loss":0,"event_name":"Bonfire Elementals","floor":19,"gold_loss":0}],"is_beta":false,"boss_relics":[{"not_picked":["Astrolabe","Calling Bell","Cursed Key"]}],"items_purged_floors":[3],"is_endless":false,"potions_floor_spawned":[1,7,14,18,20],"killed_by":"Shelled Parasite and Fungi","ascension_level":7}}