{"host":"gbbz8f5svnnpwo8d","time":1609571524,"event":{"mods":["AchievementEnabler","AlwaysNeverKeys","BaseMod","Bestiary","Better Altar","Better Match","Better Note","Better Sensory Stone","Better Silent Start","Better Skull","Better Third Choice","Better Vampires","Better-Laid Plans","BetterRewards","Block Reminder","Colored Map","Colored Powertips","Displayed Cursed Tome","Downfall","GifTheSpireLib","Minty Spire (QoL Compilation)","MonsterHotkey","Permanent Neow","Potion Indicator Mod","Quick Restart","Random Character Button","Rare Cards Sparkle","Relic Stats","Shop Mod","Spicy Shops","Spire Birthday Party","StSLib","Transform Curses"],"gold_per_floor":[112,131,148,148,148,148,148],"floor_reached":6,"playtime":216,"items_purged":[],"score":36,"play_id":"3a9b923c-ddc5-4956-808f-0bafb392c321","local_time":"20210102001204","is_ascension_mode":false,"campfire_choices":[],"circlet_count":0,"master_deck":["Strike_G","Strike_G","Strike_G","Strike_G","Defend_G","Defend_G+1","Defend_G","Defend_G+1","Survivor","Neutralize","Escape Plan","PiercingWail","Cloak And Dagger"],"relics":["Ring of the Snake","Unceasing Top","MerchantsRug"],"acts_visited":["Exordium"],"potions_floor_usage":[],"damage_taken":[{"damage":0.0,"enemies":"Cultist","floor":1.0,"turns":5.0},{"damage":0.0,"enemies":"2 Louse","floor":2.0,"turns":3.0},{"damage":0.0,"enemies":"Jaw Worm","floor":3.0,"turns":6.0},{"damage":71,"enemies":"Gremlin Nob","floor":6,"turns":7}],"seed_played":"-4930886166794708350","potions_obtained":[],"is_trial":false,"path_per_floor":["M","M","M","?","?","E"],"character_chosen":"THE_SILENT","items_purchased":["MerchantsRug"],"campfire_rested":0,"item_purchase_floors":[0],"current_hp_per_floor":[62,62,62,67,52,0,0],"gold":148,"neow_bonus":"","is_daily":false,"chose_seed":false,"campfire_upgraded":0,"win_rate":0.0,"timestamp":1609571524,"path_taken":["M","?","M","?","?","E"],"items_purchased_type":["Relic"],"build_version":"2020-12-22","purchased_purges":0,"victory":false,"max_hp_per_floor":[70,70,70,75,75,75,75],"relic_stats":{"counters":[37,197],"obtain_stats":[{"Ice Cream":48,"Girya":37,"MerchantsRug":0,"Happy Flower":7,"Golden Idol":11,"Eternal Feather":9,"PreservedInsect":0,"Frozen Egg 2":9,"Bottled Tornado":45,"Empty Cage":34,"Nuclear Battery":17,"SlaversCollar":17,"Emotion Chip":0,"Ornamental Fan":0,"Bloody Idol":28,"Bronze Scales":54,"Art of War":26,"Cracked Core":0,"InkBottle":43,"Unceasing Top":0,"Meat on the Bone":10,"Ring of the Snake":0},{"Ice Cream":30,"Girya":27,"MerchantsRug":33,"Happy Flower":4,"Golden Idol":5,"Eternal Feather":4,"PreservedInsect":0,"Frozen Egg 2":15,"Bottled Tornado":28,"Empty Cage":25,"Nuclear Battery":19,"SlaversCollar":7,"Emotion Chip":0,"Ornamental Fan":0,"Bloody Idol":23,"Bronze Scales":32,"Art of War":22,"Cracked Core":0,"InkBottle":27,"Unceasing Top":33,"Meat on the Bone":5,"Ring of the Snake":0},{"Ice Cream":146,"Girya":121,"MerchantsRug":176,"Happy Flower":12,"Golden Idol":15,"Eternal Feather":12,"PreservedInsect":0,"Frozen Egg 2":51,"Bottled Tornado":134,"Empty Cage":106,"Nuclear Battery":66,"SlaversCollar":26,"Emotion Chip":0,"Ornamental Fan":0,"Bloody Idol":91,"Bronze Scales":170,"Art of War":85,"Cracked Core":0,"InkBottle":121,"Unceasing Top":176,"Meat on the Bone":15,"Ring of the Snake":0}],"Unceasing Top":[0],"Ring of the Snake":[0]},"card_choices":[{"not_picked":["Flying Knee","Terror"],"picked":"Escape Plan","floor":1.0},{"not_picked":["Underhanded Strike","Crippling Poison"],"picked":"PiercingWail","floor":2.0},{"not_picked":["Dagger Throw","Underhanded Strike"],"picked":"Cloak And Dagger","floor":3.0}],"player_experience":3596715,"relics_obtained":[],"event_choices":[{"damage_healed":0,"gold_gain":0,"player_choice":"Donut","damage_taken":0,"max_hp_gain":5,"max_hp_loss":0,"event_name":"Big Fish","floor":4,"gold_loss":0},{"damage_healed":67,"gold_gain":0,"player_choice":"Upgrade","damage_taken":15,"max_hp_gain":0,"max_hp_loss":75,"event_name":"betterThird:BetterShining","floor":5,"gold_loss":0,"cards_upgraded":["Defend_G","Defend_G"]}],"is_beta":false,"boss_relics":[],"items_purged_floors":[],"is_endless":false,"potions_floor_spawned":[],"killed_by":"Gremlin Nob","ascension_level":0}}