{"host":"p4zclu0beiy6gkiq","time":1609613308,"event":{"mods":["AchievementEnabler","BaseMod","Bestiary","Colored Map","Colored Powertips","DeckTracker","Minty Spire (QoL Compilation)","Quick Restart","StSLib","SuperFastMode","The Cursed"],"gold_per_floor":[368,293,303,316,46,46,72,72,72,72,99,110,139,157,157,253,253,265,265,265,106,126,126,159,159,159,184,34,48,48,79,79,177,177,195,195,195,213,226,257,257,271,319,67,92,110,110,125,125,125,125,125,2,30,30],"floor_reached":56,"playtime":11919,"items_purged":["Defend_P","Strike_P","Strike_P","LessonLearned+1","LessonLearned+1"],"score":1438,"play_id":"72c09086-adc9-4fd6-b976-30ebbc399fd0","local_time":"20210103034828","is_ascension_mode":true,"campfire_choices":[{"data":"Adaptation","floor":6.0,"key":"SMITH"},{"data":"Eruption","floor":8.0,"key":"SMITH"},{"data":"TalkToTheHand","floor":10.0,"key":"SMITH"},{"data":"Meditate","floor":15.0,"key":"SMITH"},{"data":"DeusExMachina","floor":23.0,"key":"SMITH"},{"data":"Weave","floor":25.0,"key":"SMITH"},{"floor":30.0,"key":"RECALL"},{"data":"Tantrum","floor":32.0,"key":"SMITH"},{"floor":41.0,"key":"REST"},{"floor":49.0,"key":"REST"},{"data":"Adaptation","floor":52.0,"key":"SMITH"}],"circlet_count":0,"master_deck":["Strike_P+1","Defend_P+1","Eruption+1","Vigilance+1","TalkToTheHand+1","CrushJoints+1","Adaptation+1","DeceiveReality+1","Tantrum+1","DeusExMachina+1","EmptyFist+1","ThirdEye+1","ThirdEye+1","Weave+1","DeceiveReality","ClearTheMind+1","Meditate+1","Conclude+1","Conclude+1","Adaptation+1","CutThroughFate+1","Sanctity+1","DeusExMachina+1","Establishment+1","FlurryOfBlows+1","Panacea+1","Madness+1","Blind+1","EmptyMind+1","EmptyFist+1","TalkToTheHand+1","Madness","Madness","Meditate+1","Indignation+1","InnerPeace"],"relics":["PureWater","Orrery","Strawberry","White Beast Statue","Dream Catcher","Bottled Lightning","Runic Pyramid","Lantern","Centennial Puzzle","Omamori","Molten Egg 2","SlaversCollar","Lizard Tail","Smiling Mask","DollysMirror","Kunai","Ornamental Fan"],"acts_visited":["Exordium","TheCity","TheBeyond","TheEnding"],"potions_floor_usage":[55],"damage_taken":[{"damage":0.0,"enemies":"Cultist","floor":1.0,"turns":4.0},{"damage":0.0,"enemies":"2 Louse","floor":3.0,"turns":2.0},{"damage":0.0,"enemies":"Small Slimes","floor":4.0,"turns":2.0},{"damage":1.0,"enemies":"3 Sentries","floor":7.0,"turns":3.0},{"damage":1.0,"enemies":"Gremlin Nob","floor":11.0,"turns":3.0},{"damage":0.0,"enemies":"2 Fungi Beasts","floor":12.0,"turns":3.0},{"damage":0.0,"enemies":"3 Sentries","floor":13.0,"turns":5.0},{"damage":9.0,"enemies":"Lots of Slimes","floor":14.0,"turns":3.0},{"damage":10.0,"enemies":"Hexaghost","floor":16.0,"turns":11.0},{"damage":0.0,"enemies":"Shell Parasite","floor":18.0,"turns":3.0},{"damage":0.0,"enemies":"Spheric Guardian","floor":22.0,"turns":3.0},{"damage":35.0,"enemies":"Slavers","floor":24.0,"turns":5.0},{"damage":15.0,"enemies":"Gremlin Leader","floor":27.0,"turns":6.0},{"damage":0.0,"enemies":"Centurion and Healer","floor":29.0,"turns":4.0},{"damage":0.0,"enemies":"Book of Stabbing","floor":31.0,"turns":4.0},{"damage":10.0,"enemies":"Collector","floor":33.0,"turns":6.0},{"damage":13.0,"enemies":"3 Shapes","floor":35.0,"turns":5.0},{"damage":12.0,"enemies":"Orb Walker","floor":38.0,"turns":5.0},{"damage":13.0,"enemies":"4 Shapes","floor":39.0,"turns":5.0},{"damage":0.0,"enemies":"Giant Head","floor":40.0,"turns":5.0},{"damage":8.0,"enemies":"Sphere and 2 Shapes","floor":42.0,"turns":4.0},{"damage":10.0,"enemies":"Nemesis","floor":45.0,"turns":5.0},{"damage":8.0,"enemies":"Spire Growth","floor":46.0,"turns":4.0},{"damage":0.0,"enemies":"Transient","floor":48.0,"turns":5.0},{"damage":12.0,"enemies":"Donu and Deca","floor":50.0,"turns":7.0},{"damage":0.0,"enemies":"Shield and Spear","floor":54.0,"turns":4.0},{"damage":40,"enemies":"The Heart","floor":55,"turns":7}],"seed_played":"-4063898061120161267","potions_obtained":[{"floor":3.0,"key":"ColorlessPotion"},{"floor":11.0,"key":"ColorlessPotion"},{"floor":12.0,"key":"Explosive Potion"},{"floor":13.0,"key":"Ambrosia"},{"floor":14.0,"key":"SkillPotion"},{"floor":16.0,"key":"Block Potion"},{"floor":18.0,"key":"Ambrosia"},{"floor":22.0,"key":"SteroidPotion"},{"floor":24.0,"key":"SteroidPotion"},{"floor":27.0,"key":"Block Potion"},{"floor":31.0,"key":"SkillPotion"},{"floor":33.0,"key":"Fire Potion"},{"floor":35.0,"key":"GamblersBrew"},{"floor":38.0,"key":"DistilledChaos"},{"floor":39.0,"key":"Dexterity Potion"},{"floor":42.0,"key":"Explosive Potion"},{"floor":45.0,"key":"Strength Potion"},{"floor":46.0,"key":"Dexterity Potion"},{"floor":48.0,"key":"Swift Potion"},{"floor":54.0,"key":"GamblersBrew"}],"is_trial":false,"path_per_floor":["M","$","M","M","$","R","E","R","T","R","E","M","E","M","R","B",null,"M","?","?","$","M","R","E","R","T","E","$","M","R","E","R","B",null,"M","?","?","M","M","E","R","M","T","$","E","M","?","M","R","B",null,"R","$","E","B",null],"character_chosen":"WATCHER","items_purchased":["Orrery","ThirdEye","Adaptation","Omamori","EmptyFist+1","DollysMirror","DuplicationPotion"],"campfire_rested":2,"item_purchase_floors":[5,5,21,28,44,44,53],"current_hp_per_floor":[65,65,65,65,65,65,71,71,71,71,70,70,70,61,61,51,72,72,72,72,72,72,72,37,37,37,22,22,22,22,22,22,12,72,59,49,49,37,24,24,45,37,37,37,27,19,10,10,31,19,72,72,72,72,32],"gold":30,"neow_bonus":"TWO_FIFTY_GOLD","is_daily":false,"chose_seed":false,"campfire_upgraded":8,"win_rate":0.0,"timestamp":1609613308,"path_taken":["M","$","M","?","$","R","E","R","T","R","E","M","E","M","R","BOSS","M","?","?","$","M","R","E","R","T","E","$","M","R","E","R","BOSS","M","?","?","M","M","E","R","M","T","$","E","?","?","M","R","BOSS","R","$","E","BOSS"],"items_purchased_type":["Relic","Card","Card","Relic","Card","Relic","Potion"],"build_version":"2020-12-22","purchased_purges":5,"victory":true,"max_hp_per_floor":[65,65,65,65,65,65,72,72,72,72,72,72,72,72,72,72,72,72,72,72,72,72,72,72,72,72,72,72,72,72,72,72,72,72,72,72,72,72,72,72,72,72,72,72,72,72,72,72,72,72,72,72,72,72,72],"card_choices":[{"not_picked":["Evaluate","EmptyBody"],"picked":"TalkToTheHand","floor":1.0},{"not_picked":["SignatureMove","SashWhip"],"picked":"CrushJoints","floor":3.0},{"not_picked":["FlyingSleeves","Swivel","Prostrate"],"picked":"SKIP","floor":4.0},{"not_picked":["Protect","Consecrate"],"picked":"Adaptation","floor":5.0},{"not_picked":["EmptyFist","Crescendo"],"picked":"DeceiveReality","floor":5.0},{"not_picked":["WindmillStrike","Prostrate"],"picked":"Tantrum","floor":5.0},{"not_picked":["Protect","JustLucky"],"picked":"DeusExMachina","floor":5.0},{"not_picked":["BowlingBash","Evaluate"],"picked":"EmptyFist","floor":5.0},{"not_picked":["Nirvana","Prostrate"],"picked":"ThirdEye","floor":7.0},{"not_picked":["Swivel","Protect"],"picked":"Weave","floor":11.0},{"not_picked":["CutThroughFate","EmptyBody"],"picked":"DeceiveReality","floor":12.0},{"not_picked":["WaveOfTheHand","Collect"],"picked":"ClearTheMind","floor":13.0},{"not_picked":["ThirdEye","TalkToTheHand"],"picked":"Meditate","floor":14.0},{"not_picked":["Judgement","Brilliance"],"picked":"LessonLearned","floor":16.0},{"not_picked":["Protect+1","Halt"],"picked":"Conclude+1","floor":18.0},{"not_picked":["FollowUp+1","ClearTheMind"],"picked":"CutThroughFate","floor":22.0},{"not_picked":["CarveReality","WindmillStrike"],"picked":"Sanctity","floor":24.0},{"not_picked":["Conclude","Prostrate"],"picked":"DeusExMachina","floor":27.0},{"not_picked":["Perseverance+1","Prostrate","BowlingBash+1"],"picked":"SKIP","floor":29.0},{"not_picked":["JustLucky+1","Pray","Evaluate"],"picked":"SKIP","floor":31.0},{"not_picked":["DeusExMachina","ConjureBlade"],"picked":"Establishment","floor":33.0},{"not_picked":["FollowUp+1","JustLucky+1"],"picked":"FlurryOfBlows+1","floor":35.0},{"not_picked":["Sadistic Nature","Magnetism"],"picked":"Panacea","floor":36.0},{"not_picked":["Sadistic Nature","Dramatic Entrance+1"],"picked":"Madness","floor":36.0},{"not_picked":["Transmutation","Discovery"],"picked":"Blind","floor":36.0},{"not_picked":["CrushJoints+1","JustLucky+1","PathToVictory"],"picked":"SKIP","floor":38.0},{"not_picked":["Prostrate+1","FlyingSleeves+1","ThirdEye"],"picked":"SKIP","floor":39.0},{"not_picked":["Swivel","Wallop+1","FollowUp+1"],"picked":"SKIP","floor":40.0},{"not_picked":["Swivel","Wallop+1","FollowUp+1"],"picked":"SKIP","floor":40.0},{"not_picked":["Consecrate+1","CarveReality+1"],"picked":"EmptyMind","floor":42.0},{"not_picked":["PathToVictory+1","Consecrate+1","Tantrum+1"],"picked":"SKIP","floor":45.0},{"not_picked":["Evaluate+1","Vengeance+1","FlyingSleeves+1"],"picked":"SKIP","floor":46.0},{"not_picked":["Sanctity+1","Tantrum+1"],"picked":"Meditate+1","floor":48.0},{"not_picked":["Swivel+1","SashWhip+1"],"picked":"Indignation+1","floor":49.0},{"not_picked":["Omniscience","EmptyFist+1"],"picked":"InnerPeace","floor":54.0}],"player_experience":114755,"relics_obtained":[{"floor":7.0,"key":"Strawberry"},{"floor":9.0,"key":"White Beast Statue"},{"floor":11.0,"key":"Dream Catcher"},{"floor":13.0,"key":"Bottled Lightning"},{"floor":24.0,"key":"Lantern"},{"floor":27.0,"key":"Centennial Puzzle"},{"floor":31.0,"key":"Molten Egg 2"},{"floor":40.0,"key":"Lizard Tail"},{"floor":43.0,"key":"Smiling Mask"},{"floor":45.0,"key":"Kunai"},{"floor":54.0,"key":"Ornamental Fan"}],"event_choices":[{"damage_healed":0.0,"max_hp_gain":0.0,"max_hp_loss":0.0,"gold_gain":0.0,"cards_transformed":["Defend_P","Defend_P"],"event_name":"Drug Dealer","player_choice":"Became Test Subject","floor":19.0,"gold_loss":0.0,"damage_taken":0.0,"cards_obtained":["LessonLearned","Conclude"]},{"cards_removed":["Strike_P"],"damage_healed":0.0,"max_hp_gain":0.0,"max_hp_loss":0.0,"gold_gain":0.0,"event_name":"Back to Basics","player_choice":"Elegance","floor":20.0,"gold_loss":0.0,"damage_taken":0.0},{"damage_healed":0.0,"max_hp_gain":0.0,"max_hp_loss":0.0,"gold_gain":0.0,"event_name":"SensoryStone","player_choice":"Memory 3","floor":36.0,"gold_loss":0.0,"damage_taken":10.0},{"damage_healed":0.0,"max_hp_gain":0.0,"max_hp_loss":0.0,"gold_gain":0.0,"event_name":"Accursed Blacksmith","player_choice":"Forge","floor":37.0,"gold_loss":0.0,"damage_taken":0.0,"cards_upgraded":["Establishment"]},{"damage_healed":0.0,"max_hp_gain":0.0,"max_hp_loss":0.0,"gold_gain":0.0,"event_name":"Winding Halls","player_choice":"Embrace Madness","floor":47.0,"gold_loss":0.0,"damage_taken":9.0,"cards_obtained":["Madness","Madness"]}],"is_beta":false,"boss_relics":[{"not_picked":["VioletLotus","SacredBark"],"picked":"Runic Pyramid"},{"not_picked":["Runic Dome","Black Star"],"picked":"SlaversCollar"}],"items_purged_floors":[2,5,21,44,53],"is_endless":false,"potions_floor_spawned":[3,11,12,13,14,16,18,22,24,27,29,31,33,35,38,39,40,42,45,46,48,54],"ascension_level":1}}