{"host":"pgqkv8mh62pnrbci","time":1609610401,"event":{"mods":["2.2 Compatiblity","AchievementEnabler","BaseMod","Custom Start","DeckTracker","Minty Spire (QoL Compilation)","Replay The Spire","StSLib","SuperFastMode","¡¼?Úª?ø«¡½REMEMod"],"gold_per_floor":[118,193,193,206,226,226,238,238,238,271,196,209,209,222,222,295,295,315,329,254,264,68,68,97,107,107,133,160,198,210,222,234,320,332,361,373,146,0,0,32,51,51,78,78,95,95,121,139,139,139],"floor_reached":51,"playtime":2139,"items_purged":["Strike_G"],"score":2170,"play_id":"d959d4bd-c9ce-47ed-897f-25c8104216a4","local_time":"20210103030001","is_ascension_mode":true,"campfire_choices":[{"data":"Ragnarok","floor":6.0,"key":"SMITH"},{"data":"Neutralize","floor":8.0,"key":"SMITH"},{"data":"Sneak Up","floor":15.0,"key":"SMITH"},{"data":"Apotheosis","floor":23.0,"key":"SMITH"},{"data":"After Image","floor":32.0,"key":"SMITH"},{"data":"REME_ShadowForm","floor":42.0,"key":"SMITH"},{"data":"Calculated Gamble","floor":44.0,"key":"SMITH"},{"data":"REME_ShadowForm","floor":49.0,"key":"SMITH"}],"circlet_count":0,"master_deck":["AscendersBane","Strike_G","Defend_G","Defend_G","Defend_G","Defend_G","Defend_G","Survivor","Neutralize+1","Ragnarok+1","Blade Dance","Hidden Blade","Sneak Up+1","Burst","Blade Dance","Apotheosis+1","Endless Agony+1","Infinite Blades+1","Clumsy","After Image+1","REME_ShadowForm+1","Blade Dance+1","Purity","REME_EyeOfCthun","ReplayTheSpireMod:Private Reserves","Tactician","REME_GreenPollution","Pain","Calculated Gamble+1","Prepared+1","Shame","REME_ShadowForm+1","Languid","Prepared"],"relics":["Ring of the Snake","REME_ComplimentaryCards","Dead Branch","FaceOfCleric","Ornamental Fan","Kunai","Cursed Key","Shuriken","Gambling Chip","MawBank","PreservedInsect","Honey Jar","Red Mask","WarpedTongs","Mirror","Oddly Smooth Stone","Replay:Baseball"],"acts_visited":["Exordium","TheCity","TheBeyond"],"potions_floor_usage":[50,50,50],"damage_taken":[{"damage":0.0,"enemies":"2 Louse","floor":1.0,"turns":2.0},{"damage":0.0,"enemies":"Small Slimes","floor":4.0,"turns":3.0},{"damage":0.0,"enemies":"Cultist","floor":5.0,"turns":5.0},{"damage":8.0,"enemies":"Looter","floor":7.0,"turns":3.0},{"damage":23.0,"enemies":"Lagavulin","floor":10.0,"turns":7.0},{"damage":12.0,"enemies":"Large Slime","floor":12.0,"turns":4.0},{"damage":1.0,"enemies":"Exordium Thugs","floor":14.0,"turns":3.0},{"damage":0.0,"enemies":"Hexaghost","floor":16.0,"turns":9.0},{"damage":0.0,"enemies":"Shell Parasite","floor":18.0,"turns":5.0},{"damage":4.0,"enemies":"Spheric Guardian","floor":19.0,"turns":4.0},{"damage":14.0,"enemies":"Shelled Parasite and Fungi","floor":21.0,"turns":4.0},{"damage":0.0,"enemies":"Slavers","floor":24.0,"turns":4.0},{"damage":0.0,"enemies":"3 Cultists","floor":25.0,"turns":4.0},{"damage":0.0,"enemies":"Book of Stabbing","floor":27.0,"turns":4.0},{"damage":0.0,"enemies":"Snake Plant","floor":28.0,"turns":3.0},{"damage":0.0,"enemies":"Gremlin Leader","floor":29.0,"turns":3.0},{"damage":0.0,"enemies":"Champ","floor":33.0,"turns":5.0},{"damage":26.0,"enemies":"3 Shapes","floor":35.0,"turns":4.0},{"damage":0.0,"enemies":"Giant Head","floor":40.0,"turns":4.0},{"damage":4.0,"enemies":"Orb Walker","floor":41.0,"turns":3.0},{"damage":1.0,"enemies":"3 Darklings","floor":45.0,"turns":2.0},{"damage":1.0,"enemies":"Maw","floor":48.0,"turns":4.0},{"damage":0,"enemies":"Awakened One","floor":50,"turns":6}],"seed_played":"-6099243914571481988","potions_obtained":[{"floor":1.0,"key":"Weak Potion"},{"floor":4.0,"key":"Swift Potion"},{"floor":12.0,"key":"PowerPotion"},{"floor":13.0,"key":"SteroidPotion"},{"floor":16.0,"key":"Swift Potion"},{"floor":18.0,"key":"Strength Potion"},{"floor":24.0,"key":"Elixir"},{"floor":25.0,"key":"Block Potion"},{"floor":27.0,"key":"FearPotion"},{"floor":33.0,"key":"Ancient Potion"},{"floor":40.0,"key":"Swift Potion"},{"floor":41.0,"key":"Toxic Potion"}],"is_trial":true,"path_per_floor":["M","?","?","M","M","R","M","R","T","E","?","M","?","M","R","B",null,"M","M","?","M","$","R","E","M","T","E","M","E","?","?","R","B",null,"M","?","$","?","?","E","M","R","T","R","M","?","T","M","R","B",null],"character_chosen":"THE_SILENT","items_purchased":["Apotheosis","Tactician","REME_GreenPollution"],"campfire_rested":0,"item_purchase_floors":[22,37,37],"current_hp_per_floor":[59,48,48,49,50,50,43,43,43,21,21,10,10,10,10,11,58,59,56,56,43,43,43,44,45,45,46,47,48,48,25,25,26,72,47,37,37,37,37,38,35,35,35,35,35,35,35,35,35,36],"gold":139,"neow_bonus":"","is_daily":false,"chose_seed":false,"campfire_upgraded":8,"win_rate":0.0,"timestamp":1609610401,"path_taken":["M","?","?","?","M","R","M","R","T","E","?","M","?","?","R","BOSS","M","M","?","M","$","R","E","M","T","E","M","E","?","?","R","BOSS","M","?","$","?","?","E","M","R","T","R","?","?","?","?","R","BOSS"],"items_purchased_type":["Card","Card","Card"],"build_version":"2020-12-22","purchased_purges":1,"victory":true,"max_hp_per_floor":[66,66,66,67,68,68,69,69,69,70,70,71,71,72,72,73,73,74,75,75,76,76,76,77,78,78,79,80,81,81,86,86,87,87,88,88,88,88,88,89,90,90,90,90,91,91,91,92,92,93],"card_choices":[{"not_picked":["Sucker Punch","Replay:Poison Smokescreen","Dagger Throw"],"picked":"SKIP","floor":1.0},{"not_picked":["Poisoned Stab","Riddle With Holes","Heel Hook"],"picked":"SKIP","floor":4.0},{"not_picked":["Replay:Poison Smokescreen","Dagger Spray","Sucker Punch"],"picked":"SKIP","floor":5.0},{"not_picked":["Dagger Throw","Tactician"],"picked":"Blade Dance","floor":7.0},{"not_picked":["Atom Bomb","Bouncing Flask"],"picked":"Hidden Blade","floor":10.0},{"not_picked":["Dagger Throw","Bane","Predator"],"picked":"SKIP","floor":12.0},{"not_picked":["Catalyst","Heel Hook"],"picked":"Sneak Up","floor":14.0},{"not_picked":["REME_CopyPotion","Corpse Explosion"],"picked":"Burst","floor":16.0},{"not_picked":["Replay:Poison Smokescreen","Quick Slash+1","Deadly Poison"],"picked":"SKIP","floor":18.0},{"not_picked":["Bane","Wraith Form v2","Underhanded Strike"],"picked":"SKIP","floor":19.0},{"not_picked":["ReplayTheSpireMod:Tripwire","Deflect"],"picked":"Blade Dance","floor":21.0},{"not_picked":["Outmaneuver","REME_ShadowStrike"],"picked":"Endless Agony+1","floor":24.0},{"not_picked":["Sucker Punch","Deflect+1"],"picked":"Infinite Blades+1","floor":25.0},{"not_picked":["Slice","Cloak And Dagger","Sucker Punch"],"picked":"SKIP","floor":27.0},{"not_picked":["Slice","Cloak And Dagger","Sucker Punch"],"picked":"SKIP","floor":27.0},{"not_picked":["Backflip","Poisoned Stab","Hidden Blade"],"picked":"SKIP","floor":28.0},{"not_picked":["Fluid Movement","Bane","Setup"],"picked":"SKIP","floor":29.0},{"not_picked":["ReplayTheSpireMod:From All Sides","Poison Darts"],"picked":"REME_ShadowForm","floor":33.0},{"not_picked":["Heel Hook","Sneak Up","Reflex"],"picked":"Blade Dance+1","floor":35.0},{"not_picked":["Swift Strike","PanicButton","REME_WheelOfFate"],"picked":"Purity","floor":36.0},{"not_picked":["Forethought","Replay:Parry","Trip"],"picked":"REME_EyeOfCthun","floor":36.0},{"not_picked":["Good Instincts","Deep Breath","ReplayTheSpireMod:Uncanny Aura"],"picked":"ReplayTheSpireMod:Private Reserves","floor":36.0},{"not_picked":["Quick Slash","Hidden Blade","ReplayTheSpireMod:Exploit Weakness"],"picked":"Calculated Gamble","floor":40.0},{"not_picked":["Deadly Poison","Slice","Quick Slash"],"picked":"Prepared+1","floor":41.0},{"not_picked":["Hidden Blade","Dagger Spray+1","Acrobatics+1"],"picked":"REME_ShadowForm","floor":45.0},{"not_picked":["Noxious Fumes","Underhanded Strike","ReplayTheSpireMod:Speed Training"],"picked":"Prepared","floor":48.0}],"player_experience":592407,"relics_obtained":[{"floor":9.0,"key":"Ornamental Fan"},{"floor":10.0,"key":"Kunai"},{"floor":24.0,"key":"Shuriken"},{"floor":26.0,"key":"Gambling Chip"},{"floor":27.0,"key":"MawBank"},{"floor":29.0,"key":"PreservedInsect"},{"floor":40.0,"key":"Mirror"},{"floor":43.0,"key":"Oddly Smooth Stone"},{"floor":47.0,"key":"Replay:Baseball"}],"event_choices":[{"damage_healed":0.0,"max_hp_gain":0.0,"max_hp_loss":0.0,"gold_gain":75.0,"event_name":"World of Goop","player_choice":"Gather Gold","floor":2.0,"gold_loss":0.0,"damage_taken":11.0},{"damage_healed":0.0,"max_hp_gain":0.0,"max_hp_loss":0.0,"gold_gain":0.0,"event_name":"FaceTrader","player_choice":"Trade","floor":3.0,"gold_loss":0.0,"damage_taken":0.0,"relics_obtained":["FaceOfCleric"]},{"cards_removed":["Strike_G"],"damage_healed":0.0,"max_hp_gain":0.0,"max_hp_loss":0.0,"gold_gain":0.0,"event_name":"The Cleric","player_choice":"Card Removal","floor":11.0,"gold_loss":75.0,"damage_taken":0.0},{"damage_healed":0.0,"max_hp_gain":0.0,"max_hp_loss":0.0,"gold_gain":0.0,"event_name":"Lab","player_choice":"Got Potions","floor":13.0,"gold_loss":0.0,"damage_taken":0.0},{"cards_removed":["Strike_G"],"damage_healed":0.0,"max_hp_gain":0.0,"max_hp_loss":0.0,"gold_gain":0.0,"event_name":"Beggar","player_choice":"Gave Gold","floor":20.0,"gold_loss":75.0,"damage_taken":0.0},{"damage_healed":0.0,"max_hp_gain":0.0,"max_hp_loss":0.0,"gold_gain":0.0,"event_name":"The Library","player_choice":"Read","floor":30.0,"gold_loss":0.0,"damage_taken":0.0,"cards_obtained":["After Image"]},{"damage_healed":0.0,"max_hp_gain":5.0,"max_hp_loss":0.0,"gold_gain":0.0,"event_name":"Forgotten Altar","player_choice":"Shed Blood","floor":31.0,"gold_loss":0.0,"damage_taken":28.0},{"damage_healed":0.0,"max_hp_gain":0.0,"max_hp_loss":0.0,"gold_gain":0.0,"event_name":"SensoryStone","player_choice":"Memory 3","floor":36.0,"gold_loss":0.0,"damage_taken":10.0},{"damage_healed":0.0,"max_hp_gain":0.0,"max_hp_loss":0.0,"gold_gain":0.0,"event_name":"Tomb of Lord Red Mask","player_choice":"Paid","floor":38.0,"gold_loss":146.0,"damage_taken":0.0,"relics_obtained":["Red Mask"]},{"damage_healed":0.0,"max_hp_gain":0.0,"max_hp_loss":0.0,"gold_gain":0.0,"event_name":"Accursed Blacksmith","player_choice":"Rummage","floor":39.0,"gold_loss":0.0,"damage_taken":0.0,"relics_obtained":["WarpedTongs"],"cards_obtained":["Pain"]},{"cards_removed":["Strike_G"],"damage_healed":0.0,"max_hp_gain":0.0,"max_hp_loss":0.0,"gold_gain":0.0,"event_name":"Falling","player_choice":"Removed Attack","floor":46.0,"gold_loss":0.0,"damage_taken":0.0}],"is_beta":false,"boss_relics":[{"not_picked":["Painkiller Herb","Snecko Scales"],"picked":"Cursed Key"},{"not_picked":["WristBlade","Calling Bell"],"picked":"Honey Jar"}],"items_purged_floors":[37],"is_endless":false,"potions_floor_spawned":[1,4,12,16,18,24,25,27,33,40,41],"ascension_level":19}}