{"host":"okln270zkafj6dck","time":1609574696,"event":{"mods":["BaseMod","Minty Spire (QoL Compilation)","Permanent Neow","Quick Restart","Relic Stats","StSLib","SuperFastMode"],"gold_per_floor":[115,129,204,169,221,221,232,262,262,296,296,308,325,325,325,401,401,417,434,434,192,202,202,228,228,251,262,262,187,197,210,210,210,210],"floor_reached":33,"playtime":1460,"items_purged":["Writhe"],"score":584,"play_id":"4cf4f0da-4c51-4c8d-a4a5-1ff1b5c87cc2","local_time":"20210102000456","is_ascension_mode":true,"campfire_choices":[{"data":"Dagger Spray","floor":6,"key":"SMITH"},{"data":"Well Laid Plans","floor":11,"key":"SMITH"},{"data":"Deadly Poison","floor":15,"key":"SMITH"},{"floor":23,"key":"REST"},{"data":"Wraith Form v2","floor":25,"key":"SMITH"},{"floor":28,"key":"REST"},{"data":"Catalyst","floor":32,"key":"SMITH"}],"circlet_count":0,"master_deck":["AscendersBane","Strike_G","Strike_G","Strike_G","Defend_G","Defend_G","Defend_G","Defend_G","Defend_G","Survivor","Neutralize","Well Laid Plans+1","Dagger Spray+1","Dagger Spray","Backflip","Catalyst+1","Deadly Poison+1","Wraith Form v2+1","Deadly Poison","Wraith Form v2","Leg Sweep","Leg Sweep","Footwork+1","Noxious Fumes"],"relics":["Velvet Choker","Nunchaku","Odd Mushroom","Du-Vu Doll","Pantograph","Snecko Eye","Paper Crane","DollysMirror","Shovel","Juzu Bracelet"],"acts_visited":["Exordium","TheCity"],"potions_floor_usage":[8,10,27],"damage_taken":[{"damage":4,"enemies":"Small Slimes","floor":1,"turns":5},{"damage":4,"enemies":"2 Louse","floor":2,"turns":4},{"damage":14,"enemies":"Jaw Worm","floor":7,"turns":4},{"damage":9,"enemies":"The Mushroom Lair","floor":8,"turns":4},{"damage":7,"enemies":"Lagavulin","floor":10,"turns":6},{"damage":0,"enemies":"3 Louse","floor":12,"turns":2},{"damage":1,"enemies":"Large Slime","floor":13,"turns":5},{"damage":22,"enemies":"Hexaghost","floor":16,"turns":10},{"damage":15,"enemies":"Spheric Guardian","floor":18,"turns":6},{"damage":18,"enemies":"Shell Parasite","floor":19,"turns":5},{"damage":19,"enemies":"Snake Plant","floor":22,"turns":5},{"damage":7,"enemies":"Book of Stabbing","floor":24,"turns":6},{"damage":7,"enemies":"Chosen and Byrds","floor":27,"turns":7},{"damage":2,"enemies":"Centurion and Healer","floor":30,"turns":8},{"damage":0,"enemies":"Snake Plant","floor":31,"turns":7},{"damage":55,"enemies":"Champ","floor":33,"turns":11}],"seed_played":"3094918455616762726","potions_obtained":[{"floor":1,"key":"CunningPotion"},{"floor":2,"key":"AttackPotion"},{"floor":12,"key":"SpeedPotion"},{"floor":13,"key":"AttackPotion"},{"floor":16,"key":"Poison Potion"},{"floor":30,"key":"Block Potion"},{"floor":31,"key":"Swift Potion"}],"is_trial":false,"path_per_floor":["M","M","?","?","T","R","M","?","T","E","R","M","M","?","R","B",null,"M","M","?","$","M","R","E","R","T","M","R","?","M","M","R","B"],"character_chosen":"THE_SILENT","items_purchased":["DollysMirror"],"campfire_rested":2,"item_purchase_floors":[21],"current_hp_per_floor":[55,51,40,56,56,56,42,33,33,26,26,26,25,18,18,21,55,40,22,22,22,3,22,15,15,15,8,27,27,25,25,25,0,0],"gold":210,"neow_bonus":"BOSS_RELIC","is_daily":false,"chose_seed":false,"campfire_upgraded":5,"win_rate":0.0,"timestamp":1609574696,"path_taken":["M","M","?","?","?","R","M","?","T","E","R","M","M","?","R","BOSS","M","M","?","$","M","R","E","R","T","M","R","?","M","M","R","BOSS"],"items_purchased_type":["Relic"],"build_version":"2020-12-22","purchased_purges":1,"victory":false,"max_hp_per_floor":[66,66,66,66,66,66,66,66,66,66,66,66,66,66,66,66,66,66,66,66,66,66,66,66,66,66,66,66,66,66,66,66,66,66],"relic_stats":{"Nunchaku":[12],"Shovel":0,"counters":[16,95],"Pantograph":50,"Snecko Eye":[93,107,96,89],"Juzu Bracelet":0,"obtain_stats":[{"Du-Vu Doll":9,"Nunchaku":5,"Shovel":24,"DollysMirror":21,"Pantograph":10,"Velvet Choker":0,"Snecko Eye":17,"Juzu Bracelet":26,"Odd Mushroom":8,"Paper Crane":20,"Ring of the Snake":0},{"Du-Vu Doll":4,"Nunchaku":2,"Shovel":12,"DollysMirror":10,"Pantograph":5,"Velvet Choker":0,"Snecko Eye":8,"Juzu Bracelet":12,"Odd Mushroom":4,"Paper Crane":10,"Ring of the Snake":0},{"Du-Vu Doll":17,"Nunchaku":9,"Shovel":62,"DollysMirror":51,"Pantograph":23,"Velvet Choker":0,"Snecko Eye":40,"Juzu Bracelet":62,"Odd Mushroom":17,"Paper Crane":51,"Ring of the Snake":0}]},"card_choices":[{"not_picked":["Poisoned Stab","Calculated Gamble"],"picked":"Well Laid Plans","floor":1},{"not_picked":["Footwork","Deflect"],"picked":"Dagger Spray","floor":2},{"not_picked":["Cloak And Dagger","Underhanded Strike"],"picked":"Dagger Spray","floor":7},{"not_picked":["Doppelganger","Prepared"],"picked":"Backflip","floor":8},{"not_picked":["Sucker Punch","Dagger Spray"],"picked":"Catalyst","floor":10},{"not_picked":["Bane","Tactician","Well Laid Plans"],"picked":"SKIP","floor":12},{"not_picked":["Acrobatics","Dagger Spray"],"picked":"Deadly Poison","floor":13},{"not_picked":["Adrenaline","Venomology"],"picked":"Wraith Form v2","floor":16},{"not_picked":["Blur","Blade Dance","Accuracy"],"picked":"SKIP","floor":18},{"not_picked":["Deflect","Backstab"],"picked":"Deadly Poison","floor":19},{"not_picked":["Slice","Dagger Spray"],"picked":"Leg Sweep","floor":22},{"not_picked":["Poisoned Stab","Backflip","Quick Slash"],"picked":"SKIP","floor":24},{"not_picked":["Poisoned Stab","Sucker Punch"],"picked":"Leg Sweep","floor":27},{"not_picked":["Die Die Die","Deadly Poison"],"picked":"Footwork+1","floor":30},{"not_picked":["Cloak And Dagger","Outmaneuver+1"],"picked":"Noxious Fumes","floor":31}],"player_experience":73619,"relics_obtained":[{"floor":5,"key":"Nunchaku"},{"floor":8,"key":"Odd Mushroom"},{"floor":9,"key":"Du-Vu Doll"},{"floor":10,"key":"Pantograph"},{"floor":24,"key":"Shovel"},{"floor":26,"key":"Juzu Bracelet"}],"event_choices":[{"damage_healed":0,"gold_gain":75,"player_choice":"Gather Gold","damage_taken":11,"max_hp_gain":0,"max_hp_loss":0,"event_name":"World of Goop","floor":3,"gold_loss":0},{"damage_healed":16,"gold_gain":0,"player_choice":"Healed","damage_taken":0,"max_hp_gain":0,"max_hp_loss":0,"event_name":"The Cleric","floor":4,"gold_loss":35},{"damage_healed":0,"gold_gain":0,"player_choice":"Fought Mushrooms","damage_taken":0,"max_hp_gain":0,"max_hp_loss":0,"event_name":"Mushrooms","floor":8,"gold_loss":0},{"cards_removed":["Strike_G"],"damage_healed":0,"gold_gain":0,"player_choice":"Card Removal","damage_taken":7,"max_hp_gain":0,"max_hp_loss":0,"event_name":"Golden Wing","floor":14,"gold_loss":0},{"damage_healed":0,"gold_gain":0,"player_choice":"Opened","damage_taken":0,"relics_obtained":["Paper Crane"],"max_hp_gain":0,"max_hp_loss":0,"event_name":"The Mausoleum","floor":20,"gold_loss":0,"cards_obtained":["Writhe"]},{"cards_removed":["Strike_G"],"damage_healed":0,"gold_gain":0,"player_choice":"Gave Gold","damage_taken":0,"max_hp_gain":0,"max_hp_loss":0,"event_name":"Beggar","floor":29,"gold_loss":75}],"is_beta":false,"boss_relics":[{"not_picked":["Runic Pyramid","Philosopher\u0027s Stone"],"picked":"Snecko Eye"}],"items_purged_floors":[21],"is_endless":false,"potions_floor_spawned":[1,2,12,13,16,19,30,31],"killed_by":"Champ","ascension_level":20}}