{"host":"e1pm3b7xpcm97e5w","time":1609547982,"event":{"mods":["BaseMod","Better Skull","Googly Eyes","Minty Spire (QoL Compilation)","Relic Stats","Shop Mod","Spicy Shops","StSLib"],"gold_per_floor":[112,123,135,135,135,135,166,166,193,205,222,222,241,276,276,354,354,365,206,156,167,183,214,214,214,214,264,296,322,322,334,334,408,408,428,650,650,650],"floor_reached":37,"playtime":1538,"items_purged":[],"score":796,"play_id":"c66bee6a-716a-4f2c-a3c9-bc3863e68f78","local_time":"20210101193942","is_ascension_mode":true,"campfire_choices":[{"data":"Bash","floor":6,"key":"SMITH"},{"data":"Pommel Strike","floor":8,"key":"SMITH"},{"data":"Demon Form","floor":12,"key":"SMITH"},{"data":"Uppercut","floor":15,"key":"SMITH"},{"data":"Juggernaut","floor":25,"key":"SMITH"},{"data":"Sword Boomerang","floor":30,"key":"SMITH"},{"data":"Sadistic Nature","floor":32,"key":"SMITH"}],"circlet_count":0,"master_deck":["AscendersBane","Strike_R+1","Strike_R+1","Strike_R+1","Strike_R+1","Strike_R+1","Defend_R+1","Defend_R+1","Defend_R+1","Defend_R+1","Bash+1","Sadistic Nature+1","Iron Wave","Infernal Blade","Pommel Strike+1","Shrug It Off+1","Demon Form+1","Uppercut+1","True Grit+1","Double Tap+1","Havoc+1","Metallicize+1","Juggernaut+1","Disarm+1","Sentinel+1","Sword Boomerang+1","Dropkick","Shrug It Off+1","Limit Break+1","Dual Wield+1"],"relics":["Burning Blood","MealTicket","Toxic Egg 2","PreservedInsect","Question Card","Philosopher\u0027s Stone","Frozen Eye","Eternal Feather","Sundial","Potion Belt","Red Mask","Snecko Eye"],"acts_visited":["Exordium","TheCity","TheBeyond"],"potions_floor_usage":[7,21,23,28,37],"damage_taken":[{"damage":9,"enemies":"Jaw Worm","floor":1,"turns":4},{"damage":10,"enemies":"Small Slimes","floor":2,"turns":5},{"damage":6,"enemies":"2 Louse","floor":3,"turns":4},{"damage":5,"enemies":"Gremlin Nob","floor":7,"turns":3},{"damage":4,"enemies":"Red Slaver","floor":10,"turns":3},{"damage":8,"enemies":"Blue Slaver","floor":11,"turns":2},{"damage":8,"enemies":"3 Louse","floor":13,"turns":3},{"damage":24,"enemies":"Lagavulin","floor":14,"turns":6},{"damage":26,"enemies":"Hexaghost","floor":16,"turns":9},{"damage":13,"enemies":"Shell Parasite","floor":18,"turns":4},{"damage":23,"enemies":"3 Byrds","floor":21,"turns":5},{"damage":0,"enemies":"Cultist and Chosen","floor":22,"turns":6},{"damage":35,"enemies":"Slavers","floor":23,"turns":7},{"damage":0,"enemies":"Gremlin Leader","floor":28,"turns":5},{"damage":22,"enemies":"Masked Bandits","floor":29,"turns":5},{"damage":12,"enemies":"Chosen and Byrds","floor":31,"turns":6},{"damage":22,"enemies":"Champ","floor":33,"turns":7},{"damage":5,"enemies":"Orb Walker","floor":35,"turns":3},{"damage":78,"enemies":"2 Orb Walkers","floor":37,"turns":4}],"seed_played":"1002630601063194669","potions_obtained":[{"floor":1,"key":"SkillPotion"},{"floor":3,"key":"Fire Potion"},{"floor":13,"key":"EssenceOfSteel"},{"floor":21,"key":"DistilledChaos"},{"floor":31,"key":"Explosive Potion"}],"is_trial":false,"path_per_floor":["M","M","M","?","?","R","E","R","T","M","M","R","M","E","R","B",null,"M","$","?","M","M","E","?","R","T","?","E","?","R","M","R","B",null,"M","?","?"],"character_chosen":"IRONCLAD","items_purchased":["Frozen Eye","Metallicize"],"campfire_rested":0,"item_purchase_floors":[19,19],"current_hp_per_floor":[65,61,61,43,65,65,66,66,66,68,66,66,64,46,46,26,58,51,66,66,49,55,26,26,41,41,41,47,31,46,40,55,39,61,62,62,0,0],"gold":650,"neow_bonus":"RANDOM_COLORLESS_2","is_daily":false,"chose_seed":false,"campfire_upgraded":7,"win_rate":0.0,"timestamp":1609547982,"path_taken":["M","M","M","?","?","R","E","R","T","M","M","R","M","E","R","BOSS","M","$","?","M","?","E","?","R","T","?","E","?","R","M","R","BOSS","M","?","?"],"items_purchased_type":["Relic","Card"],"build_version":"2020-12-22","purchased_purges":0,"victory":false,"max_hp_per_floor":[68,68,68,68,68,68,68,68,68,68,68,68,68,68,68,68,68,68,68,68,68,68,68,68,68,68,68,68,68,68,68,68,68,68,68,68,68,68],"relic_stats":{"counters":[19,91],"Sundial":[2],"Snecko Eye":[12,13,11,11],"MealTicket":15,"Eternal Feather":45,"PreservedInsect":120,"Question Card":10,"obtain_stats":[{"Potion Belt":28,"Frozen Eye":19,"Sundial":26,"Snecko Eye":34,"MealTicket":4,"Philosopher\u0027s Stone":17,"Eternal Feather":23,"PreservedInsect":9,"Red Mask":29,"Toxic Egg 2":7,"Question Card":14,"Burning Blood":0},{"Potion Belt":14,"Frozen Eye":10,"Sundial":13,"Snecko Eye":17,"MealTicket":3,"Philosopher\u0027s Stone":9,"Eternal Feather":13,"PreservedInsect":4,"Red Mask":15,"Toxic Egg 2":4,"Question Card":8,"Burning Blood":0},{"Potion Belt":66,"Frozen Eye":43,"Sundial":61,"Snecko Eye":84,"MealTicket":13,"Philosopher\u0027s Stone":39,"Eternal Feather":61,"PreservedInsect":16,"Red Mask":71,"Toxic Egg 2":16,"Question Card":30,"Burning Blood":0}],"Burning Blood":108},"card_choices":[{"not_picked":["Master of Strategy","Metamorphosis"],"picked":"Sadistic Nature","floor":0},{"not_picked":["Bloodletting","Wild Strike","Heavy Blade"],"picked":"SKIP","floor":1},{"not_picked":["Fire Breathing","Clash"],"picked":"Iron Wave","floor":2},{"not_picked":["Evolve","Reckless Charge"],"picked":"Infernal Blade","floor":3},{"not_picked":["Havoc+1","Perfected Strike"],"picked":"Pommel Strike","floor":7},{"not_picked":["Metallicize","Cleave"],"picked":"Shrug It Off+1","floor":10},{"not_picked":["True Grit+1","Ghostly Armor+1"],"picked":"Demon Form","floor":11},{"not_picked":["Perfected Strike","Rampage"],"picked":"Uppercut","floor":13},{"not_picked":["Body Slam","Intimidate+1"],"picked":"True Grit+1","floor":14},{"not_picked":["Barricade","Berserk","Bludgeon"],"picked":"Double Tap+1","floor":16},{"not_picked":["Infernal Blade+1","Warcry+1","Wild Strike"],"picked":"Havoc+1","floor":18},{"not_picked":["Reckless Charge","Ghostly Armor+1","Battle Trance+1"],"picked":"Juggernaut","floor":21},{"not_picked":["Iron Wave","Wild Strike","Anger"],"picked":"Disarm+1","floor":22},{"not_picked":["Pommel Strike","Bludgeon","Body Slam"],"picked":"Sentinel+1","floor":23},{"not_picked":["Cleave","Dropkick","Evolve"],"picked":"Sword Boomerang","floor":28},{"not_picked":["Seeing Red+1","Clash","Body Slam"],"picked":"Dropkick","floor":29},{"not_picked":["Ghostly Armor+1","Rampage+1","Flex+1"],"picked":"Shrug It Off+1","floor":31},{"not_picked":["Brutality","Feed","Bludgeon"],"picked":"Limit Break+1","floor":33},{"not_picked":["Rage+1","Second Wind+1","Flex+1"],"picked":"Dual Wield+1","floor":35}],"player_experience":502447,"relics_obtained":[{"floor":7,"key":"Toxic Egg 2"},{"floor":9,"key":"PreservedInsect"},{"floor":14,"key":"Question Card"},{"floor":23,"key":"Eternal Feather"},{"floor":26,"key":"Sundial"},{"floor":28,"key":"Potion Belt"},{"floor":29,"key":"Red Mask"}],"event_choices":[{"damage_healed":0,"gold_gain":0,"player_choice":"Success","damage_taken":18,"relics_obtained":["MealTicket"],"max_hp_gain":0,"max_hp_loss":0,"event_name":"Scrap Ooze","floor":4,"gold_loss":0},{"damage_healed":22,"gold_gain":0,"player_choice":"Banana","damage_taken":0,"max_hp_gain":0,"max_hp_loss":0,"event_name":"Big Fish","floor":5,"gold_loss":0},{"damage_healed":0,"gold_gain":0,"player_choice":"Upgrade","damage_taken":0,"max_hp_gain":0,"max_hp_loss":0,"event_name":"Designer","floor":20,"gold_loss":50,"cards_upgraded":["Metallicize"]},{"damage_healed":0,"gold_gain":0,"player_choice":"Simplicity","damage_taken":0,"max_hp_gain":0,"max_hp_loss":0,"event_name":"Back to Basics","floor":24,"gold_loss":0,"cards_upgraded":["Strike_R","Strike_R","Strike_R","Strike_R","Strike_R","Defend_R","Defend_R","Defend_R","Defend_R"]},{"damage_healed":0,"gold_gain":50,"player_choice":"Stole From Cult","damage_taken":0,"max_hp_gain":0,"max_hp_loss":0,"event_name":"Nest","floor":27,"gold_loss":0},{"damage_healed":0,"gold_gain":0,"player_choice":"Fought Bandits","damage_taken":0,"max_hp_gain":0,"max_hp_loss":0,"event_name":"Masked Bandits","floor":29,"gold_loss":0},{"damage_healed":0,"gold_gain":222,"player_choice":"Wore Mask","damage_taken":0,"max_hp_gain":0,"max_hp_loss":0,"event_name":"Tomb of Lord Red Mask","floor":36,"gold_loss":0},{"damage_healed":0,"gold_gain":0,"player_choice":"Fight","damage_taken":0,"max_hp_gain":0,"max_hp_loss":0,"event_name":"Mysterious Sphere","floor":37,"gold_loss":0}],"is_beta":false,"boss_relics":[{"not_picked":["Sozu","Runic Pyramid"],"picked":"Philosopher\u0027s Stone"},{"not_picked":["Black Blood","Runic Cube"],"picked":"Snecko Eye"}],"items_purged_floors":[],"is_endless":false,"potions_floor_spawned":[1,3,13,21,31],"killed_by":"2 Orb Walkers","ascension_level":16}}