{"host":"pvafbce70weqvzks","time":1609549631,"event":{"mods":["BaseMod","Gremlin Mod","Hermit","Minty Spire (QoL Compilation)","StSLib","themimic"],"gold_per_floor":[110,120,139,71,89,115,115,115,115,141,161,229,255,272,272,369,369,386,403,150,200,217,228,228,30,82,113,343,343],"floor_reached":28,"playtime":1268,"items_purged":[],"score":312,"play_id":"0b37f6a5-2913-4cdf-85da-e278873ac8bf","local_time":"20210101220711","is_ascension_mode":false,"campfire_choices":[{"floor":7,"key":"REST"},{"data":"Heavy Blade","floor":15,"key":"SMITH"},{"data":"Blind","floor":24,"key":"SMITH"}],"circlet_count":0,"master_deck":["Defend_R","Defend_R","Defend_R","Defend_R","Bash","Feed","Flex","Pommel Strike","Iron Wave","Uppercut","Armaments","Metallicize","Anger","Pommel Strike","Heavy Blade+1","Reaper","Clash","Bludgeon","Iron Wave","Body Slam","Anger","Blind+1","Heavy Blade","Bite","Bite","Bite","Bite","Bite","Body Slam","Thunderclap","Carnage","Sadistic Nature","Flex","Jack Of All Trades","Purity","Jack Of All Trades","Blind","Dramatic Entrance"],"relics":["Burning Blood","Darkstone Periapt","SsserpentHead","HornCleat","Pantograph","MealTicket","Busted Crown","Membership Card","Bronze Scales","Juzu Bracelet","Vajra"],"acts_visited":["Exordium","TheCity"],"potions_floor_usage":[13,16,16,18,27],"damage_taken":[{"damage":5,"enemies":"2 Louse","floor":1,"turns":3},{"damage":6,"enemies":"Cultist","floor":2,"turns":3},{"damage":0,"enemies":"Small Slimes","floor":3,"turns":3},{"damage":12,"enemies":"3 Louse","floor":5,"turns":4},{"damage":47,"enemies":"Lagavulin","floor":6,"turns":7},{"damage":21,"enemies":"3 Sentries","floor":10,"turns":8},{"damage":5,"enemies":"Red Slaver","floor":11,"turns":5},{"damage":5,"enemies":"Exordium Thugs","floor":12,"turns":4},{"damage":19,"enemies":"Lagavulin","floor":13,"turns":7},{"damage":0,"enemies":"Large Slime","floor":14,"turns":4},{"damage":44,"enemies":"The Guardian","floor":16,"turns":8},{"damage":12,"enemies":"3 Byrds","floor":18,"turns":4},{"damage":16,"enemies":"2 Thieves","floor":19,"turns":3},{"damage":17,"enemies":"Cultist and Chosen","floor":22,"turns":5},{"damage":38,"enemies":"Centurion and Healer","floor":23,"turns":6},{"damage":15,"enemies":"Slavers","floor":27,"turns":5}],"seed_played":"-1338365349653711548","potions_obtained":[{"floor":6,"key":"BlessingOfTheForge"},{"floor":10,"key":"Block Potion"},{"floor":11,"key":"Explosive Potion"},{"floor":14,"key":"SteroidPotion"},{"floor":16,"key":"CultistPotion"},{"floor":19,"key":"FearPotion"},{"floor":22,"key":"Block Potion"}],"is_trial":false,"path_per_floor":["M","M","M","$","M","E","R","?","T","E","M","M","E","M","R","B",null,"M","M","$","?","M","M","R","$","T","E","?"],"character_chosen":"IRONCLAD","items_purchased":["Uppercut","Membership Card","Anger","Blind","Heavy Blade","Thunderclap","Carnage","Bronze Scales","Sadistic Nature"],"campfire_rested":1,"item_purchase_floors":[4,20,20,20,20,25,25,25,25],"current_hp_per_floor":[80,80,83,83,80,39,64,64,64,52,57,61,52,61,61,57,106,103,93,108,76,70,51,51,66,66,65,0,0],"gold":343,"neow_bonus":"ONE_RANDOM_RARE_CARD","is_daily":false,"chose_seed":false,"campfire_upgraded":2,"win_rate":0.0,"timestamp":1609549631,"path_taken":["M","M","M","$","M","E","R","?","T","E","M","?","E","M","R","BOSS","M","M","$","?","M","M","R","$","T","E","?"],"items_purchased_type":["Card","Relic","Card","Card","Card","Card","Card","Relic","Card"],"build_version":"2020-12-22","purchased_purges":0,"victory":false,"max_hp_per_floor":[80,80,83,83,86,86,86,86,86,89,93,96,100,103,103,106,106,109,109,109,76,79,82,82,82,82,82,82,82],"card_choices":[{"not_picked":["Cleave","Body Slam"],"picked":"Flex","floor":1},{"not_picked":["Warcry","Headbutt"],"picked":"Pommel Strike","floor":2},{"not_picked":["Dropkick","Ghostly Armor"],"picked":"Iron Wave","floor":3},{"not_picked":["Body Slam","Pommel Strike"],"picked":"Armaments","floor":5},{"not_picked":["Shrug It Off","Dark Embrace"],"picked":"Metallicize","floor":6},{"not_picked":["Fiend Fire","Sword Boomerang"],"picked":"Anger","floor":10},{"not_picked":["Shrug It Off","Armaments"],"picked":"Pommel Strike","floor":11},{"not_picked":["Twin Strike","Pommel Strike"],"picked":"Heavy Blade","floor":12},{"not_picked":["Second Wind","Clothesline"],"picked":"Reaper","floor":13},{"not_picked":["Fire Breathing","Body Slam"],"picked":"Clash","floor":14},{"not_picked":["Limit Break","Offering"],"picked":"Bludgeon","floor":16},{"not_picked":[],"picked":"Iron Wave","floor":18},{"not_picked":[],"picked":"Body Slam","floor":19},{"not_picked":[],"picked":"Body Slam","floor":22},{"not_picked":["Iron Wave"],"picked":"SKIP","floor":23},{"not_picked":[],"picked":"Flex","floor":27}],"player_experience":18380,"relics_obtained":[{"floor":6,"key":"Darkstone Periapt"},{"floor":9,"key":"HornCleat"},{"floor":10,"key":"Pantograph"},{"floor":13,"key":"MealTicket"},{"floor":26,"key":"Juzu Bracelet"},{"floor":27,"key":"Vajra"}],"event_choices":[{"damage_healed":0,"gold_gain":0,"player_choice":"Trade","damage_taken":0,"relics_obtained":["SsserpentHead"],"max_hp_gain":0,"max_hp_loss":0,"event_name":"FaceTrader","floor":8,"gold_loss":0},{"damage_healed":0,"gold_gain":0,"player_choice":"Became a vampire","damage_taken":0,"max_hp_gain":0,"max_hp_loss":33,"event_name":"Vampires","floor":21,"gold_loss":0,"cards_obtained":["Bite","Bite","Bite","Bite","Bite"]}],"is_beta":false,"boss_relics":[{"not_picked":["Runic Cube","Cursed Key"],"picked":"Busted Crown"}],"items_purged_floors":[],"is_endless":false,"potions_floor_spawned":[6,10,11,12,14,16,19,22],"ascension_level":0}}