{"host":"2e3z4r48quhw80cc","time":1609568227,"event":{"mods":["BaseMod","Minty Spire (QoL Compilation)","Quick Restart","StSLib","SuperFastMode"],"gold_per_floor":[112,112,112,126,76,76,112,112,163,177,197,197,230,255,255,385,385,410,410,410,430,275,275,289,289,289,289,324,4,4,32,32,132,132,149,2,19,31,47,47,96,96,120,120,170,181,181,29,29,29],"floor_reached":51,"playtime":3138,"items_purged":["Pain"],"score":891,"play_id":"2f3e086f-d1d2-4801-932d-1be34728c714","local_time":"20210102151707","is_ascension_mode":true,"campfire_choices":[{"data":"Zap","floor":6.0,"key":"SMITH"},{"data":"Dualcast","floor":8.0,"key":"SMITH"},{"floor":15.0,"key":"REST"},{"data":"Creative AI","floor":23.0,"key":"SMITH"},{"data":"Buffer","floor":25.0,"key":"SMITH"},{"data":"Apotheosis","floor":30.0,"key":"SMITH"},{"data":"Storm","floor":32.0,"key":"SMITH"},{"floor":40.0,"key":"REST"},{"floor":44.0,"key":"REST"},{"floor":47,"key":"REST"},{"data":"Recycle","floor":49,"key":"SMITH"}],"circlet_count":0,"master_deck":["Defend_B","Zap+1","Dualcast+1","Conserve Battery","Core Surge","Recycle","Auto Shields","Rip and Tear","Creative AI+1","Self Repair+1","Loop+1","Tempest+1","Recycle+1","Buffer+1","Consume","Reboot","Apotheosis+1","Force Field","Heatsinks","Storm+1","Amplify","CurseOfTheBell","Capacitor+1","Leap+1","Echo Form"],"relics":["Cracked Core","NeowsBlessing","Pantograph","Bloody Idol","Bronze Scales","Toy Ornithopter","Singing Bowl","Astrolabe","WarpedTongs","Bottled Lightning","Ancient Tea Set","Lantern","Calling Bell","MealTicket","Darkstone Periapt","Membership Card","Ice Cream","Happy Flower","Turnip","Incense Burner"],"acts_visited":["Exordium","TheCity","TheBeyond"],"potions_floor_usage":[50],"damage_taken":[{"damage":0.0,"enemies":"Jaw Worm","floor":1.0,"turns":1.0},{"damage":0.0,"enemies":"Small Slimes","floor":4.0,"turns":1.0},{"damage":0.0,"enemies":"Lagavulin","floor":7.0,"turns":1.0},{"damage":0.0,"enemies":"Cultist","floor":10.0,"turns":2.0},{"damage":6.0,"enemies":"Looter","floor":11.0,"turns":3.0},{"damage":27.0,"enemies":"Gremlin Nob","floor":13.0,"turns":4.0},{"damage":8.0,"enemies":"Lots of Slimes","floor":14.0,"turns":2.0},{"damage":56.0,"enemies":"The Guardian","floor":16.0,"turns":12.0},{"damage":4.0,"enemies":"Spheric Guardian","floor":18.0,"turns":3.0},{"damage":3.0,"enemies":"Chosen","floor":21.0,"turns":4.0},{"damage":8.0,"enemies":"3 Cultists","floor":24.0,"turns":4.0},{"damage":49.0,"enemies":"Book of Stabbing","floor":28.0,"turns":5.0},{"damage":19.0,"enemies":"Slavers","floor":31.0,"turns":5.0},{"damage":48.0,"enemies":"Collector","floor":33.0,"turns":6.0},{"damage":52.0,"enemies":"3 Darklings","floor":35.0,"turns":5.0},{"damage":2.0,"enemies":"3 Shapes","floor":37.0,"turns":4.0},{"damage":0.0,"enemies":"Maw","floor":38.0,"turns":8.0},{"damage":44.0,"enemies":"3 Darklings","floor":39.0,"turns":6.0},{"damage":55.0,"enemies":"2 Orb Walkers","floor":41.0,"turns":5.0},{"damage":28.0,"enemies":"Mind Bloom Boss Battle","floor":45.0,"turns":6.0},{"damage":28.0,"enemies":"Transient","floor":46.0,"turns":5.0},{"damage":19,"enemies":"Time Eater","floor":50,"turns":7}],"seed_played":"9150857758836800825","potions_obtained":[{"floor":4.0,"key":"PotionOfCapacity"},{"floor":7.0,"key":"LiquidBronze"},{"floor":16.0,"key":"DistilledChaos"},{"floor":24.0,"key":"ColorlessPotion"},{"floor":28.0,"key":"BlessingOfTheForge"},{"floor":31.0,"key":"EntropicBrew"},{"floor":38.0,"key":"PowerPotion"},{"floor":39.0,"key":"SkillPotion"},{"floor":45.0,"key":"Ancient Potion"}],"is_trial":false,"path_per_floor":["M","?","?","M","?","R","E","R","T","M","M","?","E","M","R","B",null,"M","?","?","M","$","R","M","R","T","?","E","$","R","E","R","B",null,"M","$","M","M","M","R","?","?","T","R","?","M","R","$","R","B",null],"character_chosen":"DEFECT","items_purchased":["Consume","Apotheosis","Force Field","Heatsinks","Membership Card","Incense Burner"],"campfire_rested":4,"item_purchase_floors":[22,29,29,29,36,48],"current_hp_per_floor":[68,61,43,43,43,43,43,43,43,43,37,37,10,9,32,1,58,64,64,64,73,73,73,81,81,81,81,47,47,47,48,48,40,71,26,41,56,71,42,67,32,32,37,62,74,63,89,89,89,85],"gold":29,"neow_bonus":"THREE_ENEMY_KILL","is_daily":false,"chose_seed":false,"campfire_upgraded":7,"win_rate":0.0,"timestamp":1609568227,"path_taken":["M","?","?","M","?","R","E","R","T","M","M","?","E","?","R","BOSS","M","?","?","M","$","R","?","R","T","?","E","?","R","E","R","BOSS","M","$","M","M","M","R","?","?","T","R","?","M","R","$","R","BOSS"],"items_purchased_type":["Card","Card","Card","Card","Relic","Relic"],"build_version":"2020-12-22","purchased_purges":1,"victory":true,"max_hp_per_floor":[75,75,75,75,75,75,75,75,75,75,75,75,75,77,77,77,77,77,77,77,79,79,79,81,81,81,81,81,81,81,81,81,81,81,83,83,85,85,85,85,85,85,85,85,87,89,89,89,89,89],"card_choices":[{"not_picked":["Compile Driver","Go for the Eyes","Undo"],"picked":"SKIP","floor":1.0},{"not_picked":["Heatsinks","Beam Cell"],"picked":"Conserve Battery","floor":4.0},{"not_picked":["Compile Driver","Rainbow"],"picked":"Core Surge","floor":7.0},{"not_picked":["Genetic Algorithm","Beam Cell"],"picked":"Recycle","floor":10.0},{"not_picked":["Steam","Gash"],"picked":"Auto Shields","floor":11.0},{"not_picked":["Barrage","Reprogram"],"picked":"Rip and Tear","floor":13.0},{"not_picked":["Hologram","Recycle","Aggregate"],"picked":"Singing Bowl","floor":14.0},{"not_picked":["Biased Cognition","All For One"],"picked":"Creative AI","floor":16.0},{"not_picked":["Hello World","Sweeping Beam+1"],"picked":"Tempest+1","floor":18.0},{"not_picked":["Streamline+1","Rip and Tear","Leap"],"picked":"Singing Bowl","floor":21.0},{"not_picked":["Beam Cell","Conserve Battery","Turbo"],"picked":"Singing Bowl","floor":24.0},{"not_picked":["Consume+1","Aggregate"],"picked":"Reboot","floor":28.0},{"not_picked":["Loop+1","Gash+1"],"picked":"Storm","floor":31.0},{"not_picked":["Machine Learning","Seek"],"picked":"Amplify","floor":33.0},{"not_picked":["Heatsinks+1","Coolheaded","Steam"],"picked":"Singing Bowl","floor":35.0},{"not_picked":["Conserve Battery","Gash+1","Compile Driver+1"],"picked":"Singing Bowl","floor":37.0},{"not_picked":["Sweeping Beam+1","Chaos"],"picked":"Capacitor+1","floor":38.0},{"not_picked":["Redo","Genetic Algorithm+1"],"picked":"Leap+1","floor":39.0},{"not_picked":["Blizzard","Skim+1"],"picked":"Echo Form","floor":41.0},{"not_picked":["Darkness","Compile Driver","Beam Cell"],"picked":"Singing Bowl","floor":45.0},{"not_picked":["Compile Driver","Scrape+1","Stack+1"],"picked":"Singing Bowl","floor":46.0}],"player_experience":51460,"relics_obtained":[{"floor":7.0,"key":"Bronze Scales"},{"floor":9.0,"key":"Toy Ornithopter"},{"floor":13.0,"key":"Singing Bowl"},{"floor":26.0,"key":"Bottled Lightning"},{"floor":28.0,"key":"Ancient Tea Set"},{"floor":31.0,"key":"Lantern"},{"floor":34.0,"key":"MealTicket"},{"floor":34.0,"key":"Darkstone Periapt"},{"floor":41.0,"key":"Ice Cream"},{"floor":43.0,"key":"Happy Flower"},{"floor":45.0,"key":"Turnip"}],"event_choices":[{"damage_healed":0.0,"max_hp_gain":0.0,"max_hp_loss":0.0,"gold_gain":0.0,"event_name":"Scrap Ooze","player_choice":"Success","floor":2.0,"gold_loss":0.0,"damage_taken":7.0,"relics_obtained":["Pantograph"]},{"damage_healed":0.0,"max_hp_gain":0.0,"max_hp_loss":0.0,"gold_gain":0.0,"event_name":"Golden Idol","player_choice":"Take Damage","floor":3.0,"gold_loss":0.0,"damage_taken":18.0,"relics_obtained":["Golden Idol"]},{"cards_removed":["Defend_B"],"damage_healed":0.0,"max_hp_gain":0.0,"max_hp_loss":0.0,"gold_gain":0.0,"event_name":"The Cleric","player_choice":"Card Removal","floor":5.0,"gold_loss":50.0,"damage_taken":0.0},{"cards_removed":["Strike_B"],"damage_healed":0.0,"max_hp_gain":0.0,"max_hp_loss":0.0,"gold_gain":0.0,"event_name":"Bonfire Elementals","player_choice":"Offered Basic","floor":12.0,"gold_loss":0.0,"damage_taken":0.0},{"damage_healed":0.0,"max_hp_gain":0.0,"max_hp_loss":0.0,"gold_gain":0.0,"cards_transformed":["Strike_B","Strike_B"],"event_name":"Drug Dealer","player_choice":"Became Test Subject","floor":19.0,"gold_loss":0.0,"damage_taken":0.0,"cards_obtained":["Recycle","Buffer"]},{"damage_healed":0.0,"max_hp_gain":0.0,"max_hp_loss":0.0,"gold_gain":0.0,"event_name":"Accursed Blacksmith","player_choice":"Rummage","floor":20.0,"gold_loss":0.0,"damage_taken":0.0,"relics_obtained":["WarpedTongs"],"cards_obtained":["Pain"]},{"damage_healed":0.0,"max_hp_gain":0.0,"max_hp_loss":0.0,"gold_gain":0.0,"event_name":"Forgotten Altar","player_choice":"Gave Idol","floor":27.0,"relics_lost":["Golden Idol"],"gold_loss":0.0,"damage_taken":0.0,"relics_obtained":["Bloody Idol"]},{"damage_healed":0.0,"max_hp_gain":0.0,"max_hp_loss":0.0,"gold_gain":0.0,"event_name":"Mysterious Sphere","player_choice":"Fight","floor":41.0,"gold_loss":0.0,"damage_taken":0.0},{"cards_removed":["Ball Lightning"],"damage_healed":0.0,"max_hp_gain":0.0,"max_hp_loss":0.0,"gold_gain":0.0,"event_name":"Falling","player_choice":"Removed Attack","floor":42.0,"gold_loss":0.0,"damage_taken":0.0},{"damage_healed":0.0,"max_hp_gain":0.0,"max_hp_loss":0.0,"gold_gain":0.0,"event_name":"MindBloom","player_choice":"Fight","floor":45.0,"gold_loss":0.0,"damage_taken":0.0}],"is_beta":false,"boss_relics":[{"not_picked":["FrozenCore","Fusion Hammer"],"picked":"Astrolabe"},{"not_picked":["Pandora\u0027s Box","Philosopher\u0027s Stone"],"picked":"Calling Bell"}],"items_purged_floors":[22],"is_endless":false,"potions_floor_spawned":[4,7,16,24,28,31,35,38,39,45],"ascension_level":6}}