{"host":"emut9mh212kd9b86","time":1609574563,"event":{"mods":["ATMod(°¢èªMod)","Act Like it!","BaseMod","Better Vampires","Downfall","Koishi","KomeijiMod","Minty Spire (QoL Compilation)","MostiFishMod","Shop Mod","Spicy Shops","StSLib","TestMod","Waifu the Spire","noobMod","¡¾ÒÅÎï¿¨ÅÆ¡¿REMEMod"],"gold_per_floor":[99,112,112,127,140,151,233,267,192,209,223,250,250,282,295,391,391,391,404,419,107,120,148,148,158,176,176,276,108,108,128,142,242,242,242,261,278,24,42,42,66,125,245,284,391,58,183,276,387,412],"floor_reached":51,"playtime":1926,"items_purged":["MostiFishMod:FrostNova","Koishi:BloodcurdlingScream","Koishi:Whimsy+1","Koishi:ReflexRadar"],"score":1243,"play_id":"53201444-bf52-4f1d-89c8-0b0bc6962a8c","local_time":"20210102160243","is_ascension_mode":true,"campfire_choices":[{"floor":1,"key":"RECALL"},{"data":"Koishi:HauntingSlash","floor":9,"key":"SMITH"},{"data":"Koishi:UnconsciousUprising","floor":13,"key":"SMITH"},{"data":"MostiFishMod:WinterMarkForm","floor":18,"key":"SMITH"},{"data":"RitualDagger","floor":30,"key":"SMITH"},{"data":"Koishi:ImGoingToCallYouNow","floor":35,"key":"SMITH"}],"circlet_count":0,"master_deck":["Koishi:BasicStrike","Koishi:BasicStrike","Koishi:BasicDefend","Koishi:BasicDefend","Koishi:BasicDefend","Koishi:BasicDefend","Koishi:Provoke","Koishi:HauntingSlash+1","testmod-Automaton+1","Koishi:UnconsciousUprising+1","Koishi:ParalyzingFear","Koishi:MindNumbingTerror","Koishi:LastRemote","Koishi:Untouchable","Koishi:Jaunt","Koishi:Jaunt","MostiFishMod:WinterMarkForm+1","Koishi:SubconsciousSweep+1","RitualDagger+1","Koishi:ImGoingToCallYouNow+1","Koishi:Jaunt+1"],"relics":["Koishi:ImaginaryFriend","testmod-TestBox","ice","DaveBox","AT_ATBox","REME_ComplimentaryCards","HaiYi:Twilight","testmod-BatchProcessingSystem","Blue Candle","Akabeko","downfall:HeartBlessingRed","FrostBlade","MerchantsRug","Civilization","ClockworkSouvenir","AT_RabadonDeathcap","testmod-Fortitude","MutagenicStrength","Black Star","AT_TimeSand","AT_MibuBalloonWealth","testmod-OneHitWonder","testmod-Antiphasic","InkBottle","REME_HourglassOfDeath","Toy Ornithopter"],"acts_visited":["Exordium","TheCity","TheBeyond"],"potions_floor_usage":[8,8,8,8,50,50],"damage_taken":[{"damage":0,"enemies":"Small Slimes","floor":2,"turns":4},{"damage":0,"enemies":"Cultist","floor":4,"turns":4},{"damage":1,"enemies":"Jaw Worm","floor":5,"turns":4},{"damage":17,"enemies":"Exordium Wildlife","floor":6,"turns":6},{"damage":23,"enemies":"Lagavulin","floor":8,"turns":8},{"damage":6,"enemies":"Exordium Thugs","floor":10,"turns":3},{"damage":3,"enemies":"2 Fungi Beasts","floor":11,"turns":2},{"damage":7,"enemies":"3 Sentries","floor":12,"turns":6},{"damage":12,"enemies":"Lagavulin","floor":14,"turns":4},{"damage":0,"enemies":"Blue Slaver","floor":15,"turns":2},{"damage":5,"enemies":"downfall:Defect","floor":16,"turns":5},{"damage":6,"enemies":"Chosen","floor":19,"turns":3},{"damage":0,"enemies":"Shelled Parasite and Fungi","floor":20,"turns":2},{"damage":0,"enemies":"downfall:FleeingMerchant","floor":21,"turns":5},{"damage":5,"enemies":"3 Cultists","floor":22,"turns":3},{"damage":0,"enemies":"REME_1_Revenger","floor":23,"turns":3},{"damage":0,"enemies":"Snake Plant","floor":25,"turns":2},{"damage":0,"enemies":"Centurion and Healer","floor":26,"turns":1},{"damage":0,"enemies":"downfall:Augmenter","floor":28,"turns":1},{"damage":0,"enemies":"3 Cultists","floor":31,"turns":3},{"damage":0,"enemies":"Cultist and Chosen","floor":32,"turns":2},{"damage":0,"enemies":"downfall:Ironclad","floor":33,"turns":2},{"damage":0,"enemies":"3 Darklings","floor":36,"turns":1},{"damage":0,"enemies":"3 Shapes","floor":37,"turns":2},{"damage":0,"enemies":"Jaw Worm Horde","floor":39,"turns":1},{"damage":0,"enemies":"Giant Head","floor":42,"turns":3},{"damage":8,"enemies":"4 Shapes","floor":43,"turns":1},{"damage":0,"enemies":"Writhing Mass","floor":44,"turns":3},{"damage":0,"enemies":"Reptomancer","floor":45,"turns":1},{"damage":0,"enemies":"downfall:LadyInBlue","floor":47,"turns":1},{"damage":4,"enemies":"Sphere and 2 Shapes","floor":48,"turns":2},{"damage":4,"enemies":"4 Shapes","floor":49,"turns":1},{"damage":0,"enemies":"downfall:Watcher","floor":50,"turns":1}],"seed_played":"-5386552780784221866","potions_obtained":[{"floor":4,"key":"SkillPotion"},{"floor":6,"key":"EntropicBrew"},{"floor":8,"key":"Fruit Juice"},{"floor":12,"key":"FearPotion"},{"floor":22,"key":"LiquidBronze"},{"floor":23,"key":"AttackPotion"},{"floor":26,"key":"Energy Potion"},{"floor":32,"key":"Energy Potion"},{"floor":37,"key":"CalmPotion"},{"floor":42,"key":"Strength Potion"},{"floor":47,"key":"LiquidMemories"},{"floor":47,"key":"testmod-TestPotion"}],"is_trial":false,"path_per_floor":["R","M","?","M","M","M","T","E","R","M","M","E","R","E","M","B",null,"R","M","M","$","M","E","T","M","M","?","?","$","R","M","M","B",null,"R","M","M","$","M","$","T","E","M","M","E","?","?","M","M","B",null],"character_chosen":"KOISHI","items_purchased":["MerchantsRug","Civilization","ClockworkSouvenir","AT_TimeSand"],"campfire_rested":0,"item_purchase_floors":[21,21,21,38],"current_hp_per_floor":[42,43,43,44,44,28,28,65,65,61,60,55,55,45,45,42,88,88,82,84,86,86,92,92,99,106,100,108,108,108,119,132,148,164,164,184,208,208,234,234,234,262,285,331,366,412,448,483,522,576],"gold":412,"neow_bonus":"THREE_RARE_CARDS","is_daily":false,"chose_seed":false,"campfire_upgraded":5,"win_rate":0.0,"timestamp":1609574563,"path_taken":["R","M","?","M","M","M","T","E","R","M","M","E","R","E","M","BOSS","R","M","M","$","M","E","T","M","M","?","?","$","R","M","M","BOSS","R","M","M","$","M","$","T","E","M","M","E","?","?","?","M","BOSS"],"items_purchased_type":["Relic","Relic","Relic","Relic"],"build_version":"2020-12-22","purchased_purges":4,"victory":true,"max_hp_per_floor":[60,60,60,60,60,60,60,65,65,68,69,75,75,77,78,88,88,88,90,90,95,101,106,106,111,118,118,126,126,126,137,150,164,164,164,184,208,208,234,234,234,262,295,331,366,412,448,489,533,577],"card_choices":[{"not_picked":["Koishi:RacingHeart","Koishi:SpiritedAway"],"picked":"Koishi:UnconsciousUprising","floor":2},{"not_picked":["Koishi:JumpScare","Koishi:Bloodlust"],"picked":"Koishi:ParalyzingFear","floor":4},{"not_picked":["Koishi:PhantomStrike","Koishi:StingingMind"],"picked":"Koishi:MindNumbingTerror","floor":5},{"not_picked":["Koishi:RacingHeart","Koishi:StingingMind"],"picked":"Koishi:LastRemote","floor":6},{"not_picked":["Koishi:StrangeCloudFist","Koishi:CatchAndRose","Koishi:EmbryosDream"],"picked":"SKIP","floor":8},{"not_picked":["Koishi:Jaunt","Koishi:Prune"],"picked":"Koishi:Untouchable","floor":10},{"not_picked":["Koishi:Heartbroken","Koishi:LastRemote","Koishi:BramblyRoseGarden"],"picked":"SKIP","floor":11},{"not_picked":["Koishi:GhostParty","Koishi:UnconsciousUrges","Koishi:IdleWhim"],"picked":"SKIP","floor":12},{"not_picked":["Koishi:EmbryosDream","Koishi:HeartfeltFancy"],"picked":"Koishi:Jaunt","floor":14},{"not_picked":["Koishi:RorschachInDanmaku","Koishi:CatchAndRose"],"picked":"Koishi:Jaunt","floor":15},{"not_picked":["Koishi:PhantomBarrier","Koishi:Vanish"],"picked":"Koishi:Whimsy+1","floor":19},{"not_picked":["Koishi:PhilosophyOfTheDespised","Koishi:MassHysteria","Koishi:ParalyzingFear+1"],"picked":"SKIP","floor":20},{"not_picked":["Koishi:ApparitionsStalkTheNight+1","Koishi:RacingHeart+1"],"picked":"Koishi:SubconsciousSweep+1","floor":21},{"not_picked":["Koishi:SubterraneanRose","Koishi:Prune","Koishi:ReflexRadar"],"picked":"SKIP","floor":22},{"not_picked":["Koishi:SpiritedAway","Koishi:MassHysteria","Koishi:CatchAndRose+1"],"picked":"SKIP","floor":23},{"not_picked":["Koishi:CatchAndRose","Koishi:EmbryosDream","Koishi:SubconsciousSweep"],"picked":"SKIP","floor":25},{"not_picked":["Koishi:JumpScare","Koishi:TerrifyingSpectre","Koishi:Prune"],"picked":"SKIP","floor":26},{"not_picked":["Koishi:UnansweredLove","Koishi:RacingHeart+1","Koishi:PhantomBarrier"],"picked":"SKIP","floor":31},{"not_picked":["Koishi:Bloodlust","Koishi:FleetingPhantom","Koishi:IdleWhim"],"picked":"SKIP","floor":32},{"not_picked":["Koishi:FormlessExistence","Koishi:MentalBreakdown"],"picked":"Koishi:ImGoingToCallYouNow","floor":33},{"not_picked":["Koishi:GeneticsOfTheUnconscious+1","Koishi:FourthEye+1","Koishi:RacingHeart+1"],"picked":"SKIP","floor":36},{"not_picked":["Koishi:CatchAndRose","Koishi:PhantomBarrier","Koishi:StrangeCloudFist"],"picked":"SKIP","floor":37},{"not_picked":["Koishi:Bloodlust","Koishi:DreadfulBlow","Koishi:FadingMemory"],"picked":"SKIP","floor":39},{"not_picked":["Koishi:UnansweredLove+1","Koishi:UnconsciousUprising+1","Koishi:HeartfeltFancy+1"],"picked":"SKIP","floor":42},{"not_picked":["Koishi:ReflexRadar+1","Koishi:FleetingPhantom+1","Koishi:JumpScare+1"],"picked":"SKIP","floor":43},{"not_picked":["Koishi:TremblingHands","Koishi:StingingMind","Koishi:FreudianInstinct"],"picked":"SKIP","floor":44},{"not_picked":["Koishi:RorschachInDanmaku+1","Koishi:BramblyRoseGarden+1","Koishi:PhantomStrike"],"picked":"SKIP","floor":45},{"not_picked":["Koishi:ParalyzingFear+1","Koishi:Prune+1"],"picked":"Koishi:Jaunt+1","floor":47},{"not_picked":["Koishi:StingingMind+1","Koishi:SubconsciousSweep","Koishi:DreadfulBlow"],"picked":"SKIP","floor":48},{"not_picked":["Koishi:RoseHell","Koishi:ReflexRadar","Koishi:RorschachInDanmaku+1"],"picked":"SKIP","floor":49}],"player_experience":404149,"relics_obtained":[{"floor":7,"key":"Blue Candle"},{"floor":8,"key":"Akabeko"},{"floor":12,"key":"testmod-ObsoleteBoomerang"},{"floor":14,"key":"Toy Ornithopter"},{"floor":23,"key":"AT_RabadonDeathcap"},{"floor":24,"key":"testmod-Fortitude"},{"floor":28,"key":"MutagenicStrength"},{"floor":41,"key":"AT_MibuBalloonWealth"},{"floor":42,"key":"testmod-OneHitWonder"},{"floor":42,"key":"testmod-Antiphasic"},{"floor":45,"key":"InkBottle"},{"floor":45,"key":"REME_HourglassOfDeath"},{"floor":47,"key":"Toy Ornithopter"}],"event_choices":[{"damage_healed":0,"gold_gain":0,"player_choice":"Forge","damage_taken":0,"max_hp_gain":0,"max_hp_loss":0,"event_name":"Accursed Blacksmith","floor":3,"gold_loss":0,"cards_upgraded":["testmod-Automaton"]}],"is_beta":false,"boss_relics":[{"not_picked":["testmod-SaigiyounoYou","Snecko Eye"],"picked":"FrostBlade"},{"not_picked":["TakeMeEscape","REME_LowDesire"],"picked":"Black Star"}],"items_purged_floors":[21,29,29,38],"is_endless":false,"potions_floor_spawned":[4,6,8,12,15,16,19,22,23,26,32,37,42,48],"ascension_level":3}}