{"host":"337p6miwxbqfki03","time":1609559598,"event":{"mods":["BaseMod","Better Third Choice","Colored Map","Conspire","Downfall","Hubris","Minty Spire (QoL Compilation)","Replay The Spire","Somnambulant","StSLib","The Cursed","The Hierophant","Unceasing Turn Reminder"],"gold_per_floor":[110,110,123,143,161,161,201,201,201,34,78,91,91,19,19,145,145,159,179,125,125,149,149,0,19,19,19,42,83,208,231,231,350,350,373,394,394,410,49,85,106,137,163,198,212,212,550,564,564,564],"floor_reached":51,"playtime":3645,"items_purged":[],"score":1024,"play_id":"6a592066-6be9-41b9-8758-615cf22c51c3","local_time":"20210101215318","is_ascension_mode":false,"campfire_choices":[{"data":"Fiend Fire","floor":6,"key":"SMITH"},{"floor":13,"key":"REST"},{"floor":15,"key":"REST"},{"floor":23,"key":"REST"},{"floor":27,"key":"REST"},{"floor":32,"key":"REST"},{"floor":46,"key":"REST"},{"floor":49,"key":"REST"}],"circlet_count":0,"master_deck":["Strike_R","Strike_R","Strike_R","Strike_R","Strike_R","Defend_R","Defend_R","Defend_R","Defend_R","Bash","Fiend Fire+1","Defy Death","Clash","Perfected Strike","Warcry","Pommel Strike","Anger","Dual Wield","Eclipse","Reaper","Armaments+1","Cleave","Shrug It Off+1","Iron Wave","Pommel Strike","Shockwave","Shrug It Off","Heavy Blade","Pummel+1","Immolate","ReplayTheSpireMod:Strike From Hell","Thunderclap+1","ReplayTheSpireMod:Limb From Limb+1","Hemogenesis","Anger","Uppercut+1","Havoc+1","Infernal Blade","Sword Boomerang","Reaper","Replay:Undeath\u0027s Touch+1"],"relics":["Burning Blood","Golden Idol","Omamori","Ancient Tea Set","ReplayTheSpireMod:TigerMarble","Painkiller Herb","Brimstone","Replay:Towering Pillar of Hats","Replay:Bottled Flurry","hubris:MedicalManual","The Courier","Black Star","Dead Branch","hubris:SphereOfDissonance","Boot","Nunchaku","Gremlin Food","ReplayTheSpireMod:Lightbulb","Kunai","hubris:ToyBattleship","Shovel","Old Coin"],"acts_visited":["Exordium","TheCity","TheBeyond"],"potions_floor_usage":[16,47],"damage_taken":[{"damage":0,"enemies":"2 Louse","floor":1,"turns":3},{"damage":0,"enemies":"Cultist","floor":3,"turns":3},{"damage":1,"enemies":"Jaw Worm","floor":4,"turns":4},{"damage":0,"enemies":"3 Louse","floor":5,"turns":4},{"damage":26,"enemies":"Lagavulin","floor":7,"turns":5},{"damage":27,"enemies":"3 Sentries","floor":11,"turns":6},{"damage":5,"enemies":"conspire:2 RoseBushes","floor":12,"turns":2},{"damage":39,"enemies":"Hexaghost","floor":16,"turns":9},{"damage":10,"enemies":"Chosen","floor":18,"turns":2},{"damage":15,"enemies":"conspire:FuzzyDice","floor":19,"turns":6},{"damage":37,"enemies":"Snake Plant","floor":22,"turns":3},{"damage":27,"enemies":"Centurion and Healer","floor":25,"turns":3},{"damage":14,"enemies":"3 Cultists","floor":28,"turns":5},{"damage":21,"enemies":"Replay:Snechameleon","floor":29,"turns":3},{"damage":22,"enemies":"Colosseum Slavers","floor":30,"turns":4},{"damage":26,"enemies":"Colosseum Nobs","floor":30,"turns":4},{"damage":25,"enemies":"conspire:HollyBat","floor":31,"turns":5},{"damage":52,"enemies":"Pondfish","floor":33,"turns":7},{"damage":6,"enemies":"Orb Walker","floor":35,"turns":2},{"damage":2,"enemies":"3 Shapes","floor":36,"turns":2},{"damage":45,"enemies":"Writhing Mass","floor":38,"turns":5},{"damage":27,"enemies":"Nemesis","floor":40,"turns":3},{"damage":9,"enemies":"Jaw Worm Horde","floor":41,"turns":3},{"damage":29,"enemies":"Reptomancer","floor":42,"turns":5},{"damage":22,"enemies":"Giant Head","floor":44,"turns":5},{"damage":0,"enemies":"Spire Growth","floor":45,"turns":2},{"damage":22,"enemies":"Reptomancer","floor":47,"turns":4},{"damage":12,"enemies":"Maw","floor":48,"turns":6},{"damage":30,"enemies":"hubris:GrandSnecko","floor":50,"turns":4}],"seed_played":"5734055115611716587","potions_obtained":[{"floor":4,"key":"FearPotion"},{"floor":5,"key":"SpeedPotion"},{"floor":11,"key":"Milkshake"},{"floor":12,"key":"Fruit Juice"},{"floor":16,"key":"ElixirPotion"},{"floor":38,"key":"Fruit Juice"},{"floor":47,"key":"Weak Potion"}],"is_trial":false,"path_per_floor":["M","?","M","M","M","R","E","?","T","$","E","M","R","$","R","B",null,"?","?","T","?","?","T","T","?","T","T","?","E","?","?","T","B",null,"?","?","?","?","T","E","?","E","T","E","?","T","E","?","T","B",null],"character_chosen":"IRONCLAD","items_purchased":["expansioncontent:StudyTheSpire","Eclipse","Shrug It Off","Brimstone","Hemogenesis","Dead Branch"],"campfire_rested":7,"item_purchase_floors":[10,14,20,24,39,39],"current_hp_per_floor":[80,60,66,71,77,77,57,57,57,57,36,37,61,61,80,52,85,85,76,76,95,64,92,92,71,71,95,87,72,54,35,63,41,95,96,96,87,54,54,33,41,30,30,14,20,48,37,76,101,88],"gold":564,"neow_bonus":"ONE_RANDOM_RARE_CARD","is_daily":false,"chose_seed":false,"campfire_upgraded":1,"win_rate":0.0,"timestamp":1609559598,"path_taken":["M","?","M","M","M","R","E","?","T","$","E","?","R","?","R","BOSS","?","?","T","?","?","T","T","?","T","T","?","E","?","?","T","BOSS","?","?","?","?","T","E","?","E","T","E","?","T","E","?","T","BOSS"],"items_purchased_type":["Card","Card","Card","Relic","Card","Relic"],"build_version":"2020-12-22","purchased_purges":0,"victory":true,"max_hp_per_floor":[80,80,80,80,80,80,80,80,80,80,80,80,80,80,80,85,85,85,85,85,95,95,95,95,95,95,95,95,95,95,95,95,95,95,96,96,96,96,96,96,96,96,96,96,96,96,101,101,101,101],"card_choices":[{"not_picked":["Perfected Strike","hubris:SharpeningStone"],"picked":"Defy Death","floor":1},{"not_picked":["True Grit","Twin Strike"],"picked":"Clash","floor":3},{"not_picked":["Run Through","Replay:Undeath\u0027s Touch"],"picked":"Perfected Strike","floor":4},{"not_picked":["Defy Death","Thunderclap"],"picked":"Warcry","floor":5},{"not_picked":["Seeing Red","Defy Death"],"picked":"Pommel Strike","floor":7},{"not_picked":["ReplayTheSpireMod:Corrosion Curse","Body Slam"],"picked":"Anger","floor":11},{"not_picked":["Life Link","Seeing Red"],"picked":"Dual Wield","floor":12},{"not_picked":["Replay:Many Hands","Offering"],"picked":"Reaper","floor":16},{"not_picked":["Run Through","Warcry"],"picked":"Armaments","floor":18},{"not_picked":["Headbutt+1","Shockwave"],"picked":"Cleave","floor":19},{"not_picked":["Run Through","Hemokinesis"],"picked":"Iron Wave","floor":22},{"not_picked":["Power Through","Headbutt"],"picked":"Pommel Strike","floor":25},{"not_picked":["Rupture+1","Wild Strike"],"picked":"Shockwave","floor":28},{"not_picked":["Intimidate","hubris:CleavingFinish+1"],"picked":"Shrug It Off","floor":29},{"not_picked":["Sever Soul","Warcry+1"],"picked":"Heavy Blade","floor":30},{"not_picked":["ReplayTheSpireMod:LeadingStrike+1","conspire:ExplosiveBarrier+1"],"picked":"Pummel+1","floor":31},{"not_picked":["Berserk","Brutality"],"picked":"Immolate","floor":33},{"not_picked":["Replay:Undeath\u0027s Touch+1","Iron Wave+1"],"picked":"ReplayTheSpireMod:Strike From Hell","floor":35},{"not_picked":["hubris:ReadiedAction+1","Iron Wave"],"picked":"Thunderclap+1","floor":36},{"not_picked":["Replay:Undeath\u0027s Touch+1","Flex"],"picked":"ReplayTheSpireMod:Limb From Limb+1","floor":38},{"not_picked":["hubris:CleavingFinish+1","Seeing Red"],"picked":"Anger","floor":40},{"not_picked":["Anger+1","Run Through+1"],"picked":"Uppercut+1","floor":41},{"not_picked":["hubris:ReadiedAction","Body Slam"],"picked":"Havoc+1","floor":42},{"not_picked":["Dual Wield","Clothesline+1"],"picked":"Infernal Blade","floor":44},{"not_picked":["Run Through+1","Warcry"],"picked":"Sword Boomerang","floor":45},{"not_picked":["Thunderclap","Warcry"],"picked":"Reaper","floor":47},{"not_picked":["Metallicize","Defy Death+1"],"picked":"Replay:Undeath\u0027s Touch+1","floor":48}],"player_experience":234104,"relics_obtained":[{"floor":7,"key":"Omamori"},{"floor":9,"key":"Ancient Tea Set"},{"floor":11,"key":"ReplayTheSpireMod:TigerMarble"},{"floor":26,"key":"Replay:Towering Pillar of Hats"},{"floor":29,"key":"Replay:Bottled Flurry"},{"floor":30,"key":"hubris:MedicalManual"},{"floor":30,"key":"The Courier"},{"floor":40,"key":"hubris:SphereOfDissonance"},{"floor":40,"key":"Boot"},{"floor":42,"key":"Nunchaku"},{"floor":42,"key":"Gremlin Food"},{"floor":43,"key":"ReplayTheSpireMod:Lightbulb"},{"floor":44,"key":"Kunai"},{"floor":44,"key":"hubris:ToyBattleship"},{"floor":47,"key":"Shovel"},{"floor":47,"key":"Old Coin"}],"event_choices":[{"damage_healed":0,"gold_gain":0,"player_choice":"Take Damage","damage_taken":20,"relics_obtained":["Golden Idol"],"max_hp_gain":0,"max_hp_loss":0,"event_name":"Golden Idol","floor":2,"gold_loss":0},{"damage_healed":0,"gold_gain":0,"player_choice":"Cursed","damage_taken":0,"max_hp_gain":0,"max_hp_loss":0,"event_name":"Wheel of Change","floor":8,"gold_loss":0,"cards_obtained":["Decay"]},{"cards_removed":["expansioncontent:StudyTheSpire"],"damage_healed":9,"gold_gain":0,"player_choice":"Offered Rare","damage_taken":0,"max_hp_gain":10,"max_hp_loss":0,"event_name":"Bonfire Elementals","floor":21,"gold_loss":0},{"damage_healed":0,"gold_gain":0,"player_choice":"Fight","damage_taken":0,"max_hp_gain":0,"max_hp_loss":0,"event_name":"Colosseum","floor":30,"gold_loss":0},{"damage_healed":0,"gold_gain":0,"player_choice":"Fought Nobs","damage_taken":0,"max_hp_gain":0,"max_hp_loss":0,"event_name":"Colosseum","floor":30,"gold_loss":0},{"damage_healed":0,"gold_gain":0,"player_choice":"Damaged","damage_taken":9,"max_hp_gain":0,"max_hp_loss":0,"event_name":"Wheel of Change","floor":37,"gold_loss":0}],"is_beta":false,"boss_relics":[{"not_picked":["Astrolabe","Ooze Armor"],"picked":"Painkiller Herb"},{"not_picked":["conspire:SeveredTorchhead","Ring of Chaos"],"picked":"Black Star"}],"items_purged_floors":[],"is_endless":false,"potions_floor_spawned":[4,5,11,12,16,19,22,30,30,36,38,41,44,45,47],"ascension_level":0}}