{"host":"r6wilvrr1tovskr2","time":1609552553,"event":{"mods":["2.2 Compatiblity","AchievementEnabler","Aspiration","BaseMod","Bestiary","Better Altar","Better Match","Better Note","Better Sensory Stone","Better Skull","Better Third Choice","Colored Powertips","Conspire","Curses Come First","Energized Spire","GifTheSpireLib","Halation","Highlight Path","Hubris","Infinite Spire","Marked Mod","Minty Spire (QoL Compilation)","Quick Restart","Replay The Spire","Shop Mod","Spicy Shops","Spikes Relics","StSLib","Stuff the Spire","The Blue Laboratory","vexMod"],"gold_per_floor":[115,17,17,167,179,205,205,205,231,259,272,272,298,315,315,410,410,424,438,48,63,63,63,79,79,104,116,127,127,127],"floor_reached":29,"playtime":2636,"items_purged":["hubris:Lust","Strike_G","Strike_G","Strike_G","Strike_G"],"score":329,"play_id":"52f56155-acf1-40b6-a35a-6fa6190a3b94","local_time":"20210101195553","is_ascension_mode":true,"campfire_choices":[{"floor":7,"key":"REST"},{"floor":15,"key":"REST"},{"floor":23,"key":"REST"}],"circlet_count":0,"master_deck":["Defend_G","Defend_G","Defend_G","Defend_G","Defend_G","Survivor","Neutralize","Apotheosis","hubris:Counter","Poisoned Stab","Night Terror","Die Die Die","ReplayTheSpireMod:Scrap Shanks","infinitespire:NeuralNetwork","Dodge and Roll","Well Laid Plans","Burst","Accuracy","Dagger Spray","Noxious Fumes","PlatinumSkin"],"relics":["Ring of the Snake","ReplayTheSpireMod:CursedCoin","hubris:KleinBottle","FossilizedHelix","Question Card","Replay:Kaleidoscope","halation:LettersToHer","aspiration:FutureDiary","MerchantsRug","halation:PromiseList"],"acts_visited":["Exordium","TheCity"],"potions_floor_usage":[6,6,10,14,27,27,27,28,28],"damage_taken":[{"damage":0,"enemies":"2 Louse","floor":1,"turns":3},{"damage":0,"enemies":"Cultist","floor":5,"turns":3},{"damage":7,"enemies":"3 Sentries","floor":6,"turns":8},{"damage":9,"enemies":"Lagavulin","floor":10,"turns":9},{"damage":0,"enemies":"Small Slimes","floor":11,"turns":2},{"damage":23,"enemies":"Gremlin Gang","floor":14,"turns":5},{"damage":4,"enemies":"The Guardian","floor":16,"turns":12},{"damage":0,"enemies":"Shell Parasite","floor":18,"turns":7},{"damage":0,"enemies":"Spheric Guardian","floor":19,"turns":7},{"damage":33,"enemies":"Cultist and Chosen","floor":21,"turns":8},{"damage":12,"enemies":"Snake Plant","floor":24,"turns":5},{"damage":1,"enemies":"Centurion and Healer","floor":27,"turns":7},{"damage":0,"enemies":"3 Cultists","floor":28,"turns":4},{"damage":52,"enemies":"Cultist and Chosen","floor":29,"turns":4}],"seed_played":"-2261686237985062251","potions_obtained":[{"floor":1,"key":"blueLaboratory:HorrorPotion"},{"floor":5,"key":"Strength Potion"},{"floor":21,"key":"blueLaboratory:StoneskinPotion"},{"floor":24,"key":"Explosive Potion"},{"floor":25,"key":"blueLaboratory:BottleOfVodka"},{"floor":25,"key":"Swift Potion"},{"floor":27,"key":"SneckoOil"}],"is_trial":false,"path_per_floor":["M","$","?","$","M","E","R","?","T","E","M","?","T","M","R","B",null,"M","M","$","M","?","R","M","?","T","M","M","M"],"character_chosen":"THE_SILENT","items_purchased":["Poisoned Stab","Weak Potion","blueLaboratory:FruitPunch","ReplayTheSpireMod:CursedCoin","Orrery","halation:Pancakes","hubris:KleinBottle","Dagger Spray","Noxious Fumes","PlatinumSkin","MerchantsRug"],"campfire_rested":3,"item_purchase_floors":[2,2,4,4,4,4,4,20,20,20,20],"current_hp_per_floor":[63,63,63,30,30,25,44,44,44,35,35,32,32,9,28,24,55,55,55,55,22,22,41,29,29,29,28,28,0,0],"gold":127,"neow_bonus":"RANDOM_COLORLESS_2","is_daily":false,"chose_seed":false,"campfire_upgraded":0,"win_rate":0.0,"timestamp":1609552553,"path_taken":["M","$","?","?","M","E","R","?","T","E","M","?","?","M","R","BOSS","M","M","?","?","?","R","M","?","T","M","M","M"],"items_purchased_type":["Card","Potion","Potion","Relic","Relic","Relic","Relic","Card","Card","Card","Relic"],"build_version":"2020-12-22","purchased_purges":5,"victory":false,"max_hp_per_floor":[63,63,63,63,63,65,65,65,65,65,65,65,65,65,65,65,65,65,65,65,65,65,65,65,65,65,65,65,65,65],"card_choices":[{"not_picked":["StuffTheSpire:Recharge","Chrysalis"],"picked":"Apotheosis","floor":0},{"not_picked":["Blade Dance","Crippling Poison"],"picked":"hubris:Counter","floor":1},{"not_picked":["StuffTheSpire:Shiver","Quick Slash"],"picked":"Die Die Die","floor":4},{"not_picked":["Outmaneuver","Quick Slash"],"picked":"ReplayTheSpireMod:Scrap Shanks","floor":4},{"not_picked":["infinitespire:FinalStrike","infinitespire:Menacing"],"picked":"infinitespire:NeuralNetwork","floor":4},{"not_picked":["Backflip","Infinite Blades"],"picked":"Dodge and Roll","floor":5},{"not_picked":["Deflect","Hidden Blade"],"picked":"Well Laid Plans","floor":6},{"not_picked":["Flying Knee","StuffTheSpire:Python","Hidden Blade"],"picked":"SKIP","floor":10},{"not_picked":["Outmaneuver","Backflip","Masterful Stab","Quick Slash"],"picked":"SKIP","floor":11},{"not_picked":["Flechettes","Dodge and Roll","Bane","Flying Knee"],"picked":"SKIP","floor":14},{"not_picked":["StuffTheSpire:ClusterCrunch","conspire:DoublingDagger","Underhanded Strike+1","Choke"],"picked":"SKIP","floor":18},{"not_picked":["Tactician","Escape Plan","Dodge and Roll"],"picked":"Accuracy","floor":19},{"not_picked":["Dodge and Roll+1","Flying Knee","Backflip+1","Hidden Blade"],"picked":"SKIP","floor":21},{"not_picked":["Dodge and Roll","Deflect+1","StuffTheSpire:Repulse","Poison Darts"],"picked":"SKIP","floor":24},{"not_picked":["Blade Dance","Poisoned Stab","Deadly Poison+1","StuffTheSpire:BrimstoneBlast"],"picked":"SKIP","floor":27},{"not_picked":["Prepared","Terror+1","StuffTheSpire:BumpUp+1","Underhanded Strike"],"picked":"SKIP","floor":28}],"player_experience":1163526,"relics_obtained":[{"floor":6,"key":"FossilizedHelix"},{"floor":10,"key":"Question Card"},{"floor":13,"key":"halation:LettersToHer"},{"floor":26,"key":"halation:LettersToHer"},{"floor":26,"key":"halation:PromiseList"}],"event_choices":[{"damage_healed":0,"gold_gain":0,"cards_transformed":["Strike_G"],"player_choice":"Transformed","damage_taken":0,"max_hp_gain":0,"max_hp_loss":0,"event_name":"Transmorgrifier","floor":3,"gold_loss":0,"cards_obtained":["Night Terror"]},{"damage_healed":0,"gold_gain":0,"player_choice":"Relic ","damage_taken":3,"max_hp_gain":0,"max_hp_loss":0,"event_name":"betterThird:BetterScrap","floor":12,"gold_loss":0,"cards_obtained":["hubris:StunningStrike"]},{"damage_healed":0,"gold_gain":0,"player_choice":"Leave","damage_taken":0,"max_hp_gain":0,"max_hp_loss":0,"event_name":"conspire:Investor","floor":22,"gold_loss":0},{"damage_healed":0,"gold_gain":0,"player_choice":"Got Potions","damage_taken":0,"max_hp_gain":0,"max_hp_loss":0,"event_name":"Lab","floor":25,"gold_loss":0}],"is_beta":false,"boss_relics":[{"not_picked":["halation:ForbiddenBikini","StuffTheSpire:ModemDavis"],"picked":"aspiration:FutureDiary"}],"items_purged_floors":[4,4,4,4,20],"is_endless":false,"potions_floor_spawned":[1,5,21,24,27],"killed_by":"Cultist and Chosen","ascension_level":8}}