{"host":"z9grmtg2w0nmz8n1","time":1609567372,"event":{"mods":["Aspiration","Bard","BaseMod","Beaked The Cultist","Better Altar","Better Match","Better Note","Better Sensory Stone","Better Skull","Better Third Choice","BetterRewards","CCEM","Colored Map","Conspire","Downfall","GifTheSpireLib","Googly Eyes","Halation","Hermit","Highlight Path","Hubris","Hunter ??","Jedi Mod","Jorbs\u0027s Wanderer Trilogy","Mad Scientist","Marisa????????","Minty Spire (QoL Compilation)","Permanent Neow","Replay The Spire","Shade Mod","Shop Mod","Spicy Shops","StSLib","Stuff the Spire","The Bug Knight","The Construct","The Necromancer","The Runesmith","The Witch"],"gold_per_floor":[116,116,129,129,145,145,175,175,198,208,208,222,237,267,267,366,366,376,376,390,408,508,508,541,98,98,98,98,98,109,109,127,158,158,255,255,269,288,63,63,83,114,114,134,158,158,158,158],"floor_reached":47,"playtime":1878,"items_purged":["Strike_B","Injury","Strike_B"],"score":557,"play_id":"5db84fd3-7b9b-4c13-bbbb-618a139fc052","local_time":"20210102040252","is_ascension_mode":true,"campfire_choices":[{"floor":6,"key":"RECALL"},{"data":"Leap","floor":8,"key":"SMITH"},{"data":"Leap","floor":15,"key":"SMITH"},{"floor":23,"key":"REST"},{"data":"Defend_B","floor":27,"key":"SMITH"},{"floor":31,"key":"REST"},{"floor":34,"key":"REST"},{"floor":43,"key":"REST"},{"floor":46,"key":"REST"}],"circlet_count":0,"master_deck":["Strike_B","Strike_B","Defend_B","Defend_B","Defend_B","Defend_B+1","Zap+1","Dualcast+1","ReplayGash","Leap+1","Leap+1","Ball Lightning+1","Streamline+1","Sweeping Beam+1","Thunder Strike+1","Streamline+1","Zap+1","Ball Lightning+1"],"relics":["Cracked Core","FossilizedHelix","Molten Egg 2","Ice Cream","hubris:VirtuousBlindfold","jedi:paperfaux","aspiration:DSix","Oddly Smooth Stone","Cables","Akabeko","aspiration:Stellarator","StuffTheSpire:RubySignet","Juzu Bracelet"],"acts_visited":["Exordium","TheCity","TheBeyond"],"potions_floor_usage":[7,7,12,14,20,24,30,35],"damage_taken":[{"damage":0,"enemies":"Small Slimes","floor":1,"turns":3},{"damage":0,"enemies":"Cultist","floor":3,"turns":4},{"damage":0,"enemies":"2 Louse","floor":5,"turns":2},{"damage":6,"enemies":"Gremlin Nob","floor":7,"turns":3},{"damage":0,"enemies":"Large Slime","floor":10,"turns":5},{"damage":9,"enemies":"Gremlin Gang","floor":12,"turns":5},{"damage":0,"enemies":"Blue Slaver","floor":13,"turns":3},{"damage":0,"enemies":"HollowMod:MossKnight","floor":14,"turns":6},{"damage":33,"enemies":"Hexaghost","floor":16,"turns":10},{"damage":5,"enemies":"Chosen","floor":18,"turns":3},{"damage":13,"enemies":"Shelled Parasite and Fungi","floor":20,"turns":4},{"damage":10,"enemies":"Sentry and Sphere","floor":21,"turns":4},{"damage":17,"enemies":"conspire:Head Lice","floor":24,"turns":6},{"damage":0,"enemies":"Chosen and Byrds","floor":30,"turns":4},{"damage":12,"enemies":"Snake Plant","floor":32,"turns":4},{"damage":27,"enemies":"Replay:Snechameleon","floor":33,"turns":5},{"damage":33,"enemies":"conspire:MysteriousRune","floor":35,"turns":8},{"damage":0,"enemies":"3 Shapes","floor":37,"turns":4},{"damage":0,"enemies":"Orb Walker","floor":38,"turns":3},{"damage":24,"enemies":"Maw","floor":41,"turns":7},{"damage":50,"enemies":"Reptomancer","floor":42,"turns":6},{"damage":22,"enemies":"Sphere and 2 Shapes","floor":44,"turns":4},{"damage":15,"enemies":"Giant Head","floor":47,"turns":6}],"seed_played":"3467673221788892299","potions_obtained":[{"floor":1,"key":"Swift Potion"},{"floor":5,"key":"champ:CounterPotion"},{"floor":7,"key":"LiquidBronze"},{"floor":13,"key":"LiquidMemories"},{"floor":16,"key":"FocusPotion"},{"floor":18,"key":"AttackPotion"},{"floor":24,"key":"DistilledChaos"},{"floor":30,"key":"CultistPotion"},{"floor":37,"key":"Dexterity Potion"},{"floor":42,"key":"Energy Potion"}],"is_trial":false,"path_per_floor":["M","?","M","?","M","R","E","R","T","M","?","M","M","E","R","B",null,"M","?","M","M","?","R","E","$","T","R","PTL","PTL","M","R","M","E","R","B",null,"M","M","$","?","M","E","R","M","T","R","E"],"character_chosen":"DEFECT","items_purchased":["aspiration:DSix","Oddly Smooth Stone"],"campfire_rested":5,"item_purchase_floors":[25,25],"current_hp_per_floor":[75,68,68,68,68,68,62,62,62,62,62,53,53,53,53,20,75,70,70,57,47,47,69,52,52,52,52,52,52,52,74,62,35,57,24,75,75,75,75,75,51,1,23,1,1,23,8,8],"gold":158,"neow_bonus":"UPGRADE_CARD","is_daily":false,"chose_seed":false,"campfire_upgraded":3,"win_rate":0.0,"timestamp":1609567372,"path_taken":["M","?","?","?","M","R","E","R","T","M","?","M","M","E","R","BOSS","M","?","M","?","?","R","E","$","T","R","PTL","PTL","M","R","M","E","R","BOSS","M","M","$","?","?","E","R","M","T","R","E"],"items_purchased_type":["Relic","Relic"],"build_version":"2020-12-22","purchased_purges":3,"victory":false,"max_hp_per_floor":[75,75,75,75,75,75,75,75,75,75,75,75,75,75,75,75,75,75,75,75,75,75,75,75,75,75,75,75,75,75,75,75,75,75,75,75,75,75,75,75,75,75,75,75,75,75,75,75],"card_choices":[{"not_picked":["Hello World","jedi:BurstLightning"],"picked":"ReplayGash","floor":1},{"not_picked":["jedi:BurstLightning","Hello World","Barrage"],"picked":"SKIP","floor":3},{"not_picked":["Cold Snap","Beam Cell"],"picked":"Leap","floor":5},{"not_picked":["hubris:DoWhile","StuffTheSpire:CleanHardDrive"],"picked":"Leap","floor":7},{"not_picked":["Undo","jedi:BurstLightning","Chaos"],"picked":"SKIP","floor":10},{"not_picked":["Lockon+1","jedi:overflow"],"picked":"Ball Lightning+1","floor":12},{"not_picked":["Leap","jedi:blockon"],"picked":"Streamline+1","floor":13},{"not_picked":["Crystallizer","Panic Button"],"picked":"Sweeping Beam+1","floor":14},{"not_picked":["Core Surge+1","Meteor Strike+1"],"picked":"Thunder Strike+1","floor":16},{"not_picked":["Heatsinks+1","Rebound+1","Compile Driver+1"],"picked":"SKIP","floor":18},{"not_picked":["Scrape+1","jedi:BurstLightning+1","Leap"],"picked":"SKIP","floor":20},{"not_picked":["Steam","jedi:overflow+1","jedi:locknload+1"],"picked":"SKIP","floor":21},{"not_picked":["Coolheaded+1","Beam Cell+1","Barrage+1"],"picked":"SKIP","floor":24},{"not_picked":["BasicCrystalCard","Beam Cell+1"],"picked":"Streamline+1","floor":30},{"not_picked":["ReplayTheSpireMod:Reroute Power","Turbo+1","Cold Snap+1"],"picked":"SKIP","floor":32},{"not_picked":["hubris:Prefetch","Barrage+1","Conserve Battery"],"picked":"SKIP","floor":33},{"not_picked":["conspire:SharedLibrary","Compile Driver+1","jedi:markofdeath+1"],"picked":"SKIP","floor":37},{"not_picked":["Conserve Battery","Reprogram+1","Streamline+1"],"picked":"SKIP","floor":38},{"not_picked":["Stack","Barrage+1"],"picked":"Ball Lightning+1","floor":41},{"not_picked":["Sunder+1","ReplayTheSpireMod:GoodbyeWorld+1","Reinforced Body+1"],"picked":"SKIP","floor":42},{"not_picked":["Sunder+1","BasicCrystalCard","StuffTheSpire:NuclearReactor+1"],"picked":"SKIP","floor":44}],"player_experience":754241,"relics_obtained":[{"floor":7,"key":"FossilizedHelix"},{"floor":14,"key":"Ice Cream"},{"floor":24,"key":"jedi:paperfaux"},{"floor":26,"key":"Cables"},{"floor":33,"key":"Akabeko"},{"floor":42,"key":"StuffTheSpire:RubySignet"},{"floor":45,"key":"Juzu Bracelet"}],"event_choices":[{"damage_healed":0,"gold_gain":0,"player_choice":"Damaged","damage_taken":7,"max_hp_gain":0,"max_hp_loss":0,"event_name":"Wheel of Change","floor":2,"gold_loss":0},{"damage_healed":0,"gold_gain":0,"player_choice":"Upgraded","damage_taken":0,"max_hp_gain":0,"max_hp_loss":0,"event_name":"Upgrade Shrine","floor":19,"gold_loss":0,"cards_upgraded":["Dualcast"]},{"damage_healed":0,"gold_gain":100,"player_choice":"Pray","damage_taken":0,"max_hp_gain":0,"max_hp_loss":0,"event_name":"Golden Shrine","floor":22,"gold_loss":0},{"damage_healed":0,"gold_gain":0,"player_choice":"Copied","damage_taken":0,"max_hp_gain":0,"max_hp_loss":0,"event_name":"Duplicator","floor":40,"gold_loss":0,"cards_obtained":["Zap"]}],"is_beta":false,"boss_relics":[{"not_picked":["Ring of Chaos","conspire:RunicOctahedron"],"picked":"hubris:VirtuousBlindfold"},{"not_picked":["aspiration:RunicSpoon","hubris:TerracottaHorce"],"picked":"aspiration:Stellarator"}],"items_purged_floors":[25,39,39],"is_endless":false,"potions_floor_spawned":[1,5,7,13,16,18,24,30,37,42],"killed_by":"Giant Head","ascension_level":1}}