{"host":"1a0tas65lso7aoyx","time":1609565697,"event":{"mods":["Arknights The Spire","BaseMod","Hermit","Koishi","Lobotomy","Marisa£¨Ùöéë¡¡Øª×âÞÞ£©","Minty Spire (QoL Compilation)","READ ME - Guardian Mod","StSLib","Td1madao Mod","The Bug Knight","The Cursed","The Dragon Tamer","The Gatherer","The Hierophant","The Runesmith","Uncapped"],"gold_per_floor":[50000,50012,50012,50012,49172,49172,49205,49205,49278,49294,49305,48274,47274,47288,47288,47387,47387,47406,47406,47420,47433,47433,47433,47433,47433,47433,47459,46365,46365,46393,46409,46409,46514,46514,46534,45721,45739,45757,45768,45768,45783,45802,45802,45802,45802,45802,45816,45816,45816,45816,45816],"floor_reached":52,"playtime":3130,"items_purged":["ats:Defend","ats:Strike C","ats:Strike S","ats:Strike V+1","ats:Defend"],"score":892,"play_id":"8c66f52c-9247-4677-bd21-aafade89a3be","local_time":"20210102143457","is_ascension_mode":false,"campfire_choices":[{"floor":6,"key":"RECALL"},{"data":"ats:Soul Absorption","floor":8,"key":"SMITH"},{"data":"ats:Revitalization","floor":15,"key":"SMITH"},{"data":"ats:Soul Rend","floor":23,"key":"PURGE"},{"data":"ats:Strike G+1","floor":25,"key":"PURGE"},{"data":"ats:Armor Crushing Shot","floor":29,"key":"PURGE"},{"data":"ats:Roar Of Ursus","floor":32,"key":"PURGE"},{"data":"ats:Soul Absorption+1","floor":40,"key":"PURGE"},{"data":"ats:Emotion Absorption","floor":44,"key":"PURGE"},{"data":"Wraith","floor":46,"key":"PURGE"},{"data":"ats:Defend","floor":49,"key":"PURGE"}],"circlet_count":0,"master_deck":["ats:Defend","ats:Assault Order","ats:Thorns","ats:Composite Medical Shells","ats:Revitalization+1","Bandage Up","ats:Dogmatic Field","ats:Charging Defense+1","ats:Magnetic Hammer+1","ats:Healing Drone+1","ats:Apocalypse+1","ats:Calcification+1","ats:Echo Reverb+1"],"relics":["ats:Sanity Plus","NeowsBlessing","ats:Military Tradition","ats:Attack","Peace Pipe","Bronze Scales","ats:Originium","Torii","White Beast Statue","Whetstone","Bird Faced Urn","HandDrill","ats:Snipe","Toxic Egg 2","Molten Egg 2","InkBottle","Lantern","ClockworkSouvenir","Shuriken","Girya","Bag of Marbles","Runic Pyramid","ats:Lavender","MealTicket","Turnip"],"acts_visited":["Exordium","TheCity","TheBeyond"],"potions_floor_usage":[10,11,11,12,14,16,16,18,27,27,30,30,35,41,47,47],"damage_taken":[{"damage":0,"enemies":"Jaw Worm","floor":1,"turns":1},{"damage":0,"enemies":"Cultist","floor":2,"turns":1},{"damage":0,"enemies":"Gremlin Nob","floor":7,"turns":1},{"damage":0,"enemies":"2 Louse","floor":10,"turns":3},{"damage":9,"enemies":"Exordium Wildlife","floor":11,"turns":3},{"damage":14,"enemies":"Large Slime","floor":14,"turns":5},{"damage":55,"enemies":"The Guardian","floor":16,"turns":10},{"damage":54,"enemies":"Shell Parasite","floor":18,"turns":7},{"damage":20,"enemies":"Chosen","floor":20,"turns":8},{"damage":20,"enemies":"Shelled Parasite and Fungi","floor":21,"turns":10},{"damage":99,"enemies":"Book of Stabbing","floor":27,"turns":6},{"damage":0,"enemies":"HollowMod:Nosk","floor":30,"turns":16},{"damage":60,"enemies":"Sentry and Sphere","floor":31,"turns":7},{"damage":33,"enemies":"Collector","floor":33,"turns":11},{"damage":26,"enemies":"3 Darklings","floor":35,"turns":6},{"damage":62,"enemies":"Orb Walker","floor":37,"turns":6},{"damage":13,"enemies":"Jaw Worm Horde","floor":38,"turns":2},{"damage":0,"enemies":"Maw","floor":39,"turns":8},{"damage":47,"enemies":"4 Shapes","floor":41,"turns":6},{"damage":26,"enemies":"Spire Growth","floor":42,"turns":6},{"damage":57,"enemies":"Jaw Worm Horde","floor":47,"turns":4},{"damage":172,"enemies":"Donu and Deca","floor":50,"turns":8}],"seed_played":"8122247178721430045","potions_obtained":[{"floor":2,"key":"CultistPotion"},{"floor":10,"key":"SteroidPotion"},{"floor":11,"key":"GamblersBrew"},{"floor":14,"key":"SkillPotion"},{"floor":16,"key":"Regen Potion"},{"floor":18,"key":"ats:Emergency Sanity Potion"},{"floor":20,"key":"Swift Potion"},{"floor":21,"key":"PowerPotion"},{"floor":27,"key":"ats:Top Emergency Sanity Potion"},{"floor":31,"key":"Energy Potion"},{"floor":33,"key":"Weak Potion"},{"floor":35,"key":"Dexterity Potion"},{"floor":39,"key":"LiquidBronze"},{"floor":42,"key":"SteroidPotion"},{"floor":47,"key":"ColorlessPotion"}],"is_trial":false,"path_per_floor":["M","M","?","T","$","R","E","R","T","M","M","$","$","M","R","B",null,"M","?","M","M","?","R","?","R","T","E","$","R","E","M","R","B",null,"M","$","M","M","M","R","M","M","T","R","?","R","M","?","R","B",null,null],"character_chosen":"DOCTOR_CLASS","items_purchased":["ats:Attack","Peace Pipe","Bronze Scales","ats:Thorns","Energy Potion","Energy Potion","Whetstone","Bird Faced Urn","HandDrill","ats:Composite Medical Shells","ats:Revitalization","Fruit Juice","Energy Potion","Bandage Up","ats:Snipe","Toxic Egg 2","Molten Egg 2","LiquidBronze","ats:Dogmatic Field","ClockworkSouvenir","Shuriken","Girya","ats:Healing Drone+1","ats:Apocalypse+1","Explosive Potion","Explosive Potion","ats:Lavender","MealTicket","Regen Potion","Regen Potion","EntropicBrew"],"campfire_rested":0,"item_purchase_floors":[5,5,5,5,5,5,12,12,12,12,12,12,12,12,13,13,13,13,13,28,28,28,28,28,28,28,36,36,36,36,36],"current_hp_per_floor":[72,72,77,77,77,77,77,77,77,77,68,73,73,82,82,67,82,82,82,73,82,82,82,66,66,66,40,40,40,87,87,87,87,87,87,87,82,87,87,87,87,87,87,87,87,87,87,87,87,87,87],"gold":45816,"neow_bonus":"THREE_ENEMY_KILL","is_daily":false,"chose_seed":false,"campfire_upgraded":2,"win_rate":0.0,"timestamp":1609565697,"path_taken":["M","M","?","?","$","R","E","R","T","M","?","?","$","?","R","BOSS","M","?","?","M","?","R","?","R","T","E","$","R","E","M","R","BOSS","M","$","M","M","M","R","M","M","T","R","?","R","M","?","R","BOSS"],"items_purchased_type":["Relic","Relic","Relic","Card","Potion","Potion","Relic","Relic","Relic","Card","Card","Potion","Potion","Card","Relic","Relic","Relic","Potion","Card","Relic","Relic","Relic","Card","Card","Potion","Potion","Relic","Relic","Potion","Potion","Potion"],"build_version":"2020-12-22","purchased_purges":5,"victory":true,"max_hp_per_floor":[72,72,77,77,77,77,77,77,77,77,77,82,82,82,82,82,82,82,82,82,82,82,82,87,87,87,87,87,87,87,87,87,87,87,87,87,87,87,87,87,87,87,87,87,87,87,87,87,87,87,87],"card_choices":[{"not_picked":["ats:Consecutive Shot Auto","ats:Ignite","ats:Flexible Camouflage"],"picked":"SKIP","floor":1},{"not_picked":["ats:Ignite","ats:Childhood Dance"],"picked":"ats:Assault Order","floor":2},{"not_picked":["ats:Curse Doll","ats:Cat Scratch"],"picked":"ats:Soul Absorption","floor":7},{"not_picked":["ats:Leaping Hammer","ats:Curse Doll"],"picked":"ats:Roar Of Ursus","floor":10},{"not_picked":["ats:Leaping Hammer","ats:Hammer On","ats:Overload"],"picked":"SKIP","floor":11},{"not_picked":["ats:Guardian Obelisk+1","ats:Poison Spread+1"],"picked":"ats:Charging Defense+1","floor":14},{"not_picked":["ats:True Silver Slash+1","ats:Fractured Body+1"],"picked":"ats:Soul Rend","floor":16},{"not_picked":["ats:Closed Bolt Burst Fire+1","ats:Explosion Area Strengthen+1"],"picked":"ats:Magnetic Hammer+1","floor":18},{"not_picked":["ats:Spore Proliferation+1","ats:Hammer On+1","ats:Steam Pump+1"],"picked":"SKIP","floor":20},{"not_picked":["ats:Flexible Camouflage+1","ats:Assault Order+1","ats:Ambush"],"picked":"SKIP","floor":21},{"not_picked":["ats:Hammer On+1","ats:Explosion Area Strengthen+1","ats:Durian+1"],"picked":"SKIP","floor":27},{"not_picked":["ats:Apocalypse+1","ats:Neurotoxin"],"picked":"ats:Calcification+1","floor":30},{"not_picked":["ats:Apocalypse+1","ats:Blood Oath+1","ats:Cat Scratch+1"],"picked":"SKIP","floor":31},{"not_picked":["ats:Shadow Assault+1","ats:Nebulous Foxfire+1"],"picked":"ats:Echo Reverb+1","floor":33},{"not_picked":["ats:Composite Medical Shells+1","ats:Shell Defense+1","ats:Apocalypse+1"],"picked":"SKIP","floor":35},{"not_picked":["ats:Poison Spread+1","ats:Neurotoxin+1","ats:Powerful Strike+1"],"picked":"SKIP","floor":37},{"not_picked":["ats:Very Hot Blade+1","ats:Leaping Hammer+1","ats:Curse Doll+1"],"picked":"SKIP","floor":38},{"not_picked":["ats:Neurotoxin","ats:Flexible Camouflage+1","ats:Sunburst+1"],"picked":"SKIP","floor":39},{"not_picked":["ats:Automatic Cover+1","ats:Counter Healing Mode","ats:Collapsing Strike+1"],"picked":"SKIP","floor":41},{"not_picked":["ats:Burning Ground","ats:Counter Healing Mode","ats:Flexible Camouflage+1"],"picked":"SKIP","floor":42},{"not_picked":["ats:Blood Oath+1","ats:Closed Bolt Burst Fire+1","ats:Childhood Dance+1"],"picked":"SKIP","floor":47}],"player_experience":671787,"relics_obtained":[{"floor":4,"key":"ats:Military Tradition"},{"floor":7,"key":"ats:Originium"},{"floor":7,"key":"Torii"},{"floor":9,"key":"White Beast Statue"},{"floor":26,"key":"InkBottle"},{"floor":27,"key":"ats:Originium"},{"floor":27,"key":"Lantern"},{"floor":30,"key":"ats:Originium"},{"floor":30,"key":"Bag of Marbles"},{"floor":43,"key":"Turnip"}],"event_choices":[{"damage_healed":0,"gold_gain":0,"player_choice":"Donut","damage_taken":0,"max_hp_gain":5,"max_hp_loss":0,"event_name":"Big Fish","floor":3,"gold_loss":0},{"damage_healed":0,"gold_gain":0,"player_choice":"Leave","damage_taken":0,"max_hp_gain":0,"max_hp_loss":0,"event_name":"FaceTrader","floor":19,"gold_loss":0},{"damage_healed":0,"gold_gain":0,"player_choice":"Ignored","damage_taken":0,"max_hp_gain":0,"max_hp_loss":0,"event_name":"Cursed Tome","floor":22,"gold_loss":0},{"damage_healed":0,"gold_gain":0,"player_choice":"Shed Blood","damage_taken":21,"max_hp_gain":5,"max_hp_loss":0,"event_name":"Forgotten Altar","floor":24,"gold_loss":0},{"damage_healed":0,"gold_gain":0,"player_choice":"Ignored","damage_taken":0,"max_hp_gain":0,"max_hp_loss":0,"event_name":"OrinTheCat","floor":45,"gold_loss":0},{"damage_healed":0,"gold_gain":0,"player_choice":"Ignored","damage_taken":0,"max_hp_gain":0,"max_hp_loss":0,"event_name":"Tomb of Lord Red Mask","floor":48,"gold_loss":0}],"is_beta":false,"boss_relics":[{"not_picked":["Pandora\u0027s Box","Cursed Key"],"picked":"ats:Sanity Plus"},{"not_picked":["Black Star","Busted Crown"],"picked":"Runic Pyramid"}],"items_purged_floors":[5,12,13,28,36],"is_endless":false,"potions_floor_spawned":[2,10,11,14,16,18,20,21,27,30,31,33,35,37,38,39,41,42,47],"ascension_level":0}}