{"host":"9kuc8qxv67wkis18","time":1609626907,"event":{"mods":["2.2 Compatiblity","AchievementEnabler","Aspiration","Astrologer","Bard","BaseMod","Beaked The Cultist","Bestiary","Better Note","Better Third Choice","Block Reminder","Challenge The Spire","ChefMod","Conspire","Curses Come First","GifTheSpireLib","Glutton Mod","Halation","Hermit","Highlight Path","Hubris","Infinite Spire","Jorbs\u0027s Wanderer Trilogy","Marked Mod","Melee Mod","Minty Spire (QoL Compilation)","Permanent Neow","Potionbrewer","Random Character Button","Rare Cards Sparkle","Replay The Spire","Shade Mod","Somnambulant","Spikes Relics","StSLib","Stuff the Spire","The Accelerator","The Blue Laboratory","The Caster","The Construct","The Cursed","The Disciple","The Florist","The Forsaken","The Hierophant","The Judge","The Juggle","The Jungle","The Marked","The Necromancer","The Showman","The Wild Card","TheArtist","Thieving Mod","everything is the same but u backflip on backflip","thorton","vexMod"],"gold_per_floor":[113,126,161,172,199,226,72,82,82,82,115,134,134,145,145,250,250,266,90,90,90,108,108,108,141,214,214,228,0,0,17,17,118,118,133,133,144,158,105,138,138,170,170,189,189,208,61,74,74,74],"floor_reached":51,"playtime":4218,"items_purged":["Sickly","Strike_B","Strike_B","Strike_B","Zap"],"score":762,"play_id":"d4bbd12e-9e6b-482f-a980-3a04b3ca88af","local_time":"20210102173507","is_ascension_mode":false,"campfire_choices":[{"floor":10,"key":"REST"},{"floor":13,"key":"REST"},{"data":"ReplayGash","floor":15,"key":"SMITH"},{"data":"Reprogram","floor":23,"key":"SMITH"},{"data":"ReplayGash","floor":32,"key":"SMITH"},{"floor":41,"key":"REST"},{"data":"Buffer","floor":45,"key":"SMITH"},{"floor":49,"key":"REST"}],"circlet_count":0,"master_deck":["Defend_B","Defend_B","Defend_B","Defend_B","Dualcast","Reprogram+1","ReplayGash+1","Beam Cell","Beam Cell","StuffTheSpire:Rend","Rebound","Hologram","Go for the Eyes","Gash","Buffer+1","Gash","Gash","Gash","ReplayGash+1","hubris:DoWhile","All For One","BootSequence+1","Gash+1","Gash","All For One","Scrape+1"],"relics":["Cracked Core","ReplayTheSpireMod:CursedCoin","aspiration:EnhancedActuators","halation:Gekota","aspiration:EmptySkull","Strawberry","AncientExoskeleton","Potion Belt","vexMod:BarristanHead","Mirror","infinitespire:Lychee Nut","beaked:SacredDeck","MiniBlackHole","Ginger","aspiration:Lifesprig","SpikesRelics:ToyHorsey","hubris:SlimyHat"],"acts_visited":["Exordium","TheCity","TheBeyond"],"potions_floor_usage":[11,16,33,33,38,42,46],"damage_taken":[{"damage":1,"enemies":"Cultist","floor":1,"turns":3},{"damage":5,"enemies":"Jaw Worm","floor":2,"turns":5},{"damage":0,"enemies":"Small Slimes","floor":4,"turns":3},{"damage":20,"enemies":"conspire:MimicChest","floor":5,"turns":5},{"damage":30,"enemies":"Lagavulin","floor":6,"turns":5},{"damage":3,"enemies":"Red Slaver","floor":8,"turns":2},{"damage":13,"enemies":"3 Sentries","floor":11,"turns":7},{"damage":0,"enemies":"Exordium Thugs","floor":12,"turns":3},{"damage":0,"enemies":"Exordium Wildlife","floor":14,"turns":3},{"damage":46,"enemies":"Hexaghost","floor":16,"turns":10},{"damage":0,"enemies":"Chosen","floor":18,"turns":4},{"damage":9,"enemies":"conspire:FuzzyDice","floor":22,"turns":4},{"damage":17,"enemies":"Gremlin Leader","floor":25,"turns":4},{"damage":17,"enemies":"Centurion and Healer","floor":28,"turns":6},{"damage":6,"enemies":"Snake Plant","floor":31,"turns":3},{"damage":37,"enemies":"Automaton","floor":33,"turns":8},{"damage":14,"enemies":"3 Shapes","floor":35,"turns":6},{"damage":3,"enemies":"Orb Walker","floor":37,"turns":4},{"damage":0,"enemies":"Maw","floor":38,"turns":5},{"damage":35,"enemies":"Giant Head","floor":40,"turns":7},{"damage":0,"enemies":"Nemesis","floor":42,"turns":5},{"damage":23,"enemies":"4 Shapes","floor":44,"turns":3},{"damage":11,"enemies":"3 Darklings","floor":46,"turns":4},{"damage":0,"enemies":"Maw","floor":48,"turns":4},{"damage":38,"enemies":"infinitespire:MassOfShapes","floor":50,"turns":6}],"seed_played":"-6028097580219779984","potions_obtained":[{"floor":1,"key":"blueLaboratory:HummingbirdPotion"},{"floor":4,"key":"GamblersBrew"},{"floor":11,"key":"Fruit Juice"},{"floor":14,"key":"blueLaboratory:AbyssPotion"},{"floor":18,"key":"blueLaboratory:RememoryPotion"},{"floor":28,"key":"blueLaboratory:StoneskinPotion"},{"floor":33,"key":"blueLaboratory:FruitPunch"},{"floor":37,"key":"DuplicationPotion"},{"floor":38,"key":"infinitespire:BlackPotion"},{"floor":40,"key":"blueLaboratory:CorrosionFlask"},{"floor":44,"key":"blueLaboratory:LouseDecoction"}],"is_trial":false,"path_per_floor":["M","M","$","M","?","E","$","M","T","R","E","M","R","M","R","B",null,"M","$","?","T","M","R","?","E","T","AVR","M","$","?","M","R","B",null,"M","?","M","M","$","E","R","E","T","M","R","M","$","M","R","B",null],"character_chosen":"DEFECT","items_purchased":["ReplayTheSpireMod:CursedCoin","Beam Cell","Hologram","Gash","ReplayGash","Gash","hubris:SlimyHat"],"campfire_rested":4,"item_purchase_floors":[3,3,7,19,29,39,47],"current_hp_per_floor":[74,69,69,69,49,19,19,16,16,38,37,37,63,63,63,17,87,87,87,87,87,78,78,78,61,61,61,49,49,49,48,48,17,65,54,54,57,65,65,32,52,58,58,40,40,35,35,41,61,29],"gold":74,"neow_bonus":"REMOVE_CARD","is_daily":false,"chose_seed":false,"campfire_upgraded":4,"win_rate":0.0,"timestamp":1609626907,"path_taken":["M","?","$","?","?","E","$","?","T","R","E","M","R","M","R","BOSS","M","$","?","?","M","R","?","E","T","AVR","M","?","?","M","R","BOSS","M","?","M","M","$","E","R","E","T","M","R","M","?","M","R","BOSS"],"items_purchased_type":["Relic","Card","Card","Card","Card","Card","Relic"],"build_version":"2020-12-22","purchased_purges":5,"victory":true,"max_hp_per_floor":[75,75,75,75,75,75,75,75,75,75,87,87,87,87,87,87,87,87,87,87,87,87,87,87,87,87,65,65,65,65,65,65,65,65,65,65,65,67,67,67,67,67,67,67,67,67,67,67,67,67],"card_choices":[{"not_picked":["BasicCrystalCard","StuffTheSpire:LoadUp"],"picked":"Reprogram","floor":1},{"not_picked":["Turbo","Leap"],"picked":"ReplayGash","floor":2},{"not_picked":["Steam","StuffTheSpire:Synthwave"],"picked":"StuffTheSpire:Rend","floor":4},{"not_picked":["Cold Snap","ReplayTheSpireMod:Repulse"],"picked":"Rebound","floor":6},{"not_picked":["Electrodynamics","aspiration:Polymerization"],"picked":"Go for the Eyes","floor":8},{"not_picked":["Sweeping Beam","Conserve Battery","Doom and Gloom"],"picked":"SKIP","floor":11},{"not_picked":["ReplayTheSpireMod:Repulse","Melter"],"picked":"Gash","floor":12},{"not_picked":["Cold Snap","White Noise","conspire:SharedLibrary"],"picked":"SKIP","floor":14},{"not_picked":["Meteor Strike","StuffTheSpire:ForEach"],"picked":"Buffer","floor":16},{"not_picked":["Barrage","Auto Shields+1"],"picked":"Gash","floor":18},{"not_picked":["Conserve Battery","Go for the Eyes"],"picked":"Gash","floor":22},{"not_picked":["Hello World","Loop+1","Ball Lightning+1"],"picked":"SKIP","floor":25},{"not_picked":["Steam+1","Doom and Gloom","StuffTheSpire:Plugnplay"],"picked":"SKIP","floor":28},{"not_picked":["Go for the Eyes","FTL","Ball Lightning+1"],"picked":"SKIP","floor":31},{"not_picked":["Rainbow","ReplayRNGCard"],"picked":"hubris:DoWhile","floor":33},{"not_picked":["Panic Button","hubris:PowerSurge","StuffTheSpire:Plugnplay+1"],"picked":"SKIP","floor":35},{"not_picked":["StuffTheSpire:NuclearReactor","Conserve Battery"],"picked":"BootSequence+1","floor":37},{"not_picked":["StuffTheSpire:NuclearReactor","StuffTheSpire:LoadUp"],"picked":"Gash+1","floor":38},{"not_picked":["conspire:Rain+1","Double Energy","Auto Shields+1"],"picked":"SKIP","floor":40},{"not_picked":["Rainbow","Barrage"],"picked":"All For One","floor":42},{"not_picked":["Aggregate+1","Undo","StuffTheSpire:LoadUp"],"picked":"SKIP","floor":44},{"not_picked":["Go for the Eyes+1","Chill+1","Static Discharge+1"],"picked":"SKIP","floor":46},{"not_picked":["ReplaySolidLightProjector+1","StuffTheSpire:LoadUp"],"picked":"Scrape+1","floor":48}],"player_experience":154046,"relics_obtained":[{"floor":5,"key":"aspiration:EnhancedActuators"},{"floor":6,"key":"halation:Gekota"},{"floor":9,"key":"aspiration:EmptySkull"},{"floor":11,"key":"Strawberry"},{"floor":21,"key":"Potion Belt"},{"floor":25,"key":"vexMod:BarristanHead"},{"floor":26,"key":"Mirror"},{"floor":36,"key":"MiniBlackHole"},{"floor":40,"key":"Ginger"},{"floor":42,"key":"aspiration:Lifesprig"},{"floor":43,"key":"SpikesRelics:ToyHorsey"}],"event_choices":[{"damage_healed":0,"gold_gain":0,"player_choice":"Ignored","damage_taken":0,"max_hp_gain":0,"max_hp_loss":0,"event_name":"betterNote:BetterNote","floor":20,"gold_loss":0,"cards_obtained":["hermit:FromBeyond"]},{"damage_healed":0,"gold_gain":0,"player_choice":"Ignored","damage_taken":0,"max_hp_gain":0,"max_hp_loss":0,"event_name":"Ghosts","floor":24,"gold_loss":0},{"damage_healed":0,"gold_gain":0,"player_choice":"Relic","damage_taken":0,"max_hp_gain":0,"max_hp_loss":0,"event_name":"Wheel of Change","floor":36,"gold_loss":0}],"is_beta":false,"boss_relics":[{"not_picked":["aspiration:BardSkillbook","halation:LoveArrow"],"picked":"AncientExoskeleton"},{"not_picked":["hubris:VirtuousBlindfold","Sozu"],"picked":"beaked:SacredDeck"}],"items_purged_floors":[3,7,19,27,29],"is_endless":false,"potions_floor_spawned":[1,4,11,14,18,28,33,37,38,40,44],"ascension_level":0}}