{"host":"m6e09adb7fik7oct","time":1609605741,"event":{"mods":["AchievementEnabler","BaseMod","Better Altar","Better Note","Better Sensory Stone","Better Skull","Better Third Choice","Block Reminder","Colored Map","Displayed Cursed Tome","Ironclad Rager","Key Reminder","Mad Scientist","Minty Spire (QoL Compilation)","Permanent Neow","Quick Restart","RNG Fix","Relic Stats","Reorder Act Four","StSLib","Transform Curses","Unceasing Turn Reminder","everything is the same but u backflip on backflip"],"gold_per_floor":[364,25,25,38,54,85,85,55,55,55,88,99,70,83,83,180,180,191,305,318,318,318],"floor_reached":21,"playtime":3041,"items_purged":[],"score":189,"play_id":"414c3b87-fd9d-49e3-aa44-b3ef6031fbdc","local_time":"20210102114221","is_ascension_mode":false,"campfire_choices":[{"floor":7.0,"key":"REST"},{"floor":10.0,"key":"REST"},{"floor":15.0,"key":"REST"}],"circlet_count":0,"master_deck":["MadScienceMod:Strike_MadScience","MadScienceMod:Strike_MadScience","MadScienceMod:Strike_MadScience","MadScienceMod:Strike_MadScience","MadScienceMod:Defend_MadScience","MadScienceMod:Defend_MadScience","MadScienceMod:Defend_MadScience","MadScienceMod:Defend_MadScience","MadScienceMod:PoweredStrike","MadScienceMod:HideBehindJunk","MadScienceMod:ShrinkRay","Jack Of All Trades","Violence","MadScienceMod:Automate","MadScienceMod:FragmentationGrenade","MadScienceMod:OilDrum","MadScienceMod:Bombardment","MadScienceMod:Detonate","MadScienceMod:FlexibleSpear","MadScienceMod:MindControlBeam","MadScienceMod:MinatureWeapons","MadScienceMod:Refine","MadScienceMod:FlammableWall","MadScienceMod:SelfDestruct"],"relics":["MadScienceMod:FuelTank","Pear","Letter Opener","Girya","SlaversCollar"],"acts_visited":["Exordium","TheCity"],"potions_floor_usage":[],"damage_taken":[{"damage":6.0,"enemies":"Jaw Worm","floor":1.0,"turns":4.0},{"damage":10.0,"enemies":"Small Slimes","floor":4.0,"turns":6.0},{"damage":3.0,"enemies":"2 Louse","floor":5.0,"turns":6.0},{"damage":45.0,"enemies":"Lagavulin","floor":6.0,"turns":9.0},{"damage":3.0,"enemies":"Looter","floor":8.0,"turns":4.0},{"damage":37.0,"enemies":"Gremlin Nob","floor":11.0,"turns":5.0},{"damage":4.0,"enemies":"Exordium Wildlife","floor":12.0,"turns":3.0},{"damage":0.0,"enemies":"3 Louse","floor":14.0,"turns":3.0},{"damage":24.0,"enemies":"The Guardian","floor":16.0,"turns":15.0},{"damage":35.0,"enemies":"Chosen","floor":18.0,"turns":7.0},{"damage":20.0,"enemies":"3 Byrds","floor":20.0,"turns":5.0},{"damage":24,"enemies":"Sentry and Sphere","floor":21,"turns":6}],"seed_played":"-3680546840157250133","potions_obtained":[{"floor":1.0,"key":"DuplicationPotion"},{"floor":3.0,"key":"BlessingOfTheForge"},{"floor":3.0,"key":"Block Potion"},{"floor":14.0,"key":"BlessingOfTheForge"},{"floor":18.0,"key":"MadScienceMod:TrinketPotion"},{"floor":20.0,"key":"DistilledChaos"}],"is_trial":false,"path_per_floor":["M","$","?","M","M","E","R","M","T","R","E","M","?","M","R","B",null,"M","?","M","M"],"character_chosen":"MAD_SCIENTIST","items_purchased":["Jack Of All Trades","Violence","MadScienceMod:Automate"],"campfire_rested":3,"item_purchase_floors":[2,2,2],"current_hp_per_floor":[62,62,62,52,49,14,37,34,34,57,20,16,16,16,39,15,78,43,35,15,0,0],"gold":318,"neow_bonus":"TWO_FIFTY_GOLD","is_daily":false,"chose_seed":false,"campfire_upgraded":0,"win_rate":0.0,"timestamp":1609605741,"path_taken":["M","?","?","?","M","E","R","M","T","R","E","M","?","M","R","BOSS","M","?","M","M"],"items_purchased_type":["Card","Card","Card"],"build_version":"2020-12-22","purchased_purges":0,"victory":false,"max_hp_per_floor":[68,68,68,68,68,78,78,78,78,78,78,78,78,78,78,78,78,78,78,78,78,78],"relic_stats":{"counters":[12,73],"Letter Opener":[117],"obtain_stats":[{"MadScienceMod:FuelTank":0,"Girya":11,"SlaversCollar":17,"Pear":6,"Letter Opener":9},{"MadScienceMod:FuelTank":0,"Girya":6,"SlaversCollar":9,"Pear":4,"Letter Opener":5},{"MadScienceMod:FuelTank":0,"Girya":34,"SlaversCollar":55,"Pear":25,"Letter Opener":29}]},"card_choices":[{"not_picked":["MadScienceMod:FlexibleSpear","MadScienceMod:FlameThrower"],"picked":"MadScienceMod:ShrinkRay","floor":1.0},{"not_picked":["MadScienceMod:PowerArmor","MadScienceMod:FlammableWall"],"picked":"MadScienceMod:FragmentationGrenade","floor":4.0},{"not_picked":["MadScienceMod:FlexibleSpear","MadScienceMod:SoftenUp"],"picked":"MadScienceMod:OilDrum","floor":5.0},{"not_picked":["MadScienceMod:ExploreOptions","MadScienceMod:SoftenUp"],"picked":"MadScienceMod:Bombardment","floor":6.0},{"not_picked":["MadScienceMod:GattlingGun","MadScienceMod:Virus"],"picked":"MadScienceMod:Detonate","floor":8.0},{"not_picked":["MadScienceMod:Mechanize","MadScienceMod:Bombardment"],"picked":"MadScienceMod:FlexibleSpear","floor":11.0},{"not_picked":["MadScienceMod:RadioactiveSword","MadScienceMod:ShrinkRay"],"picked":"MadScienceMod:MindControlBeam","floor":12.0},{"not_picked":["MadScienceMod:Strafe","MadScienceMod:FumeBlast"],"picked":"MadScienceMod:MinatureWeapons","floor":14.0},{"not_picked":["MadScienceMod:Postpone","MadScienceMod:Automate"],"picked":"MadScienceMod:Refine","floor":16.0},{"not_picked":["MadScienceMod:GattlingGun","MadScienceMod:AcidSpray"],"picked":"MadScienceMod:FlammableWall","floor":18.0},{"not_picked":["MadScienceMod:Sprocket","MadScienceMod:PowerArmor"],"picked":"MadScienceMod:SelfDestruct","floor":20.0}],"player_experience":208783,"relics_obtained":[{"floor":6.0,"key":"Pear"},{"floor":9.0,"key":"Letter Opener"},{"floor":11.0,"key":"Girya"}],"event_choices":[{"damage_healed":0.0,"max_hp_gain":0.0,"max_hp_loss":0.0,"gold_gain":0.0,"event_name":"Lab","player_choice":"Got Potions","floor":3.0,"gold_loss":0.0,"damage_taken":0.0},{"damage_healed":0.0,"max_hp_gain":0.0,"max_hp_loss":0.0,"gold_gain":0.0,"event_name":"betterThird:BetterGoop","player_choice":"Left","floor":13.0,"gold_loss":29.0,"damage_taken":0.0},{"damage_healed":0.0,"max_hp_gain":0.0,"max_hp_loss":0.0,"gold_gain":114.0,"event_name":"betterSkull:BetterSkull","player_choice":"GO ","floor":19.0,"gold_loss":0.0,"damage_taken":9.0,"cards_upgraded":[],"relics_obtained":[]}],"is_beta":false,"boss_relics":[{"not_picked":["Ectoplasm","Philosopher\u0027s Stone"],"picked":"SlaversCollar"}],"items_purged_floors":[],"is_endless":false,"potions_floor_spawned":[1,6,11,14,18,20],"killed_by":"Sentry and Sphere","ascension_level":0}}