{"host":"xjb9ah8nre278c7z","time":1609558812,"event":{"mods":["BaseMod","Bestiary","Better Altar","Better Match","Better Sensory Stone","Better Third Choice","Better-Laid Plans","BetterRewards","Conspire","Downfall","Evolution","Hubris","Infinite Spire","Minty Spire (QoL Compilation)","Permanent Neow","Quick Restart","Replay The Spire","StSLib","The Blue Laboratory","The Cursed","The Marked","The Servant 0.9.4","Transform Curses","Uncapped"],"gold_per_floor":[99,116,127,145,156,256,256,66,66,92,104,554,629,647,666,770,770,695,711,711,727,577,577,602,615,626,641,941,941,955,457,469,469,469,469],"floor_reached":33,"playtime":3841,"items_purged":[],"score":428,"play_id":"bd1e7660-8d8a-4aef-bf5b-53566a5729ed","local_time":"20210101214012","is_ascension_mode":true,"campfire_choices":[{"floor":1,"key":"RECALL"},{"data":"Guardian:DecasProtection","floor":9,"key":"SMITH"},{"floor":18,"key":"DIG"}],"circlet_count":0,"master_deck":["Guardian:Strike_Guardian","Guardian:Strike_Guardian","Guardian:Strike_Guardian","Guardian:Strike_Guardian","Guardian:Defend_Guardian","Guardian:Defend_Guardian","Guardian:Defend_Guardian","Guardian:Defend_Guardian","Guardian:CurlUp","Guardian:TwinSlam","Guardian:Planning","Guardian:EvasiveProtocol","Guardian:DecasProtection+1","Guardian:Planning","Guardian:StasisStrike","Panache","expansioncontent:Corrupt","expansioncontent:Collect","Guardian:PolyBeam+1","Guardian:BronzeArmor","Guardian:Incinerate","Slimebound:Icky","Slimebound:Icky","Slimebound:Icky","Guardian:VentSteam","Guardian:ChargeCore","Guardian:ExploitGems","Guardian:Planning","Shame","Guardian:TemporalShield+1","Guardian:SpikerProtocol","Guardian:FuturePlans","CurseOfTheBell","Guardian:Gem_Orange","Guardian:Gem_White","Guardian:BronzeOrb+1","infinitespire:Starlight","Guardian:Gem_Lightblue"],"relics":["Guardian:ModeShifter","EVO:Axolotl","PreservedInsect","ReplayTheSpireMod:ShopPack","Happy Flower","hubris:Backtick","hubris:OldNail","downfall:HeartBlessingRed","HornCleat","Guardian:PickAxe","Guardian:PocketSentry","Tiny Chest","Calling Bell","MealTicket","Sundial","Old Coin"],"acts_visited":["Exordium","TheCity"],"potions_floor_usage":[16,25,30,33,33,33],"damage_taken":[{"damage":13,"enemies":"Small Slimes","floor":2,"turns":4},{"damage":0,"enemies":"2 Louse","floor":3,"turns":2},{"damage":0,"enemies":"Cultist","floor":4,"turns":4},{"damage":28,"enemies":"Large Slime","floor":5,"turns":8},{"damage":0,"enemies":"downfall:FleeingMerchant","floor":8,"turns":4},{"damage":14,"enemies":"3 Sentries","floor":10,"turns":5},{"damage":3,"enemies":"Lots of Slimes","floor":11,"turns":2},{"damage":8,"enemies":"3 Louse","floor":14,"turns":2},{"damage":1,"enemies":"Large Slime","floor":15,"turns":6},{"damage":15,"enemies":"downfall:Watcher","floor":16,"turns":10},{"damage":15,"enemies":"Shell Parasite","floor":19,"turns":5},{"damage":0,"enemies":"Spheric Guardian","floor":21,"turns":3},{"damage":13,"enemies":"Snecko","floor":25,"turns":6},{"damage":11,"enemies":"Centurion and Healer","floor":26,"turns":6},{"damage":18,"enemies":"Cultist and Chosen","floor":27,"turns":7},{"damage":13,"enemies":"Sentry and Sphere","floor":30,"turns":5},{"damage":7,"enemies":"conspire:HollyBat","floor":32,"turns":8},{"damage":69,"enemies":"downfall:Ironclad","floor":33,"turns":10}],"seed_played":"-8518699378882803303","potions_obtained":[{"floor":3,"key":"SneckoOil"},{"floor":10,"key":"blueLaboratory:HeartbeatPotion"},{"floor":13,"key":"downfall:CursedFountainPotion"},{"floor":19,"key":"Guardian:BlockOnCardUsePotion"},{"floor":21,"key":"SkillPotion"},{"floor":25,"key":"FearPotion"},{"floor":30,"key":"blueLaboratory:SavagePotion"},{"floor":32,"key":"Explosive Potion"}],"is_trial":true,"path_per_floor":["R","M","M","M","M","?","T","$","R","E","M","?","?","M","M","B",null,"R","M","?","M","?","R","T","M","M","M","AVR","R","M","?","M","B"],"character_chosen":"GUARDIAN","items_purchased":["ReplayTheSpireMod:ShopPack","Guardian:PolyBeam+1"],"campfire_rested":0,"item_purchase_floors":[8,8],"current_hp_per_floor":[80,67,67,67,39,39,39,39,39,25,22,22,80,72,71,56,80,80,65,65,65,90,90,90,77,66,48,48,48,35,35,38,0,0,0],"gold":469,"neow_bonus":"","is_daily":false,"chose_seed":false,"campfire_upgraded":1,"win_rate":0.0,"timestamp":1609558812,"path_taken":["R","M","M","M","M","?","T","$","R","E","M","?","?","M","M","BOSS","R","M","?","M","?","R","T","M","M","M","AVR","R","?","?","M","BOSS"],"items_purchased_type":["Relic","Card"],"build_version":"2020-12-22","purchased_purges":0,"victory":false,"max_hp_per_floor":[80,80,80,80,80,80,80,80,80,80,80,80,80,80,80,80,80,80,80,80,80,90,90,90,90,90,90,90,90,90,90,90,90,90,90],"card_choices":[{"not_picked":["Guardian:Reroute","Guardian:FloatingOrbs"],"picked":"Guardian:Planning","floor":2},{"not_picked":["Guardian:Gem_Red","Guardian:Incinerate"],"picked":"Guardian:EvasiveProtocol","floor":3},{"not_picked":["Guardian:PrimingBeam","Guardian:VentSteam"],"picked":"Guardian:DecasProtection","floor":4},{"not_picked":["Guardian:CrystalBeam","Guardian:DecasProtection"],"picked":"Guardian:Planning","floor":5},{"not_picked":["Guardian:ShieldSpikes","Guardian:Gem_Red"],"picked":"Guardian:StasisStrike","floor":8},{"not_picked":["Violence","Secret Technique"],"picked":"Panache","floor":8},{"not_picked":["expansioncontent:Chronoboost","expansioncontent:DonusPower"],"picked":"expansioncontent:Corrupt","floor":8},{"not_picked":["expansioncontent:TimeRipple","expansioncontent:ChargeUp"],"picked":"expansioncontent:Collect","floor":8},{"not_picked":["Guardian:Gem_Green","Guardian:TemporalStrike"],"picked":"Guardian:BronzeArmor","floor":10},{"not_picked":["Guardian:CrystalBeam","Guardian:PrismaticBeam"],"picked":"Guardian:Incinerate","floor":11},{"not_picked":["Guardian:Planning","Guardian:Harden"],"picked":"Guardian:VentSteam","floor":14},{"not_picked":["Guardian:Harden","Guardian:MultiBeam"],"picked":"Guardian:ChargeCore","floor":15},{"not_picked":["Guardian:FierceBash","Guardian:AncientConstruct"],"picked":"Guardian:ExploitGems","floor":16},{"not_picked":["Guardian:RollAttack","Guardian:Repulse"],"picked":"Guardian:Planning","floor":19},{"not_picked":["Guardian:PrimingBeam","Guardian:Orbwalk+1"],"picked":"Guardian:Gem_Cyan","floor":21},{"not_picked":["Guardian:EvasiveProtocol","Guardian:Reroute"],"picked":"Guardian:TemporalShield+1","floor":25},{"not_picked":["Guardian:WalkerClaw","Guardian:BaubleBeam"],"picked":"Guardian:SpikerProtocol","floor":26},{"not_picked":["Guardian:BronzeArmor","Guardian:Gem_Purple"],"picked":"Guardian:FuturePlans","floor":27},{"not_picked":["Guardian:RollAttack","Guardian:TemporalStrike"],"picked":"Guardian:BronzeOrb+1","floor":30},{"not_picked":["infinitespire:NeuralNetwork","hubris:InfiniteBlow+3"],"picked":"infinitespire:Starlight","floor":31},{"not_picked":["Guardian:CrystalBeam","Guardian:RollAttack"],"picked":"Guardian:Gem_Lightblue","floor":32}],"player_experience":836679,"relics_obtained":[{"floor":7,"key":"PreservedInsect"},{"floor":10,"key":"Happy Flower"},{"floor":18,"key":"HornCleat"},{"floor":24,"key":"Guardian:PocketSentry"},{"floor":28,"key":"MealTicket"},{"floor":28,"key":"Sundial"},{"floor":28,"key":"Old Coin"}],"event_choices":[{"damage_healed":0,"gold_gain":0,"player_choice":"Stole Relic","damage_taken":0,"relics_obtained":["Guardian:PickAxe"],"max_hp_gain":0,"max_hp_loss":0,"event_name":"Addict","floor":20,"gold_loss":0,"cards_obtained":["Shame"]}],"is_beta":false,"boss_relics":[{"not_picked":["conspire:RunicOctahedron","Pandora\u0027s Box"],"picked":"hubris:Backtick"}],"items_purged_floors":[],"is_endless":false,"potions_floor_spawned":[3,10,11,19,21,25,30,32],"killed_by":"downfall:Ironclad","ascension_level":2}}