{"host":"56ghxnzsglgdq727","time":1609559271,"event":{"mods":["AchievementEnabler","BaseMod","Minty Spire (QoL Compilation)"],"gold_per_floor":[110,124,124,143,68,68,92,122,122,122,122,147,164,174,174,269,269,289,289,307,82,95,95,129,129,156,256,256,206,222,233,233,333,333,350,366,366,366,384,384,397,6,30,30,30,30],"floor_reached":45,"playtime":1346,"items_purged":["Strike_R","Strike_R"],"score":507,"play_id":"51c346fe-44fa-416c-bc44-5772c3914013","local_time":"20210101224751","is_ascension_mode":true,"campfire_choices":[{"data":"Clash","floor":6.0,"key":"SMITH"},{"data":"Heavy Blade","floor":10.0,"key":"SMITH"},{"data":"Spot Weakness","floor":15.0,"key":"SMITH"},{"data":"Feed","floor":23.0,"key":"SMITH"},{"floor":25.0,"key":"REST"},{"data":"Berserk","floor":32.0,"key":"SMITH"},{"data":"Feed","floor":40.0,"key":"SMITH"}],"circlet_count":0,"master_deck":["Strike_R","Strike_R","Strike_R","Defend_R","Defend_R","Defend_R","Bash","Heavy Blade+1","Clash+1","Spot Weakness+1","Feed+1","Thunderclap+1","Inflame","Berserk+1","Feed+1","Cleave","Carnage+1","Offering","Infernal Blade+1"],"relics":["Burning Blood","NeowsBlessing","Odd Mushroom","Blue Candle","Pear","Darkstone Periapt","Black Star","Lee\u0027s Waffle","Prayer Wheel","Matryoshka","Bag of Preparation","Orichalcum","Sozu","FossilizedHelix","PreservedInsect","Nunchaku","Paper Frog"],"acts_visited":["Exordium","TheCity","TheBeyond"],"potions_floor_usage":[41],"damage_taken":[{"damage":0.0,"enemies":"2 Louse","floor":1.0,"turns":1.0},{"damage":0.0,"enemies":"Small Slimes","floor":2.0,"turns":1.0},{"damage":0.0,"enemies":"Jaw Worm","floor":4.0,"turns":1.0},{"damage":35.0,"enemies":"The Mushroom Lair","floor":7.0,"turns":5.0},{"damage":26.0,"enemies":"Lagavulin","floor":12.0,"turns":6.0},{"damage":5.0,"enemies":"Looter","floor":13.0,"turns":3.0},{"damage":7.0,"enemies":"Gremlin Gang","floor":14.0,"turns":4.0},{"damage":19.0,"enemies":"The Guardian","floor":16.0,"turns":8.0},{"damage":45.0,"enemies":"3 Byrds","floor":18.0,"turns":6.0},{"damage":28.0,"enemies":"Chosen","floor":20.0,"turns":7.0},{"damage":27.0,"enemies":"Centurion and Healer","floor":22.0,"turns":6.0},{"damage":37.0,"enemies":"Gremlin Leader","floor":24.0,"turns":7.0},{"damage":0.0,"enemies":"Sentry and Sphere","floor":28.0,"turns":1.0},{"damage":10.0,"enemies":"Cultist and Chosen","floor":30.0,"turns":5.0},{"damage":7.0,"enemies":"Snecko","floor":31.0,"turns":4.0},{"damage":70.0,"enemies":"Champ","floor":33.0,"turns":9.0},{"damage":20.0,"enemies":"3 Darklings","floor":35.0,"turns":4.0},{"damage":19.0,"enemies":"3 Shapes","floor":36.0,"turns":2.0},{"damage":40.0,"enemies":"Writhing Mass","floor":39.0,"turns":4.0},{"damage":60,"enemies":"Maw","floor":41,"turns":6},{"damage":6,"enemies":"4 Shapes","floor":45,"turns":5}],"seed_played":"8231434636517392819","potions_obtained":[{"floor":1.0,"key":"SmokeBomb"},{"floor":7.0,"key":"ElixirPotion"},{"floor":13.0,"key":"Weak Potion"},{"floor":16.0,"key":"SpeedPotion"},{"floor":24.0,"key":"Fire Potion"},{"floor":30.0,"key":"Regen Potion"},{"floor":31.0,"key":"EssenceOfSteel"},{"floor":33.0,"key":"SkillPotion"}],"is_trial":false,"path_per_floor":["M","M","?","M","$","R","?","?","T","R","$","E","M","M","R","B",null,"M","?","M","$","M","R","E","R","T","?","M","?","M","M","R","B",null,"M","M","?","?","M","R","M","$","T","T","M"],"character_chosen":"IRONCLAD","items_purchased":["Lee\u0027s Waffle","Inflame","FossilizedHelix"],"campfire_rested":1,"item_purchase_floors":[21,21,42],"current_hp_per_floor":[80,80,80,80,80,80,51,51,61,61,61,41,42,41,41,28,90,54,36,17,108,90,90,59,92,92,92,98,98,98,109,109,45,115,101,95,95,95,61,61,7,7,7,7,5,5],"gold":30,"neow_bonus":"THREE_ENEMY_KILL","is_daily":false,"chose_seed":false,"campfire_upgraded":6,"win_rate":0.0,"timestamp":1609559271,"path_taken":["M","M","?","M","$","R","?","?","T","R","$","E","M","M","R","BOSS","M","?","M","$","M","R","E","R","T","?","?","?","?","M","R","BOSS","M","M","?","?","M","R","M","$","T","?","M"],"items_purchased_type":["Relic","Card","Relic"],"build_version":"2020-12-22","purchased_purges":2,"victory":false,"max_hp_per_floor":[80,80,80,80,80,80,80,80,90,90,90,90,90,90,90,90,90,93,98,101,108,111,111,111,111,111,111,111,111,115,115,115,115,115,115,122,122,122,122,122,122,122,122,122,126,126],"card_choices":[{"not_picked":["Intimidate","Twin Strike"],"picked":"Heavy Blade","floor":1.0},{"not_picked":["Disarm","Armaments","Body Slam"],"picked":"SKIP","floor":2.0},{"not_picked":["Flex","Armaments"],"picked":"Clash","floor":4.0},{"not_picked":["Armaments","Rage","Wild Strike"],"picked":"SKIP","floor":12.0},{"not_picked":["Exhume","Pommel Strike","Shrug It Off"],"picked":"SKIP","floor":13.0},{"not_picked":["Wild Strike","Hemokinesis"],"picked":"Spot Weakness","floor":14.0},{"not_picked":["Berserk","Exhume"],"picked":"Feed","floor":16.0},{"not_picked":["Uppercut+1","Havoc","Rage"],"picked":"SKIP","floor":18.0},{"not_picked":["Body Slam","Perfected Strike"],"picked":"Thunderclap+1","floor":20.0},{"not_picked":["Whirlwind","Havoc","Shockwave"],"picked":"SKIP","floor":22.0},{"not_picked":["Wild Strike","Warcry","Combust"],"picked":"SKIP","floor":24.0},{"not_picked":["Headbutt","Shrug It Off","Dark Embrace+1"],"picked":"SKIP","floor":30.0},{"not_picked":["Thunderclap","Feel No Pain","Fire Breathing"],"picked":"SKIP","floor":30.0},{"not_picked":["Flex","Battle Trance"],"picked":"Berserk","floor":31.0},{"not_picked":["Havoc","Searing Blow+1","Sever Soul"],"picked":"SKIP","floor":31.0},{"not_picked":["Berserk","Offering"],"picked":"Feed","floor":33.0},{"not_picked":["Warcry","Perfected Strike+1"],"picked":"Cleave","floor":35.0},{"not_picked":["Pummel+1","Pommel Strike","Body Slam"],"picked":"SKIP","floor":35.0},{"not_picked":["Dual Wield+1","Hemokinesis+1"],"picked":"Carnage+1","floor":36.0},{"not_picked":["Fire Breathing+1","Feel No Pain+1","Clash+1"],"picked":"SKIP","floor":36.0},{"not_picked":["Metallicize+1","Heavy Blade"],"picked":"Offering","floor":39.0},{"not_picked":["Headbutt","Body Slam+1","Clothesline"],"picked":"SKIP","floor":39.0},{"not_picked":["Iron Wave","Headbutt+1"],"picked":"Infernal Blade+1","floor":41},{"not_picked":["Metallicize","Headbutt","Twin Strike"],"picked":"SKIP","floor":41}],"player_experience":79904,"relics_obtained":[{"floor":7.0,"key":"Odd Mushroom"},{"floor":9.0,"key":"Pear"},{"floor":12.0,"key":"Darkstone Periapt"},{"floor":24.0,"key":"Prayer Wheel"},{"floor":24.0,"key":"Matryoshka"},{"floor":26.0,"key":"Bag of Preparation"},{"floor":26.0,"key":"Orichalcum"},{"floor":43,"key":"PreservedInsect"},{"floor":43,"key":"Nunchaku"},{"floor":44,"key":"Paper Frog"}],"event_choices":[{"damage_healed":0.0,"max_hp_gain":0.0,"max_hp_loss":0.0,"gold_gain":0.0,"event_name":"The Cleric","player_choice":"Leave","floor":3.0,"gold_loss":0.0,"damage_taken":0.0},{"damage_healed":0.0,"max_hp_gain":0.0,"max_hp_loss":0.0,"gold_gain":0.0,"event_name":"Mushrooms","player_choice":"Fought Mushrooms","floor":7.0,"gold_loss":0.0,"damage_taken":0.0},{"damage_healed":0.0,"max_hp_gain":0.0,"max_hp_loss":0.0,"gold_gain":30.0,"event_name":"Dead Adventurer","player_choice":"Searched \u00272\u0027 times","floor":8.0,"gold_loss":0.0,"damage_taken":0.0,"relics_obtained":["Blue Candle"]},{"damage_healed":0.0,"max_hp_gain":5.0,"max_hp_loss":0.0,"gold_gain":0.0,"event_name":"Forgotten Altar","player_choice":"Shed Blood","floor":19.0,"gold_loss":0.0,"damage_taken":23.0},{"damage_healed":0.0,"max_hp_gain":0.0,"max_hp_loss":0.0,"gold_gain":100.0,"event_name":"Golden Shrine","player_choice":"Pray","floor":27.0,"gold_loss":0.0,"damage_taken":0.0},{"damage_healed":0.0,"max_hp_gain":0.0,"max_hp_loss":0.0,"gold_gain":0.0,"event_name":"The Joust","player_choice":"Bet on Murderer","floor":29.0,"gold_loss":50.0,"damage_taken":0.0},{"damage_healed":0.0,"max_hp_gain":0.0,"max_hp_loss":0.0,"gold_gain":0.0,"event_name":"Tomb of Lord Red Mask","player_choice":"Ignored","floor":37.0,"gold_loss":0.0,"damage_taken":0.0},{"cards_removed":["Defend_R"],"damage_healed":0.0,"max_hp_gain":0.0,"max_hp_loss":0.0,"gold_gain":0.0,"event_name":"Falling","player_choice":"Removed Skill","floor":38.0,"gold_loss":0.0,"damage_taken":0.0}],"is_beta":false,"boss_relics":[{"not_picked":["Astrolabe","Cursed Key"],"picked":"Black Star"},{"not_picked":["Busted Crown","Fusion Hammer"],"picked":"Sozu"}],"items_purged_floors":[5,42],"is_endless":false,"potions_floor_spawned":[1,7,13,16,24,30,31,33,36,39],"killed_by":"4 Shapes","ascension_level":1}}