{"host":"ufl0k2so27eic2iy","time":1609594473,"event":{"mods":["BaseMod","Minty Spire (QoL Compilation)","StSLib","The Animator"],"gold_per_floor":[127,202,213,213,49,49,95,95,95,95,111,11,11,38,38,117,117,133,146,18,18,0,0,0],"floor_reached":23,"playtime":790,"items_purged":["animator:Strike","animator:Strike","animator:Defend"],"score":341,"play_id":"340d7a3c-04ca-4f0b-b12f-8400a23ac656","local_time":"20210102133433","is_ascension_mode":true,"campfire_choices":[{"data":"animator:DolaSchwi","floor":6.0,"key":"SMITH"},{"data":"animator:Zero","floor":8.0,"key":"SMITH"},{"floor":10.0,"key":"REST"},{"data":"animator:DolaSchwi","floor":15.0,"key":"SMITH"}],"circlet_count":0,"master_deck":["AscendersBane","animator:Defend_NoGameNoLife","animator:Defend","animator:Defend","animator:DolaSchwi+1","animator:DolaCouronne","animator:Layla","animator:Arpeggio","animator:Zero+1","animator:IzunaHatsuse","animator:DolaSchwi+1","animator:MarisaKirisame","animator:Envy","animator:DolaCouronne","animator:DolaSchwi","animator:IzunaHatsuse","animator:KaguyaHouraisan","animator:LeleiLaLalena"],"relics":["animator:LivingPicture","animator:TheMissingPiece","animator:AlchemistGlove","animator:OldCoffin","Smiling Mask","animator:RacePiece"],"acts_visited":["Exordium","TheCity"],"potions_floor_usage":[],"damage_taken":[{"damage":0.0,"enemies":"Small Slimes","floor":1.0,"turns":2.0},{"damage":6.0,"enemies":"2 Louse","floor":3.0,"turns":3.0},{"damage":15.0,"enemies":"3 Sentries","floor":7.0,"turns":8.0},{"damage":0.0,"enemies":"Jaw Worm","floor":11.0,"turns":3.0},{"damage":16.0,"enemies":"Gremlin Nob","floor":14.0,"turns":4.0},{"damage":19.0,"enemies":"Hexaghost","floor":16.0,"turns":6.0},{"damage":1,"enemies":"Shell Parasite","floor":18,"turns":5},{"damage":19,"enemies":"3 Byrds","floor":19,"turns":4},{"damage":14,"enemies":"Slavers","floor":23,"turns":2}],"seed_played":"-6614612364253138988","potions_obtained":[{"floor":3.0,"key":"AttackPotion"},{"floor":19,"key":"EssenceOfSteel"}],"is_trial":false,"path_per_floor":["M","?","M","?","$","R","E","R","T","R","M","$","$","E","R","B",null,"M","M","$","?","?","E"],"character_chosen":"THE_ANIMATOR","items_purchased":["animator:Zero","animator:LeleiLaLalena"],"campfire_rested":1,"item_purchase_floors":[5,20],"current_hp_per_floor":[55,44,38,38,38,38,23,23,23,41,41,41,41,25,25,10,48,47,28,28,28,28,18,18],"gold":0,"neow_bonus":"THREE_CARDS","is_daily":false,"chose_seed":true,"campfire_upgraded":3,"win_rate":0.0,"timestamp":1609594473,"path_taken":["M","?","M","?","$","R","E","R","T","R","M","?","$","E","R","BOSS","M","M","$","?","?","E"],"items_purchased_type":["Card","Card"],"build_version":"2020-12-22","purchased_purges":3,"victory":false,"max_hp_per_floor":[61,61,61,61,61,61,61,61,61,61,61,61,61,61,61,61,61,61,61,61,61,61,61,61],"card_choices":[{"not_picked":["animator:Hakurou","animator:Tet"],"picked":"animator:Layla","floor":0.0},{"not_picked":["animator:ReimuHakurei","animator:OrikoMikuni"],"picked":"animator:Viivi","floor":1.0},{"not_picked":["animator:TukaLunaMarceau","animator:AcuraAkari"],"picked":"animator:Arpeggio","floor":3.0},{"not_picked":["animator:YaoHaDucy","animator:Kuribayashi"],"picked":"animator:IzunaHatsuse","floor":7.0},{"not_picked":["animator:IzunaHatsuse","animator:FielNirvalen"],"picked":"animator:DolaSchwi","floor":11.0},{"not_picked":["animator:AliceMargatroid","animator:SanaeKochiya"],"picked":"animator:MarisaKirisame","floor":14.0},{"not_picked":["animator:Father","animator:Shiro"],"picked":"animator:Envy","floor":16.0},{"not_picked":["animator:MamiTomoe","animator:Millim"],"picked":"animator:KaguyaHouraisan","floor":18},{"not_picked":["animator:Hakurou","animator:Tet","animator:RoryMercury"],"picked":"SKIP","floor":19}],"player_experience":2405696,"relics_obtained":[{"floor":7.0,"key":"animator:AlchemistGlove"},{"floor":9.0,"key":"animator:OldCoffin"},{"floor":14.0,"key":"Smiling Mask"}],"event_choices":[{"damage_healed":0.0,"max_hp_gain":0.0,"max_hp_loss":0.0,"gold_gain":75.0,"event_name":"World of Goop","player_choice":"Gather Gold","floor":2.0,"gold_loss":0.0,"damage_taken":11.0},{"damage_healed":0.0,"max_hp_gain":0.0,"max_hp_loss":0.0,"gold_gain":0.0,"event_name":"Liars Game","player_choice":"Ignored","floor":4.0,"gold_loss":0.0,"damage_taken":0.0},{"damage_healed":0,"gold_gain":0,"player_choice":"Ignored","damage_taken":0,"max_hp_gain":0,"max_hp_loss":0,"event_name":"Vampires","floor":21,"gold_loss":0},{"damage_healed":0,"gold_gain":0,"player_choice":"Paid Fearfully","damage_taken":0,"max_hp_gain":0,"max_hp_loss":0,"event_name":"Masked Bandits","floor":22,"gold_loss":18}],"is_beta":false,"boss_relics":[{"not_picked":["Pandora\u0027s Box","Empty Cage"],"picked":"animator:RacePiece"}],"items_purged_floors":[5,12,20],"is_endless":false,"potions_floor_spawned":[3,19],"killed_by":"Slavers","ascension_level":15}}