{"host":"bzg9y3flbaqjj1j7","time":1609624734,"event":{"mods":["AchievementEnabler","Act Like it!","Aspiration","BaseMod","Better Third Choice","Challenge The Spire","ChefMod","Gensokyo","Hallownest","Hermit","Hubris","Hyrulean Relics","Infinite Spire","Lobotomy","LobotomyExtend","Marisa????????","Marked Mod","Minty Spire (QoL Compilation)","Nova Terra(??·??)","Permanent Neow","Quick Restart","Rare Cards Sparkle","Reimu??????","Remilia??????","Shop Mod","Spicy Shops","StSLib","The Animator","The Blue Laboratory","The Gatherer","The Hierophant","The Marked","Waifu the Spire","vexMod"],"gold_per_floor":[119,119,136,204,204,204,204,129,129,146,146,23,23,23,43,56,56,158,158,158,158],"floor_reached":18,"playtime":1965,"items_purged":[],"score":177,"play_id":"e15984b8-30c0-4b98-931c-a9b1fa4229f7","local_time":"20210102182854","is_ascension_mode":false,"campfire_choices":[{"data":"hermit:Showdown","floor":15,"key":"SMITH"}],"circlet_count":0,"master_deck":["hermit:Strike_Hermit","hermit:Strike_Hermit","hermit:Strike_Hermit","hermit:Strike_Hermit","hermit:Defend_Hermit","hermit:Defend_Hermit","hermit:Defend_Hermit","hermit:Snapshot","hermit:Covet","hermit:Showdown+1","Injury","hermit:HighCaliber","hermit:Malice","hermit:TakeAim","Defend_RM","hermit:Gestalt","hermit:Combo","hermit:EyeOfTheStorm","hermit:Adapt"],"relics":["hermit:Momento","aspiration:Nostalgia","Ring of the Snake","Pear","LetterFromLob","Omamori","hermit:Spyglass","Thread and Needle","vexMod:BerryBomb","MagicBullet_r","RedLine:ReiMu"],"acts_visited":["Exordium","Exordium"],"potions_floor_usage":[16,16],"damage_taken":[{"damage":2,"enemies":"Gensokyo:2_Kodama","floor":1,"turns":4},{"damage":6,"enemies":"Jaw Worm","floor":1,"turns":3},{"damage":1,"enemies":"Cultist","floor":3,"turns":3},{"damage":0,"enemies":"Small Slimes","floor":8,"turns":2},{"damage":3,"enemies":"Exordium Thugs","floor":11,"turns":8},{"damage":7,"enemies":"Exordium Thugs","floor":13,"turns":5},{"damage":8,"enemies":"2 Fungi Beasts","floor":14,"turns":4},{"damage":24,"enemies":"Slime Boss","floor":16,"turns":8},{"damage":91,"enemies":"Hallownest:2_Littles","floor":18,"turns":9}],"seed_played":"620012559068553325","potions_obtained":[{"floor":1,"key":"blueLaboratory:Moonshine"},{"floor":3,"key":"blueLaboratory:ExaltedPotion"},{"floor":8,"key":"ZuzhouPotion:ReiMu"},{"floor":14,"key":"hermit:BlackBile"}],"is_trial":false,"path_per_floor":["M","?","?","M","?","M","?","T","$","?","M","T","$","M","$","M","M","R","B",null,"M"],"character_chosen":"HERMIT","items_purchased":["hermit:TakeAim","vexMod:BerryBomb"],"campfire_rested":0,"item_purchase_floors":[6,10],"current_hp_per_floor":[73,83,79,79,78,75,75,75,75,75,75,81,91,91,84,76,76,52,91,0,0],"gold":158,"neow_bonus":"NOSTALGIA","is_daily":false,"chose_seed":false,"campfire_upgraded":1,"win_rate":0.0,"timestamp":1609624734,"path_taken":["M","?","?","M","?","M","?","?","$","?","?","T","?","M","$","M","M","R","BOSS","M"],"items_purchased_type":["Card","Relic"],"build_version":"2020-12-22","purchased_purges":0,"victory":false,"max_hp_per_floor":[75,85,85,85,85,85,85,85,85,85,85,91,91,91,91,91,91,91,91,91,91],"card_choices":[{"not_picked":["hermit:Manifest","hermit:Roulette"],"picked":"hermit:Showdown","floor":1},{"not_picked":["hermit:Combo","hermit:CalledShot"],"picked":"hermit:HighCaliber","floor":1},{"not_picked":["hermit:TakeCover","hermit:Coalescence"],"picked":"hermit:Malice","floor":3},{"not_picked":["hermit:GhostlyPresence","hermit:Purgatory"],"picked":"hermit:Gestalt","floor":8},{"not_picked":["hermit:BodyArmor","hermit:Glare"],"picked":"hermit:Combo","floor":13},{"not_picked":["hermit:Desperado","hermit:LowProfile"],"picked":"hermit:EyeOfTheStorm","floor":14},{"not_picked":["hermit:RoundhouseKick","hermit:Purgatory"],"picked":"hermit:Adapt","floor":16}],"player_experience":158690,"relics_obtained":[{"floor":1,"key":"LetterFromLob"},{"floor":1,"key":"LetterFromLob"},{"floor":5,"key":"hermit:Spyglass"},{"floor":9,"key":"Thread and Needle"}],"event_choices":[{"damage_healed":0,"gold_gain":68,"player_choice":"Gained Gold","damage_taken":0,"max_hp_gain":0,"max_hp_loss":0,"event_name":"Golden Wing","floor":2,"gold_loss":0},{"damage_healed":0,"gold_gain":0,"player_choice":"Relic ","damage_taken":3,"max_hp_gain":0,"max_hp_loss":0,"event_name":"betterThird:BetterScrap","floor":4,"gold_loss":0,"cards_obtained":["Riddle With Holes"]},{"cards_removed":["hermit:Defend_Hermit"],"damage_healed":0,"gold_gain":0,"player_choice":"Took Card","damage_taken":0,"max_hp_gain":0,"max_hp_loss":0,"event_name":"NoteForYourself","floor":7,"gold_loss":0,"cards_obtained":["Defend_RM"]}],"is_beta":false,"boss_relics":[{"not_picked":["SacredBark","Coffee Dripper"],"picked":"RedLine:ReiMu"}],"items_purged_floors":[],"is_endless":false,"potions_floor_spawned":[1,3,8,14],"killed_by":"Hallownest:2_Littles","ascension_level":0}}