{"host":"wonp23fsqqcu31ie","time":1609555125,"event":{"mods":["2.2 Compatiblity","AchievementEnabler","Aspiration","BaseMod","Bestiary","Better Altar","Better Match","Better Sensory Stone","Better Skull","Better Third Choice","BetterRewards","Block Reminder","Colored Map","Colored Powertips","Conspire","Curses Come First","DeckTracker","Displayed Cursed Tome","Downfall","Hermit","Highlight Path","Hubris","Marisa????????","Minty Spire (QoL Compilation)","Permanent Neow","Quick Restart","Rare Cards Sparkle","Relic Stats","Replay The Spire","Robot Space Explorer","Shade Mod","Shop Mod","StSLib","SuperFastMode","The Animator","The Cursed","The Gatherer","The Marked","The Necromancer","The Runesmith","The Servant 0.9.4"],"gold_per_floor":[117,117,130,140,153,182,6,40,40,71,71,71,82,95,95,193,193,204,204,221,221,236,236,236],"floor_reached":23,"playtime":690,"items_purged":[],"score":313,"play_id":"811a6e72-1b2e-4129-a4aa-a5d4e9c0756e","local_time":"20210102133845","is_ascension_mode":false,"campfire_choices":[{"floor":15,"key":"REST"}],"circlet_count":0,"master_deck":["theMarked:Strike","theMarked:Strike","theMarked:Strike","theMarked:Strike","theMarked:Defend","theMarked:Defend","theMarked:Defend","theMarked:Defend","theMarked:SoldierOfQuellstein","theMarked:EmpowerWeapon+1","Iron Wave","theMarked:BanishingStrike","theMarked:Reabsorb","theMarked:MysticalArsenal","theMarked:Defy","theMarked:ChainLightning","theMarked:EternalStudent","theMarked:SwordAndMagic","theMarked:RogueSparks","theMarked:ComboAttacks","theMarked:Challenge","AbeCurse","theMarked:StartUp","theMarked:Generate","Shame","theMarked:CreepingChasm+1"],"relics":["theMarked:ArtifactOfAir","Replay:Multitool","Iron Hammer","Anchor","Membership Card","hubris:ToyBattleship","Garlic","Tiny Chest","conspire:GlowingRock","Replay:Grab Bag","Abe\u0027s Treasure","Fusion Hammer","theMarked:Eyepatch","hubris:Stopwatch","Strawberry"],"acts_visited":["Exordium","TheCity"],"potions_floor_usage":[6,8,16],"damage_taken":[{"damage":0,"enemies":"Small Slimes","floor":1,"turns":3},{"damage":1,"enemies":"Cultist","floor":3,"turns":3},{"damage":0,"enemies":"Jaw Worm","floor":4,"turns":2},{"damage":0,"enemies":"3 Louse","floor":5,"turns":4},{"damage":9,"enemies":"Gremlin Nob","floor":6,"turns":3},{"damage":26,"enemies":"Lagavulin","floor":8,"turns":4},{"damage":12,"enemies":"Gremlin Nob","floor":10,"turns":3},{"damage":0,"enemies":"Gremlin Gang","floor":13,"turns":2},{"damage":0,"enemies":"Lots of Slimes","floor":14,"turns":3},{"damage":26,"enemies":"Fading Forest","floor":16,"turns":11},{"damage":18,"enemies":"Spheric Guardian","floor":18,"turns":4},{"damage":0,"enemies":"Chosen","floor":20,"turns":3},{"damage":27,"enemies":"3 Cultists","floor":22,"turns":5},{"damage":39,"enemies":"Book of Stabbing","floor":23,"turns":5}],"seed_played":"-2824460993572658742","potions_obtained":[{"floor":4,"key":"FearPotion"},{"floor":5,"key":"FearPotion"},{"floor":8,"key":"champ:CounterPotion"},{"floor":14,"key":"Energy Potion"},{"floor":16,"key":"Dexterity Potion"},{"floor":22,"key":"sneckomod:MuddlingPotion"}],"is_trial":false,"path_per_floor":["M","?","M","M","M","E","$","E","T","E","?","R","M","M","R","B",null,"M","?","M","?","M","E"],"character_chosen":"THE_DEFAULT","items_purchased":["Iron Hammer","Membership Card","theMarked:ChainLightning"],"campfire_rested":1,"item_purchase_floors":[0,7,7],"current_hp_per_floor":[52,52,51,51,51,42,42,16,16,4,4,25,25,25,46,30,70,52,59,59,66,39,0,0],"gold":236,"neow_bonus":"","is_daily":false,"chose_seed":false,"campfire_upgraded":0,"win_rate":0.0,"timestamp":1609555125,"path_taken":["M","?","?","?","M","E","$","E","T","E","?","R","M","M","R","BOSS","M","?","M","?","M","E"],"items_purchased_type":["Relic","Relic","Card"],"build_version":"2020-12-22","purchased_purges":0,"victory":false,"max_hp_per_floor":[70,70,70,70,70,70,70,70,70,70,70,70,70,70,70,70,70,70,70,70,77,77,77,77],"relic_stats":{"counters":[36,150],"Tiny Chest":2,"obtain_stats":[{"Replay:Multitool":0,"hubris:EmptyBottle":25,"PrismaticShard":20,"Replay:Rubber Ducky":44,"conspire:GlowingRock":11,"HornCleat":12,"Pantograph":43,"hubris:Stopwatch":17,"Strawberry":21,"Tiny Chest":9,"Iron Hammer":0,"Fusion Hammer":17,"theMarked:Eyepatch":17,"MerchantsRug":19,"aspiration:Nostalgia":0,"Replay:Grab Bag":17,"Ring of Chaos":17,"conspire:SlowCooker":34,"Letter Opener":29,"Orichalcum":21,"hubris:Towel":37,"theMarked:ArtifactOfAir":0,"m_SpellCore":0,"Anchor":6,"Bag of Marbles":19,"hubris:ToyBattleship":8,"Garlic":9,"Membership Card":7,"Grinning Jar":6,"hexamod:BolsterEngine":26,"Abe\u0027s Treasure":17},{"Replay:Multitool":22,"hubris:EmptyBottle":12,"PrismaticShard":10,"Replay:Rubber Ducky":21,"conspire:GlowingRock":29,"HornCleat":7,"Pantograph":20,"hubris:Stopwatch":32,"Strawberry":34,"Tiny Chest":5,"Iron Hammer":22,"Fusion Hammer":32,"theMarked:Eyepatch":32,"MerchantsRug":10,"aspiration:Nostalgia":0,"Replay:Grab Bag":32,"Ring of Chaos":9,"conspire:SlowCooker":16,"Letter Opener":13,"Orichalcum":10,"hubris:Towel":17,"theMarked:ArtifactOfAir":0,"m_SpellCore":0,"Anchor":27,"Bag of Marbles":10,"hubris:ToyBattleship":28,"Garlic":28,"Membership Card":27,"Grinning Jar":4,"hexamod:BolsterEngine":12,"Abe\u0027s Treasure":32},{"Replay:Multitool":96,"hubris:EmptyBottle":59,"PrismaticShard":49,"Replay:Rubber Ducky":93,"conspire:GlowingRock":118,"HornCleat":32,"Pantograph":88,"hubris:Stopwatch":134,"Strawberry":140,"Tiny Chest":20,"Iron Hammer":96,"Fusion Hammer":134,"theMarked:Eyepatch":134,"MerchantsRug":49,"aspiration:Nostalgia":0,"Replay:Grab Bag":134,"Ring of Chaos":43,"conspire:SlowCooker":74,"Letter Opener":64,"Orichalcum":49,"hubris:Towel":77,"theMarked:ArtifactOfAir":0,"m_SpellCore":0,"Anchor":111,"Bag of Marbles":49,"hubris:ToyBattleship":115,"Garlic":115,"Membership Card":111,"Grinning Jar":17,"hexamod:BolsterEngine":59,"Abe\u0027s Treasure":134}]},"card_choices":[{"not_picked":["theMarked:GodGivenPower","theMarked:Frustration"],"picked":"theMarked:EmpowerWeapon","floor":1},{"not_picked":["theMarked:Frustration","theMarked:RepellingDischarge"],"picked":"theMarked:BanishingStrike","floor":3},{"not_picked":["theMarked:ResourceFulStrike","theMarked:Parkour"],"picked":"theMarked:Reabsorb","floor":4},{"not_picked":["theMarked:Standoff","theMarked:ResourceFulStrike"],"picked":"theMarked:MysticalArsenal","floor":5},{"not_picked":["theMarked:Parry","theMarked:ResourceFulStrike"],"picked":"theMarked:Defy","floor":6},{"not_picked":["theMarked:Overcharge","theMarked:KeepCalmAndFightOn"],"picked":"theMarked:EternalStudent","floor":8},{"not_picked":["theMarked:WastefulDefense","theMarked:WastefulAttack"],"picked":"theMarked:SwordAndMagic","floor":10},{"not_picked":["theMarked:WastefulDefense","theMarked:ResourceFulStrike"],"picked":"theMarked:RogueSparks","floor":13},{"not_picked":["theMarked:Indomitable","theMarked:WastefulDefense"],"picked":"theMarked:ComboAttacks","floor":14},{"not_picked":["theMarked:MuscleMemory","theMarked:Snap"],"picked":"theMarked:Challenge","floor":16},{"not_picked":["theMarked:TwofoldDefense","theMarked:Frustration"],"picked":"theMarked:StartUp","floor":18},{"not_picked":["theMarked:ContemptForTheProud","theMarked:Seal"],"picked":"theMarked:Generate","floor":20},{"not_picked":["theMarked:Parkour","theMarked:Improvise"],"picked":"theMarked:CreepingChasm+1","floor":22}],"player_experience":434180,"relics_obtained":[{"floor":6,"key":"Anchor"},{"floor":8,"key":"hubris:ToyBattleship"},{"floor":9,"key":"Garlic"},{"floor":10,"key":"Tiny Chest"}],"event_choices":[{"cards_removed":["theMarked:Strike"],"damage_healed":0,"gold_gain":0,"player_choice":"Took Card","damage_taken":0,"max_hp_gain":0,"max_hp_loss":0,"event_name":"NoteForYourself","floor":2,"gold_loss":0,"cards_obtained":["Iron Wave"]},{"damage_healed":0,"gold_gain":0,"player_choice":"Gave Potion","damage_taken":0,"relics_obtained":["conspire:GlowingRock"],"max_hp_gain":0,"max_hp_loss":0,"event_name":"WeMeetAgain","floor":11,"gold_loss":0},{"damage_healed":0,"gold_gain":0,"player_choice":"Stole Relic","damage_taken":0,"relics_obtained":["Strawberry"],"max_hp_gain":0,"max_hp_loss":0,"event_name":"Addict","floor":21,"gold_loss":0,"cards_obtained":["Shame"]}],"is_beta":false,"boss_relics":[{"not_picked":["Pandora\u0027s Box","hubris:GrandSneckoEye"],"picked":"Replay:Grab Bag"},{"not_picked":["Runic Dome","conspire:SlowCooker"],"picked":"Abe\u0027s Treasure"},{"not_picked":["hubris:VirtuousBlindfold","Velvet Choker"],"picked":"Fusion Hammer"},{"not_picked":["theMarked:BronzeBlade","aspiration:SilentSkillbook"],"picked":"theMarked:Eyepatch"},{"not_picked":["aspiration:RitualDagger","Snecko Eye"],"picked":"hubris:Stopwatch"}],"items_purged_floors":[],"is_endless":false,"potions_floor_spawned":[4,5,8,14,16,22],"killed_by":"Book of Stabbing","ascension_level":0}}