{"host":"37dk0reb6x0du8wx","time":1609599168,"event":{"mods":["BaseMod","Colored Map","DeckTracker","Minty Spire (QoL Compilation)","Quick Restart","StSLib","The Dragon Tamer"],"gold_per_floor":[112,131,57,70,70,70,70,97,135,166,178,216,256,278,290,402,414,444,473,10,21,21,21,48,59,59,59,72,72,72,171,171,171,171],"floor_reached":33,"playtime":1225,"items_purged":["Strike_G"],"score":305,"play_id":"e6175e34-0c69-4a6c-87c0-511871976f98","local_time":"20210102235248","is_ascension_mode":true,"campfire_choices":[{"data":"Catalyst","floor":6,"key":"SMITH"},{"floor":11,"key":"REST"},{"data":"Noxious Fumes","floor":15,"key":"SMITH"},{"floor":23,"key":"REST"},{"floor":30,"key":"REST"},{"floor":32,"key":"REST"}],"circlet_count":0,"master_deck":["Strike_G","Strike_G","Strike_G","Strike_G","Defend_G","Defend_G","Defend_G","Defend_G","Defend_G","Survivor","Neutralize","Bouncing Flask","Catalyst+1","Noxious Fumes+1","Deflect","Poisoned Stab","Deflect","Writhe","Noxious Fumes","Poisoned Stab+1","Deadly Poison"],"relics":["Ring of the Snake","NeowsBlessing","MawBank","Happy Flower","Nunchaku","Mango","Sozu","Ninja Scroll","Lee\u0027s Waffle","Potion Belt","Juzu Bracelet","Tiny Chest"],"acts_visited":["Exordium","TheCity"],"potions_floor_usage":[21,33,33],"damage_taken":[{"damage":0,"enemies":"Cultist","floor":1,"turns":1},{"damage":0,"enemies":"Small Slimes","floor":2,"turns":1},{"damage":0,"enemies":"Jaw Worm","floor":4,"turns":1},{"damage":4,"enemies":"Blue Slaver","floor":8,"turns":3},{"damage":12,"enemies":"3 Louse","floor":10,"turns":4},{"damage":3,"enemies":"Gremlin Nob","floor":13,"turns":3},{"damage":4,"enemies":"Large Slime","floor":14,"turns":6},{"damage":32,"enemies":"Hexaghost","floor":16,"turns":9},{"damage":7,"enemies":"Shell Parasite","floor":18,"turns":4},{"damage":14,"enemies":"Chosen","floor":19,"turns":5},{"damage":40,"enemies":"3 Cultists","floor":21,"turns":8},{"damage":39,"enemies":"Gremlin Leader","floor":24,"turns":6},{"damage":18,"enemies":"Centurion and Healer","floor":25,"turns":6},{"damage":18,"enemies":"Snake Plant","floor":28,"turns":5},{"damage":83,"enemies":"Automaton","floor":33,"turns":6}],"seed_played":"12330699089761848","potions_obtained":[{"floor":2,"key":"BlessingOfTheForge"},{"floor":4,"key":"FearPotion"},{"floor":10,"key":"CunningPotion"}],"is_trial":false,"path_per_floor":["M","M","$","M","?","R","?","M","T","M","R","T","E","M","R","B",null,"M","M","$","M","?","R","E","M","T","$","M","?","R","?","R","B"],"character_chosen":"THE_SILENT","items_purchased":["Noxious Fumes","Ninja Scroll","Lee\u0027s Waffle"],"campfire_rested":4,"item_purchase_floors":[3,20,20],"current_hp_per_floor":[70,70,70,70,75,75,72,68,68,56,75,75,86,82,82,50,89,82,68,96,56,56,84,45,27,27,27,9,9,37,37,65,0,0],"gold":171,"neow_bonus":"THREE_ENEMY_KILL","is_daily":false,"chose_seed":false,"campfire_upgraded":2,"win_rate":0.0,"timestamp":1609599168,"path_taken":["M","?","$","M","?","R","?","M","T","M","R","?","E","M","R","BOSS","M","M","$","M","?","R","E","M","T","$","M","?","R","?","R","BOSS"],"items_purchased_type":["Card","Relic","Relic"],"build_version":"2020-12-22","purchased_purges":1,"victory":false,"max_hp_per_floor":[70,70,70,70,75,75,75,75,75,75,75,75,89,89,89,89,89,89,89,96,96,96,96,96,96,96,96,96,96,96,96,96,96,96],"card_choices":[{"not_picked":["Dagger Spray","Poisoned Stab"],"picked":"Bouncing Flask","floor":1},{"not_picked":["PiercingWail","Expertise"],"picked":"Catalyst","floor":2},{"not_picked":["Outmaneuver","Acrobatics","Slice"],"picked":"SKIP","floor":4},{"not_picked":["Outmaneuver","Acrobatics","Slice"],"picked":"SKIP","floor":4},{"not_picked":["Terror","Outmaneuver"],"picked":"Deflect","floor":8},{"not_picked":["Well Laid Plans","Cloak And Dagger","Heel Hook"],"picked":"SKIP","floor":10},{"not_picked":["Finisher","Glass Knife"],"picked":"Poisoned Stab","floor":13},{"not_picked":["Reflex","All Out Attack"],"picked":"Deflect","floor":14},{"not_picked":["Dodge and Roll+1","Prepared","Outmaneuver"],"picked":"SKIP","floor":18},{"not_picked":["Dagger Spray","Calculated Gamble+1","Dodge and Roll"],"picked":"SKIP","floor":19},{"not_picked":["Underhanded Strike","Prepared","Outmaneuver"],"picked":"SKIP","floor":21},{"not_picked":["Bane+1","Tactician"],"picked":"Noxious Fumes","floor":24},{"not_picked":["Dagger Throw+1","Leg Sweep","Cloak And Dagger"],"picked":"SKIP","floor":25},{"not_picked":["Choke","Dagger Spray"],"picked":"Poisoned Stab+1","floor":28}],"player_experience":122942,"relics_obtained":[{"floor":9,"key":"Happy Flower"},{"floor":12,"key":"Nunchaku"},{"floor":13,"key":"Mango"},{"floor":24,"key":"Juzu Bracelet"},{"floor":26,"key":"Tiny Chest"}],"event_choices":[{"damage_healed":0,"gold_gain":0,"player_choice":"Donut","damage_taken":0,"max_hp_gain":5,"max_hp_loss":0,"event_name":"Big Fish","floor":5,"gold_loss":0},{"damage_healed":0,"gold_gain":0,"player_choice":"Success","damage_taken":3,"relics_obtained":["MawBank"],"max_hp_gain":0,"max_hp_loss":0,"event_name":"Scrap Ooze","floor":7,"gold_loss":0},{"damage_healed":0,"gold_gain":0,"player_choice":"Opened","damage_taken":0,"relics_obtained":["Potion Belt"],"max_hp_gain":0,"max_hp_loss":0,"event_name":"The Mausoleum","floor":22,"gold_loss":0,"cards_obtained":["Writhe"]},{"damage_healed":0,"gold_gain":0,"player_choice":"Read","damage_taken":0,"max_hp_gain":0,"max_hp_loss":0,"event_name":"The Library","floor":29,"gold_loss":0,"cards_obtained":["Deadly Poison"]},{"damage_healed":0,"gold_gain":99,"player_choice":"Stole From Cult","damage_taken":0,"max_hp_gain":0,"max_hp_loss":0,"event_name":"Nest","floor":31,"gold_loss":0}],"is_beta":false,"boss_relics":[{"not_picked":["Snecko Eye","SacredBark"],"picked":"Sozu"}],"items_purged_floors":[20],"is_endless":false,"potions_floor_spawned":[2,4,10,21,24,25,28],"killed_by":"Automaton","ascension_level":1}}