{"host":"873t0y8ybyo38pfq","time":1609602016,"event":{"mods":["BaseMod","Bestiary","Colored Map","Colored Powertips","Highlight Path","Minty Spire (QoL Compilation)","Quick Restart","RNG Fix","Rare Cards Sparkle","Relic Stats","StSLib"],"gold_per_floor":[115,132,132,152,166,166,201,201,201,219,219,229,248,265,265,342,342,361,361,361,384,394,394,420,420,443,443,443],"floor_reached":27,"playtime":943,"items_purged":[],"score":470,"play_id":"4f5175b3-e2a1-4217-989a-ba6cf0019cb9","local_time":"20210102104016","is_ascension_mode":true,"campfire_choices":[{"data":"Doom and Gloom","floor":6,"key":"SMITH"},{"floor":8,"key":"REST"},{"floor":15,"key":"REST"},{"data":"Defragment","floor":23,"key":"SMITH"},{"data":"Buffer","floor":25,"key":"SMITH"}],"circlet_count":0,"master_deck":["AscendersBane","Zap","Dualcast","Multi-Cast","Doom and Gloom+1","Steam","Conserve Battery","Genetic Algorithm","Leap","Conserve Battery","Chaos","Conserve Battery","Buffer+1","Hologram","Storm","Hyperbeam","Lockon","Ball Lightning","Electrodynamics","Self Repair","Heatsinks","Glacier","Glacier","Defragment+1","Amplify"],"relics":["Cracked Core","Question Card","Bottled Lightning","Letter Opener","Sundial","Pandora\u0027s Box","Art of War","Bag of Marbles"],"acts_visited":["Exordium","TheCity"],"potions_floor_usage":[7,7,14,16,16,24,24],"damage_taken":[{"damage":1,"enemies":"2 Louse","floor":1,"turns":4},{"damage":1,"enemies":"Cultist","floor":2,"turns":3},{"damage":1,"enemies":"Jaw Worm","floor":4,"turns":2},{"damage":18,"enemies":"Exordium Thugs","floor":5,"turns":3},{"damage":41,"enemies":"Gremlin Nob","floor":7,"turns":5},{"damage":8,"enemies":"Large Slime","floor":10,"turns":4},{"damage":3,"enemies":"Blue Slaver","floor":12,"turns":4},{"damage":1,"enemies":"Exordium Wildlife","floor":13,"turns":3},{"damage":5,"enemies":"Gremlin Gang","floor":14,"turns":2},{"damage":3,"enemies":"The Guardian","floor":16,"turns":6},{"damage":9,"enemies":"Chosen","floor":18,"turns":5},{"damage":6,"enemies":"Spheric Guardian","floor":22,"turns":7},{"damage":37,"enemies":"Book of Stabbing","floor":24,"turns":7},{"damage":31,"enemies":"Gremlin Leader","floor":27,"turns":2}],"seed_played":"5707921658564974995","potions_obtained":[{"floor":5,"key":"EntropicBrew"},{"floor":10,"key":"FocusPotion"},{"floor":14,"key":"FocusPotion"},{"floor":16,"key":"BlessingOfTheForge"},{"floor":18,"key":"SpeedPotion"}],"is_trial":false,"path_per_floor":["M","M","T","M","M","R","E","R","T","M","T","M","M","M","R","B",null,"M","?","?","T","M","R","E","R","T","E"],"character_chosen":"DEFECT","items_purchased":[],"campfire_rested":2,"item_purchase_floors":[],"current_hp_per_floor":[63,62,62,61,43,43,2,23,23,15,15,12,11,6,27,24,59,57,57,57,57,58,58,28,28,28,0,0],"gold":443,"neow_bonus":"ONE_RANDOM_RARE_CARD","is_daily":false,"chose_seed":false,"campfire_upgraded":3,"win_rate":0.0,"timestamp":1609602016,"path_taken":["M","M","?","M","M","R","E","R","T","M","?","?","M","M","R","BOSS","M","?","?","?","M","R","E","R","T","E"],"items_purchased_type":[],"build_version":"2020-12-22","purchased_purges":0,"victory":false,"max_hp_per_floor":[71,71,71,71,71,71,71,71,71,71,71,71,71,71,71,71,71,71,71,71,71,71,71,71,71,71,71,71],"relic_stats":{"counters":[14,57],"Sundial":[2],"Pandora\u0027s Box":["Hologram","Storm","Hyperbeam","Lockon","Ball Lightning","Electrodynamics","Self Repair","Heatsinks"],"Art of War":[1],"Letter Opener":[63],"Question Card":11,"obtain_stats":[{"Sundial":11,"Pandora\u0027s Box":17,"Art of War":24,"Bag of Marbles":26,"Bottled Lightning":7,"Letter Opener":9,"Cracked Core":0,"Question Card":3},{"Sundial":6,"Pandora\u0027s Box":10,"Art of War":13,"Bag of Marbles":13,"Bottled Lightning":5,"Letter Opener":5,"Cracked Core":0,"Question Card":2},{"Sundial":21,"Pandora\u0027s Box":36,"Art of War":55,"Bag of Marbles":55,"Bottled Lightning":17,"Letter Opener":17,"Cracked Core":0,"Question Card":7}]},"card_choices":[{"not_picked":["Go for the Eyes","Reprogram"],"picked":"Doom and Gloom","floor":1},{"not_picked":["Turbo","Rebound"],"picked":"Steam","floor":2},{"not_picked":["Force Field","Stack","Turbo","Fusion"],"picked":"SKIP","floor":4},{"not_picked":["Rebound","Ball Lightning","Hyperbeam"],"picked":"Conserve Battery","floor":5},{"not_picked":["Static Discharge","Lockon","Darkness"],"picked":"Genetic Algorithm","floor":7},{"not_picked":["Sunder","Barrage","Streamline"],"picked":"Leap","floor":10},{"not_picked":["Undo","Rip and Tear","Melter"],"picked":"Conserve Battery","floor":12},{"not_picked":["Meteor Strike","BootSequence","Leap"],"picked":"Chaos","floor":13},{"not_picked":["Loop","Recycle","BootSequence"],"picked":"Conserve Battery","floor":14},{"not_picked":["Amplify","Thunder Strike","Electrodynamics"],"picked":"Buffer","floor":16},{"not_picked":["Gash","Sweeping Beam","Ball Lightning","Stack"],"picked":"SKIP","floor":18},{"not_picked":["Recycle","Rebound","Coolheaded"],"picked":"Defragment","floor":22},{"not_picked":["Steam","Compile Driver+1","Sweeping Beam"],"picked":"Amplify","floor":24}],"player_experience":1480538,"relics_obtained":[{"floor":3,"key":"Question Card"},{"floor":7,"key":"Bottled Lightning"},{"floor":9,"key":"Letter Opener"},{"floor":11,"key":"Sundial"},{"floor":24,"key":"Art of War"},{"floor":26,"key":"Bag of Marbles"}],"event_choices":[{"damage_healed":0,"gold_gain":0,"player_choice":"Read","damage_taken":0,"max_hp_gain":0,"max_hp_loss":0,"event_name":"The Library","floor":19,"gold_loss":0,"cards_obtained":["Glacier"]},{"damage_healed":0,"gold_gain":0,"player_choice":"Copied","damage_taken":0,"max_hp_gain":0,"max_hp_loss":0,"event_name":"Duplicator","floor":20,"gold_loss":0,"cards_obtained":["Glacier"]}],"is_beta":false,"boss_relics":[{"not_picked":["Nuclear Battery","Snecko Eye"],"picked":"Pandora\u0027s Box"}],"items_purged_floors":[],"is_endless":false,"potions_floor_spawned":[5,10,12,14,16,18],"killed_by":"Gremlin Leader","ascension_level":20}}