{"host":"eemx8njkng76fu5x","time":1609617087,"event":{"mods":["2.2 Compatiblity","BaseMod","Downfall","Minty Spire (QoL Compilation)","Permanent Neow","StSLib","Unceasing Turn Reminder","Unknown Chances"],"gold_per_floor":[99,118,137,137,287,321,345,195,207,221,234,144,144,156,170,245,245,245,265,276,276,59,59,59,70,70,83,8,0,0,0,20,96,96,96,106,125,135,135,135,135,135,168,187,172,192,206,223,240,240],"floor_reached":51,"playtime":2621,"items_purged":["Slimebound:Icky","champ:Execute"],"score":1345,"play_id":"512cd696-bf3f-4e4f-8580-9b33cadea87e","local_time":"20210103035127","is_ascension_mode":true,"campfire_choices":[{"data":"champ:Taunt","floor":1.0,"key":"SMITH"},{"data":"champ:Lariat","floor":8.0,"key":"SMITH"},{"data":"champ:Lariat","floor":13.0,"key":"SMITH"},{"data":"champ:Improvising","floor":18.0,"key":"SMITH"},{"floor":23.0,"key":"RECALL"},{"data":"champ:PreciseThrust","floor":26.0,"key":"SMITH"},{"data":"champ:PreciseThrust","floor":28.0,"key":"SMITH"},{"data":"champ:FocusedGladiator","floor":35.0,"key":"SMITH"},{"floor":40.0,"key":"DIG"}],"circlet_count":0,"master_deck":["AscendersBane","champ:Defend","champ:Defend","champ:Defend+1","champ:Defend","champ:Taunt+1","champ:Lariat+1","champ:Improvising+1","champ:Lariat+1","champ:HoldFirm+1","champ:PreciseThrust+1","champ:FocusedGladiator+1"],"relics":["champ:ChampionCrown","champ:LiftRelic","Shovel","downfall:HeartBlessingGreen","downfall:HeartBlessingBlue","Empty Cage","Membership Card","Lizard Tail","downfall:HeartBlessingRed","Black Star","Mummified Hand","Mercury Hourglass","Smiling Mask","War Paint"],"acts_visited":["Exordium","TheCity","TheBeyond"],"potions_floor_usage":[],"damage_taken":[{"damage":5.0,"enemies":"Cultist","floor":2.0,"turns":4.0},{"damage":2.0,"enemies":"Small Slimes","floor":3.0,"turns":6.0},{"damage":64.0,"enemies":"3 Sentries","floor":6.0,"turns":15.0},{"damage":3.0,"enemies":"Jaw Worm","floor":9.0,"turns":3.0},{"damage":2.0,"enemies":"Blue Slaver","floor":10.0,"turns":6.0},{"damage":5.0,"enemies":"3 Louse","floor":11.0,"turns":4.0},{"damage":9.0,"enemies":"downfall:FleeingMerchant","floor":12.0,"turns":4.0},{"damage":6.0,"enemies":"Lots of Slimes","floor":14.0,"turns":5.0},{"damage":0.0,"enemies":"2 Fungi Beasts","floor":15.0,"turns":6.0},{"damage":21.0,"enemies":"downfall:Ironclad","floor":16.0,"turns":12.0},{"damage":0.0,"enemies":"Shell Parasite","floor":19.0,"turns":5.0},{"damage":0.0,"enemies":"Chosen","floor":20.0,"turns":6.0},{"damage":0.0,"enemies":"downfall:FleeingMerchant","floor":22.0,"turns":4.0},{"damage":0.0,"enemies":"Snake Plant","floor":25.0,"turns":6.0},{"damage":0.0,"enemies":"Centurion and Healer","floor":27.0,"turns":6.0},{"damage":0.0,"enemies":"downfall:FleeingMerchant","floor":29.0,"turns":4.0},{"damage":0.0,"enemies":"3 Cultists","floor":32.0,"turns":5.0},{"damage":0.0,"enemies":"downfall:Defect","floor":33.0,"turns":6.0},{"damage":0.0,"enemies":"Orb Walker","floor":36.0,"turns":2.0},{"damage":0.0,"enemies":"3 Shapes","floor":37.0,"turns":4.0},{"damage":0.0,"enemies":"3 Darklings","floor":38.0,"turns":5.0},{"damage":0.0,"enemies":"Reptomancer","floor":43.0,"turns":5.0},{"damage":2.0,"enemies":"Sphere and 2 Shapes","floor":44.0,"turns":4.0},{"damage":0.0,"enemies":"downfall:FleeingMerchant","floor":45.0,"turns":4.0},{"damage":0,"enemies":"Spire Growth","floor":46,"turns":1},{"damage":10,"enemies":"Transient","floor":47,"turns":2},{"damage":0,"enemies":"Maw","floor":48,"turns":2},{"damage":0,"enemies":"Spire Growth","floor":49,"turns":3},{"damage":0,"enemies":"downfall:Silent","floor":50,"turns":2}],"seed_played":"7215680789491933121","potions_obtained":[{"floor":3.0,"key":"FearPotion"},{"floor":10.0,"key":"Block Potion"},{"floor":14.0,"key":"Block Potion"},{"floor":16.0,"key":"LiquidBronze"},{"floor":25.0,"key":"PowerPotion"},{"floor":30.0,"key":"CultistPotion"},{"floor":46,"key":"EssenceOfSteel"}],"is_trial":false,"path_per_floor":["R","M","M","?","?","E","T","R","M","M","M","$","R","M","M","B",null,"R","M","M","?","$","R","T","M","R","M","R","$","?","?","M","B",null,"R","M","M","M","?","R","T","?","E","M","$","M","M","M","M","B",null],"character_chosen":"THE_CHAMP","items_purchased":["Membership Card"],"campfire_rested":0,"item_purchase_floors":[22],"current_hp_per_floor":[81,81,79,79,79,30,30,40,37,35,35,31,31,25,25,4,76,76,76,76,61,61,61,61,61,61,61,61,61,61,61,61,61,90,90,90,90,90,90,90,90,90,90,88,88,88,78,78,78,78],"gold":240,"neow_bonus":"TRANSFORM_CARD","is_daily":false,"chose_seed":false,"campfire_upgraded":7,"win_rate":0.0,"timestamp":1609617087,"path_taken":["R","M","M","?","?","E","T","R","M","M","M","$","R","M","M","BOSS","R","M","M","?","?","R","T","?","R","M","R","$","?","?","M","BOSS","R","M","M","M","?","R","T","?","E","M","$","M","M","M","M","BOSS"],"items_purchased_type":["Relic"],"build_version":"2020-12-22","purchased_purges":2,"victory":true,"max_hp_per_floor":[90,90,90,90,90,90,90,100,100,100,100,100,100,100,100,100,100,100,100,100,100,100,100,100,100,100,100,100,100,100,100,100,100,100,100,100,100,100,100,100,100,100,100,100,100,100,100,100,100,100],"card_choices":[{"not_picked":["champ:ViciousMockery","champ:Haymaker"],"picked":"champ:Lariat","floor":2.0},{"not_picked":["champ:DefensiveShout","champ:Haymaker","champ:IronFortress"],"picked":"SKIP","floor":3.0},{"not_picked":["champ:DefensiveStyle","champ:PerfectedStrike"],"picked":"champ:Improvising","floor":6.0},{"not_picked":["champ:DefensiveShout","champ:Circumvent","champ:DefensiveStyle"],"picked":"SKIP","floor":9.0},{"not_picked":["champ:EnragedBash","champ:TornadoPunch","champ:AdrenalArmor"],"picked":"SKIP","floor":10.0},{"not_picked":["champ:ShieldSigil","champ:BringItOn"],"picked":"champ:Lariat","floor":11.0},{"not_picked":["champ:GladiatorsShout","champ:FightOn","champ:DefensiveShout"],"picked":"SKIP","floor":12.0},{"not_picked":["champ:BerserkerStyle","champ:FalseCounter","champ:BringItOn"],"picked":"SKIP","floor":14.0},{"not_picked":["champ:CheapShot","champ:TornadoPunch","champ:ArenaPreparation"],"picked":"SKIP","floor":15.0},{"not_picked":["champ:MurderStrike","champ:HeavySlash"],"picked":"champ:HoldFirm","floor":16.0},{"not_picked":["champ:Balance","champ:PerfectedStrike"],"picked":"champ:PreciseThrust","floor":19.0},{"not_picked":["champ:Backstep","champ:DefensiveShout","champ:Shatter"],"picked":"SKIP","floor":20.0},{"not_picked":["champ:CalledShot","champ:RisingSlash","champ:CrookedStrike"],"picked":"SKIP","floor":22.0},{"not_picked":["champ:AdrenalArmor","champ:CrookedStrike","champ:Aggression"],"picked":"SKIP","floor":25.0},{"not_picked":["champ:FlashCut","champ:SkillfulDodge+1","champ:Aggression+1"],"picked":"SKIP","floor":27.0},{"not_picked":["champ:GladiatorsShout","champ:EndlessRage","champ:AdrenalArmor"],"picked":"SKIP","floor":29.0},{"not_picked":["champ:Circumvent","champ:StrikeOfGenius"],"picked":"champ:FocusedGladiator","floor":32.0},{"not_picked":["champ:RageSigil","champ:DefensiveStyle+1","champ:BladeFlurry+1"],"picked":"SKIP","floor":36.0},{"not_picked":["champ:StanceDance+1","champ:Haymaker+1","champ:Circumvent"],"picked":"SKIP","floor":37.0},{"not_picked":["champ:FocusedDefense","champ:LastStand","champ:SkillfulDodge+1"],"picked":"SKIP","floor":38.0},{"not_picked":["champ:Haymaker","champ:FanOfKnives","champ:StanceDance"],"picked":"SKIP","floor":43.0},{"not_picked":["champ:BerserkersShout","champ:GutPunch+1","champ:RisingSlash+1"],"picked":"SKIP","floor":44.0},{"not_picked":["champ:BerserkersShout","champ:GutPunch+1","champ:RisingSlash+1"],"picked":"SKIP","floor":44.0},{"not_picked":["champ:TornadoPunch","champ:FlashCut","champ:ShieldWall"],"picked":"SKIP","floor":45},{"not_picked":["champ:TornadoPunch","champ:FlashCut","champ:ShieldWall"],"picked":"SKIP","floor":45},{"not_picked":["champ:TornadoPunch","champ:FlashCut","champ:ShieldWall"],"picked":"SKIP","floor":45},{"not_picked":["champ:Balance","champ:FaceSlap","champ:PreciseThrust+1"],"picked":"SKIP","floor":46},{"not_picked":["champ:EnGarde","champ:StanceDance","champ:BringItOn"],"picked":"SKIP","floor":47},{"not_picked":["champ:RapidStrikes+1","champ:RisingSlash","champ:TornadoPunch"],"picked":"SKIP","floor":48},{"not_picked":["champ:HeavySlash","champ:RapidStrikes","champ:AdrenalArmor"],"picked":"SKIP","floor":49}],"player_experience":434699,"relics_obtained":[{"floor":6.0,"key":"Shovel"},{"floor":24.0,"key":"Lizard Tail"},{"floor":40.0,"key":"Mummified Hand"},{"floor":41.0,"key":"Mercury Hourglass"},{"floor":43.0,"key":"Smiling Mask"},{"floor":43.0,"key":"War Paint"}],"event_choices":[{"damage_healed":0.0,"max_hp_gain":0.0,"max_hp_loss":0.0,"gold_gain":0.0,"event_name":"Duplicator","player_choice":"Ignored","floor":42.0,"gold_loss":0.0,"damage_taken":0.0}],"is_beta":false,"boss_relics":[{"not_picked":["SacredBark","Astrolabe"],"picked":"Empty Cage"},{"not_picked":["expansioncontent:StudyCardRelic","Velvet Choker"],"picked":"Black Star"}],"items_purged_floors":[12,22],"is_endless":false,"potions_floor_spawned":[3,10,14,15,16,19,25,32,36,37,46,47,48],"ascension_level":13}}