{"host":"os9owiyb0rak6c8n","time":1609619088,"event":{"mods":["AchievementEnabler","BaseMod","Beaked The Cultist","Better Third Choice","Block Reminder","Colored Map","Colored Powertips","Dio Mod","Minty Spire (QoL Compilation)","Robot Space Explorer","Spicy Shops","StSLib","The Death Knight","The Dragon Tamer"],"gold_per_floor":[117,117,82,100,100,100,141,141,167,210,235,86,129,144,144,273,273,286,304,304,1,19,19,39,138,186,38,38,63,107,107,107,107,107],"floor_reached":33,"playtime":1089,"items_purged":[],"score":388,"play_id":"dbdd2558-96a9-4fd8-ae74-4868d866d9a6","local_time":"20210102212448","is_ascension_mode":true,"campfire_choices":[{"data":"DeathKnight:BloodStrike","floor":6,"key":"SMITH"},{"data":"DeathKnight:RuneStrike","floor":8,"key":"SMITH"},{"data":"DeathKnight:Hysteria","floor":15,"key":"SMITH"},{"floor":23,"key":"REST"},{"floor":28,"key":"REST"},{"floor":32,"key":"REST"}],"circlet_count":0,"master_deck":["DeathKnight:Strike_DeathKnight","DeathKnight:Strike_DeathKnight","DeathKnight:Strike_DeathKnight","DeathKnight:Strike_DeathKnight","DeathKnight:Defend_DeathKnight","DeathKnight:Defend_DeathKnight","DeathKnight:Defend_DeathKnight","DeathKnight:Defend_DeathKnight","DeathKnight:Defend_DeathKnight","DeathKnight:RuneTap","DeathKnight:RuneStrike+1","DeathKnight:BloodStrike+1","DeathKnight:HartStrike","DeathKnight:RunicDetonation","DeathKnight:Hysteria+1","DeathKnight:BludPresence","DeathKnight:VampiricBlood","DeathKnight:MindFreeze","DeathKnight:Frostscythe","CurseOfTheBell","DeathKnight:DarkSuccor","DeathKnight:FoulBulwark+1","DeathKnight:BloodPact","DeathKnight:DarkSuccor"],"relics":["DeathKnight:BrokenRuneblade","NeowsBlessing","Bloody Idol","DeathKnight:Scourgestone","Vajra","MealTicket","Mummified Hand","Calling Bell","Bag of Preparation","Sundial","Unceasing Top","Kunai","Smiling Mask","Orichalcum","Art of War"],"acts_visited":["Exordium","TheCity"],"potions_floor_usage":[16,20,22,29,30,30,30],"damage_taken":[{"damage":0,"enemies":"Cultist","floor":1,"turns":1},{"damage":0,"enemies":"2 Louse","floor":4,"turns":1},{"damage":0,"enemies":"Gremlin Nob","floor":7,"turns":1},{"damage":22,"enemies":"3 Sentries","floor":10,"turns":7},{"damage":0,"enemies":"Small Slimes","floor":11,"turns":2},{"damage":24,"enemies":"Lagavulin","floor":13,"turns":7},{"damage":3,"enemies":"Exordium Thugs","floor":14,"turns":3},{"damage":30,"enemies":"The Guardian","floor":16,"turns":12},{"damage":43,"enemies":"2 Thieves","floor":18,"turns":4},{"damage":12,"enemies":"Chosen","floor":19,"turns":5},{"damage":0,"enemies":"Snake Plant","floor":20,"turns":1},{"damage":12,"enemies":"Snecko","floor":22,"turns":4},{"damage":18,"enemies":"Centurion and Healer","floor":24,"turns":5},{"damage":31,"enemies":"Cultist and Chosen","floor":29,"turns":6},{"damage":9,"enemies":"Gremlin Leader","floor":30,"turns":4},{"damage":32,"enemies":"Automaton","floor":33,"turns":4}],"seed_played":"-3453965503337521237","potions_obtained":[{"floor":4,"key":"Ancient Potion"},{"floor":13,"key":"SmokeBomb"},{"floor":14,"key":"Ancient Potion"},{"floor":18,"key":"Explosive Potion"},{"floor":24,"key":"Swift Potion"},{"floor":29,"key":"DeathKnight:BottledBloodEchoes"}],"is_trial":false,"path_per_floor":["M","?","?","M","?","R","E","R","T","E","M","$","E","M","R","B",null,"M","M","M","$","M","R","M","?","T","$","R","M","E","?","R","B"],"character_chosen":"DEATH_KNIGHT","items_purchased":["DeathKnight:VampiricBlood","DeathKnight:MindFreeze","Kunai","PowerPotion","Orichalcum"],"campfire_rested":3,"item_purchase_floors":[12,12,21,21,27],"current_hp_per_floor":[75,57,75,75,75,75,75,75,75,53,53,68,44,41,41,11,59,16,4,4,19,7,29,11,11,11,26,48,17,8,8,30,0,0],"gold":107,"neow_bonus":"THREE_ENEMY_KILL","is_daily":false,"chose_seed":false,"campfire_upgraded":3,"win_rate":0.0,"timestamp":1609619088,"path_taken":["M","?","?","M","?","R","E","R","T","E","?","$","E","M","R","BOSS","M","M","?","$","M","R","M","?","T","$","R","M","E","?","R","BOSS"],"items_purchased_type":["Card","Card","Relic","Potion","Relic"],"build_version":"2020-12-22","purchased_purges":0,"victory":false,"max_hp_per_floor":[75,75,75,75,75,75,75,75,75,75,75,75,75,75,75,75,75,75,75,75,75,75,75,75,75,75,75,75,75,75,75,75,75,75],"card_choices":[{"not_picked":["DeathKnight:DeathGrip","DeathKnight:Culling"],"picked":"DeathKnight:BloodStrike","floor":1},{"not_picked":["DeathKnight:FesteringStrike","DeathKnight:DeathCoil"],"picked":"DeathKnight:HartStrike","floor":4},{"not_picked":["DeathKnight:Rot","DeathKnight:RaiseAlly"],"picked":"DeathKnight:RunicDetonation","floor":7},{"not_picked":["DeathKnight:UnholyPresence","DeathKnight:FrosPresence"],"picked":"DeathKnight:Hysteria","floor":10},{"not_picked":["DeathKnight:DeathCoil","DeathKnight:Marrowrend"],"picked":"DeathKnight:BludPresence","floor":11},{"not_picked":["DeathKnight:PathOfFrost","DeathKnight:VampiricBlood","DeathKnight:BladedArmor"],"picked":"SKIP","floor":13},{"not_picked":["DeathKnight:Obliterate","DeathKnight:DeathCoil","DeathKnight:BludPresence"],"picked":"SKIP","floor":14},{"not_picked":["DeathKnight:Defile","DeathKnight:RunicDetonation"],"picked":"DeathKnight:Frostscythe","floor":16},{"not_picked":["DeathKnight:DreadStrike","DeathKnight:MindFreeze"],"picked":"DeathKnight:DarkSuccor","floor":18},{"not_picked":["DeathKnight:BloodStrike","DeathKnight:BoneStorm","DeathKnight:Marrowrend"],"picked":"SKIP","floor":19},{"not_picked":["DeathKnight:RuneShock","DeathKnight:Hemostasis"],"picked":"DeathKnight:FoulBulwark+1","floor":22},{"not_picked":["DeathKnight:ChainsOfIce+1","DeathKnight:DeathAndDecay"],"picked":"DeathKnight:BloodPact","floor":24},{"not_picked":["DeathKnight:AntiMagicShell","DeathKnight:Marrowrend"],"picked":"DeathKnight:DarkSuccor","floor":29},{"not_picked":["DeathKnight:WraithWalk","DeathKnight:HartStrike","DeathKnight:Lichborne"],"picked":"SKIP","floor":30}],"player_experience":537762,"relics_obtained":[{"floor":7,"key":"DeathKnight:Scourgestone"},{"floor":9,"key":"Vajra"},{"floor":10,"key":"MealTicket"},{"floor":13,"key":"Mummified Hand"},{"floor":17,"key":"Bag of Preparation"},{"floor":17,"key":"Sundial"},{"floor":17,"key":"Unceasing Top"},{"floor":26,"key":"Smiling Mask"},{"floor":30,"key":"Art of War"}],"event_choices":[{"damage_healed":0,"gold_gain":0,"player_choice":"Take Damage","damage_taken":18,"relics_obtained":["Golden Idol"],"max_hp_gain":0,"max_hp_loss":0,"event_name":"Golden Idol","floor":2,"gold_loss":0},{"damage_healed":18,"gold_gain":0,"player_choice":"Healed","damage_taken":0,"max_hp_gain":0,"max_hp_loss":0,"event_name":"The Cleric","floor":3,"gold_loss":35},{"cards_removed":["DeathKnight:Strike_DeathKnight"],"damage_healed":0,"gold_gain":0,"player_choice":"Purged","damage_taken":0,"max_hp_gain":0,"max_hp_loss":0,"event_name":"Purifier","floor":5,"gold_loss":0},{"damage_healed":0,"gold_gain":99,"player_choice":"Steal","damage_taken":0,"max_hp_gain":0,"max_hp_loss":0,"event_name":"betterThird:BetterNest","floor":25,"gold_loss":0},{"damage_healed":0,"gold_gain":0,"player_choice":"Gave Idol","damage_taken":0,"relics_obtained":["Bloody Idol"],"max_hp_gain":0,"max_hp_loss":0,"event_name":"Forgotten Altar","floor":31,"relics_lost":["Golden Idol"],"gold_loss":0}],"is_beta":false,"boss_relics":[{"not_picked":["SacredBark","Runic Pyramid"],"picked":"Calling Bell"}],"items_purged_floors":[],"is_endless":false,"potions_floor_spawned":[4,13,14,18,24,29],"killed_by":"Automaton","ascension_level":5}}