{"host":"jkgg7n5hn1slsm35","time":1609583054,"event":{"mods":["Aspiration","BaseMod","BetterRewards","Conspire","Googly Eyes","Gremlin Skip","Halation","Highlight Path","Hubris","Infinite Spire","Minty Spire (QoL Compilation)","Permanent Neow","StSLib","SuperFastMode","vexMod"],"gold_per_floor":[110,123,194,194,209,234,110,110,181,181,198,198,198,7,7,112,112,131,6,6,6,18,18,18,18,18,18,36,50,60,60,60,162,162,172,185,204,104,104,126,126],"floor_reached":40,"playtime":1238,"items_purged":["Strike_R","Strike_R","Bash"],"score":409,"play_id":"516acaa5-8cdd-4502-b78e-fc861a0df677","local_time":"20210102112414","is_ascension_mode":false,"campfire_choices":[{"data":"Body Slam","floor":10,"key":"SMITH"},{"data":"Iron Wave","floor":13,"key":"SMITH"},{"data":"Discovery","floor":15,"key":"SMITH"},{"data":"Barricade","floor":23,"key":"SMITH"},{"data":"Shrug It Off","floor":25,"key":"SMITH"},{"data":"Heavy Blade","floor":27,"key":"SMITH"},{"data":"Shrug It Off","floor":32,"key":"SMITH"}],"circlet_count":0,"master_deck":["Strike_R","Strike_R","Strike_R","Defend_R","Defend_R","Defend_R","Defend_R","Twin Strike","Body Slam+1","Heavy Blade+1","Shrug It Off+1","Iron Wave+1","Discovery+1","Barricade+1","Cleave","Shrug It Off+1","Body Slam+1","Pommel Strike+1","Seeing Red+1","conspire:SpireCoStock","conspire:SpireCoStock"],"relics":["Burning Blood","aspiration:Nostalgia","Ring of the Snake","Eternal Feather","hubris:TenFootPole","Shuriken","Sozu","hubris:Icosahedron","aspiration:FetidBarrel","Black Star"],"acts_visited":["Exordium","TheCity","TheBeyond"],"potions_floor_usage":[40],"damage_taken":[{"damage":10,"enemies":"Cultist","floor":1,"turns":4},{"damage":1,"enemies":"2 Louse","floor":2,"turns":3},{"damage":8,"enemies":"Small Slimes","floor":5,"turns":4},{"damage":38,"enemies":"3 Sentries","floor":6,"turns":11},{"damage":6,"enemies":"Exordium Thugs","floor":11,"turns":5},{"damage":26,"enemies":"The Guardian","floor":16,"turns":13},{"damage":12,"enemies":"2 Thieves","floor":18,"turns":4},{"damage":27,"enemies":"Shell Parasite","floor":22,"turns":9},{"damage":7,"enemies":"Cultist and Chosen","floor":28,"turns":6},{"damage":8,"enemies":"Snecko","floor":29,"turns":5},{"damage":0,"enemies":"Centurion and Healer","floor":30,"turns":8},{"damage":13,"enemies":"Champ","floor":33,"turns":11},{"damage":13,"enemies":"3 Shapes","floor":35,"turns":7},{"damage":3,"enemies":"Orb Walker","floor":36,"turns":4},{"damage":56,"enemies":"Spire Growth","floor":37,"turns":7},{"damage":100,"enemies":"Nightmare","floor":40,"turns":8}],"seed_played":"-8563286539122625680","potions_obtained":[{"floor":2,"key":"FairyPotion"},{"floor":16,"key":"CultistPotion"}],"is_trial":false,"path_per_floor":["M","M","T","?","M","E","$","?","T","R","M","?","R","$","R","B",null,"M","$","?","?","M","R","$","R","T","R","M","M","M","$","R","B",null,"M","M","M","?","?","NM"],"character_chosen":"IRONCLAD","items_purchased":["Iron Wave","Discovery"],"campfire_rested":0,"item_purchase_floors":[7,14],"current_hp_per_floor":[76,80,80,80,78,46,46,54,54,60,60,60,66,66,72,52,80,74,74,74,74,53,62,62,71,71,80,79,77,80,80,80,73,80,73,76,26,26,26,0,0],"gold":126,"neow_bonus":"NOSTALGIA","is_daily":false,"chose_seed":false,"campfire_upgraded":7,"win_rate":0.0,"timestamp":1609583054,"path_taken":["M","M","?","?","M","E","$","?","T","R","M","?","R","$","R","BOSS","M","$","?","?","?","R","?","R","T","R","M","M","M","?","R","BOSS","M","M","?","?","?","NM"],"items_purchased_type":["Card","Card"],"build_version":"2020-12-22","purchased_purges":3,"victory":false,"max_hp_per_floor":[80,80,80,80,80,80,80,80,80,80,80,80,80,80,80,80,80,80,80,80,80,80,80,80,80,80,80,80,80,80,80,80,80,80,80,80,80,80,80,80,80],"card_choices":[{"not_picked":["Sever Soul","Bloodletting"],"picked":"Twin Strike","floor":1},{"not_picked":["Searing Blow","Twin Strike"],"picked":"Body Slam","floor":2},{"not_picked":["Warcry","Reckless Charge"],"picked":"Heavy Blade","floor":5},{"not_picked":["Reaper","True Grit"],"picked":"Shrug It Off","floor":6},{"not_picked":["Cleave","Warcry","Armaments"],"picked":"SKIP","floor":11},{"not_picked":["Fiend Fire","Double Tap"],"picked":"Barricade","floor":16},{"not_picked":["Burning Pact","Perfected Strike","Warcry+1"],"picked":"SKIP","floor":18},{"not_picked":["Heavy Blade","Reckless Charge"],"picked":"Cleave","floor":22},{"not_picked":["Sword Boomerang+1","Thunderclap+1"],"picked":"Shrug It Off","floor":28},{"not_picked":["Rage","Bloodletting"],"picked":"Body Slam+1","floor":29},{"not_picked":["Brutality","Infernal Blade","Heavy Blade"],"picked":"SKIP","floor":30},{"not_picked":["Thunderclap","Fire Breathing+1","Havoc+1"],"picked":"SKIP","floor":35},{"not_picked":["Searing Blow+1","Immolate"],"picked":"Pommel Strike+1","floor":36},{"not_picked":["Hemokinesis","Dark Embrace"],"picked":"Seeing Red+1","floor":37}],"player_experience":1813294,"relics_obtained":[{"floor":3,"key":"Eternal Feather"},{"floor":6,"key":"hubris:TenFootPole"},{"floor":9,"key":"Shuriken"},{"floor":26,"key":"aspiration:FetidBarrel"}],"event_choices":[{"damage_healed":0,"gold_gain":0,"player_choice":"Invest 2","damage_taken":0,"max_hp_gain":0,"max_hp_loss":0,"event_name":"conspire:Investor","floor":38,"gold_loss":0},{"damage_healed":0,"gold_gain":0,"player_choice":"Ignored","damage_taken":0,"max_hp_gain":0,"max_hp_loss":0,"event_name":"Transmorgrifier","floor":39,"gold_loss":0}],"is_beta":false,"boss_relics":[{"not_picked":["Busted Crown","hubris:ScarierMask"],"picked":"Sozu"},{"not_picked":["hubris:HollowSoul","Runic Cube"],"picked":"Black Star"}],"items_purged_floors":[7,14,19],"is_endless":false,"potions_floor_spawned":[2,16,28,29,36],"killed_by":"Nightmare","ascension_level":0}}