{"host":"s6t38s6k4widkzbu","time":1609565184,"event":{"mods":["ATMod(°¢èªMod)","Aspiration","BaseMod","Conspire","Downfall","Googly Eyes","Hermit","Highlight Path","Hunter ÁÔÈË","KinomotoSakuraMod(Ä¾Ö®±¾Ó£)","KomeijiMod","Marisa£¨ìFÓê¡¡Ä§ÀíÉ³£©","Minty Spire (QoL Compilation)","Permanent Neow","Prisma Mod","Quick Restart","READ ME - Guardian Mod","Reimu£¨²©ÀöÁéÃÎ£©","Remilia£¨ÀÙÃ×ÀòÑÇ£©","Replay The Spire","RumiaBox-Â¶Ã×æ«µÄÉñÃØºÐ×Ó","StSLib","The Animator","The Bladedancer","The Bug Knight","The Cursed","The Gatherer","The Jungle","The Mystic","The Runesmith","The Servant 0.9.4","Youmu£¨»êÆÇÑýÃÎ£©","Yuyuko","¡¾ÒÅÎï¿¨ÅÆ¡¿REMEMod","óô»ðÖ¸ÄÏ"],"gold_per_floor":[119,119,119,119,145,145,145,145,224,224,23,23,23,23,23,169,169,195,228,228,286,5,5,5,5,29,29,29,29,73,108,108,252,252,263,86,129,129,288,300,375,387,424,436,448,31,31,15,15,15],"floor_reached":51,"playtime":6122,"items_purged":["animator:Curse_GriefSeed","Shame"],"score":653,"play_id":"b81b5bc3-9704-4163-a05b-9359dd1cc24d","local_time":"20210102132624","daily_mods":["Draft","Vintage","Heirloom","Time Dilation","Flight","downfall:Jewelcrafting"],"is_ascension_mode":false,"campfire_choices":[{"data":"PropBag","floor":10.0,"key":"SMITH"},{"data":"SatelliteIllusion","floor":23.0,"key":"SMITH"},{"data":"CultistForm","floor":23.0,"key":"SMITH"},{"data":"Guardian:ExploitGems","floor":24.0,"key":"SMITH"},{"data":"Guardian:ExploitGems","floor":24.0,"key":"SMITH"},{"data":"WitchOfGreed","floor":27.0,"key":"SMITH"},{"data":"PulseMagic","floor":27.0,"key":"SMITH"},{"data":"SuperNova","floor":29.0,"key":"SMITH"},{"data":"HandOfGreed","floor":29.0,"key":"SMITH"},{"data":"BlazeAway","floor":32.0,"key":"SMITH"},{"data":"SporeBomb","floor":32.0,"key":"SMITH"},{"data":"EnergyFlow","floor":40,"key":"SMITH"},{"data":"EnergyFlow","floor":40,"key":"SMITH"},{"data":"REME_HeartOfCthun","floor":42,"key":"SMITH"},{"data":"Robbery","floor":42,"key":"SMITH"},{"data":"EscapeVelocity","floor":44,"key":"SMITH"},{"data":"StarBarrage","floor":44,"key":"SMITH"},{"data":"StarlightTyphoon","floor":45,"key":"SMITH"},{"data":"AsteroidBelt","floor":45,"key":"SMITH"},{"data":"AsteroidBelt","floor":49,"key":"SMITH"},{"data":"AlicesGift","floor":49,"key":"SMITH"}],"circlet_count":0,"master_deck":["Guardian:ExploitGems+1","Guardian:ExploitGems+1","CultistForm+1","DragonMeteor","WitchOfGreed+1","ShootTheMoon+1","SuperPerseids","WitchLeyline","PulseMagic+1","SporeBomb+1","BlazeAway+1","PowerUp","AsteroidBelt+1","StarlightTyphoon+1","NonDirectionalLaser","AsteroidBelt+1","AlicesGift+1","NonDirectionalLaser","REME_HeartOfCthun+1","PropBag+1","ChargingUp+1","HandOfGreed+1","StarDustReverie+1","SuperNova+1","SatelliteIllusion+1","DarkMatter+1","StarBarrage+1","REME_BodyOfCthun+1","Robbery+1","EscapeVelocity+1","EnergyFlow+1","EnergyFlow+1","BigCrunch+1","GasGiant+1","EarthLightRay+1","EarthLightRay+1","WitchLeyline"],"relics":["BewitchedHakkero","REME_ComplimentaryCards","replay:Trail_Library","Guardian:PickAxe","mysticmod:CrystalBall","AT_ATBox","HollowMod:QueensCombRelic","Bronze Scales","Orichalcum","Replay:Ringing Soul","Blue Doll","Replay:Fungal Core","Replay:Arrowhead","Toxic Egg 2","theJungle:PaperFaux","Bag of Marbles","Happy Flower","Pen Nib","MagicDraw2","AT_TimeSand","Question Card","MawBank","aspiration:PocketMushroom","Runesmith:AutoHammer","HandmadeGrimoire","NitorisBag","Ring of Hypnosis","ReplayTheSpireMod:Ring of Sloth"],"acts_visited":["Exordium","Exordium","TheBeyond"],"potions_floor_usage":[39,50,50,50],"damage_taken":[{"damage":0.0,"enemies":"Small Slimes","floor":1.0,"turns":1.0},{"damage":0.0,"enemies":"Cultist","floor":5.0,"turns":3.0},{"damage":0.0,"enemies":"Fading Forest","floor":16.0,"turns":11.0},{"damage":0.0,"enemies":"Shell Parasite","floor":18.0,"turns":2.0},{"damage":9.0,"enemies":"theJungle:Flameango_and_Byrd","floor":19.0,"turns":3.0},{"damage":4.0,"enemies":"theJungle:2_Flameangoes","floor":30.0,"turns":2.0},{"damage":12.0,"enemies":"theJungle:2_Snecko_Cultists","floor":31.0,"turns":4.0},{"damage":20.0,"enemies":"theJungle:TotemBoss","floor":33.0,"turns":4.0},{"damage":4.0,"enemies":"Orb Walker","floor":35.0,"turns":2.0},{"damage":16.0,"enemies":"3 Shapes","floor":37.0,"turns":2.0},{"damage":13,"enemies":"Transient","floor":39,"turns":5},{"damage":3,"enemies":"HollowMod:StalkingDevout","floor":41,"turns":3},{"damage":22,"enemies":"Replay:Hell Engine","floor":50,"turns":4}],"seed_played":"-8399657709643289099","potions_obtained":[{"floor":5.0,"key":"Venom Potion"},{"floor":5.0,"key":"REME_GoldPotion"},{"floor":16.0,"key":"Languid Potion"},{"floor":16.0,"key":"Weak Potion"},{"floor":18.0,"key":"DuplicationPotion"},{"floor":21.0,"key":"PowerPotion"},{"floor":37.0,"key":"PowerPotion"},{"floor":39,"key":"Dexterity Potion"}],"is_trial":true,"path_per_floor":["M","WH","WH","?","M","R","R","R","T","R","$","WH","?","WH","R","B",null,"M","M","?","?","$","R","R","?","T","R","$","R","M","M","R","B",null,"M","$","M","?","M","R","E","R","T","R","R","$","?","$","R","B",null],"character_chosen":"MARISA","items_purchased":["ChargingUp+1","Blue Doll","REME_BodyOfCthun+1","Robbery","EnergyFlow","HandmadeGrimoire","NitorisBag","EarthLightRay+1","WitchLeyline"],"campfire_rested":0,"item_purchase_floors":[11,11,22,22,36,46,46,46,48],"current_hp_per_floor":[50,50,45,45,45,45,45,45,45,48,51,54,57,45,60,63,63,63,54,57,44,47,47,47,47,47,47,47,47,51,47,47,34,75,71,74,62,65,60,60,64,64,64,67,67,70,70,73,73,67],"gold":15,"neow_bonus":"THREE_RARE_CARDS","is_daily":false,"chose_seed":false,"campfire_upgraded":21,"win_rate":0.0,"timestamp":1609565184,"path_taken":["M","WH","WH","?","?","R","R","R","T","R","$","WH","?","WH","R","BOSS","M","M","?","?","$","R","R","?","T","R","?","R","?","M","R","BOSS","M","$","M","?","?","R","E","R","T","R","R","$","?","?","R","BOSS"],"items_purchased_type":["Card","Relic","Card","Card","Card","Relic","Relic","Card","Card"],"build_version":"2020-12-22","purchased_purges":2,"victory":true,"max_hp_per_floor":[50,50,45,45,45,45,45,45,45,48,51,54,57,60,60,63,63,63,63,66,69,72,72,72,72,72,72,72,72,72,72,72,75,75,75,78,78,81,81,81,84,84,84,87,87,90,90,93,93,93],"card_choices":[{"not_picked":["DoubleSpark","Acceleration"],"picked":"DragonMeteor","floor":0.0},{"not_picked":["GalacticHalo","LuminesStrike"],"picked":"WitchOfGreed","floor":0.0},{"not_picked":["PowerUp","6A"],"picked":"ShootTheMoon","floor":0.0},{"not_picked":["PowerUp","6A"],"picked":"SuperPerseids","floor":0.0},{"not_picked":["NonDirectionalLaser","EventHorizon"],"picked":"WitchLeyline","floor":0.0},{"not_picked":["AlicesGift","WitchLeyline"],"picked":"PulseMagic","floor":0.0},{"not_picked":["LuminesStrike","GalacticHalo"],"picked":"SporeBomb","floor":0.0},{"not_picked":["ShootingEcho","ChargeUpSpray"],"picked":"BlazeAway","floor":0.0},{"not_picked":["Acceleration","WitchOfGreed"],"picked":"PowerUp","floor":0.0},{"not_picked":["Occultation","Orbital"],"picked":"SuperPerseids","floor":0.0},{"not_picked":["UnstableBomb","SporeBomb"],"picked":"AsteroidBelt","floor":0.0},{"not_picked":["6A","SporeBomb"],"picked":"StarlightTyphoon","floor":0.0},{"not_picked":["MysteriousBeam","DoubleSpark"],"picked":"NonDirectionalLaser","floor":0.0},{"not_picked":["DC","Acceleration"],"picked":"AsteroidBelt","floor":0.0},{"not_picked":["Acceleration","NonDirectionalLaser"],"picked":"AlicesGift","floor":0.0},{"not_picked":["SporeBomb","WitchOfGreed"],"picked":"NonDirectionalLaser","floor":2.0},{"not_picked":["The Bomb","Violence"],"picked":"REME_HeartOfCthun","floor":3.0},{"not_picked":["REME_PuzzleBox","Transmutation"],"picked":"HandOfGreed","floor":12.0},{"not_picked":["TreasureHunter","ManaRampage"],"picked":"SuperNova","floor":14.0},{"not_picked":["AbsoluteMagnitude","StarDustReverie"],"picked":"SatelliteIllusion","floor":16.0},{"not_picked":["DC","Acceleration+1"],"picked":"DarkMatter+1","floor":21.0},{"not_picked":["SporeBomb+1","EventHorizon"],"picked":"StarBarrage","floor":21.0},{"not_picked":["StarDustReverie+1","UltimateShortwave+1"],"picked":"EscapeVelocity","floor":33.0},{"not_picked":["MysteriousBeam","DragonMeteor","LuminesStrike+1"],"picked":"BigCrunch+1","floor":41}],"player_experience":356433,"relics_obtained":[{"floor":1.0,"key":"Bronze Scales"},{"floor":5.0,"key":"Orichalcum"},{"floor":9.0,"key":"Replay:Ringing Soul"},{"floor":18.0,"key":"Replay:Arrowhead"},{"floor":19.0,"key":"Toxic Egg 2"},{"floor":21.0,"key":"Bag of Marbles"},{"floor":26.0,"key":"Happy Flower"},{"floor":30.0,"key":"Pen Nib"},{"floor":31.0,"key":"MagicDraw2"},{"floor":35.0,"key":"AT_TimeSand"},{"floor":37.0,"key":"Question Card"},{"floor":39,"key":"MawBank"},{"floor":41,"key":"aspiration:PocketMushroom"},{"floor":43,"key":"Runesmith:AutoHammer"},{"floor":47,"key":"Ring of Hypnosis"},{"floor":47,"key":"ReplayTheSpireMod:Ring of Sloth"}],"event_choices":[{"damage_healed":0.0,"max_hp_gain":0.0,"max_hp_loss":0.0,"gold_gain":0.0,"event_name":"NoteForYourself","player_choice":"Ignored","floor":4.0,"gold_loss":0.0,"damage_taken":0.0},{"damage_healed":0.0,"max_hp_gain":0.0,"max_hp_loss":0.0,"gold_gain":0.0,"cards_transformed":["SuperPerseids"],"event_name":"Transmorgrifier","player_choice":"Transformed","floor":38.0,"gold_loss":0.0,"damage_taken":0.0,"cards_obtained":["EnergyFlow"]}],"is_beta":false,"boss_relics":[{"not_picked":["Kintsugi","Tiny House"],"picked":"Replay:Fungal Core"},{"not_picked":["Cursed Key","aspiration:RitualDagger"],"picked":"BewitchedHakkero"}],"items_purged_floors":[22,36],"is_endless":false,"potions_floor_spawned":[5,16,31,37],"ascension_level":0}}