{"host":"vumwfieg2b2mnrfl","time":1609557247,"event":{"mods":["AchievementEnabler","BaseMod","Minty Spire (QoL Compilation)","Rare Cards Sparkle","Relic Stats"],"gold_per_floor":[113,165,175,187,187,219,219,219,219,252,268,343,374,397,397,521,521,537,537,548,473,493,521,521,389,415,441,441,472,302,312,312,413,413,424,424,424,444,460,495,495,523,523,523,538,131,181,181,181,181,181,181,12,42,42,42],"floor_reached":55,"playtime":2620,"items_purged":["Injury","Consecrate","ThirdEye+1","Finesse"],"score":1022,"play_id":"b1ea305b-81a5-4c6b-b67c-c560bc1dfe45","local_time":"20210101211407","is_ascension_mode":true,"campfire_choices":[{"data":"Devotion","floor":8,"key":"SMITH"},{"data":"Eruption","floor":15,"key":"SMITH"},{"data":"Vault","floor":24,"key":"SMITH"},{"data":"Adaptation","floor":28,"key":"SMITH"},{"data":"Protect","floor":32,"key":"SMITH"},{"floor":41,"key":"RECALL"},{"data":"Establishment","floor":44,"key":"SMITH"},{"data":"Alpha","floor":49,"key":"SMITH"},{"data":"Crescendo","floor":52,"key":"SMITH"}],"circlet_count":0,"master_deck":["Eruption+1","Vigilance+1","FearNoEvil","EmptyMind","SashWhip","SandsOfTime","Vault+1","Devotion+1","FlurryOfBlows+1","Prostrate","Evaluate","Crescendo+1","Alpha+1","Protect+1","MentalFortress+1","Adaptation+1","EmptyBody","Consecrate+1","Perseverance","Brilliance","Establishment+1","Panache","InnerPeace+1","Tantrum","CutThroughFate","LikeWater+1","FearNoEvil+1","MentalFortress"],"relics":["Pandora\u0027s Box","Happy Flower","The Courier","Bloody Idol","Peace Pipe","Mango","StoneCalendar","Black Star","CloakClasp","StrikeDummy","Smiling Mask","Shuriken","MealTicket","Ginger","Ancient Tea Set","Philosopher\u0027s Stone","Thread and Needle","Question Card","Toy Ornithopter","Potion Belt","Calipers","War Paint","Unceasing Top","Sling","Oddly Smooth Stone","Centennial Puzzle"],"acts_visited":["Exordium","TheCity","TheBeyond","TheEnding"],"potions_floor_usage":[27,33,33,40,50],"damage_taken":[{"damage":6,"enemies":"Cultist","floor":1,"turns":3},{"damage":0,"enemies":"2 Louse","floor":3,"turns":3},{"damage":0,"enemies":"Small Slimes","floor":4,"turns":3},{"damage":0,"enemies":"Lagavulin","floor":6,"turns":4},{"damage":0,"enemies":"Gremlin Nob","floor":10,"turns":3},{"damage":11,"enemies":"Exordium Wildlife","floor":11,"turns":4},{"damage":0,"enemies":"Lagavulin","floor":13,"turns":5},{"damage":0,"enemies":"2 Fungi Beasts","floor":14,"turns":2},{"damage":35,"enemies":"Slime Boss","floor":16,"turns":5},{"damage":6,"enemies":"Spheric Guardian","floor":18,"turns":4},{"damage":17,"enemies":"2 Thieves","floor":20,"turns":4},{"damage":4,"enemies":"Sentry and Sphere","floor":22,"turns":4},{"damage":24,"enemies":"Book of Stabbing","floor":23,"turns":6},{"damage":0,"enemies":"Gremlin Leader","floor":27,"turns":5},{"damage":2,"enemies":"Slavers","floor":29,"turns":4},{"damage":19,"enemies":"Snake Plant","floor":31,"turns":4},{"damage":0,"enemies":"Collector","floor":33,"turns":6},{"damage":15,"enemies":"3 Darklings","floor":35,"turns":5},{"damage":0,"enemies":"Orb Walker","floor":38,"turns":4},{"damage":8,"enemies":"Transient","floor":39,"turns":6},{"damage":11,"enemies":"Reptomancer","floor":40,"turns":5},{"damage":0,"enemies":"Giant Head","floor":42,"turns":6},{"damage":0,"enemies":"4 Shapes","floor":45,"turns":6},{"damage":0,"enemies":"Mind Bloom Boss Battle","floor":47,"turns":4},{"damage":57,"enemies":"Time Eater","floor":50,"turns":7},{"damage":56,"enemies":"Shield and Spear","floor":54,"turns":5},{"damage":109,"enemies":"The Heart","floor":55,"turns":6}],"seed_played":"-720868112200876969","potions_obtained":[{"floor":1,"key":"LiquidMemories"},{"floor":13,"key":"Regen Potion"},{"floor":14,"key":"EssenceOfSteel"},{"floor":16,"key":"StancePotion"},{"floor":27,"key":"AttackPotion"},{"floor":39,"key":"FairyPotion"},{"floor":47,"key":"Regen Potion"}],"is_trial":false,"path_per_floor":["M","T","M","M","?","E","?","R","T","E","M","?","E","M","R","B",null,"M","?","M","?","M","E","R","$","T","E","R","E","$","M","R","B",null,"M","?","?","M","M","E","R","E","T","R","M","$","?","?","R","B",null,"R","$","E","B"],"character_chosen":"WATCHER","items_purchased":["Adaptation","EmptyBody","Brilliance","Calipers","War Paint","Sling"],"campfire_rested":0,"item_purchase_floors":[25,25,30,46,46,53],"current_hp_per_floor":[66,66,66,66,52,52,52,52,52,66,55,44,44,44,44,9,86,80,80,73,73,74,55,55,55,60,65,65,68,83,69,69,86,86,76,76,66,71,68,62,62,67,67,67,72,86,86,86,86,49,86,86,86,35,0,0],"gold":42,"neow_bonus":"BOSS_RELIC","is_daily":false,"chose_seed":false,"campfire_upgraded":8,"win_rate":0.0,"timestamp":1609557247,"path_taken":["M","?","M","M","?","E","?","R","T","E","M","?","E","M","R","BOSS","M","?","M","?","M","E","R","?","T","E","R","E","$","M","R","BOSS","M","?","?","M","M","E","R","E","T","R","?","$","?","?","R","BOSS","R","$","E","BOSS"],"items_purchased_type":["Card","Card","Card","Relic","Relic","Relic"],"build_version":"2020-12-22","purchased_purges":4,"victory":false,"max_hp_per_floor":[72,72,72,72,72,72,72,72,72,86,86,86,86,86,86,86,86,86,86,86,86,86,86,86,86,86,86,86,86,86,86,86,86,86,86,86,86,86,86,86,86,86,86,86,86,86,86,86,86,86,86,86,86,86,86,86],"relic_stats":{"Happy Flower":[40],"counters":[27,123],"StoneCalendar":[52],"CloakClasp":[179],"Ginger":[11],"War Paint":["InnerPeace","Vigilance"],"Smiling Mask":150,"Question Card":4,"Peace Pipe":0,"Centennial Puzzle":[3],"Shuriken":[36],"Bloody Idol":77,"Pandora\u0027s Box":["FearNoEvil","EmptyMind","SashWhip","ClearTheMind","ClearTheMind","SandsOfTime","Vault","Devotion"],"MealTicket":29,"Black Star":6,"obtain_stats":[{"Calipers":46,"Mango":10,"StoneCalendar":13,"CloakClasp":23,"Ginger":29,"Smiling Mask":26,"Ancient Tea Set":29,"Sling":53,"Centennial Puzzle":54,"MealTicket":27,"Philosopher\u0027s Stone":34,"Potion Belt":42,"Happy Flower":2,"Golden Idol":7,"Oddly Smooth Stone":54,"Thread and Needle":40,"The Courier":6,"War Paint":46,"Question Card":40,"Peace Pipe":9,"Shuriken":27,"Bloody Idol":19,"Pandora\u0027s Box":0,"Black Star":17,"PureWater":0,"StrikeDummy":23,"Toy Ornithopter":42,"Unceasing Top":47},{"Calipers":23,"Mango":5,"StoneCalendar":7,"CloakClasp":13,"Ginger":15,"Smiling Mask":13,"Ancient Tea Set":15,"Sling":25,"Centennial Puzzle":26,"MealTicket":14,"Philosopher\u0027s Stone":17,"Potion Belt":22,"Happy Flower":1,"Golden Idol":4,"Oddly Smooth Stone":26,"Thread and Needle":21,"The Courier":4,"War Paint":23,"Question Card":21,"Peace Pipe":4,"Shuriken":14,"Bloody Idol":10,"Pandora\u0027s Box":0,"Black Star":9,"PureWater":0,"StrikeDummy":13,"Toy Ornithopter":22,"Unceasing Top":24},{"Calipers":101,"Mango":16,"StoneCalendar":25,"CloakClasp":50,"Ginger":59,"Smiling Mask":50,"Ancient Tea Set":59,"Sling":112,"Centennial Puzzle":117,"MealTicket":55,"Philosopher\u0027s Stone":69,"Potion Belt":95,"Happy Flower":3,"Golden Idol":13,"Oddly Smooth Stone":117,"Thread and Needle":89,"The Courier":13,"War Paint":101,"Question Card":89,"Peace Pipe":13,"Shuriken":55,"Bloody Idol":36,"Pandora\u0027s Box":0,"Black Star":32,"PureWater":0,"StrikeDummy":50,"Toy Ornithopter":95,"Unceasing Top":105}],"Toy Ornithopter":5,"Unceasing Top":[1]},"card_choices":[{"not_picked":["Nirvana","SandsOfTime","EmptyBody"],"picked":"SKIP","floor":1},{"not_picked":["CrushJoints","Indignation"],"picked":"FlurryOfBlows","floor":3},{"not_picked":["ReachHeaven","WindmillStrike"],"picked":"Consecrate","floor":4},{"not_picked":["WreathOfFlame","EmptyFist","Conclude"],"picked":"SKIP","floor":6},{"not_picked":["Collect","Scrawl"],"picked":"Prostrate","floor":10},{"not_picked":["LikeWater","Evaluate","ThirdEye"],"picked":"SKIP","floor":11},{"not_picked":["LikeWater","ThirdEye"],"picked":"Evaluate","floor":11},{"not_picked":["SignatureMove","CrushJoints","ClearTheMind"],"picked":"SKIP","floor":13},{"not_picked":["BowlingBash","JustLucky"],"picked":"Crescendo","floor":14},{"not_picked":["Ragnarok","Vault"],"picked":"Alpha","floor":16},{"not_picked":["PathToVictory","Crescendo+1"],"picked":"Protect","floor":18},{"not_picked":["Evaluate","CrushJoints","EmptyMind"],"picked":"SKIP","floor":20},{"not_picked":["PathToVictory","SashWhip+1"],"picked":"MentalFortress+1","floor":22},{"not_picked":["CrushJoints","Worship","SignatureMove+1"],"picked":"SKIP","floor":23},{"not_picked":["Prostrate","ThirdEye"],"picked":"Consecrate+1","floor":27},{"not_picked":["SandsOfTime","Sanctity"],"picked":"Perseverance","floor":29},{"not_picked":["ClearTheMind","PathToVictory+1","EmptyBody"],"picked":"SKIP","floor":31},{"not_picked":["DeusExMachina","Ragnarok"],"picked":"Establishment","floor":33},{"not_picked":["ReachHeaven+1","PathToVictory"],"picked":"ThirdEye+1","floor":35},{"not_picked":["Forethought","HandOfGreed"],"picked":"Panache","floor":37},{"not_picked":["Master of Strategy","HandOfGreed"],"picked":"Finesse","floor":37},{"not_picked":["PathToVictory","EmptyFist+1"],"picked":"InnerPeace","floor":38},{"not_picked":["Conclude","Pray"],"picked":"Tantrum","floor":39},{"not_picked":["ClearTheMind","Indignation"],"picked":"CutThroughFate","floor":40},{"not_picked":["Blasphemy","EmptyBody","Adaptation"],"picked":"LikeWater+1","floor":42},{"not_picked":["Evaluate","CutThroughFate","FlyingSleeves"],"picked":"FearNoEvil+1","floor":45},{"not_picked":["Wireheading+1","ClearTheMind+1","Vault"],"picked":"MentalFortress","floor":54}],"player_experience":349662,"relics_obtained":[{"floor":2,"key":"Happy Flower"},{"floor":6,"key":"The Courier"},{"floor":9,"key":"Peace Pipe"},{"floor":10,"key":"Mango"},{"floor":13,"key":"StoneCalendar"},{"floor":23,"key":"CloakClasp"},{"floor":23,"key":"StrikeDummy"},{"floor":26,"key":"Smiling Mask"},{"floor":27,"key":"Shuriken"},{"floor":27,"key":"MealTicket"},{"floor":29,"key":"Ginger"},{"floor":29,"key":"Ancient Tea Set"},{"floor":40,"key":"Thread and Needle"},{"floor":40,"key":"Question Card"},{"floor":42,"key":"Toy Ornithopter"},{"floor":42,"key":"Potion Belt"},{"floor":47,"key":"Unceasing Top"},{"floor":54,"key":"Oddly Smooth Stone"},{"floor":54,"key":"Centennial Puzzle"}],"event_choices":[{"damage_healed":0,"gold_gain":0,"player_choice":"Entered Light","damage_taken":14,"max_hp_gain":0,"max_hp_loss":0,"event_name":"Shining Light","floor":5,"gold_loss":0,"cards_upgraded":["ClearTheMind","FlurryOfBlows"]},{"damage_healed":0,"gold_gain":0,"player_choice":"Take Wound","damage_taken":0,"relics_obtained":["Golden Idol"],"max_hp_gain":0,"max_hp_loss":0,"event_name":"Golden Idol","floor":7,"gold_loss":0,"cards_obtained":["Injury"]},{"damage_healed":0,"gold_gain":75,"player_choice":"Gather Gold","damage_taken":11,"max_hp_gain":0,"max_hp_loss":0,"event_name":"World of Goop","floor":12,"gold_loss":0},{"damage_healed":0,"gold_gain":0,"player_choice":"Gave Idol","damage_taken":0,"relics_obtained":["Bloody Idol"],"max_hp_gain":0,"max_hp_loss":0,"event_name":"Forgotten Altar","floor":19,"relics_lost":["Golden Idol"],"gold_loss":0},{"cards_removed":["ClearTheMind"],"damage_healed":0,"gold_gain":0,"player_choice":"Gave Gold","damage_taken":0,"max_hp_gain":0,"max_hp_loss":0,"event_name":"Beggar","floor":21,"gold_loss":75},{"cards_removed":["ClearTheMind"],"damage_healed":0,"gold_gain":0,"player_choice":"Removed Skill","damage_taken":0,"max_hp_gain":0,"max_hp_loss":0,"event_name":"Falling","floor":36,"gold_loss":0},{"damage_healed":0,"gold_gain":0,"player_choice":"Memory 3","damage_taken":10,"max_hp_gain":0,"max_hp_loss":0,"event_name":"SensoryStone","floor":37,"gold_loss":0},{"damage_healed":0,"gold_gain":0,"player_choice":"Fight","damage_taken":0,"max_hp_gain":0,"max_hp_loss":0,"event_name":"MindBloom","floor":47,"gold_loss":0},{"damage_healed":0,"gold_gain":0,"player_choice":"Ignored","damage_taken":0,"max_hp_gain":0,"max_hp_loss":0,"event_name":"Tomb of Lord Red Mask","floor":48,"gold_loss":0}],"is_beta":false,"boss_relics":[{"not_picked":["Ectoplasm","SlaversCollar"],"picked":"Black Star"},{"not_picked":["Velvet Choker","Runic Dome"],"picked":"Philosopher\u0027s Stone"}],"items_purged_floors":[25,30,46,53],"is_endless":false,"potions_floor_spawned":[1,13,14,16,20,22,27,39,47],"killed_by":"The Heart","ascension_level":1}}