{"host":"kev6uqotw4tlyx8l","time":1609591151,"event":{"mods":["Act Like it!","Aspiration","BaseMod","Colored Powertips","Dota2Spire","Downfall","Hallownest","Infinite Spire","Marisa????????","Minty Spire (QoL Compilation)","Quick Restart","Remilia??????","Replay The Spire","StSLib","The Cursed","The Marked","The Mystic","The Servant 0.9.4"],"gold_per_floor":[116,116,137,151,167,198,211,211,238,238,238,258,258,283,283,402,402,415,428,428,442,442,442,442,442],"floor_reached":24,"playtime":781,"items_purged":["Decay"],"score":210,"play_id":"90d049cc-1d2d-499a-a271-3a2961e42899","local_time":"20210102193911","is_ascension_mode":true,"campfire_choices":[{"floor":8,"key":"REST"},{"floor":13,"key":"REST"},{"data":"theMarked:RogueSparks","floor":15,"key":"SMITH"},{"data":"infinitespire:NeuralNetwork","floor":23,"key":"SMITH"}],"circlet_count":0,"master_deck":["theMarked:Strike","theMarked:Strike","theMarked:Strike","theMarked:Strike","theMarked:Strike","theMarked:Defend","theMarked:Defend","theMarked:Defend","theMarked:Defend","theMarked:SoldierOfQuellstein+1","theMarked:RogueSparks+1","Injury","theMarked:EmpowerWeapon","theMarked:StartUp","theMarked:HeightenedSenses","theMarked:Static","theMarked:Aftermath","Injury","theMarked:EmpowerWeapon","theMarked:PowerFlow","theMarked:SuspiciousRaven","theMarked:ShockingTouch+1","theMarked:ChainLightning+1","theMarked:ElectricStrings+1","infinitespire:NeuralNetwork+1"],"relics":["theMarked:ArtifactOfAir","Golden Idol","Divine Protection","Centennial Puzzle","Molten Egg 2","Black Star","infinitespire:Beetle Shell","Darkstone Periapt"],"acts_visited":["Exordium","TheCity"],"potions_floor_usage":[7,12,16,19,21,24],"damage_taken":[{"damage":9,"enemies":"Small Slimes","floor":1,"turns":3},{"damage":11,"enemies":"Jaw Worm","floor":3,"turns":3},{"damage":2,"enemies":"2 Louse","floor":4,"turns":3},{"damage":25,"enemies":"Lots of Slimes","floor":5,"turns":4},{"damage":18,"enemies":"Replay:BlueRogue","floor":6,"turns":7},{"damage":2,"enemies":"Looter","floor":7,"turns":3},{"damage":5,"enemies":"Exordium Wildlife","floor":12,"turns":3},{"damage":0,"enemies":"2 Fungi Beasts","floor":14,"turns":3},{"damage":7,"enemies":"Slime Boss","floor":16,"turns":8},{"damage":16,"enemies":"Shell Parasite","floor":18,"turns":5},{"damage":4,"enemies":"Spheric Guardian","floor":19,"turns":3},{"damage":7,"enemies":"Snecko","floor":21,"turns":4},{"damage":59,"enemies":"Slavers","floor":24,"turns":6}],"seed_played":"1070040458503157071","potions_obtained":[{"floor":3,"key":"SteroidPotion"},{"floor":6,"key":"Dota2Spire:HealingSalve"},{"floor":7,"key":"Venom Potion"},{"floor":14,"key":"AttackPotion"},{"floor":16,"key":"PowerPotion"},{"floor":18,"key":"BlessingOfTheForge"},{"floor":19,"key":"Fire Potion"}],"is_trial":false,"path_per_floor":["M","?","M","M","M","E","M","R","T","?","?","M","R","M","R","B",null,"M","M","?","M","AVR","R","E"],"character_chosen":"THE_DEFAULT","items_purchased":[],"campfire_rested":2,"item_purchase_floors":[],"current_hp_per_floor":[61,61,50,48,23,5,9,30,30,30,30,25,46,46,46,39,70,54,50,50,43,43,43,0,0],"gold":442,"neow_bonus":"THREE_RARE_CARDS","is_daily":false,"chose_seed":false,"campfire_upgraded":2,"win_rate":0.0,"timestamp":1609591151,"path_taken":["M","?","M","M","M","E","M","R","T","?","?","?","R","M","R","BOSS","M","M","?","?","AVR","R","E"],"items_purchased_type":[],"build_version":"2020-12-22","purchased_purges":1,"victory":false,"max_hp_per_floor":[70,70,70,70,70,70,70,70,70,70,70,70,70,70,70,70,70,70,70,70,70,70,70,70,70],"card_choices":[{"not_picked":["theMarked:UnarmedFury","theMarked:TurnInvisible"],"picked":"theMarked:ThrowWeapon","floor":0},{"not_picked":["theMarked:Polarize","theMarked:ComboAttacks"],"picked":"theMarked:RogueSparks","floor":1},{"not_picked":["theMarked:Opportunist","theMarked:ElectricStrings"],"picked":"theMarked:EmpowerWeapon","floor":3},{"not_picked":["theMarked:WardOff","theMarked:ResourceFulStrike"],"picked":"theMarked:StartUp","floor":4},{"not_picked":["theMarked:TwofoldDefense","theMarked:BanishingStrike"],"picked":"theMarked:HeightenedSenses","floor":5},{"not_picked":["theMarked:WardOff","theMarked:UnarmedFury"],"picked":"theMarked:Static","floor":6},{"not_picked":["theMarked:SwordAndMagic","theMarked:Standoff"],"picked":"theMarked:Aftermath","floor":7},{"not_picked":["theMarked:Polarize","theMarked:ResourceFulStrike+1"],"picked":"theMarked:EmpowerWeapon","floor":12},{"not_picked":["theMarked:LightningStrikesTwice+1","theMarked:Static"],"picked":"theMarked:PowerFlow","floor":14},{"not_picked":["theMarked:MuscleMemory+1","theMarked:TakeOffHeels"],"picked":"theMarked:SuspiciousRaven","floor":16},{"not_picked":["theMarked:Aftermath+1","theMarked:TwofoldDefense+1"],"picked":"theMarked:ShockingTouch+1","floor":18},{"not_picked":["theMarked:TwofoldDefense","theMarked:BanishingStrike+1"],"picked":"theMarked:ChainLightning+1","floor":19},{"not_picked":["theMarked:LightningStrikesTwice+1","theMarked:Abjuration+1"],"picked":"theMarked:ElectricStrings+1","floor":21}],"player_experience":60177,"relics_obtained":[{"floor":6,"key":"Divine Protection"},{"floor":9,"key":"Centennial Puzzle"}],"event_choices":[{"damage_healed":0,"gold_gain":0,"player_choice":"Take Wound","damage_taken":0,"relics_obtained":["Golden Idol"],"max_hp_gain":0,"max_hp_loss":0,"event_name":"Golden Idol","floor":2,"gold_loss":0,"cards_obtained":["Injury"]},{"damage_healed":0,"gold_gain":0,"player_choice":"Upgraded","damage_taken":0,"max_hp_gain":0,"max_hp_loss":0,"event_name":"Upgrade Shrine","floor":11,"gold_loss":0,"cards_upgraded":["theMarked:SoldierOfQuellstein"]},{"cards_removed":["theMarked:ThrowWeapon"],"damage_healed":0,"gold_gain":0,"player_choice":"Gave Card","damage_taken":0,"relics_obtained":["infinitespire:Beetle Shell"],"max_hp_gain":0,"max_hp_loss":0,"event_name":"WeMeetAgain","floor":20,"gold_loss":0}],"is_beta":false,"boss_relics":[{"not_picked":["Abe\u0027s Treasure","Replay:Bronze Core"],"picked":"Black Star"}],"items_purged_floors":[22],"is_endless":false,"potions_floor_spawned":[3,6,7,14,16,18,19],"killed_by":"Slavers","ascension_level":1}}