{"host":"fjaupvxe7fzqrf4j","time":1609574721,"event":{"mods":["ATMod(°¢èªMod)","BaseMod","Minty Spire (QoL Compilation)","StSLib"],"gold_per_floor":[113,113,113,113,113,113,113,138,138,173,200,232,260,290,290,365,365,385,310,74,94,144,171,171,204,204,229,242,270,295,328,328,404,404,414,414,46,46,46,76,110,143,190,222,32,61,21,51,51,51,51,51,51,8,36,36],"floor_reached":57,"playtime":926,"items_purged":["Acrobatics","AT_WindFlip"],"score":4510,"play_id":"c6c92406-669c-41ef-b8d2-0ea2f1f293aa","local_time":"20210102160521","daily_mods":["SealedDeck","Heirloom","Time Dilation","Flight","Elite Swarm"],"is_ascension_mode":true,"campfire_choices":[{"data":"Terror","floor":6.0,"key":"SMITH"},{"data":"Acrobatics","floor":7.0,"key":"SMITH"},{"data":"AT_KingSlayer","floor":15.0,"key":"SMITH"},{"data":"Grand Finale","floor":24,"key":"SMITH"},{"floor":32,"key":"RECALL"},{"data":"Acrobatics","floor":49,"key":"SMITH"}],"circlet_count":0,"master_deck":["AscendersBane","Deflect+1","Terror+1","Acrobatics+1","Acrobatics+1","Eviscerate+1","Grand Finale+1","AT_KingSlayer+1","Master of Strategy+1","Well Laid Plans+1","Wraith Form v2+1","Blur+1","AT_KneejerkReflex+1"],"relics":["Ring of the Snake","AT_ATBox","Du-Vu Doll","AT_ImmortalShieldbow","AT_GoldPhoenixTree","Turnip","Anchor","Akabeko","Frozen Egg 2","Matryoshka","AT_SilvercatRing","WristBlade","PrismaticShard","Meat on the Bone","Letter Opener","Tiny Chest","Ornamental Fan","StrikeDummy","White Beast Statue","Coffee Dripper","Singing Bowl","Oddly Smooth Stone","Bottled Lightning","Paper Crane","Happy Flower","AT_LudenTempest","AT_BladeRuinedKing","AT_DeathDance","Darkstone Periapt","Whetstone","Bird Faced Urn"],"acts_visited":["Exordium","TheCity","TheBeyond","TheEnding"],"potions_floor_usage":[48,56,56],"damage_taken":[{"damage":0.0,"enemies":"Small Slimes","floor":1.0,"turns":1.0},{"damage":0.0,"enemies":"Gremlin Nob","floor":8.0,"turns":1.0},{"damage":0.0,"enemies":"Lagavulin","floor":10.0,"turns":1.0},{"damage":12.0,"enemies":"3 Sentries","floor":11.0,"turns":3.0},{"damage":0.0,"enemies":"Lagavulin","floor":12.0,"turns":1.0},{"damage":0.0,"enemies":"3 Sentries","floor":13.0,"turns":1.0},{"damage":0.0,"enemies":"Gremlin Nob","floor":14.0,"turns":1.0},{"damage":0.0,"enemies":"The Guardian","floor":16.0,"turns":2.0},{"damage":0.0,"enemies":"Chosen","floor":18.0,"turns":1.0},{"damage":0,"enemies":"3 Byrds","floor":21,"turns":1},{"damage":0,"enemies":"Gremlin Leader","floor":23,"turns":1},{"damage":0,"enemies":"Book of Stabbing","floor":25,"turns":1},{"damage":0,"enemies":"Slavers","floor":27,"turns":1},{"damage":0,"enemies":"Cultist and Chosen","floor":28,"turns":1},{"damage":0,"enemies":"Book of Stabbing","floor":29,"turns":1},{"damage":0,"enemies":"Slavers","floor":30,"turns":1},{"damage":0,"enemies":"Book of Stabbing","floor":31,"turns":1},{"damage":0,"enemies":"Collector","floor":33,"turns":1},{"damage":0,"enemies":"3 Shapes","floor":35,"turns":1},{"damage":0,"enemies":"Reptomancer","floor":40,"turns":1},{"damage":0,"enemies":"Nemesis","floor":41,"turns":1},{"damage":0,"enemies":"Reptomancer","floor":42,"turns":1},{"damage":0,"enemies":"Nemesis","floor":44,"turns":1},{"damage":0,"enemies":"Giant Head","floor":46,"turns":1},{"damage":0,"enemies":"Reptomancer","floor":48,"turns":1},{"damage":0,"enemies":"Donu and Deca","floor":50,"turns":1},{"damage":0,"enemies":"Awakened One","floor":51,"turns":2},{"damage":0,"enemies":"Shield and Spear","floor":55,"turns":1},{"damage":0,"enemies":"The Heart","floor":56,"turns":4}],"seed_played":"-5785551334429788696","potions_obtained":[{"floor":28,"key":"SteroidPotion"},{"floor":31,"key":"Strength Potion"},{"floor":41,"key":"GhostInAJar"},{"floor":47,"key":"EntropicBrew"},{"floor":48,"key":"LiquidMemories"}],"is_trial":true,"path_per_floor":["M","?","$","?","?","R","R","E","T","E","E","E","E","E","R","B",null,"M","?","$","M","?","E","R","E","T","E","M","E","E","E","R","B",null,"M","?","$","?","T","E","E","E","T","E","$","E","?","E","R","B","B",null,"R","$","E","B",null],"character_chosen":"THE_SILENT","items_purchased":["PrismaticShard","Well Laid Plans+1","Singing Bowl","Blur","AT_KneejerkReflex+1"],"campfire_rested":0,"item_purchase_floors":[20,37,37,45,54],"current_hp_per_floor":[59,52,52,41,46,46,46,46,46,46,34,34,34,34,34,34,62,62,62,62,62,62,62,62,62,62,62,62,62,62,62,62,62,69,69,69,69,67,67,69,71,73,73,73,73,75,75,77,77,77,77,77,77,77,79,79],"gold":36,"neow_bonus":"","is_daily":false,"chose_seed":false,"campfire_upgraded":5,"win_rate":0.0,"timestamp":1609574721,"path_taken":["M","?","$","?","?","R","R","E","T","E","E","E","E","E","R","BOSS","M","?","$","M","?","E","R","E","T","E","?","E","E","E","R","BOSS","M","?","$","?","?","E","E","E","T","E","$","E","?","E","R","BOSS","BOSS","R","$","E","BOSS"],"items_purchased_type":["Relic","Card","Relic","Card","Card"],"build_version":"2020-12-22","purchased_purges":2,"victory":true,"max_hp_per_floor":[66,66,66,66,71,71,71,71,71,71,71,71,71,71,71,71,71,71,71,71,71,71,71,71,71,71,71,71,71,71,71,71,71,71,71,71,71,67,67,69,71,73,73,73,73,75,75,77,77,77,77,77,77,77,79,79],"card_choices":[{"not_picked":["PiercingWail","Dodge and Roll","AT_FocusSwordFire"],"picked":"SKIP","floor":1.0},{"not_picked":["Bullet Time","Unload","Phantasmal Killer"],"picked":"SKIP","floor":8.0},{"not_picked":["Tools of the Trade","Envenom","Phantasmal Killer"],"picked":"SKIP","floor":10.0},{"not_picked":["Corpse Explosion","Phantasmal Killer"],"picked":"Grand Finale","floor":11.0},{"not_picked":["Doppelganger","Phantasmal Killer","Envenom+1"],"picked":"SKIP","floor":12.0},{"not_picked":["Venomology","A Thousand Cuts+1"],"picked":"AT_KingSlayer","floor":13.0},{"not_picked":["AT_MyraUnstableElement","Phantasmal Killer","Bullet Time"],"picked":"SKIP","floor":14.0},{"not_picked":["Sucker Punch","AT_TwilightShroud+1","Footwork+1"],"picked":"SKIP","floor":18.0},{"not_picked":["Perfected Strike","FollowUp","Havoc+1"],"picked":"SKIP","floor":21},{"not_picked":["Secret Weapon","AT_Dispersion+1","LessonLearned"],"picked":"SKIP","floor":23},{"not_picked":["Magnetism+1","Grand Finale","Sadistic Nature+1"],"picked":"SKIP","floor":25},{"not_picked":["Magnetism+1","Grand Finale","Sadistic Nature+1"],"picked":"SKIP","floor":25},{"not_picked":["The Bomb","Metamorphosis","Storm of Steel"],"picked":"SKIP","floor":27},{"not_picked":["Good Instincts","Hello World+1","JustLucky"],"picked":"SKIP","floor":28},{"not_picked":["Fiend Fire","HandOfGreed","Sadistic Nature+1"],"picked":"SKIP","floor":29},{"not_picked":["Metamorphosis","Secret Weapon"],"picked":"Master of Strategy","floor":30},{"not_picked":["Meteor Strike","Fiend Fire","Fission"],"picked":"SKIP","floor":31},{"not_picked":["SashWhip","Bouncing Flask","Flying Knee"],"picked":"SKIP","floor":35},{"not_picked":["Phantasmal Killer","MasterReality+1","Amplify"],"picked":"Singing Bowl","floor":40},{"not_picked":["Ragnarok","Limit Break","Exhume"],"picked":"Singing Bowl","floor":41},{"not_picked":["A Thousand Cuts+1","AT_WaterDrop+1","Adrenaline"],"picked":"Singing Bowl","floor":42},{"not_picked":["Doppelganger","DeusExMachina"],"picked":"Wraith Form v2+1","floor":44},{"not_picked":["Establishment+1","Night Terror","Vault"],"picked":"Singing Bowl","floor":46},{"not_picked":["Electrodynamics+1","Establishment+1","Immolate"],"picked":"Singing Bowl","floor":48},{"not_picked":["Master of Strategy","Secret Technique","Unload"],"picked":"Singing Bowl","floor":55}],"player_experience":327742,"relics_obtained":[{"floor":8.0,"key":"AT_GoldPhoenixTree"},{"floor":9.0,"key":"Turnip"},{"floor":10.0,"key":"Anchor"},{"floor":11.0,"key":"Akabeko"},{"floor":12.0,"key":"Frozen Egg 2"},{"floor":13.0,"key":"Matryoshka"},{"floor":14.0,"key":"AT_SilvercatRing"},{"floor":23,"key":"Meat on the Bone"},{"floor":26,"key":"Letter Opener"},{"floor":27,"key":"Tiny Chest"},{"floor":29,"key":"Ornamental Fan"},{"floor":30,"key":"StrikeDummy"},{"floor":31,"key":"White Beast Statue"},{"floor":39,"key":"Oddly Smooth Stone"},{"floor":39,"key":"Bottled Lightning"},{"floor":40,"key":"Paper Crane"},{"floor":41,"key":"Happy Flower"},{"floor":42,"key":"AT_LudenTempest"},{"floor":43,"key":"AT_BladeRuinedKing"},{"floor":44,"key":"AT_DeathDance"},{"floor":46,"key":"Darkstone Periapt"},{"floor":48,"key":"Whetstone"},{"floor":55,"key":"Bird Faced Urn"}],"event_choices":[{"cards_removed":["AT_WindFlip"],"damage_healed":0.0,"max_hp_gain":0.0,"max_hp_loss":0.0,"gold_gain":0.0,"event_name":"Golden Wing","player_choice":"Card Removal","floor":2.0,"gold_loss":0.0,"damage_taken":7.0},{"damage_healed":0.0,"max_hp_gain":0.0,"max_hp_loss":0.0,"gold_gain":0.0,"event_name":"Scrap Ooze","player_choice":"Success","floor":4.0,"gold_loss":0.0,"damage_taken":11.0,"relics_obtained":["AT_ImmortalShieldbow"]},{"damage_healed":0.0,"max_hp_gain":5.0,"max_hp_loss":0.0,"gold_gain":0.0,"event_name":"Big Fish","player_choice":"Donut","floor":5.0,"gold_loss":0.0,"damage_taken":0.0},{"cards_removed":["Underhanded Strike"],"damage_healed":0.0,"max_hp_gain":0.0,"max_hp_loss":0.0,"gold_gain":0.0,"event_name":"Beggar","player_choice":"Gave Gold","floor":19.0,"gold_loss":75.0,"damage_taken":0.0},{"damage_healed":0,"gold_gain":50,"player_choice":"Stole From Cult","damage_taken":0,"max_hp_gain":0,"max_hp_loss":0,"event_name":"Nest","floor":22,"gold_loss":0},{"cards_removed":["Underhanded Strike"],"damage_healed":0,"gold_gain":0,"player_choice":"Removed Attack","damage_taken":0,"max_hp_gain":0,"max_hp_loss":0,"event_name":"Falling","floor":36,"gold_loss":0},{"damage_healed":0,"gold_gain":0,"player_choice":"Max HP","damage_taken":0,"max_hp_gain":0,"max_hp_loss":4,"event_name":"Winding Halls","floor":38,"gold_loss":0},{"damage_healed":0,"gold_gain":0,"player_choice":"Bought 3 Potions","damage_taken":0,"max_hp_gain":0,"max_hp_loss":0,"event_name":"The Woman in Blue","floor":47,"gold_loss":0}],"is_beta":false,"boss_relics":[{"not_picked":["Ectoplasm","Cursed Key"],"picked":"WristBlade"},{"not_picked":["Fusion Hammer","Velvet Choker"],"picked":"Coffee Dripper"}],"items_purged_floors":[20,45],"is_endless":false,"potions_floor_spawned":[11,13,14,23,25,28,31,33,35,40,41,42,44,46,48,55],"ascension_level":20}}