{"host":"7o30bgpqouqblh42","time":1609554830,"event":{"mods":["AchievementEnabler","Aspiration","BaseMod","Colored Map","Downfall","Highlight Path","Minty Spire (QoL Compilation)","StSLib","SuperFastMode"],"gold_per_floor":[109,109,109,132,132,132,307,307,388,61,79,79,150,188,188,308,308,327,426,136,136,60,95,95,118,170,170,203,203,219,242,242,370,370,391,414,433,708,729,729,729,729,729,455,455,476,26,0,0,0,0],"floor_reached":50,"playtime":2566,"items_purged":["Strike_P","Doubt","Defend_P","Defend_P"],"score":524,"play_id":"c6128fc5-2b3f-43ef-90a7-b3b8ceafb15b","local_time":"20210101213350","is_ascension_mode":false,"campfire_choices":[{"data":"WindmillStrike","floor":6,"key":"SMITH"},{"data":"Pray","floor":8,"key":"SMITH"},{"data":"SandsOfTime","floor":12,"key":"SMITH"},{"floor":15,"key":"REST"},{"floor":24,"key":"REST"},{"floor":27,"key":"REST"},{"floor":29,"key":"REST"},{"floor":32,"key":"REST"},{"floor":40,"key":"REST"},{"floor":42,"key":"RECALL"},{"data":"Establishment","floor":49,"key":"SMITH"}],"circlet_count":0,"master_deck":["Strike_P","Strike_P","Strike_P","Defend_P","Defend_P+1","Eruption","Vigilance+1","Prostrate","WindmillStrike+1","Pray+1","Injury","Swivel+1","SandsOfTime+1","Tantrum","ConjureBlade+1","Ragnarok+1","SandsOfTime","Pray+1","ConjureBlade+1","Wallop","Devotion","ForeignInfluence+1","Swivel+1","Blasphemy+1","Alpha+1","CurseOfTheBell","Worship+1","Alpha+1","Regret","Establishment+1"],"relics":["Sozu","Golden Idol","Toxic Egg 2","Blue Candle","Damaru","War Paint","Velvet Choker","Vajra","Dream Catcher","Bag of Preparation","aspiration:FrozenJewel","Calling Bell","Potion Belt","Mango","aspiration:SeaSaltIceCream","NeowsBlessing","HandDrill","Anchor","Red Mask"],"acts_visited":["Exordium","TheCity","TheBeyond"],"potions_floor_usage":[],"damage_taken":[{"damage":5,"enemies":"2 Louse","floor":1,"turns":2},{"damage":0,"enemies":"Jaw Worm","floor":4,"turns":2},{"damage":2,"enemies":"Cultist","floor":11,"turns":4},{"damage":17,"enemies":"Gremlin Nob","floor":14,"turns":4},{"damage":26,"enemies":"Hexaghost","floor":16,"turns":6},{"damage":23,"enemies":"3 Byrds","floor":18,"turns":5},{"damage":29,"enemies":"Slavers","floor":23,"turns":3},{"damage":19,"enemies":"2 Thieves","floor":25,"turns":3},{"damage":19,"enemies":"Gremlin Leader","floor":28,"turns":4},{"damage":0,"enemies":"Sentry and Sphere","floor":30,"turns":3},{"damage":3,"enemies":"Centurion and Healer","floor":31,"turns":4},{"damage":20,"enemies":"Champ","floor":33,"turns":4},{"damage":0,"enemies":"3 Darklings","floor":35,"turns":1},{"damage":0,"enemies":"Orb Walker","floor":36,"turns":1},{"damage":5,"enemies":"4 Shapes","floor":37,"turns":2},{"damage":44,"enemies":"Jaw Worm Horde","floor":39,"turns":5},{"damage":13,"enemies":"Maw","floor":46,"turns":5},{"damage":81,"enemies":"Awakened One","floor":50,"turns":8}],"seed_played":"-4612986826925149858","potions_obtained":[],"is_trial":false,"path_per_floor":["M","?","?","M","?","R","?","R","T","$","M","R","?","E","R","B",null,"M","?","$","?","$","E","R","M","T","R","E","R","M","M","R","B",null,"M","M","M","?","M","R","?","R","T","$","?","M","$","?","R","B"],"character_chosen":"WATCHER","items_purchased":["Damaru","Swivel+1","SandsOfTime","Vajra","Pray+1","Wallop","HandDrill","Anchor","Establishment"],"campfire_rested":6,"item_purchase_floors":[10,10,10,20,20,22,44,47,47],"current_hp_per_floor":[67,49,49,49,49,49,49,49,49,49,47,47,47,30,51,25,72,49,49,49,49,49,20,41,22,22,43,24,45,45,42,63,43,86,86,86,81,81,37,62,71,71,71,71,71,58,58,58,58,0,0],"gold":0,"neow_bonus":"BOSS_RELIC","is_daily":false,"chose_seed":false,"campfire_upgraded":4,"win_rate":0.0,"timestamp":1609554830,"path_taken":["M","?","?","?","?","R","?","R","T","?","M","R","?","E","R","BOSS","M","?","$","?","$","E","R","M","T","R","E","R","?","M","R","BOSS","M","M","M","?","?","R","?","R","T","$","?","?","?","?","R","BOSS"],"items_purchased_type":["Relic","Card","Card","Relic","Card","Card","Relic","Relic","Card"],"build_version":"2020-12-22","purchased_purges":4,"victory":false,"max_hp_per_floor":[72,72,72,72,72,72,72,72,72,72,72,72,72,72,72,72,72,72,72,72,72,72,72,72,72,72,72,72,72,72,72,72,72,86,86,86,86,86,86,86,86,86,86,86,86,86,86,86,86,86,86],"card_choices":[{"not_picked":["CutThroughFate","Sanctity"],"picked":"Prostrate","floor":1},{"not_picked":["CutThroughFate","Adaptation"],"picked":"Pray","floor":4},{"not_picked":["Tantrum","JustLucky","TalkToTheHand"],"picked":"SKIP","floor":11},{"not_picked":["JustLucky","TalkToTheHand"],"picked":"Tantrum","floor":11},{"not_picked":["CutThroughFate","LikeWater"],"picked":"ConjureBlade+1","floor":14},{"not_picked":["LessonLearned","ConjureBlade+1"],"picked":"Ragnarok","floor":16},{"not_picked":["FlyingSleeves","Halt+1"],"picked":"SandsOfTime","floor":18},{"not_picked":["Vengeance+1","WheelKick","EmptyFist"],"picked":"SKIP","floor":23},{"not_picked":["JustLucky","Halt+1","SandsOfTime+1"],"picked":"SKIP","floor":25},{"not_picked":["Meditate+1","Adaptation+1"],"picked":"Devotion","floor":27},{"not_picked":["FollowUp","CrushJoints+1","Pray+1"],"picked":"SKIP","floor":28},{"not_picked":["EmptyFist+1","LikeWater"],"picked":"ForeignInfluence+1","floor":29},{"not_picked":["Consecrate","Sanctity+1"],"picked":"Swivel+1","floor":30},{"not_picked":["FollowUp+1","WreathOfFlame+1","ClearTheMind+1"],"picked":"SKIP","floor":31},{"not_picked":["Conclude","FollowUp+1"],"picked":"Blasphemy+1","floor":32},{"not_picked":["Judgement+1","Ragnarok"],"picked":"Alpha+1","floor":33},{"not_picked":["WheelKick+1","SandsOfTime","Halt+1"],"picked":"SKIP","floor":35},{"not_picked":["MentalFortress","FollowUp+1"],"picked":"Worship+1","floor":36},{"not_picked":["CrushJoints","WheelKick+1"],"picked":"Alpha+1","floor":37},{"not_picked":["EmptyFist","MentalFortress+1","FlurryOfBlows+1"],"picked":"SKIP","floor":39},{"not_picked":["Evaluate+1","ClearTheMind+1","CutThroughFate"],"picked":"SKIP","floor":46}],"player_experience":221086,"relics_obtained":[{"floor":9,"key":"Blue Candle"},{"floor":14,"key":"War Paint"},{"floor":23,"key":"Dream Catcher"},{"floor":26,"key":"Bag of Preparation"},{"floor":28,"key":"aspiration:FrozenJewel"},{"floor":34,"key":"Potion Belt"},{"floor":34,"key":"Mango"},{"floor":34,"key":"aspiration:SeaSaltIceCream"}],"event_choices":[{"damage_healed":0,"gold_gain":0,"player_choice":"Take Damage","damage_taken":18,"relics_obtained":["Golden Idol"],"max_hp_gain":0,"max_hp_loss":0,"event_name":"Golden Idol","floor":2,"gold_loss":0},{"damage_healed":0,"gold_gain":0,"player_choice":"1 cards matched","damage_taken":0,"max_hp_gain":0,"max_hp_loss":0,"event_name":"Match and Keep!","floor":3,"gold_loss":0,"cards_obtained":["WindmillStrike"]},{"damage_healed":0,"gold_gain":175,"player_choice":"AGREE","damage_taken":0,"max_hp_gain":0,"max_hp_loss":0,"event_name":"Liars Game","floor":7,"gold_loss":0,"cards_obtained":["Doubt"]},{"damage_healed":0,"gold_gain":71,"player_choice":"Gained Gold","damage_taken":0,"max_hp_gain":0,"max_hp_loss":0,"event_name":"Golden Wing","floor":13,"gold_loss":0},{"damage_healed":0,"gold_gain":99,"player_choice":"Stole From Cult","damage_taken":0,"max_hp_gain":0,"max_hp_loss":0,"event_name":"Nest","floor":19,"gold_loss":0},{"damage_healed":0,"gold_gain":0,"player_choice":"Copied","damage_taken":0,"max_hp_gain":0,"max_hp_loss":0,"event_name":"Duplicator","floor":21,"gold_loss":0,"cards_obtained":["ConjureBlade"]},{"damage_healed":0,"gold_gain":275,"player_choice":"Desecrate","damage_taken":0,"max_hp_gain":0,"max_hp_loss":0,"event_name":"Golden Shrine","floor":38,"gold_loss":0,"cards_obtained":["Regret"]},{"damage_healed":0,"gold_gain":0,"player_choice":"Forge","damage_taken":0,"max_hp_gain":0,"max_hp_loss":0,"event_name":"Accursed Blacksmith","floor":45,"gold_loss":0,"cards_upgraded":["Ragnarok"]},{"damage_healed":0,"gold_gain":0,"player_choice":"Paid","damage_taken":0,"relics_obtained":["Red Mask"],"max_hp_gain":0,"max_hp_loss":0,"event_name":"Tomb of Lord Red Mask","floor":48,"gold_loss":26}],"is_beta":false,"boss_relics":[{"not_picked":["aspiration:PoetsPen_weak","Ectoplasm"],"picked":"Velvet Choker"},{"not_picked":["Runic Pyramid","aspiration:SecretTechniqueScroll"],"picked":"Calling Bell"}],"items_purged_floors":[10,20,44,47],"is_endless":false,"potions_floor_spawned":[4,11,14,18,25,30,39],"killed_by":"Awakened One","ascension_level":0}}