{"host":"sav7uxregyirlf69","time":1609554191,"event":{"mods":["AchievementEnabler","BaseMod","Colored Map","DeckTracker","Keyboard Shortcuts","Minty Spire (QoL Compilation)","READ ME - Guardian Mod","StSLib","SuperFastMode"],"gold_per_floor":[111,125,125,85,100,128,128,128,128],"floor_reached":8,"playtime":172,"items_purged":[],"score":112,"play_id":"be808991-2d6b-4a9d-9212-6fcd540ccc3a","local_time":"20210102112311","is_ascension_mode":true,"campfire_choices":[{"data":"Evolve","floor":7,"key":"SMITH"}],"circlet_count":0,"master_deck":["AscendersBane","Strike_R","Strike_R","Strike_R","Strike_R","Defend_R","Defend_R","Defend_R","Defend_R","Bash","Evolve+1","Shrug It Off","Power Through"],"relics":["Burning Blood","NeowsBlessing","Happy Flower"],"acts_visited":["Exordium"],"potions_floor_usage":[8],"damage_taken":[{"damage":0,"enemies":"Jaw Worm","floor":1,"turns":1},{"damage":0,"enemies":"2 Louse","floor":2,"turns":1},{"damage":0,"enemies":"Cultist","floor":5,"turns":1},{"damage":29,"enemies":"3 Sentries","floor":6,"turns":16},{"damage":42,"enemies":"Lagavulin","floor":8,"turns":10}],"seed_played":"-7602156019258840666","potions_obtained":[{"floor":2,"key":"PowerPotion"},{"floor":4,"key":"Explosive Potion"},{"floor":4,"key":"Strength Potion"}],"is_trial":false,"path_per_floor":["M","M","?","?","M","E","R","E"],"character_chosen":"IRONCLAD","items_purchased":[],"campfire_rested":0,"item_purchase_floors":[],"current_hp_per_floor":[74,75,68,68,74,51,51,9,9],"gold":128,"neow_bonus":"THREE_ENEMY_KILL","is_daily":false,"chose_seed":false,"campfire_upgraded":1,"win_rate":0.0,"timestamp":1609554191,"path_taken":["M","M","?","?","?","E","R","E"],"items_purchased_type":[],"build_version":"2020-12-22","purchased_purges":0,"victory":false,"max_hp_per_floor":[75,75,75,75,75,75,75,75,75],"card_choices":[{"not_picked":["True Grit","Blood for Blood"],"picked":"Evolve","floor":1},{"not_picked":["Cleave","Pommel Strike"],"picked":"Shrug It Off","floor":2},{"not_picked":["Dropkick","Barricade"],"picked":"Power Through","floor":5},{"not_picked":["Double Tap","Spot Weakness","Headbutt"],"picked":"SKIP","floor":6}],"player_experience":1105231,"relics_obtained":[{"floor":6,"key":"Happy Flower"}],"event_choices":[{"cards_removed":["Strike_R"],"damage_healed":0,"gold_gain":0,"player_choice":"Card Removal","damage_taken":7,"max_hp_gain":0,"max_hp_loss":0,"event_name":"Golden Wing","floor":3,"gold_loss":0},{"damage_healed":0,"gold_gain":0,"player_choice":"Bought 3 Potions","damage_taken":0,"max_hp_gain":0,"max_hp_loss":0,"event_name":"The Woman in Blue","floor":4,"gold_loss":0}],"is_beta":false,"boss_relics":[],"items_purged_floors":[],"is_endless":false,"potions_floor_spawned":[2],"killed_by":"Lagavulin","ascension_level":20}}