{"host":"wshh0nphwn6jv7vj","time":1609630903,"event":{"mods":["BaseMod","Bestiary","Minty Spire (QoL Compilation)"],"gold_per_floor":[17,17,17,28,78,103,103,137,182,193,206,206,237,250,250,326,326,342,53,105,132,142,169,219,246,273,273,285,13,29,29,29,108,108,126,126,146,162,37,37,72,91,114,125,125,125,125,139,139,139,139,139,14,41,41],"floor_reached":56,"playtime":3529,"items_purged":["Strike_R","Strike_R","Hemokinesis+1"],"score":1984,"play_id":"8be89fa3-392f-4bbc-9168-e61b4e029877","local_time":"20210102184143","is_ascension_mode":true,"campfire_choices":[{"floor":7.0,"key":"REST"},{"floor":12.0,"key":"REST"},{"data":"Disarm","floor":15.0,"key":"SMITH"},{"floor":27.0,"key":"REST"},{"floor":32.0,"key":"REST"},{"floor":40.0,"key":"RECALL"},{"floor":45.0,"key":"REST"},{"floor":49.0,"key":"REST"},{"floor":52,"key":"REST"}],"circlet_count":0,"master_deck":["AscendersBane","Defend_R+1","Bash","Headbutt","Warcry+1","Carnage","Disarm+1","Sword Boomerang","Reaper","Flame Barrier","Corruption+1","True Grit+1","Rampage+1","Juggernaut+1","Sword Boomerang+1","Metallicize+1","Battle Trance","Demon Form+1","Uppercut+1","Feed+1","Power Through+1","Carnage+1","Evolve+1","Metallicize+1","Dark Embrace+1","True Grit","Sword Boomerang+1","Seeing Red","Pommel Strike+1","Thinking Ahead","Purity","Purity","Dark Embrace+1","Reaper+1"],"relics":["Burning Blood","Tiny Chest","Matryoshka","Frozen Egg 2","Bag of Marbles","Mercury Hourglass","Fusion Hammer","Orichalcum","Molten Egg 2","Centennial Puzzle","Red Mask","Art of War","Happy Flower","War Paint","OrangePellets","Kunai","Astrolabe","Bottled Lightning","Mummified Hand","Strawberry"],"acts_visited":["Exordium","TheCity","TheBeyond","TheEnding"],"potions_floor_usage":[50,50,50],"damage_taken":[{"damage":7.0,"enemies":"Jaw Worm","floor":1.0,"turns":5.0},{"damage":8.0,"enemies":"Small Slimes","floor":4.0,"turns":4.0},{"damage":40.0,"enemies":"3 Sentries","floor":6.0,"turns":9.0},{"damage":35.0,"enemies":"Lagavulin","floor":8.0,"turns":7.0},{"damage":7.0,"enemies":"2 Louse","floor":10.0,"turns":2.0},{"damage":9.0,"enemies":"Lots of Slimes","floor":11.0,"turns":5.0},{"damage":42.0,"enemies":"3 Sentries","floor":13.0,"turns":7.0},{"damage":5.0,"enemies":"2 Fungi Beasts","floor":14.0,"turns":3.0},{"damage":22.0,"enemies":"Hexaghost","floor":16.0,"turns":11.0},{"damage":16.0,"enemies":"Spheric Guardian","floor":18.0,"turns":4.0},{"damage":31.0,"enemies":"Masked Bandits","floor":21.0,"turns":5.0},{"damage":6.0,"enemies":"3 Byrds","floor":22.0,"turns":3.0},{"damage":14.0,"enemies":"Slavers","floor":23.0,"turns":5.0},{"damage":25.0,"enemies":"Book of Stabbing","floor":25.0,"turns":5.0},{"damage":10.0,"enemies":"Snecko","floor":28.0,"turns":3.0},{"damage":14.0,"enemies":"Shelled Parasite and Fungi","floor":30.0,"turns":4.0},{"damage":36.0,"enemies":"Champ","floor":33.0,"turns":10.0},{"damage":2.0,"enemies":"Orb Walker","floor":35.0,"turns":3.0},{"damage":13.0,"enemies":"3 Shapes","floor":37.0,"turns":4.0},{"damage":23.0,"enemies":"Jaw Worm Horde","floor":38.0,"turns":6.0},{"damage":35.0,"enemies":"Reptomancer","floor":41.0,"turns":6.0},{"damage":31.0,"enemies":"3 Darklings","floor":42.0,"turns":5.0},{"damage":2.0,"enemies":"Transient","floor":44.0,"turns":6.0},{"damage":36.0,"enemies":"Jaw Worm Horde","floor":48.0,"turns":4.0},{"damage":36,"enemies":"Time Eater","floor":50,"turns":8},{"damage":24,"enemies":"Shield and Spear","floor":54,"turns":6},{"damage":123,"enemies":"The Heart","floor":55,"turns":7}],"seed_played":"-5966492768895142525","potions_obtained":[{"floor":10.0,"key":"Block Potion"},{"floor":13.0,"key":"Strength Potion"},{"floor":14.0,"key":"HeartOfIron"},{"floor":16.0,"key":"Fire Potion"},{"floor":23.0,"key":"EssenceOfSteel"},{"floor":30.0,"key":"Ancient Potion"},{"floor":33.0,"key":"Block Potion"},{"floor":42.0,"key":"Strength Potion"},{"floor":44.0,"key":"EntropicBrew"}],"is_trial":false,"path_per_floor":["M","?","?","M","?","E","R","E","T","M","M","R","E","M","R","B",null,"M","$","T","?","M","E","?","E","T","R","M","$","M","T","R","B",null,"M","?","M","M","$","R","E","M","T","M","R","?","T","M","R","B",null,"R","$","E","B",null],"character_chosen":"IRONCLAD","items_purchased":["Orichalcum","True Grit","OrangePellets","Dark Embrace+1","True Grit"],"campfire_rested":7,"item_purchase_floors":[19,19,29,39,39],"current_hp_per_floor":[67,67,72,70,70,36,60,31,31,30,27,51,15,28,28,18,65,55,55,55,38,47,51,51,32,32,56,52,52,44,44,68,44,71,80,80,77,64,64,64,53,36,36,46,73,63,63,45,72,48,81,92,92,81,18],"gold":41,"neow_bonus":"REMOVE_TWO","is_daily":false,"chose_seed":false,"campfire_upgraded":1,"win_rate":0.0,"timestamp":1609630903,"path_taken":["M","?","?","M","?","E","R","E","T","M","M","R","E","M","R","BOSS","M","$","?","?","M","E","?","E","T","R","M","$","M","?","R","BOSS","M","?","?","M","$","R","E","M","T","M","R","?","?","M","R","BOSS","R","$","E","BOSS"],"items_purchased_type":["Relic","Card","Relic","Card","Card"],"build_version":"2020-12-22","purchased_purges":3,"victory":true,"max_hp_per_floor":[75,75,80,80,80,80,80,80,80,80,80,80,80,80,80,80,80,80,80,80,80,80,80,80,80,80,80,80,80,80,80,80,80,80,80,80,84,88,88,88,92,92,92,92,92,92,92,92,92,92,92,92,92,99,99],"card_choices":[{"not_picked":["Shrug It Off","Heavy Blade"],"picked":"Headbutt","floor":1.0},{"not_picked":["True Grit","Combust"],"picked":"Carnage","floor":4.0},{"not_picked":["Heavy Blade","Intimidate"],"picked":"Disarm","floor":6.0},{"not_picked":["Juggernaut","Wild Strike","Evolve"],"picked":"SKIP","floor":8.0},{"not_picked":["Body Slam","Entrench"],"picked":"Sword Boomerang","floor":10.0},{"not_picked":["Havoc","Wild Strike","Warcry"],"picked":"SKIP","floor":11.0},{"not_picked":["Heavy Blade","Wild Strike"],"picked":"Reaper","floor":13.0},{"not_picked":["Burning Pact","Flex"],"picked":"Flame Barrier","floor":14.0},{"not_picked":["Reaper","Impervious"],"picked":"Corruption+1","floor":16.0},{"not_picked":["Bloodletting","Wild Strike","Havoc"],"picked":"SKIP","floor":18.0},{"not_picked":["Combust+1","Headbutt+1"],"picked":"Hemokinesis+1","floor":21.0},{"not_picked":["Perfected Strike+1","Sever Soul+1"],"picked":"Rampage+1","floor":22.0},{"not_picked":["Ghostly Armor","Hemokinesis+1"],"picked":"Juggernaut+1","floor":23.0},{"not_picked":["Fire Breathing+1","Warcry"],"picked":"Sword Boomerang+1","floor":25.0},{"not_picked":["Warcry","Heavy Blade+1"],"picked":"Metallicize+1","floor":28.0},{"not_picked":["Uppercut+1","Disarm"],"picked":"Battle Trance","floor":30.0},{"not_picked":["Brutality+1","Exhume"],"picked":"Demon Form+1","floor":33.0},{"not_picked":["Twin Strike+1","Shrug It Off"],"picked":"Carnage+1","floor":35.0},{"not_picked":["Heavy Blade+1","Headbutt+1"],"picked":"Evolve+1","floor":37.0},{"not_picked":["Clothesline+1","True Grit+1"],"picked":"Metallicize+1","floor":38.0},{"not_picked":["Searing Blow+1","Havoc+1"],"picked":"Sword Boomerang+1","floor":41.0},{"not_picked":["Warcry","Uppercut+1"],"picked":"Seeing Red","floor":42.0},{"not_picked":["Pummel+1","Demon Form+1"],"picked":"Pommel Strike+1","floor":44.0},{"not_picked":["Blind","PanicButton"],"picked":"Thinking Ahead","floor":46.0},{"not_picked":["Mind Blast+1","Swift Strike+1"],"picked":"Purity","floor":46.0},{"not_picked":["Swift Strike+1","Trip"],"picked":"Purity","floor":46.0},{"not_picked":["Havoc","Heavy Blade+1"],"picked":"Dark Embrace+1","floor":48.0},{"not_picked":["Power Through","Intimidate"],"picked":"Reaper+1","floor":54}],"player_experience":1535577,"relics_obtained":[{"floor":6.0,"key":"Tiny Chest"},{"floor":8.0,"key":"Matryoshka"},{"floor":9.0,"key":"Frozen Egg 2"},{"floor":9.0,"key":"Bag of Marbles"},{"floor":13.0,"key":"Mercury Hourglass"},{"floor":20.0,"key":"Molten Egg 2"},{"floor":20.0,"key":"Centennial Puzzle"},{"floor":21.0,"key":"Red Mask"},{"floor":23.0,"key":"Art of War"},{"floor":25.0,"key":"Happy Flower"},{"floor":26.0,"key":"War Paint"},{"floor":31.0,"key":"Kunai"},{"floor":41.0,"key":"Bottled Lightning"},{"floor":47.0,"key":"Mummified Hand"},{"floor":54,"key":"Strawberry"}],"event_choices":[{"damage_healed":0.0,"max_hp_gain":0.0,"max_hp_loss":0.0,"gold_gain":0.0,"cards_transformed":["Strike_R"],"event_name":"Living Wall","player_choice":"Change","floor":2.0,"gold_loss":0.0,"damage_taken":0.0,"cards_obtained":["Warcry"]},{"damage_healed":0.0,"max_hp_gain":5.0,"max_hp_loss":0.0,"gold_gain":0.0,"event_name":"Big Fish","player_choice":"Donut","floor":3.0,"gold_loss":0.0,"damage_taken":0.0},{"damage_healed":0.0,"max_hp_gain":0.0,"max_hp_loss":0.0,"gold_gain":50.0,"event_name":"Golden Shrine","player_choice":"Pray","floor":5.0,"gold_loss":0.0,"damage_taken":0.0},{"damage_healed":0.0,"max_hp_gain":0.0,"max_hp_loss":0.0,"gold_gain":0.0,"event_name":"Masked Bandits","player_choice":"Fought Bandits","floor":21.0,"gold_loss":0.0,"damage_taken":0.0},{"damage_healed":0.0,"max_hp_gain":0.0,"max_hp_loss":0.0,"gold_gain":100.0,"event_name":"The Joust","player_choice":"Bet on Murderer","floor":24.0,"gold_loss":50.0,"damage_taken":0.0},{"damage_healed":0.0,"max_hp_gain":0.0,"max_hp_loss":0.0,"gold_gain":0.0,"event_name":"Accursed Blacksmith","player_choice":"Forge","floor":36.0,"gold_loss":0.0,"damage_taken":0.0,"cards_upgraded":["True Grit"]},{"damage_healed":0.0,"max_hp_gain":0.0,"max_hp_loss":0.0,"gold_gain":0.0,"event_name":"SensoryStone","player_choice":"Memory 3","floor":46.0,"gold_loss":0.0,"damage_taken":10.0}],"is_beta":false,"boss_relics":[{"not_picked":["Runic Cube","Runic Dome"],"picked":"Fusion Hammer"},{"not_picked":["Black Star","Calling Bell"],"picked":"Astrolabe"}],"items_purged_floors":[19,29,53],"is_endless":false,"potions_floor_spawned":[10,13,14,16,18,23,30,33,35,42,44],"ascension_level":17}}