{"host":"i0avyit1s6jb1siw","time":1609610003,"event":{"mods":["BaseMod","DeckTracker","Dota2Spire","Highlight Path","Minty Spire (QoL Compilation)","Quick Restart","Replay The Spire","StSLib","SuperFastMode"],"gold_per_floor":[118,6,6,6,21,21,56,56,56,71,71,71,85,113,113,113,113],"floor_reached":16,"playtime":212,"items_purged":["Strike_R"],"score":216,"play_id":"95d380ea-8a8e-409a-8a1a-98b0c6297ce3","local_time":"20210102185323","is_ascension_mode":true,"campfire_choices":[{"data":"Carnage","floor":6,"key":"SMITH"},{"data":"Flame Barrier","floor":8,"key":"SMITH"},{"data":"Inflame","floor":11,"key":"SMITH"},{"floor":15,"key":"REST"}],"circlet_count":0,"master_deck":["AscendersBane","Strike_R","Strike_R","Strike_R","Strike_R","Defend_R","Defend_R","Defend_R","Bash+1","Wild Strike","Flame Barrier+1","Entrench+1","Carnage+1","Inflame+1","Pommel Strike"],"relics":["Sozu","Self Forming Clay","Dota2Spire:MantaStyle","The Courier"],"acts_visited":["Exordium"],"potions_floor_usage":[],"damage_taken":[{"damage":10,"enemies":"2 Louse","floor":1,"turns":3},{"damage":0,"enemies":"Jaw Worm","floor":5,"turns":4},{"damage":20,"enemies":"3 Sentries","floor":7,"turns":8},{"damage":0,"enemies":"Small Slimes","floor":10,"turns":2},{"damage":5,"enemies":"Gremlin Gang","floor":13,"turns":3},{"damage":27,"enemies":"Lagavulin","floor":14,"turns":4},{"damage":35,"enemies":"Slime Boss","floor":16,"turns":5}],"seed_played":"7171533890639234530","potions_obtained":[],"is_trial":false,"path_per_floor":["M","$","?","$","M","R","E","R","T","M","R","?","M","E","R","B"],"character_chosen":"IRONCLAD","items_purchased":["Flame Barrier"],"campfire_rested":1,"item_purchase_floors":[2],"current_hp_per_floor":[58,58,58,58,58,58,38,38,38,38,38,38,33,6,28,0,0],"gold":113,"neow_bonus":"BOSS_RELIC","is_daily":false,"chose_seed":false,"campfire_upgraded":3,"win_rate":0.0,"timestamp":1609610003,"path_taken":["M","$","?","?","M","R","E","R","T","M","R","?","?","E","R","BOSS"],"items_purchased_type":["Card"],"build_version":"2020-12-22","purchased_purges":1,"victory":false,"max_hp_per_floor":[75,75,75,75,75,75,75,75,75,75,75,75,75,75,75,75,75],"card_choices":[{"not_picked":["Heavy Blade","Thunderclap"],"picked":"Wild Strike","floor":1},{"not_picked":["Replay:Undeath\u0027s Touch","Warcry"],"picked":"Carnage","floor":5},{"not_picked":["ReplayReversal","ReplayTheSpireMod:LeadingStrike","ReplayTheSpireMod:Strike From Hell"],"picked":"SKIP","floor":7},{"not_picked":["Cleave","Evolve"],"picked":"Inflame","floor":10},{"not_picked":["Hemokinesis","Cleave"],"picked":"Pommel Strike","floor":13},{"not_picked":["Intimidate","Fiend Fire","Abandon"],"picked":"SKIP","floor":14}],"player_experience":2164920,"relics_obtained":[{"floor":7,"key":"Self Forming Clay"},{"floor":9,"key":"Dota2Spire:MantaStyle"},{"floor":14,"key":"The Courier"}],"event_choices":[{"damage_healed":0,"gold_gain":0,"player_choice":"Forge","damage_taken":0,"max_hp_gain":0,"max_hp_loss":0,"event_name":"Accursed Blacksmith","floor":12,"gold_loss":0,"cards_upgraded":["Bash"]}],"is_beta":false,"boss_relics":[],"items_purged_floors":[2],"is_endless":false,"potions_floor_spawned":[5,10,14],"killed_by":"Slime Boss","ascension_level":20}}