{"host":"9tch52zpouts7b2p","time":1609568518,"event":{"mods":["BaseMod","Colored Map","Minty Spire (QoL Compilation)","StSLib","UnlockEverythingMod"],"gold_per_floor":[17,17,17,17,36,36,51,51,51,75,149,187,62,87,87,208,208,192,216,216,60,60,85,85,103,185,210,210,59,19,43,43,164,164,185,518,220,237,47,77,77,96,96,107,107,125,125,175,175,175,175],"floor_reached":50,"playtime":3410,"items_purged":["Strike_B","Strike_B","Writhe","Injury"],"score":650,"play_id":"69f23405-df8b-4a2a-99a1-764d8ca97a24","local_time":"20210102142158","is_ascension_mode":true,"campfire_choices":[{"floor":6.0,"key":"REST"},{"floor":8.0,"key":"REST"},{"data":"White Noise","floor":15.0,"key":"SMITH"},{"data":"Defragment","floor":24.0,"key":"SMITH"},{"data":"Double Energy","floor":28,"key":"SMITH"},{"floor":32,"key":"REST"},{"data":"Turbo","floor":41,"key":"SMITH"},{"floor":49,"key":"REST"}],"circlet_count":0,"master_deck":["Defend_B+1","Defend_B","Defend_B+1","Defend_B+1","Zap","Dualcast+1","Aggregate","Melter","Sunder","Glacier","Lockon","Conserve Battery","White Noise+1","Turbo+1","Meteor Strike","Turbo+1","FTL+1","Defragment+1","Double Energy+1","Writhe","Multi-Cast","Conserve Battery","Skim","Hologram","Auto Shields","Biased Cognition","Doom and Gloom+1","Stack","Coolheaded","Melter","White Noise","Barrage+1","Decay","Defragment+1","Glacier+1","Chaos+1"],"relics":["Cracked Core","War Paint","CaptainsWheel","HornCleat","FossilizedHelix","Vajra","Cursed Key","Akabeko","Mercury Hourglass","SacredBark","PreservedInsect","Gremlin Horn","Question Card","Dead Branch"],"acts_visited":["Exordium","TheCity","TheBeyond"],"potions_floor_usage":[27,35,40,46,50],"damage_taken":[{"damage":16.0,"enemies":"Small Slimes","floor":1.0,"turns":3.0},{"damage":0.0,"enemies":"Jaw Worm","floor":5.0,"turns":3.0},{"damage":0.0,"enemies":"2 Louse","floor":7.0,"turns":2.0},{"damage":3.0,"enemies":"Looter","floor":10.0,"turns":2.0},{"damage":0.0,"enemies":"Lagavulin","floor":12.0,"turns":5.0},{"damage":0.0,"enemies":"Slime Boss","floor":16.0,"turns":10.0},{"damage":0.0,"enemies":"2 Thieves","floor":18.0,"turns":4.0},{"damage":0.0,"enemies":"3 Byrds","floor":19.0,"turns":4.0},{"damage":0.0,"enemies":"Snecko","floor":23.0,"turns":4.0},{"damage":0.0,"enemies":"Snake Plant","floor":25.0,"turns":3.0},{"damage":0,"enemies":"Chosen and Byrds","floor":27,"turns":5},{"damage":18,"enemies":"Cultist and Chosen","floor":31,"turns":8},{"damage":26,"enemies":"Automaton","floor":33,"turns":10},{"damage":0,"enemies":"Orb Walker","floor":35,"turns":3},{"damage":0,"enemies":"3 Shapes","floor":38,"turns":3},{"damage":6,"enemies":"Nemesis","floor":40,"turns":9},{"damage":6,"enemies":"Sphere and 2 Shapes","floor":42,"turns":5},{"damage":13,"enemies":"4 Shapes","floor":44,"turns":3},{"damage":0,"enemies":"Spire Growth","floor":46,"turns":5},{"damage":0,"enemies":"Mind Bloom Boss Battle","floor":48,"turns":9},{"damage":76,"enemies":"Awakened One","floor":50,"turns":14}],"seed_played":"-2826418262336408741","potions_obtained":[{"floor":1.0,"key":"SkillPotion"},{"floor":16.0,"key":"Fire Potion"},{"floor":19.0,"key":"Swift Potion"},{"floor":23.0,"key":"BlessingOfTheForge"},{"floor":31,"key":"FocusPotion"},{"floor":38,"key":"FocusPotion"},{"floor":42,"key":"DistilledChaos"},{"floor":48,"key":"GamblersBrew"}],"is_trial":false,"path_per_floor":["M","?","?","?","M","R","M","R","T","M","T","E","$","T","R","B",null,"M","M","?","$","?","M","R","M","T","M","R","$","$","M","R","B",null,"M","?","$","M","$","E","R","M","T","M","?","M","?","?","R","B"],"character_chosen":"DEFECT","items_purchased":["Turbo","Defragment","Double Energy","Hologram","Auto Shields","PreservedInsect","Stack","Melter"],"campfire_rested":4,"item_purchase_floors":[13,21,21,29,30,37,37,39],"current_hp_per_floor":[59,59,44,19,19,41,41,63,63,60,60,60,60,60,60,60,75,75,75,75,75,75,75,75,75,75,75,75,75,75,57,75,49,75,75,75,75,75,75,69,69,63,63,50,50,50,50,50,72,0,0],"gold":175,"neow_bonus":"TRANSFORM_TWO_CARDS","is_daily":false,"chose_seed":false,"campfire_upgraded":4,"win_rate":0.0,"timestamp":1609568518,"path_taken":["M","?","?","?","M","R","M","R","T","M","?","E","$","?","R","BOSS","M","?","?","$","?","M","R","M","T","M","R","?","$","M","R","BOSS","M","?","$","M","$","E","R","M","T","M","?","?","?","?","R","BOSS"],"items_purchased_type":["Card","Card","Card","Card","Card","Relic","Card","Card"],"build_version":"2020-12-22","purchased_purges":4,"victory":false,"max_hp_per_floor":[75,75,75,75,75,75,75,75,75,75,75,75,75,75,75,75,75,75,75,75,75,75,75,75,75,75,75,75,75,75,75,75,75,75,75,75,75,75,75,75,75,75,75,75,75,75,75,75,75,75,75],"card_choices":[{"not_picked":["Tempest","Coolheaded"],"picked":"Sunder","floor":1.0},{"not_picked":["Beam Cell","Go for the Eyes"],"picked":"Glacier","floor":5.0},{"not_picked":["Streamline","Rip and Tear"],"picked":"Lockon","floor":7.0},{"not_picked":["Leap","Coolheaded"],"picked":"Conserve Battery","floor":10.0},{"not_picked":["Doom and Gloom","Redo"],"picked":"White Noise","floor":12.0},{"not_picked":["Multi-Cast","Rainbow"],"picked":"Meteor Strike","floor":16.0},{"not_picked":["Doom and Gloom+1","Hologram+1"],"picked":"Turbo+1","floor":18.0},{"not_picked":["Streamline","Barrage"],"picked":"FTL+1","floor":19.0},{"not_picked":["Steam Power","Gash"],"picked":"Multi-Cast","floor":23.0},{"not_picked":["Compile Driver","Coolheaded"],"picked":"Conserve Battery","floor":25.0},{"not_picked":["White Noise","FTL"],"picked":"Skim","floor":27},{"not_picked":["Redo","Lockon"],"picked":"Turbo","floor":31},{"not_picked":["All For One","Buffer"],"picked":"Biased Cognition","floor":33},{"not_picked":["Steam+1","Go for the Eyes+1"],"picked":"Doom and Gloom+1","floor":35},{"not_picked":["Redo+1","Fusion+1"],"picked":"Coolheaded","floor":38},{"not_picked":["Hyperbeam","Sweeping Beam+1"],"picked":"White Noise","floor":40},{"not_picked":["Auto Shields","Melter+1"],"picked":"Barrage+1","floor":42},{"not_picked":["Heatsinks+1","Coolheaded","Leap+1"],"picked":"Defragment+1","floor":44},{"not_picked":["Streamline","Conserve Battery+1","Redo+1"],"picked":"Glacier+1","floor":46},{"not_picked":["Consume+1","Compile Driver+1","Barrage"],"picked":"Chaos+1","floor":48}],"player_experience":110785,"relics_obtained":[{"floor":9.0,"key":"CaptainsWheel"},{"floor":11.0,"key":"HornCleat"},{"floor":12.0,"key":"FossilizedHelix"},{"floor":14.0,"key":"Vajra"},{"floor":26.0,"key":"Mercury Hourglass"},{"floor":40,"key":"Gremlin Horn"},{"floor":43,"key":"Question Card"},{"floor":48,"key":"Dead Branch"}],"event_choices":[{"damage_healed":0.0,"max_hp_gain":0.0,"max_hp_loss":0.0,"gold_gain":0.0,"event_name":"Golden Idol","player_choice":"Take Wound","floor":2.0,"gold_loss":0.0,"damage_taken":0.0,"relics_obtained":["Golden Idol"],"cards_obtained":["Injury"]},{"damage_healed":0.0,"max_hp_gain":0.0,"max_hp_loss":0.0,"gold_gain":0.0,"event_name":"Shining Light","player_choice":"Entered Light","floor":3.0,"gold_loss":0.0,"damage_taken":15.0,"cards_upgraded":["Defend_B","Dualcast"]},{"damage_healed":0.0,"max_hp_gain":0.0,"max_hp_loss":0.0,"gold_gain":0.0,"event_name":"Scrap Ooze","player_choice":"Success","floor":4.0,"gold_loss":0.0,"damage_taken":25.0,"relics_obtained":["War Paint"]},{"damage_healed":0.0,"max_hp_gain":0.0,"max_hp_loss":0.0,"gold_gain":0.0,"event_name":"Ghosts","player_choice":"Ignored","floor":20.0,"gold_loss":0.0,"damage_taken":0.0},{"damage_healed":0.0,"max_hp_gain":0.0,"max_hp_loss":0.0,"gold_gain":0.0,"event_name":"The Mausoleum","player_choice":"Opened","floor":22.0,"gold_loss":0.0,"damage_taken":0.0,"relics_obtained":["Akabeko"],"cards_obtained":["Writhe"]},{"damage_healed":0,"gold_gain":333,"player_choice":"Gave Idol","damage_taken":0,"max_hp_gain":0,"max_hp_loss":0,"event_name":"The Moai Head","floor":36,"relics_lost":["Golden Idol"],"gold_loss":0},{"damage_healed":0,"gold_gain":0,"player_choice":"Ignored","damage_taken":0,"max_hp_gain":0,"max_hp_loss":0,"event_name":"SecretPortal","floor":45,"gold_loss":0},{"cards_removed":["Turbo"],"damage_healed":0,"gold_gain":0,"player_choice":"Removed Skill","damage_taken":0,"max_hp_gain":0,"max_hp_loss":0,"event_name":"Falling","floor":47,"gold_loss":0},{"damage_healed":0,"gold_gain":0,"player_choice":"Fight","damage_taken":0,"max_hp_gain":0,"max_hp_loss":0,"event_name":"MindBloom","floor":48,"gold_loss":0}],"is_beta":false,"boss_relics":[{"not_picked":["Philosopher\u0027s Stone","Nuclear Battery"],"picked":"Cursed Key"},{"not_picked":["Busted Crown","Runic Dome"],"picked":"SacredBark"}],"items_purged_floors":[13,29,37,39],"is_endless":false,"potions_floor_spawned":[1,7,16,19,23,31,38,42,48],"killed_by":"Awakened One","ascension_level":2}}