{"host":"hfcva6mq15ctj0gu","time":1609621988,"event":{"mods":["Abigail Mod","AchievementEnabler","Act Like it!","Alarm Clock","BaseMod","Better Altar","Better Match","Better Note","Better Skull","Better Third Choice","BetterRewards","CapriCore","Card Forge","Colored Map","Curses Come First","Disable Question Mark Monsters","Displayed Cursed Tome","Emptier Cage","FoggyMod","Friendly Minions","Gold Saver","Grow up Mod","Highlight Path","Kiyohime????","Kratos Character Expansion","Marisa????????","Minty Spire (QoL Compilation)","Permanent Neow","Reimu??????","Remilia??????","Shade Mod","Shop Mod","StSLib","The Immortal","The Servant 0.9.4","The Vixen","Transform Curses","Virulent Crown","Yakumo Yukari mod","????"],"gold_per_floor":[2375,2375,2375,2340,1234,1234,1309,1309,1361,510,560,648,648,680,680,857,857,925,925,925,925,925,23,122,230,230,39,152,71,71,71,71,197,247,316,316,425,544,544,30,30,30,30,105,205,205,205,262,47,107,107,107,107,239,303],"floor_reached":56,"playtime":2407,"items_purged":[],"score":1956,"play_id":"0019805c-7c5d-46d6-939f-65c29e6834d8","local_time":"20210102221308","is_ascension_mode":false,"campfire_choices":[{"data":"1","floor":6.0,"key":"LIFT"},{"data":"2","floor":8.0,"key":"LIFT"},{"floor":15.0,"key":"RECALL"},{"data":"3","floor":30.0,"key":"LIFT"},{"floor":42.0,"key":"REST"}],"circlet_count":0,"master_deck":["MasterSpark+1","UpSweep+1","WitchOfGreed+1","PulseMagic+1","WitchOfGreed+1","FairyDestructionRay+1","EnergyFlow+1","FairyDestructionRay+1","GalacticHalo+1","Robbery+1","Master of Strategy+1","WitchOfGreed+1","SporeBomb+1","FairyDestructionRay+1","StarBarrage+1","PulseMagic+1","WitchOfGreed+1","EventHorizon+1","TreasureHunter+1","SuperPerseids+1","AlicesGift+1","DeepEcoloBomb+1","CasketOfStar+1","CasketOfStar+1","Robbery+1","Madness+1","Madness+1","SatelliteIllusion+1","PowerUp+1"],"relics":["MiniHakkero","Hammer of Thor","Seething Fire","Anvil of the Gods","MerchantsRug","Question Card","Girya","Torii","Juzu Bracelet","Turnip","Frozen Egg 2","Chemical X","FossilizedHelix","Happy Flower","Medical Kit","Incense Burner","Mercury Hourglass","HornCleat","KratosMod:minohorn","The Courier","Kunai","ExperimentalFamiliar","MutagenicStrength","Bloody Idol","Blood Vial","TentaclePot:ReiMu","Molten Egg 2","Mummified Hand","HandmadeGrimoire","Anchor","InkBottle","Bottled Lightning","Potion Belt","HandDrill","Orichalcum","TheAbacus","Tiny House","CatCart","Ice Cream","Lizard Tail","Toxic Egg 2","KratosMod:amulet","CrazyTorch:ReiMu","Mastiff:ReiMu","Shuriken","Frozen Eye","Eternal Feather"],"acts_visited":["Exordium","TheCity","TheBeyond","TheEnding"],"potions_floor_usage":[],"damage_taken":[{"damage":0.0,"enemies":"Cultist","floor":1.0,"turns":3.0},{"damage":0.0,"enemies":"Lagavulin","floor":11.0,"turns":2.0},{"damage":0.0,"enemies":"3 Sentries","floor":12.0,"turns":1.0},{"damage":0.0,"enemies":"3 Sentries","floor":14.0,"turns":2.0},{"damage":39.0,"enemies":"Hexaghost","floor":16.0,"turns":4.0},{"damage":0.0,"enemies":"Chosen","floor":18.0,"turns":2.0},{"damage":0.0,"enemies":"Slavers","floor":25.0,"turns":2.0},{"damage":0.0,"enemies":"Book of Stabbing","floor":28.0,"turns":2.0},{"damage":0.0,"enemies":"Collector","floor":33.0,"turns":2.0},{"damage":0.0,"enemies":"3 Shapes","floor":35.0,"turns":1.0},{"damage":27.0,"enemies":"Orin","floor":37.0,"turns":6.0},{"damage":0.0,"enemies":"2 Orb Walkers","floor":38.0,"turns":1.0},{"damage":0.0,"enemies":"Mind Bloom Boss Battle","floor":44.0,"turns":2.0},{"damage":0.0,"enemies":"Giant Head","floor":45.0,"turns":5.0},{"damage":0,"enemies":"Reptomancer","floor":48,"turns":1},{"damage":0,"enemies":"Donu and Deca","floor":50,"turns":3},{"damage":0,"enemies":"Shield and Spear","floor":54,"turns":3},{"damage":23,"enemies":"The Heart","floor":55,"turns":5}],"seed_played":"2392241220635161308","potions_obtained":[{"floor":1.0,"key":"Weak Potion"},{"floor":1.0,"key":"ZuzhouPotion:ReiMu"},{"floor":11.0,"key":"CultistPotion"},{"floor":16.0,"key":"GamblersBrew"},{"floor":16.0,"key":"Dexterity Potion"},{"floor":18.0,"key":"SteroidPotion"},{"floor":25.0,"key":"GamblersBrew"},{"floor":25.0,"key":"Explosive Potion"},{"floor":28.0,"key":"FearPotion"},{"floor":28.0,"key":"AttackPotion"},{"floor":33.0,"key":"ZuzhouPotion:ReiMu"},{"floor":34.0,"key":"Swift Potion"},{"floor":37.0,"key":"Block Potion"},{"floor":37.0,"key":"BlessingOfTheForge"},{"floor":38.0,"key":"Energy Potion"},{"floor":38.0,"key":"Explosive Potion"},{"floor":44.0,"key":"SmokeBomb"},{"floor":44.0,"key":"SteroidPotion"},{"floor":45.0,"key":"SpeedPotion"},{"floor":45.0,"key":"EssenceOfSteel"},{"floor":48,"key":"Swift Potion"},{"floor":54,"key":"Weak Potion"},{"floor":54,"key":"Ancient Potion"},{"floor":54,"key":"Fire Potion"},{"floor":54,"key":"Regen Potion"}],"is_trial":false,"path_per_floor":["M","T","?","?","$","R","?","R","T","$","E","?","T","E","R","B",null,"M","?","?","?","?","R","?","E","T","R","E","$","R","?","R","B",null,"M","?","?","?","?","R","$","R","T","?","E","M","?","E","R","B",null,"R","$","E","B",null],"character_chosen":"MARISA","items_purchased":["MerchantsRug","WitchOfGreed","Question Card","EventHorizon","PulseMagic","Juzu Bracelet","WitchOfGreed","Frozen Egg 2","EnergyFlow+1","FairyDestructionRay","Chemical X","GalacticHalo","Robbery","FossilizedHelix","Master of Strategy","Medical Kit","Incense Burner","Mercury Hourglass","WitchOfGreed+1","6A","SporeBomb","TentaclePot:ReiMu","Molten Egg 2","Mummified Hand","HandmadeGrimoire","Whetstone","Anchor","Potion Belt","HandDrill","TheAbacus","Lizard Tail","CasketOfStar+1","Toxic Egg 2","Shuriken","Frozen Eye"],"campfire_rested":1,"item_purchase_floors":[0,0,0,0,0,0,0,5,5,5,5,5,5,5,5,10,10,10,10,10,10,23,23,23,23,23,23,27,27,29,40,40,40,49,49],"current_hp_per_floor":[47,57,67,105,115,125,124,134,144,154,164,174,184,194,204,175,255,265,275,285,295,80,105,120,142,152,177,199,219,229,244,254,271,430,440,450,438,460,470,490,500,510,520,530,540,550,491,510,550,575,600,610,620,630,627],"gold":303,"neow_bonus":"","is_daily":false,"chose_seed":false,"campfire_upgraded":0,"win_rate":0.0,"timestamp":1609621988,"path_taken":["M","?","?","?","$","R","?","R","T","?","E","?","?","E","R","BOSS","M","?","?","?","?","R","?","E","T","R","E","$","R","?","R","BOSS","M","?","?","?","?","R","$","R","T","?","E","?","?","E","R","BOSS","R","$","E","BOSS"],"items_purchased_type":["Relic","Card","Relic","Card","Card","Relic","Card","Relic","Card","Card","Relic","Card","Card","Relic","Card","Relic","Relic","Relic","Card","Card","Card","Relic","Relic","Relic","Relic","Relic","Relic","Relic","Relic","Relic","Relic","Card","Relic","Relic","Relic"],"build_version":"2020-12-22","purchased_purges":0,"victory":true,"max_hp_per_floor":[95,105,115,125,135,145,155,165,175,185,195,205,215,225,235,245,255,265,275,285,295,305,315,325,335,345,355,365,375,385,395,405,415,430,440,450,460,470,480,490,500,510,520,530,540,550,560,570,580,590,600,610,620,630,650],"card_choices":[{"not_picked":["Orbital","UnstableBomb","DoubleSpark"],"picked":"FairyDestructionRay","floor":1.0},{"not_picked":["6A","IllusionStar","EnergyRecoil"],"picked":"FairyDestructionRay","floor":11.0},{"not_picked":["EnergyRecoil","DarkMatter","SporeBomb"],"picked":"StarBarrage","floor":12.0},{"not_picked":["AsteroidBelt","SporeBomb","IllusionStar"],"picked":"PulseMagic","floor":14.0},{"not_picked":["JA","SuperNova+1","MaximisePower"],"picked":"BlazingStar","floor":16.0},{"not_picked":["Acceleration","MilkyWay","MysteriousBeam"],"picked":"WitchOfGreed+1","floor":18.0},{"not_picked":["StarlightTyphoon","LuminesStrike+1","AsteroidBelt","DC+1"],"picked":"SKIP","floor":25.0},{"not_picked":["NonDirectionalLaser+1","GravityBeat+1","LuminesStrike+1"],"picked":"EventHorizon+1","floor":28.0},{"not_picked":["BinaryStars","StarDustReverie","CasketOfStar+1"],"picked":"TreasureHunter+1","floor":33.0},{"not_picked":["Acceleration","PropBag","DragonMeteor+1"],"picked":"SuperPerseids","floor":34.0},{"not_picked":["Acceleration+1","PowerUp+1","MeteoricShower+1"],"picked":"AlicesGift+1","floor":35.0},{"not_picked":["6A+1","MilkyWay+1","Acceleration+1"],"picked":"DeepEcoloBomb+1","floor":38.0},{"not_picked":["IllusionStar+1","OneTimeOff+1","DC+1"],"picked":"CasketOfStar+1","floor":44.0},{"not_picked":["MysteriousBeam+1","StarlightTyphoon+1","EarthLightRay+1"],"picked":"Robbery+1","floor":45.0},{"not_picked":["IllusionStar+1","ShootingEcho+1","Occultation+1"],"picked":"SatelliteIllusion+1","floor":48},{"not_picked":["OneTimeOff+1","DarkSpark+1","GalacticHalo+1"],"picked":"PowerUp+1","floor":54}],"player_experience":94053,"relics_obtained":[{"floor":2.0,"key":"Turnip"},{"floor":9.0,"key":"Happy Flower"},{"floor":11.0,"key":"HornCleat"},{"floor":12.0,"key":"KratosMod:minohorn"},{"floor":13.0,"key":"The Courier"},{"floor":14.0,"key":"Kunai"},{"floor":25.0,"key":"InkBottle"},{"floor":26.0,"key":"Bottled Lightning"},{"floor":28.0,"key":"Orichalcum"},{"floor":37.0,"key":"CatCart"},{"floor":38.0,"key":"Ice Cream"},{"floor":44.0,"key":"KratosMod:amulet"},{"floor":45.0,"key":"CrazyTorch:ReiMu"},{"floor":48,"key":"Mastiff:ReiMu"},{"floor":54,"key":"Eternal Feather"}],"event_choices":[{"damage_healed":57.0,"max_hp_gain":0.0,"max_hp_loss":105.0,"gold_gain":0.0,"event_name":"betterThird:BetterShining","player_choice":"Leave","floor":3.0,"gold_loss":0.0,"damage_taken":0.0},{"damage_healed":28.0,"max_hp_gain":0.0,"max_hp_loss":0.0,"gold_gain":0.0,"event_name":"The Cleric","player_choice":"Healed","floor":4.0,"gold_loss":35.0,"damage_taken":0.0},{"damage_healed":0.0,"max_hp_gain":0.0,"max_hp_loss":0.0,"gold_gain":75.0,"event_name":"betterThird:BetterGoop","player_choice":"Gold","floor":7.0,"gold_loss":0.0,"damage_taken":11.0},{"damage_healed":0.0,"max_hp_gain":0.0,"max_hp_loss":0.0,"gold_gain":0.0,"event_name":"Dead Adventurer","player_choice":"Searched \u00271\u0027 times","floor":12.0,"gold_loss":0.0,"damage_taken":0.0},{"cards_removed":["BlazingStar"],"damage_healed":0.0,"max_hp_gain":0.0,"max_hp_loss":0.0,"gold_gain":0.0,"event_name":"Wheel of Change","player_choice":"Card Removal","floor":19.0,"gold_loss":0.0,"damage_taken":0.0},{"damage_healed":0.0,"max_hp_gain":0.0,"max_hp_loss":0.0,"gold_gain":0.0,"event_name":"betterNote:BetterNote","player_choice":"Ignored","floor":20.0,"gold_loss":0.0,"damage_taken":0.0,"cards_obtained":["Regret"]},{"damage_healed":0.0,"max_hp_gain":0.0,"max_hp_loss":0.0,"gold_gain":0.0,"event_name":"Drug Dealer","player_choice":"Inject Mutagens","floor":21.0,"gold_loss":0.0,"damage_taken":0.0,"relics_obtained":["MutagenicStrength"]},{"damage_healed":0.0,"max_hp_gain":295.0,"max_hp_loss":70.0,"gold_gain":0.0,"event_name":"betterAltar:BetterAltar","player_choice":" Idol Vial ","floor":22.0,"potions_obtained":[],"relics_lost":[],"gold_loss":0.0,"damage_taken":225.0,"relics_obtained":["Bloody Idol","Blood Vial"]},{"damage_healed":0.0,"max_hp_gain":0.0,"max_hp_loss":0.0,"gold_gain":99.0,"event_name":"betterThird:BetterNest","player_choice":"Steal","floor":24.0,"gold_loss":0.0,"damage_taken":0.0},{"cards_removed":["6A"],"damage_healed":5.0,"max_hp_gain":0.0,"max_hp_loss":0.0,"gold_gain":0.0,"event_name":"Bonfire Elementals","player_choice":"Offered Common","floor":31.0,"gold_loss":0.0,"damage_taken":0.0},{"cards_removed":["6A"],"damage_healed":5.0,"max_hp_gain":0.0,"max_hp_loss":0.0,"gold_gain":0.0,"event_name":"Bonfire Elementals","player_choice":"Offered Special","floor":31.0,"gold_loss":0.0,"damage_taken":0.0},{"damage_healed":0.0,"max_hp_gain":0.0,"max_hp_loss":0.0,"gold_gain":0.0,"event_name":"Purifier","player_choice":"Ignored","floor":36.0,"gold_loss":0.0,"damage_taken":0.0},{"damage_healed":0.0,"max_hp_gain":0.0,"max_hp_loss":0.0,"gold_gain":0.0,"event_name":"OrinTheCat","player_choice":"Fight","floor":37.0,"gold_loss":0.0,"damage_taken":0.0},{"damage_healed":0.0,"max_hp_gain":0.0,"max_hp_loss":0.0,"gold_gain":0.0,"event_name":"Mysterious Sphere","player_choice":"Fight","floor":38.0,"gold_loss":0.0,"damage_taken":0.0},{"damage_healed":0.0,"max_hp_gain":0.0,"max_hp_loss":0.0,"gold_gain":0.0,"event_name":"Tomb of Lord Red Mask","player_choice":"Ignored","floor":39.0,"gold_loss":0.0,"damage_taken":0.0},{"damage_healed":0.0,"max_hp_gain":0.0,"max_hp_loss":0.0,"gold_gain":0.0,"event_name":"MindBloom","player_choice":"Fight","floor":44.0,"gold_loss":0.0,"damage_taken":0.0},{"cards_removed":["EventHorizon"],"damage_healed":0,"gold_gain":0,"player_choice":"Removed Power","damage_taken":0,"max_hp_gain":0,"max_hp_loss":0,"event_name":"Falling","floor":46,"gold_loss":0},{"damage_healed":0,"gold_gain":0,"player_choice":"Embrace Madness","damage_taken":69,"max_hp_gain":0,"max_hp_loss":0,"event_name":"Winding Halls","floor":47,"gold_loss":0,"cards_obtained":["Madness","Madness"]}],"is_beta":false,"boss_relics":[{"not_picked":["Cursed Key","Black Star"],"picked":"ExperimentalFamiliar"},{"not_picked":["Astrolabe","Velvet Choker"],"picked":"Tiny House"}],"items_purged_floors":[],"is_endless":false,"potions_floor_spawned":[11,12,16,18,37,38,44,48],"ascension_level":0}}