{"host":"ifw7cdx76lcpw3w9","time":1609571058,"event":{"mods":["AchievementEnabler","Act Like it!","BaseMod","Duelist Mod","Friendly Minions","Minty Spire (QoL Compilation)","StSLib"],"gold_per_floor":[236,236,256,23,23,23,23],"floor_reached":6,"playtime":417,"items_purged":["theDuelist:Sparks"],"score":51,"play_id":"53ce69ca-5975-4f37-bc17-a8253dbd25f9","local_time":"20210102000418","is_ascension_mode":true,"campfire_choices":[],"circlet_count":0,"master_deck":["AscendersBane","theDuelist:Biofalcon","theDuelist:CastleWalls","theDuelist:CocoonParty","theDuelist:Deskbot004","theDuelist:Deskbot004","theDuelist:Deskbot005","theDuelist:Deskbot005","theDuelist:GreenGadget","theDuelist:Sparks","theDuelist:Deskbot001","theDuelist:Hinotama","theDuelist:MachineKingPrototype"],"relics":["theDuelist:MillenniumPuzzle","theDuelist:CardPoolRelic","theDuelist:CardPoolBasicRelic","theDuelist:BoosterPackPoolRelic","theDuelist:CardPoolAddRelic","theDuelist:CardPoolMinusRelic","theDuelist:CardPoolSaveRelic","theDuelist:CardPoolOptionsRelic"],"acts_visited":["Exordium"],"potions_floor_usage":[],"damage_taken":[{"damage":4,"enemies":"Small Slimes","floor":1,"turns":7},{"damage":0,"enemies":"2 Louse","floor":3,"turns":4},{"damage":0,"enemies":"3 Sentries","floor":6,"turns":2}],"seed_played":"2733025334563447969","potions_obtained":[],"is_trial":false,"path_per_floor":["M","?","M","$","?","E"],"character_chosen":"THE_DUELIST","items_purchased":["theDuelist:MachineKingPrototype"],"campfire_rested":0,"item_purchase_floors":[4],"current_hp_per_floor":[68,68,68,68,68,68,68],"gold":23,"neow_bonus":"HUNDRED_GOLD","is_daily":false,"chose_seed":false,"campfire_upgraded":0,"win_rate":0.0,"timestamp":1609571058,"path_taken":["M","?","M","$","?","E"],"items_purchased_type":["Card"],"build_version":"2020-12-22","purchased_purges":1,"victory":false,"max_hp_per_floor":[80,76,76,76,76,76,76],"card_choices":[{"not_picked":["theDuelist:AncientGearBox","theDuelist:Factory100Machines"],"picked":"theDuelist:Deskbot001","floor":1},{"not_picked":["theDuelist:BigFire","theDuelist:LightningVortex"],"picked":"theDuelist:Hinotama","floor":3}],"player_experience":182616,"relics_obtained":[],"event_choices":[{"damage_healed":0,"gold_gain":0,"player_choice":"Brew - 2x Potion Slots","duelist":true,"damage_taken":0,"max_hp_gain":0,"max_hp_loss":0,"event_name":"Aknamkanon\u0027s Tomb","floor":2,"gold_loss":0},{"cards_removed":["theDuelist:CastleWalls"],"damage_healed":0,"gold_gain":0,"player_choice":"Forget","damage_taken":0,"max_hp_gain":0,"max_hp_loss":0,"event_name":"Living Wall","floor":5,"gold_loss":0}],"is_beta":false,"boss_relics":[],"items_purged_floors":[4],"is_endless":false,"potions_floor_spawned":[],"killed_by":"3 Sentries","ascension_level":10}}