{"host":"lf8w6lk2ipwfzeol","time":1609602665,"event":{"mods":["Act Like it!","BaseMod","Downfall","Hermit","Hunter ¡‘»À","Minty Spire (QoL Compilation)","Relic Stats","Replay The Spire","Shop Mod","StSLib","The Cursed","The Hierophant","The Runesmith","°æ“≈ŒÔø®≈∆°øREMEMod"],"gold_per_floor":[110,110,110,110,135,151,170,170,170,170,196,196,229,285,285,322,322,326,326],"floor_reached":18,"playtime":696,"items_purged":[],"score":112,"play_id":"78e8923d-8506-4649-a7c6-e0255a1c1f42","local_time":"20210102235105","is_ascension_mode":false,"campfire_choices":[{"data":"hermit:GoldenBullet","floor":12,"key":"SMITH"},{"data":"hermit:Snapshot","floor":15,"key":"SMITH"},{"floor":17,"key":"REST"}],"circlet_count":0,"master_deck":["hermit:Strike_Hermit","hermit:Strike_Hermit","hermit:Strike_Hermit","hermit:Strike_Hermit","hermit:Defend_Hermit","hermit:Defend_Hermit","hermit:Defend_Hermit","hermit:Defend_Hermit","hermit:Snapshot+1","hermit:Covet","hermit:Roughhouse","hermit:Coalescence","hermit:GoldenBullet+1","hermit:LoneWolf","hermit:LowProfile","hermit:Grudge","hermit:BodyArmor","hermit:Roulette"],"relics":["hermit:Momento","REME_ComplimentaryCards","Golden Idol","Bird Faced Urn","Replay:Bandana","Counterbalance"],"acts_visited":["Exordium"],"potions_floor_usage":[18,18],"damage_taken":[{"damage":1,"enemies":"Cultist","floor":1,"turns":3},{"damage":0,"enemies":"Small Slimes","floor":5,"turns":3},{"damage":3,"enemies":"Jaw Worm","floor":6,"turns":4},{"damage":0,"enemies":"Exordium Thugs","floor":7,"turns":2},{"damage":4,"enemies":"2 Fungi Beasts","floor":13,"turns":2},{"damage":24,"enemies":"Lagavulin","floor":14,"turns":5},{"damage":3,"enemies":"Lots of Slimes","floor":16,"turns":3},{"damage":70,"enemies":"Fading Forest","floor":18,"turns":7}],"seed_played":"-5613989740902933627","potions_obtained":[{"floor":1,"key":"FearPotion"},{"floor":7,"key":"Fire Potion"},{"floor":14,"key":"Strength Potion"},{"floor":16,"key":"ColorlessPotion"}],"is_trial":false,"path_per_floor":["M","?","?","?","M","M","M","PTL","PTL","T","T","R","M","E","R","M","R","B"],"character_chosen":"HERMIT","items_purchased":[],"campfire_rested":1,"item_purchase_floors":[],"current_hp_per_floor":[74,67,67,67,67,64,64,64,64,64,64,64,60,36,36,33,55,0,0],"gold":326,"neow_bonus":"THREE_RARE_CARDS","is_daily":false,"chose_seed":false,"campfire_upgraded":2,"win_rate":0.0,"timestamp":1609602665,"path_taken":["M","?","?","?","?","M","M","PTL","PTL","?","T","R","M","E","R","M","R","BOSS"],"items_purchased_type":[],"build_version":"2020-12-22","purchased_purges":0,"victory":false,"max_hp_per_floor":[75,75,75,75,75,75,75,75,75,75,75,75,75,75,75,75,75,75,75],"relic_stats":{"counters":[8,29],"Golden Idol":30,"Bird Faced Urn":[2],"obtain_stats":[{"Replay:Bandana":11,"Golden Idol":3,"Bird Faced Urn":10,"Counterbalance":14,"hermit:Momento":0,"REME_ComplimentaryCards":0},{"Replay:Bandana":4,"Golden Idol":1,"Bird Faced Urn":4,"Counterbalance":6,"hermit:Momento":0,"REME_ComplimentaryCards":0},{"Replay:Bandana":12,"Golden Idol":3,"Bird Faced Urn":12,"Counterbalance":19,"hermit:Momento":0,"REME_ComplimentaryCards":0}]},"card_choices":[{"not_picked":["hermit:Gambit","hermit:FinalCanter"],"picked":"hermit:Roughhouse","floor":0},{"not_picked":["hermit:Spite","hermit:BodyArmor"],"picked":"hermit:Coalescence","floor":1},{"not_picked":["hermit:Roulette","hermit:TrackingShot"],"picked":"hermit:GoldenBullet","floor":5},{"not_picked":["hermit:Desperado","hermit:Manifest"],"picked":"hermit:LoneWolf","floor":6},{"not_picked":["hermit:Determination","hermit:BodyArmor"],"picked":"hermit:LowProfile","floor":7},{"not_picked":["hermit:Vantage","hermit:HoleUp"],"picked":"hermit:Grudge","floor":13},{"not_picked":["hermit:NoHoldsBarred","hermit:LowProfile"],"picked":"hermit:BodyArmor","floor":14},{"not_picked":["hermit:Snipe","hermit:Quickdraw"],"picked":"hermit:Roulette","floor":16}],"player_experience":112317,"relics_obtained":[{"floor":10,"key":"Bird Faced Urn"},{"floor":11,"key":"Replay:Bandana"},{"floor":14,"key":"Counterbalance"}],"event_choices":[{"cards_removed":["Amnesia"],"damage_healed":0,"gold_gain":0,"player_choice":"Card Removal","damage_taken":7,"max_hp_gain":0,"max_hp_loss":0,"event_name":"Golden Wing","floor":2,"gold_loss":0},{"damage_healed":0,"gold_gain":0,"player_choice":"Take Wound","damage_taken":0,"relics_obtained":["Golden Idol"],"max_hp_gain":0,"max_hp_loss":0,"event_name":"Golden Idol","floor":3,"gold_loss":0,"cards_obtained":["Injury"]},{"cards_removed":["Injury"],"damage_healed":0,"gold_gain":0,"player_choice":"Removed Curses","damage_taken":0,"max_hp_gain":0,"max_hp_loss":0,"event_name":"Fountain of Cleansing","floor":4,"gold_loss":0}],"is_beta":false,"boss_relics":[],"items_purged_floors":[],"is_endless":false,"potions_floor_spawned":[1,7,14,16],"killed_by":"Fading Forest","ascension_level":0}}