{"host":"axupsrmc7drmw020","time":1609573043,"event":{"mods":["Act Like it!","BaseMod","Duelist Mod","Gensokyo","Koishi","Lobotomy","LobotomyExtend","Marisa£®ÏF”Í°°ƒß¿Ì…≥£©","Minty Spire (QoL Compilation)","Reimu£®≤©¿ˆ¡È√Œ£©","Remilia£®¿Ÿ√◊¿Ú—«£©","StSLib","The Administrix","UnlockEverythingMod","Yakumo Yukari mod","Youmu£®ªÍ∆«—˝√Œ£©","Yuyuko"],"gold_per_floor":[113,129,142,161,161,161,193,110,110,124,124,144,109,11,11,109,159,172,186,6,6,6],"floor_reached":21,"playtime":1722,"items_purged":[],"score":231,"play_id":"38c07b06-8868-4737-abc5-c9ea4e47f152","local_time":"20210102153723","is_ascension_mode":false,"campfire_choices":[{"floor":6,"key":"REST"},{"floor":15,"key":"RECALL"}],"circlet_count":0,"master_deck":["Strike_P","Strike_P","Strike_P","Strike_P","Defend_P","Defend_P","Defend_P","Defend_P","Eruption","Vigilance","ConjureBlade","Meditate","EmptyBody","CutThroughFate","Crescendo","BowlingBash+1","FlurryOfBlows","Sanctity","Pray","Prostrate","ClearTheMind","BattleHymn","Scrawl","LikeWater","Wireheading","DeceiveReality","Gensokyo:TarnishedGold","Gensokyo:RustyChest","Gensokyo:DepletedGenerator","Gensokyo:BlemishedSteel"],"relics":["PureWater","Vajra","Dead Branch","StrikeDummy","Tiny House","LetterFromLob"],"acts_visited":["Exordium","Gensokyo:Gensokyoer"],"potions_floor_usage":[],"damage_taken":[{"damage":2,"enemies":"Cultist","floor":1,"turns":3},{"damage":10,"enemies":"2 Louse","floor":2,"turns":3},{"damage":25,"enemies":"Jaw Worm","floor":3,"turns":3},{"damage":24,"enemies":"Blue Slaver","floor":4,"turns":5},{"damage":12,"enemies":"Gremlin Nob","floor":7,"turns":3},{"damage":2,"enemies":"Red Slaver","floor":10,"turns":2},{"damage":7,"enemies":"3 Louse","floor":12,"turns":3},{"damage":0,"enemies":"Slime Boss","floor":16,"turns":5},{"damage":16,"enemies":"Gensokyo:CosmicMonolith","floor":18,"turns":4},{"damage":15,"enemies":"Gensokyo:AngelMirror","floor":19,"turns":3},{"damage":53,"enemies":"Gensokyo:Slime_Group","floor":21,"turns":3}],"seed_played":"-5590442638379183399","potions_obtained":[{"floor":1,"key":"Dexterity Potion"},{"floor":10,"key":"LiquidBronze"},{"floor":12,"key":"Block Potion"},{"floor":17,"key":"SkillPotion"}],"is_trial":false,"path_per_floor":["M","M","M","M","?","R","E","$","T","M","?","M","?","$","R","B",null,"M","M","COS","M"],"character_chosen":"WATCHER","items_purchased":["FlurryOfBlows","Sanctity","ClearTheMind","BattleHymn"],"campfire_rested":1,"item_purchase_floors":[8,8,14,14],"current_hp_per_floor":[70,60,35,11,4,25,13,13,13,11,11,4,22,22,22,22,77,61,46,46,0,0],"gold":6,"neow_bonus":"ONE_RANDOM_RARE_CARD","is_daily":false,"chose_seed":false,"campfire_upgraded":0,"win_rate":0.0,"timestamp":1609573043,"path_taken":["M","M","M","M","?","R","E","$","T","M","?","M","?","?","R","BOSS","M","M","COS","M"],"items_purchased_type":["Card","Card","Card","Card"],"build_version":"2020-12-22","purchased_purges":0,"victory":false,"max_hp_per_floor":[72,72,72,72,72,72,72,72,72,72,72,72,72,72,72,72,77,77,77,77,77,77],"card_choices":[{"not_picked":["WreathOfFlame","Halt"],"picked":"Meditate","floor":1},{"not_picked":["EmptyFist","Halt"],"picked":"EmptyBody","floor":2},{"not_picked":["Indignation","Protect"],"picked":"CutThroughFate","floor":3},{"not_picked":["Swivel","Evaluate"],"picked":"Crescendo","floor":4},{"not_picked":["CutThroughFate","SpiritShield"],"picked":"BowlingBash","floor":7},{"not_picked":["WaveOfTheHand","Conclude"],"picked":"Pray","floor":10},{"not_picked":["EmptyBody","Halt"],"picked":"Prostrate","floor":12},{"not_picked":["SpiritShield","Devotion"],"picked":"Scrawl","floor":16},{"not_picked":["Halt","EmptyFist"],"picked":"LikeWater","floor":17},{"not_picked":["EmptyFist","LikeWater"],"picked":"Wireheading","floor":18},{"not_picked":["Protect","BowlingBash"],"picked":"DeceiveReality","floor":19}],"player_experience":53668,"relics_obtained":[{"floor":7,"key":"Dead Branch"},{"floor":9,"key":"StrikeDummy"},{"floor":19,"key":"LetterFromLob"}],"event_choices":[{"damage_healed":0,"gold_gain":0,"player_choice":"Success","damage_taken":7,"relics_obtained":["Vajra"],"max_hp_gain":0,"max_hp_loss":0,"event_name":"Scrap Ooze","floor":5,"gold_loss":0},{"damage_healed":0,"gold_gain":0,"player_choice":"Ignored","damage_taken":0,"max_hp_gain":0,"max_hp_loss":0,"event_name":"Liars Game","floor":11,"gold_loss":0},{"damage_healed":18,"gold_gain":0,"player_choice":"Healed","damage_taken":0,"max_hp_gain":0,"max_hp_loss":0,"event_name":"The Cleric","floor":13,"gold_loss":35}],"is_beta":false,"boss_relics":[{"not_picked":["Cursed Key","VioletLotus"],"picked":"Tiny House"}],"items_purged_floors":[],"is_endless":false,"potions_floor_spawned":[1,10,12,16,19],"killed_by":"Gensokyo:Slime_Group","ascension_level":0}}