{"host":"j356dfgkwbkgh9zu","time":1609592899,"event":{"mods":["2.2 Compatiblity","ATMod(阿瑾Mod)","Act Like it!","BaseMod","Colored Map","Colored Powertips","Hermit","Lobotomy","Luminous","Minty Spire (QoL Compilation)","Quick Restart","RumiaBox-露米娅的神秘盒子","Shop Mod","Spicy Shops","StSLib","The Marked","The Mystic","【功能Mod】混沌之环修复补丁","篝火指南"],"gold_per_floor":[135,195,195,345,404,123,48,159,159,19,19,19,19],"floor_reached":12,"playtime":1089,"items_purged":["Doubt"],"score":152,"play_id":"09b03ac1-c9f6-405e-b7eb-ab99ddaea5ce","local_time":"20210102210819","daily_mods":["Heirloom","Time Dilation","Flight","DeadlyEvents","Elite Swarm","Midas"],"is_ascension_mode":true,"campfire_choices":[{"floor":11,"key":"REST"}],"circlet_count":0,"master_deck":["AscendersBane","mysticmod:Strike_Mystic","mysticmod:Strike_Mystic","mysticmod:Strike_Mystic","mysticmod:Strike_Mystic","mysticmod:Defend_Mystic","mysticmod:Defend_Mystic","mysticmod:Defend_Mystic","mysticmod:Defend_Mystic","mysticmod:ArcaneDodge","mysticmod:ShockingGrasp","mysticmod:PureInstinct","mysticmod:IllusionOfCalm","Injury","mysticmod:Alacrity","mysticmod:Momentum"],"relics":["mysticmod:SpellBook","mysticmod:CrystalBall","AT_ATBox","Thread and Needle","Baka2","Golden Idol","AT_SilverBalance","AT_BellowingDragoncrestRing","SSSystem","AT_TimeSand"],"acts_visited":["Exordium"],"potions_floor_usage":[],"damage_taken":[{"damage":2,"enemies":"Cultist","floor":1,"turns":4},{"damage":0,"enemies":"2 Louse","floor":2,"turns":3},{"damage":0,"enemies":"Small Slimes","floor":5,"turns":4},{"damage":1,"enemies":"3 Sentries","floor":8,"turns":2},{"damage":36,"enemies":"Lagavulin","floor":12,"turns":8}],"seed_played":"-5432164695772045518","potions_obtained":[{"floor":2,"key":"SpeedPotion"}],"is_trial":true,"path_per_floor":["M","M","?","?","M","R","$","E","T","$","R","E"],"character_chosen":"MYSTIC_CLASS","items_purchased":["AT_SilverBalance","AT_TimeSand"],"campfire_rested":1,"item_purchase_floors":[6,10],"current_hp_per_floor":[63,63,63,63,63,63,63,35,35,35,56,0,0],"gold":19,"neow_bonus":"","is_daily":false,"chose_seed":false,"campfire_upgraded":0,"win_rate":0.0,"timestamp":1609592899,"path_taken":["M","?","?","?","M","R","$","E","T","?","R","?"],"items_purchased_type":["Relic","Relic"],"build_version":"2020-12-22","purchased_purges":1,"victory":false,"max_hp_per_floor":[72,72,72,72,72,72,72,72,72,72,72,72,72],"card_choices":[{"not_picked":["mysticmod:BladedDash","mysticmod:ChargedParry"],"picked":"mysticmod:PureInstinct","floor":1},{"not_picked":["mysticmod:Flurry","mysticmod:CorrosiveTouch"],"picked":"mysticmod:IllusionOfCalm","floor":2},{"not_picked":["mysticmod:Shield","mysticmod:Riposte"],"picked":"mysticmod:Alacrity","floor":5},{"not_picked":["mysticmod:Lunge","mysticmod:Disintegrate"],"picked":"mysticmod:Momentum","floor":8}],"player_experience":218027,"relics_obtained":[{"floor":1,"key":"Baka"},{"floor":2,"key":"Baka2"},{"floor":8,"key":"AT_BellowingDragoncrestRing"},{"floor":9,"key":"SSSystem"}],"event_choices":[{"damage_healed":0,"gold_gain":0,"player_choice":"Take Wound","damage_taken":0,"relics_obtained":["Golden Idol"],"max_hp_gain":0,"max_hp_loss":0,"event_name":"Golden Idol","floor":3,"gold_loss":0,"cards_obtained":["Injury"]},{"damage_healed":0,"gold_gain":150,"player_choice":"AGREE","damage_taken":0,"max_hp_gain":0,"max_hp_loss":0,"event_name":"Liars Game","floor":4,"gold_loss":0,"cards_obtained":["Doubt"]}],"is_beta":false,"boss_relics":[],"items_purged_floors":[7],"is_endless":true,"potions_floor_spawned":[2],"killed_by":"Lagavulin","ascension_level":20}}