{"host":"97k5lqmr6aaz1p9r","time":1609594600,"event":{"mods":["BaseMod","Colored Map","Downfall","Jorbs\u0027s Wanderer Trilogy","Minty Spire (QoL Compilation)","StSLib"],"gold_per_floor":[99,109,128,128,144,163,163,173,199,299,309,339,114,49,67,67,67],"floor_reached":16,"playtime":1491,"items_purged":["Normality"],"score":145,"play_id":"3f7eaa87-0cb1-4cf9-9e9f-9372041d3a7e","local_time":"20210102133640","is_ascension_mode":true,"campfire_choices":[{"floor":1,"key":"RECALL"},{"floor":13,"key":"REST"}],"circlet_count":0,"master_deck":["sneckomod:Strike","sneckomod:Strike","sneckomod:Strike","sneckomod:Defend","sneckomod:Defend","sneckomod:TailWhip","sneckomod:SnekBite","sneckomod:Unknown","sneckomod:Unknown","sneckomod:UnknownClassTHE_CHAMP_GRAY","sneckomod:IronFang","sneckomod:DefensiveFlair","sneckomod:UnknownStrike","sneckomod:UnknownVulnerable","sneckomod:WideSting","sneckomod:UnknownRareAttack","sneckomod:SerpentMind","sneckomod:UnknownExhaust","sneckomod:RainOfDice","Wallop","expansioncontent:BronzeBeam","sneckomod:QuickMove","sneckomod:UnknownBlock","sneckomod:UnknownCommonSkill","sneckomod:Unknown1Cost","sneckomod:UnknownExhaust"],"relics":["sneckomod:SneckoSoul","Bottled Lightning","Singing Bowl","downfall:GremlinSack","Smiling Mask","downfall:HeartBlessingRed","downfall:HeartBlessingGreen","downfall:HeartBlessingBlue"],"acts_visited":["Exordium"],"potions_floor_usage":[9,9,10,16],"damage_taken":[{"damage":6,"enemies":"Cultist","floor":2,"turns":3},{"damage":7,"enemies":"Small Slimes","floor":3,"turns":3},{"damage":4,"enemies":"Jaw Worm","floor":5,"turns":4},{"damage":16,"enemies":"3 Louse","floor":6,"turns":4},{"damage":6,"enemies":"Exordium Wildlife","floor":8,"turns":4},{"damage":19,"enemies":"3 Sentries","floor":9,"turns":6},{"damage":20,"enemies":"3 Sentries","floor":10,"turns":5},{"damage":0,"enemies":"2 Fungi Beasts","floor":11,"turns":3},{"damage":29,"enemies":"Lagavulin","floor":12,"turns":8},{"damage":0,"enemies":"downfall:FleeingMerchant","floor":14,"turns":4},{"damage":0,"enemies":"Large Slime","floor":15,"turns":3},{"damage":74,"enemies":"downfall:Defect","floor":16,"turns":9}],"seed_played":"6389378304891642201","potions_obtained":[{"floor":2,"key":"EssenceOfSteel"},{"floor":6,"key":"Regen Potion"},{"floor":9,"key":"EssenceOfSteel"},{"floor":10,"key":"Strength Potion"},{"floor":11,"key":"PowerPotion"}],"is_trial":false,"path_per_floor":["R","M","M","T","M","M","T","M","E","?","M","E","R","$","M","B"],"character_chosen":"THE_SNECKO","items_purchased":[],"campfire_rested":1,"item_purchase_floors":[],"current_hp_per_floor":[91,85,78,78,75,63,63,57,64,45,46,28,70,71,72,0,0],"gold":67,"neow_bonus":"TRANSFORM_CARD","is_daily":false,"chose_seed":false,"campfire_upgraded":0,"win_rate":0.0,"timestamp":1609594600,"path_taken":["R","M","M","?","M","M","T","M","E","?","M","E","R","$","M","BOSS"],"items_purchased_type":[],"build_version":"2020-12-22","purchased_purges":1,"victory":false,"max_hp_per_floor":[91,91,91,91,92,93,93,93,94,95,96,97,107,108,109,109,109],"card_choices":[{"not_picked":["sneckomod:SoulDraw","sneckomod:Nope"],"picked":"sneckomod:IronFang","floor":2},{"not_picked":["sneckomod:UnknownClassBLUE","sneckomod:UnknownClassRED"],"picked":"sneckomod:DefensiveFlair","floor":3},{"not_picked":["sneckomod:IronFang","sneckomod:DiceCrush"],"picked":"sneckomod:UnknownStrike","floor":5},{"not_picked":["sneckomod:QuickBite","sneckomod:UnknownClassGREEN"],"picked":"sneckomod:UnknownVulnerable","floor":6},{"not_picked":["sneckomod:SoulDraw","sneckomod:UnknownCommonAttack"],"picked":"sneckomod:WideSting","floor":8},{"not_picked":["sneckomod:DiceCrush","sneckomod:UnknownStrike"],"picked":"sneckomod:UnknownRareAttack","floor":9},{"not_picked":["sneckomod:UnknownClassCULL_RED_COLOR","sneckomod:Unknown0Cost"],"picked":"sneckomod:QuickMove","floor":10},{"not_picked":["sneckomod:QuickMove","sneckomod:ImprovisedAttack"],"picked":"sneckomod:UnknownBlock","floor":11},{"not_picked":["sneckomod:PureSnecko","sneckomod:SoulRoll"],"picked":"sneckomod:UnknownCommonSkill","floor":12},{"not_picked":["sneckomod:SoulExchange","sneckomod:WideSting"],"picked":"sneckomod:Unknown1Cost","floor":14},{"not_picked":["sneckomod:DiceCrush","sneckomod:SoulDraw"],"picked":"sneckomod:UnknownExhaust","floor":15}],"player_experience":589441,"relics_obtained":[{"floor":7,"key":"Bottled Lightning"},{"floor":9,"key":"Singing Bowl"},{"floor":10,"key":"downfall:GremlinSack"},{"floor":12,"key":"Smiling Mask"}],"event_choices":[],"is_beta":false,"boss_relics":[],"items_purged_floors":[14],"is_endless":false,"potions_floor_spawned":[2,6,9,10,11],"killed_by":"downfall:Defect","ascension_level":1}}