{"host":"a5lz0e76zb3fcwkm","time":1609608126,"event":{"mods":["AchievementEnabler","BaseMod","Colored Map","Colored Powertips","Minty Spire (QoL Compilation)","StSLib","SuperFastMode"],"gold_per_floor":[115,127,145,163,163,163,190,190,215,230,230,230,247,266,266,345,345,359,11,11,29,41,41,55,90,113,123,123,123,123,134,134,206,206,226,226,226,63,81,81,109,121,147,147,166,192,152,165,165,165,165,165,165,8,8,8],"floor_reached":55,"playtime":1171,"items_purged":["Strike_R"],"score":2002,"play_id":"90f20760-105c-4982-b4ab-dff4201148d1","local_time":"20210103022206","is_ascension_mode":true,"campfire_choices":[{"data":"Spot Weakness","floor":6.0,"key":"SMITH"},{"data":"Fire Breathing","floor":8.0,"key":"SMITH"},{"data":"Sword Boomerang","floor":11.0,"key":"SMITH"},{"data":"Heavy Blade","floor":15.0,"key":"SMITH"},{"data":"Double Tap","floor":23.0,"key":"SMITH"},{"data":"Flex","floor":28.0,"key":"SMITH"},{"floor":32.0,"key":"REST"},{"data":"Battle Trance","floor":40.0,"key":"SMITH"},{"floor":44.0,"key":"RECALL"},{"floor":49.0,"key":"REST"},{"floor":53,"key":"REST"}],"circlet_count":0,"master_deck":["AscendersBane","Defend_R","Defend_R","Bash+1","Heavy Blade+1","Twin Strike","Sword Boomerang+1","Fire Breathing+1","Spot Weakness+1","Battle Trance+1","Double Tap+1","Reaper+1","Flex+1","Thunderclap+1","Limit Break+1","Second Wind+1","Thunderclap+1","Limit Break+1"],"relics":["Burning Blood","Art of War","Strawberry","Busted Crown","Red Skull","Whetstone","Nilry\u0027s Codex","Astrolabe","DollysMirror","Lantern","PreservedInsect","Medical Kit"],"acts_visited":["Exordium","TheCity","TheBeyond","TheEnding"],"potions_floor_usage":[],"damage_taken":[{"damage":9.0,"enemies":"2 Louse","floor":1.0,"turns":3.0},{"damage":9.0,"enemies":"Jaw Worm","floor":2.0,"turns":3.0},{"damage":6.0,"enemies":"Cultist","floor":3.0,"turns":3.0},{"damage":22.0,"enemies":"Lots of Slimes","floor":4.0,"turns":3.0},{"damage":20.0,"enemies":"3 Sentries","floor":7.0,"turns":5.0},{"damage":14.0,"enemies":"Blue Slaver","floor":10.0,"turns":4.0},{"damage":8.0,"enemies":"Large Slime","floor":13.0,"turns":3.0},{"damage":1.0,"enemies":"Looter","floor":14.0,"turns":2.0},{"damage":0.0,"enemies":"Slime Boss","floor":16.0,"turns":4.0},{"damage":22.0,"enemies":"Spheric Guardian","floor":18.0,"turns":4.0},{"damage":20.0,"enemies":"3 Byrds","floor":21.0,"turns":6.0},{"damage":1.0,"enemies":"Cultist and Chosen","floor":22.0,"turns":3.0},{"damage":18.0,"enemies":"3 Cultists","floor":24.0,"turns":3.0},{"damage":44.0,"enemies":"Book of Stabbing","floor":25.0,"turns":4.0},{"damage":14.0,"enemies":"Centurion and Healer","floor":27.0,"turns":3.0},{"damage":0.0,"enemies":"Chosen and Byrds","floor":31.0,"turns":3.0},{"damage":15.0,"enemies":"Automaton","floor":33.0,"turns":6.0},{"damage":7.0,"enemies":"Orb Walker","floor":35.0,"turns":3.0},{"damage":56.0,"enemies":"3 Shapes","floor":39.0,"turns":4.0},{"damage":16.0,"enemies":"Giant Head","floor":41.0,"turns":4.0},{"damage":0.0,"enemies":"Transient","floor":42.0,"turns":5.0},{"damage":74.0,"enemies":"Writhing Mass","floor":45.0,"turns":5.0},{"damage":0.0,"enemies":"Reptomancer","floor":46.0,"turns":2.0},{"damage":23.0,"enemies":"Spire Growth","floor":48.0,"turns":3.0},{"damage":111.0,"enemies":"Awakened One","floor":50.0,"turns":7.0},{"damage":95,"enemies":"Time Eater","floor":51,"turns":6},{"damage":104,"enemies":"Shield and Spear","floor":55,"turns":3}],"seed_played":"-2575917991836572397","potions_obtained":[{"floor":2.0,"key":"Regen Potion"},{"floor":4.0,"key":"BloodPotion"},{"floor":7.0,"key":"Swift Potion"},{"floor":14.0,"key":"Swift Potion"},{"floor":16.0,"key":"EssenceOfSteel"},{"floor":22.0,"key":"SteroidPotion"},{"floor":24.0,"key":"GamblersBrew"},{"floor":25.0,"key":"SkillPotion"},{"floor":33.0,"key":"Weak Potion"},{"floor":37.0,"key":"LiquidMemories"},{"floor":41.0,"key":"DuplicationPotion"},{"floor":45.0,"key":"FairyPotion"},{"floor":47.0,"key":"FairyPotion"}],"is_trial":false,"path_per_floor":["M","M","M","M","?","R","E","R","T","M","R","?","M","M","R","B",null,"M","$","?","M","M","R","M","E","T","M","R","?","?","M","R","B",null,"M","?","?","$","M","R","E","M","T","R","M","E","?","M","R","B","B",null,"R","$","E"],"character_chosen":"IRONCLAD","items_purchased":["Reaper","Flex","Block Potion","DollysMirror","Medical Kit"],"campfire_rested":3,"item_purchase_floors":[19,19,19,38,54],"current_hp_per_floor":[47,44,44,28,28,28,28,28,35,27,27,27,41,46,46,52,75,59,59,53,55,60,60,66,28,28,62,62,41,41,47,71,82,82,81,78,78,78,75,75,78,78,78,78,25,78,78,61,78,42,29,66,78,78,0,0],"gold":8,"neow_bonus":"TRANSFORM_TWO_CARDS","is_daily":false,"chose_seed":false,"campfire_upgraded":7,"win_rate":0.0,"timestamp":1609608126,"path_taken":["M","M","M","M","?","R","E","R","T","M","R","?","M","M","R","BOSS","M","$","?","M","M","R","?","E","T","?","R","?","?","M","R","BOSS","M","?","?","$","M","R","E","?","T","R","M","E","?","?","R","BOSS","BOSS","R","$","E"],"items_purchased_type":["Card","Card","Potion","Relic","Relic"],"build_version":"2020-12-22","purchased_purges":1,"victory":false,"max_hp_per_floor":[75,75,75,75,75,75,75,75,82,82,82,82,82,82,82,82,82,82,82,82,82,82,82,82,82,82,82,82,82,82,82,82,82,82,82,78,78,78,78,78,78,78,78,78,78,78,78,78,78,78,78,78,78,78,78,78],"card_choices":[{"not_picked":["Cleave","Thunderclap"],"picked":"Sword Boomerang","floor":1.0},{"not_picked":["Ghostly Armor","Headbutt","Hemokinesis"],"picked":"SKIP","floor":2.0},{"not_picked":["Iron Wave","Thunderclap"],"picked":"Fire Breathing","floor":3.0},{"not_picked":["Combust","Flame Barrier"],"picked":"Spot Weakness","floor":4.0},{"not_picked":["Combust","Clash","Armaments"],"picked":"SKIP","floor":7.0},{"not_picked":["Sword Boomerang","Seeing Red"],"picked":"Battle Trance","floor":10.0},{"not_picked":["Clothesline","True Grit","Berserk"],"picked":"SKIP","floor":13.0},{"not_picked":["Anger","Sword Boomerang","Whirlwind"],"picked":"SKIP","floor":14.0},{"not_picked":["Juggernaut","Barricade"],"picked":"Double Tap","floor":16.0},{"not_picked":["Carnage"],"picked":"SKIP","floor":18.0},{"not_picked":[],"picked":"Thunderclap+1","floor":21.0},{"not_picked":["Perfected Strike"],"picked":"SKIP","floor":22.0},{"not_picked":["Headbutt"],"picked":"SKIP","floor":24.0},{"not_picked":["Thunderclap"],"picked":"SKIP","floor":25.0},{"not_picked":["Pummel"],"picked":"SKIP","floor":27.0},{"not_picked":["True Grit"],"picked":"SKIP","floor":31.0},{"not_picked":["Anger"],"picked":"SKIP","floor":35.0},{"not_picked":["Pommel Strike"],"picked":"SKIP","floor":39.0},{"not_picked":["Rupture"],"picked":"SKIP","floor":41.0},{"not_picked":["Rupture"],"picked":"SKIP","floor":41.0},{"not_picked":["Thunderclap"],"picked":"SKIP","floor":42.0},{"not_picked":["Wild Strike"],"picked":"SKIP","floor":45.0},{"not_picked":["Headbutt"],"picked":"SKIP","floor":46.0},{"not_picked":["Headbutt"],"picked":"SKIP","floor":46.0},{"not_picked":["Iron Wave"],"picked":"SKIP","floor":48.0}],"player_experience":1660871,"relics_obtained":[{"floor":7.0,"key":"Art of War"},{"floor":9.0,"key":"Strawberry"},{"floor":25.0,"key":"Red Skull"},{"floor":26.0,"key":"Whetstone"},{"floor":29.0,"key":"Nilry\u0027s Codex"},{"floor":41.0,"key":"Lantern"},{"floor":46.0,"key":"PreservedInsect"}],"event_choices":[{"damage_healed":0.0,"max_hp_gain":0.0,"max_hp_loss":0.0,"gold_gain":0.0,"event_name":"Liars Game","player_choice":"Ignored","floor":5.0,"gold_loss":0.0,"damage_taken":0.0},{"cards_removed":["Strike_R"],"damage_healed":0.0,"max_hp_gain":0.0,"max_hp_loss":0.0,"gold_gain":0.0,"event_name":"Bonfire Elementals","player_choice":"Offered Basic","floor":12.0,"gold_loss":0.0,"damage_taken":0.0},{"damage_healed":0.0,"max_hp_gain":0.0,"max_hp_loss":0.0,"gold_gain":0.0,"event_name":"Knowing Skull","player_choice":"","floor":20.0,"potions_obtained":[],"gold_loss":0.0,"damage_taken":6.0,"cards_obtained":[]},{"damage_healed":0.0,"max_hp_gain":0.0,"max_hp_loss":0.0,"gold_gain":0.0,"event_name":"Cursed Tome","player_choice":"Obtained Book","floor":29.0,"gold_loss":0.0,"damage_taken":21.0},{"damage_healed":0.0,"max_hp_gain":0.0,"max_hp_loss":0.0,"gold_gain":0.0,"event_name":"Vampires","player_choice":"Ignored","floor":30.0,"gold_loss":0.0,"damage_taken":0.0},{"damage_healed":0.0,"max_hp_gain":0.0,"max_hp_loss":4.0,"gold_gain":0.0,"event_name":"Winding Halls","player_choice":"Max HP","floor":36.0,"gold_loss":0.0,"damage_taken":0.0},{"damage_healed":0.0,"max_hp_gain":0.0,"max_hp_loss":0.0,"gold_gain":0.0,"event_name":"Lab","player_choice":"Got Potions","floor":37.0,"gold_loss":0.0,"damage_taken":0.0},{"damage_healed":0.0,"max_hp_gain":0.0,"max_hp_loss":0.0,"gold_gain":0.0,"event_name":"The Woman in Blue","player_choice":"Bought 3 Potions","floor":47.0,"gold_loss":0.0,"damage_taken":0.0}],"is_beta":false,"boss_relics":[{"not_picked":["Pandora\u0027s Box","Runic Cube"],"picked":"Busted Crown"},{"not_picked":["Tiny House","Calling Bell"],"picked":"Astrolabe"}],"items_purged_floors":[19],"is_endless":false,"potions_floor_spawned":[2,4,7,14,16,22,24,25,33,39,41,45],"killed_by":"Shield and Spear","ascension_level":20}}