{"host":"xcuflocadasoaqda","time":1609619205,"event":{"mods":["BaseMod","Bestiary","Filter the Spire","Minty Spire (QoL Compilation)","Relic Stats"],"gold_per_floor":[116,116,38,52,65,93,93,168,168,183,204,227,261,277,277,398,398,413,456,222,236,236,236,251,251,251,54,67,192,154,193,205,341,353,380,455,488,525,537,549,579,614,653,665,701,462,481,504,504,504],"floor_reached":51,"playtime":844,"items_purged":["Flex+1","Cleave+1"],"score":806,"play_id":"ee83205e-99af-44fb-ae07-b26051c2da3f","local_time":"20210102142645","is_ascension_mode":false,"campfire_choices":[{"data":"Bludgeon","floor":15.0,"key":"SMITH"},{"data":"Flex","floor":23,"key":"SMITH"},{"data":"Double Tap","floor":25,"key":"SMITH"},{"data":"Battle Trance","floor":32,"key":"SMITH"},{"floor":40,"key":"REST"},{"floor":49,"key":"REST"}],"circlet_count":0,"master_deck":["Bash+1","Battle Trance+1","Bludgeon+1","Double Tap+1","Necronomicurse"],"relics":["Burning Blood","NeowsBlessing","Self Forming Clay","Oddly Smooth Stone","Golden Idol","Whetstone","Akabeko","MealTicket","Pandora\u0027s Box","Red Mask","Membership Card","Bag of Preparation","Necronomicon","Frozen Egg 2","Anchor","Meat on the Bone","Mango","Shuriken","MawBank","Fusion Hammer","Unceasing Top","Toy Ornithopter","Orichalcum","White Beast Statue"],"acts_visited":["Exordium","TheCity","TheBeyond"],"potions_floor_usage":[19,35,50,50,50],"damage_taken":[{"damage":0.0,"enemies":"Jaw Worm","floor":1.0,"turns":1.0},{"damage":0.0,"enemies":"Cultist","floor":4.0,"turns":1.0},{"damage":0.0,"enemies":"2 Louse","floor":5.0,"turns":1.0},{"damage":38.0,"enemies":"Gremlin Nob","floor":6.0,"turns":5.0},{"damage":10.0,"enemies":"Exordium Wildlife","floor":10.0,"turns":3.0},{"damage":6.0,"enemies":"2 Fungi Beasts","floor":11.0,"turns":3.0},{"damage":21.0,"enemies":"Lagavulin","floor":13.0,"turns":4.0},{"damage":0.0,"enemies":"3 Louse","floor":14.0,"turns":1.0},{"damage":20.0,"enemies":"Hexaghost","floor":16.0,"turns":9.0},{"damage":10,"enemies":"Chosen","floor":18,"turns":2},{"damage":0,"enemies":"Masked Bandits","floor":19,"turns":1},{"damage":14,"enemies":"2 Thieves","floor":21,"turns":2},{"damage":0,"enemies":"Snake Plant","floor":24,"turns":1},{"damage":0,"enemies":"Chosen and Byrds","floor":28,"turns":3},{"damage":0,"enemies":"Colosseum Slavers","floor":29,"turns":2},{"damage":0,"enemies":"Colosseum Nobs","floor":29,"turns":2},{"damage":2,"enemies":"Book of Stabbing","floor":31,"turns":2},{"damage":41,"enemies":"Automaton","floor":33,"turns":5},{"damage":4,"enemies":"3 Shapes","floor":35,"turns":2},{"damage":0,"enemies":"Mind Bloom Boss Battle","floor":36,"turns":2},{"damage":0,"enemies":"3 Darklings","floor":37,"turns":2},{"damage":5,"enemies":"Writhing Mass","floor":38,"turns":2},{"damage":5,"enemies":"Maw","floor":41,"turns":3},{"damage":5,"enemies":"4 Shapes","floor":42,"turns":2},{"damage":0,"enemies":"3 Darklings","floor":45,"turns":2},{"damage":14,"enemies":"Sphere and 2 Shapes","floor":47,"turns":3},{"damage":0,"enemies":"Maw","floor":48,"turns":3},{"damage":17,"enemies":"Time Eater","floor":50,"turns":3}],"seed_played":"-5562047022294493350","potions_obtained":[{"floor":4.0,"key":"Block Potion"},{"floor":5.0,"key":"SkillPotion"},{"floor":13.0,"key":"Fire Potion"},{"floor":14.0,"key":"Strength Potion"},{"floor":16,"key":"Explosive Potion"},{"floor":18,"key":"SteroidPotion"},{"floor":24,"key":"SteroidPotion"},{"floor":33,"key":"BloodPotion"},{"floor":35,"key":"HeartOfIron"},{"floor":47,"key":"LiquidMemories"}],"is_trial":false,"path_per_floor":["M","$","?","M","M","E","?","?","T","M","M","T","E","M","R","B",null,"M","?","$","M","?","R","M","R","T","$","M","?","$","E","R","B",null,"M","?","M","M","?","R","M","M","T","?","M","$","M","M","R","B",null],"character_chosen":"IRONCLAD","items_purchased":["Membership Card","Bag of Preparation","Anchor","Meat on the Bone","Orichalcum","White Beast Statue"],"campfire_rested":2,"item_purchase_floors":[20,20,27,27,46,46],"current_hp_per_floor":[80,80,80,80,80,48,48,37,37,33,33,33,18,24,24,10,74,70,74,74,66,50,50,56,56,56,71,74,88,88,88,88,53,88,88,88,88,88,88,88,88,88,88,88,88,88,80,86,88,82],"gold":504,"neow_bonus":"THREE_ENEMY_KILL","is_daily":false,"chose_seed":false,"campfire_upgraded":4,"win_rate":0.0,"timestamp":1609619205,"path_taken":["M","$","?","M","?","E","?","?","T","M","M","?","E","M","R","BOSS","BOSS","M","?","$","M","?","R","M","R","T","$","M","?","$","E","R","BOSS","M","?","M","M","?","R","M","?","T","?","M","$","M","M","R","BOSS"],"items_purchased_type":["Relic","Relic","Relic","Relic","Relic","Relic"],"build_version":"2020-12-22","purchased_purges":2,"victory":true,"max_hp_per_floor":[80,80,80,80,80,80,74,74,74,74,74,74,74,74,74,74,74,74,74,74,74,74,74,74,74,74,74,74,88,88,88,88,88,88,88,88,88,88,88,88,88,88,88,88,88,88,88,88,88,88],"relic_stats":{"counters":[28,72],"Self Forming Clay":[93],"Golden Idol":219,"Bag of Preparation":[18],"Whetstone":["Cleave","Bash"],"Orichalcum":[18],"MawBank":180,"Burning Blood":106,"Shuriken":[20],"MealTicket":15,"Pandora\u0027s Box":["Body Slam","Bludgeon","Juggernaut","Ghostly Armor","Warcry","Impervious","Seeing Red","True Grit","Shrug It Off"],"Necronomicon":[36],"obtain_stats":[{"NeowsBlessing":0,"Self Forming Clay":3,"Golden Idol":7,"Oddly Smooth Stone":6,"Mango":29,"Bag of Preparation":20,"Whetstone":9,"Frozen Egg 2":26,"Orichalcum":46,"MawBank":31,"Burning Blood":0,"Akabeko":12,"White Beast Statue":46,"Anchor":27,"Shuriken":29,"MealTicket":13,"Pandora\u0027s Box":17,"Fusion Hammer":34,"Red Mask":19,"Necronomicon":22,"Membership Card":20,"Unceasing Top":36,"Toy Ornithopter":43,"Meat on the Bone":27},{"NeowsBlessing":0,"Self Forming Clay":1,"Golden Idol":4,"Oddly Smooth Stone":4,"Mango":16,"Bag of Preparation":11,"Whetstone":4,"Frozen Egg 2":13,"Orichalcum":25,"MawBank":17,"Burning Blood":0,"Akabeko":6,"White Beast Statue":25,"Anchor":13,"Shuriken":16,"MealTicket":7,"Pandora\u0027s Box":9,"Fusion Hammer":18,"Red Mask":11,"Necronomicon":12,"Membership Card":11,"Unceasing Top":20,"Toy Ornithopter":24,"Meat on the Bone":13},{"NeowsBlessing":0,"Self Forming Clay":1,"Golden Idol":8,"Oddly Smooth Stone":8,"Mango":41,"Bag of Preparation":31,"Whetstone":8,"Frozen Egg 2":34,"Orichalcum":63,"MawBank":43,"Burning Blood":0,"Akabeko":14,"White Beast Statue":63,"Anchor":34,"Shuriken":41,"MealTicket":18,"Pandora\u0027s Box":28,"Fusion Hammer":48,"Red Mask":31,"Necronomicon":33,"Membership Card":31,"Unceasing Top":52,"Toy Ornithopter":61,"Meat on the Bone":34}],"Unceasing Top":[0],"Toy Ornithopter":5,"Meat on the Bone":0},"card_choices":[{"not_picked":["Ghostly Armor","Havoc"],"picked":"Flex","floor":1.0},{"not_picked":["Burning Pact","Clothesline"],"picked":"Battle Trance","floor":4.0},{"not_picked":["Flex","Flame Barrier"],"picked":"Cleave","floor":5.0},{"not_picked":["Armaments","Body Slam"],"picked":"Bludgeon","floor":13.0},{"not_picked":["Corruption","Offering"],"picked":"Double Tap","floor":16},{"not_picked":["Pommel Strike+1","Flame Barrier","Inflame"],"picked":"SKIP","floor":18}],"player_experience":1864968,"relics_obtained":[{"floor":6.0,"key":"Oddly Smooth Stone"},{"floor":9.0,"key":"Whetstone"},{"floor":12.0,"key":"Akabeko"},{"floor":13.0,"key":"MealTicket"},{"floor":19,"key":"Red Mask"},{"floor":22,"key":"Necronomicon"},{"floor":26,"key":"Frozen Egg 2"},{"floor":29,"key":"Mango"},{"floor":29,"key":"Shuriken"},{"floor":31,"key":"MawBank"},{"floor":36,"key":"Unceasing Top"},{"floor":43,"key":"Toy Ornithopter"}],"event_choices":[{"damage_healed":0.0,"max_hp_gain":0.0,"max_hp_loss":0.0,"gold_gain":0.0,"event_name":"WeMeetAgain","player_choice":"Paid Gold","floor":3.0,"gold_loss":78.0,"damage_taken":0.0,"relics_obtained":["Self Forming Clay"]},{"damage_healed":0.0,"max_hp_gain":0.0,"max_hp_loss":6.0,"gold_gain":0.0,"event_name":"Golden Idol","player_choice":"Lose Max HP","floor":7.0,"gold_loss":0.0,"damage_taken":0.0,"relics_obtained":["Golden Idol"]},{"damage_healed":0.0,"max_hp_gain":0.0,"max_hp_loss":0.0,"gold_gain":75.0,"event_name":"World of Goop","player_choice":"Gather Gold","floor":8.0,"gold_loss":0.0,"damage_taken":11.0},{"damage_healed":0,"gold_gain":0,"player_choice":"Fought Bandits","damage_taken":0,"max_hp_gain":0,"max_hp_loss":0,"event_name":"Masked Bandits","floor":19,"gold_loss":0},{"damage_healed":0,"gold_gain":0,"player_choice":"Obtained Book","damage_taken":16,"max_hp_gain":0,"max_hp_loss":0,"event_name":"Cursed Tome","floor":22,"gold_loss":0},{"damage_healed":0,"gold_gain":0,"player_choice":"Fight","damage_taken":0,"max_hp_gain":0,"max_hp_loss":0,"event_name":"Colosseum","floor":29,"gold_loss":0},{"damage_healed":0,"gold_gain":0,"player_choice":"Fought Nobs","damage_taken":0,"max_hp_gain":0,"max_hp_loss":0,"event_name":"Colosseum","floor":29,"gold_loss":0},{"damage_healed":0,"gold_gain":0,"player_choice":"Fight","damage_taken":0,"max_hp_gain":0,"max_hp_loss":0,"event_name":"MindBloom","floor":36,"gold_loss":0},{"damage_healed":0,"gold_gain":0,"player_choice":"Ignored","damage_taken":0,"max_hp_gain":0,"max_hp_loss":0,"event_name":"NoteForYourself","floor":39,"gold_loss":0},{"damage_healed":0,"gold_gain":0,"player_choice":"Memory 1","damage_taken":0,"max_hp_gain":0,"max_hp_loss":0,"event_name":"SensoryStone","floor":44,"gold_loss":0}],"is_beta":false,"boss_relics":[{"not_picked":["Mark of Pain","Runic Dome"],"picked":"Pandora\u0027s Box"},{"not_picked":["Philosopher\u0027s Stone","Cursed Key"],"picked":"Fusion Hammer"}],"items_purged_floors":[30,46],"is_endless":false,"potions_floor_spawned":[4,5,13,14,16,18,24,29,33,35,36,41,47,48],"ascension_level":0}}