{"host":"xcg4griixgtfz7zw","time":1609608861,"event":{"mods":["2.2 Compatiblity","BaseMod","Downfall","Hermit","Hubris","Minty Spire (QoL Compilation)","Replay The Spire","Shop Mod","StSLib","The Construct"],"gold_per_floor":[99,121,271,271,292,315,315,425,425,531,537,537,537],"floor_reached":11,"playtime":567,"items_purged":[],"score":61,"play_id":"0fc92431-b6f5-426d-8ac1-2b613258a2e7","local_time":"20210102173421","is_ascension_mode":false,"campfire_choices":[{"data":"hexamod:Strike","floor":1,"key":"PURGE"},{"floor":9,"key":"RECALL"}],"circlet_count":0,"master_deck":["hexamod:Strike","hexamod:Strike","hexamod:Defend","hexamod:Defend","hexamod:Defend","hexamod:Defend","hexamod:Sear","hexamod:Float","hexamod:CatchUp","Slimebound:Icky","hexamod:HauntingEcho","hexamod:SkipABeat","hexamod:ThermalTransfer","hexamod:ThermalTransfer"],"relics":["hexamod:SpiritBrand","Replay:Bandana","Kunai","Pet Ghost","downfall:CloakOfManyFaces","CultistMask","FaceOfCleric","NlothsMask","GremlinMask","SsserpentHead"],"acts_visited":["Exordium"],"potions_floor_usage":[],"damage_taken":[{"damage":0,"enemies":"Cultist","floor":2,"turns":3},{"damage":0,"enemies":"Small Slimes","floor":5,"turns":4},{"damage":1,"enemies":"Jaw Worm","floor":6,"turns":4},{"damage":4,"enemies":"downfall:FaceTrader","floor":10,"turns":7},{"damage":52,"enemies":"Gremlin Nob","floor":11,"turns":5}],"seed_played":"6384139425064287167","potions_obtained":[{"floor":2,"key":"Doom Potion"}],"is_trial":false,"path_per_floor":["R","M","?","?","M","M","T","?","R","?","E"],"character_chosen":"THE_SPIRIT","items_purchased":[],"campfire_rested":0,"item_purchase_floors":[],"current_hp_per_floor":[70,70,70,70,70,69,69,41,41,37,0,0,0],"gold":537,"neow_bonus":"RANDOM_COMMON_RELIC","is_daily":false,"chose_seed":false,"campfire_upgraded":0,"win_rate":0.0,"timestamp":1609608861,"path_taken":["R","M","?","?","M","M","T","?","R","?","E"],"items_purchased_type":[],"build_version":"2020-12-22","purchased_purges":0,"victory":false,"max_hp_per_floor":[70,70,70,70,70,70,70,70,70,70,70,70,70],"card_choices":[{"not_picked":["hexamod:Hexaguard","hexamod:RainOfEmbers"],"picked":"hexamod:CatchUp","floor":2},{"not_picked":["hexamod:ChargedBarrage","hexamod:GhostOfSpirePresent"],"picked":"hexamod:HauntingEcho","floor":5},{"not_picked":["hexamod:PhantomCloak","hexamod:BacktrackSmack"],"picked":"hexamod:SkipABeat","floor":6},{"not_picked":["hexamod:CatchUp","hexamod:BacktrackSmack"],"picked":"hexamod:ThermalTransfer","floor":8},{"not_picked":["hexamod:GhostLash","hexamod:HauntingEcho"],"picked":"hexamod:ThermalTransfer","floor":10}],"player_experience":314673,"relics_obtained":[{"floor":7,"key":"Kunai"},{"floor":8,"key":"Pet Ghost"},{"floor":10,"key":"downfall:CloakOfManyFaces"}],"event_choices":[],"is_beta":false,"boss_relics":[],"items_purged_floors":[],"is_endless":false,"potions_floor_spawned":[2],"killed_by":"Gremlin Nob","ascension_level":0}}