{"host":"hvutsrv30nr3m3gn","time":1609567451,"event":{"mods":["BaseMod","Colored Powertips","Downfall","Hermit","Marisa????????","Minty Spire (QoL Compilation)","StSLib","The Animator","The Bug Knight","The Cursed"],"gold_per_floor":[99,99,99,99,99,113,113,125,155,169,224,324,388,400,414,414,414,414],"floor_reached":16,"playtime":1329,"items_purged":[],"score":102,"play_id":"548200f9-1599-4b30-8121-d393f0531613","local_time":"20210101230411","is_ascension_mode":false,"campfire_choices":[{"data":"hexamod:Sear","floor":1,"key":"SMITH"}],"circlet_count":0,"master_deck":["hexamod:Strike","hexamod:Strike","hexamod:Strike","hexamod:Strike","hexamod:Defend","hexamod:Defend","hexamod:Defend","hexamod:Defend","hexamod:Sear+1","hexamod:Float","hexamod:BurningTouch","hexamod:InspiringFlames","hexamod:FirstSeal","hexamod:FastForward","hexamod:GhostLash","hexamod:HeatCrush","hexamod:SpectralAdrenaline","hexamod:Incineration","hexamod:Firestarter","hexamod:HeatMetal","hexamod:ThermalTransfer","hexamod:Incineration","hexamod:RainOfEmbers"],"relics":["hexamod:SpiritBrand","downfall:HeartsMalice","hexamod:SoulConsumer","InkBottle","Strawberry","downfall:CloakOfManyFaces","CultistMask","FaceOfCleric","NlothsMask","GremlinMask","SsserpentHead"],"acts_visited":["Exordium"],"potions_floor_usage":[9,12,14,15,16],"damage_taken":[{"damage":0,"enemies":"Jaw Worm","floor":2,"turns":1},{"damage":0,"enemies":"2 Louse","floor":3,"turns":1},{"damage":0,"enemies":"downfall:FleeingMerchant","floor":5,"turns":1},{"damage":0,"enemies":"Small Slimes","floor":6,"turns":3},{"damage":3,"enemies":"Gremlin Gang","floor":8,"turns":5},{"damage":23,"enemies":"3 Sentries","floor":9,"turns":7},{"damage":0,"enemies":"2 Fungi Beasts","floor":10,"turns":4},{"damage":36,"enemies":"3 Sentries","floor":11,"turns":9},{"damage":16,"enemies":"downfall:FaceTrader","floor":12,"turns":5},{"damage":10,"enemies":"Red Slaver","floor":13,"turns":3},{"damage":5,"enemies":"Exordium Wildlife","floor":14,"turns":3},{"damage":10,"enemies":"Exordium Thugs","floor":15,"turns":4},{"damage":30,"enemies":"downfall:Defect","floor":16,"turns":4}],"seed_played":"-3403962199951402533","potions_obtained":[{"floor":6,"key":"CultistPotion"},{"floor":9,"key":"Strength Potion"},{"floor":11,"key":"EssenceOfSteel"},{"floor":12,"key":"DistilledChaos"},{"floor":14,"key":"PowerPotion"},{"floor":15,"key":"Swift Potion"}],"is_trial":false,"path_per_floor":["R","M","M","?","$","M","T","M","E","M","?","?","M","M","M","B"],"character_chosen":"THE_SPIRIT","items_purchased":[],"campfire_rested":0,"item_purchase_floors":[],"current_hp_per_floor":[70,70,70,63,63,70,70,70,47,54,32,23,14,17,15,0,0,0],"gold":414,"neow_bonus":"THREE_ENEMY_KILL","is_daily":false,"chose_seed":false,"campfire_upgraded":1,"win_rate":0.0,"timestamp":1609567451,"path_taken":["R","M","M","?","$","M","T","M","E","M","?","?","?","M","M","BOSS"],"items_purchased_type":[],"build_version":"2020-12-22","purchased_purges":0,"victory":false,"max_hp_per_floor":[70,70,70,70,70,70,70,70,70,70,77,77,78,79,80,80,80,80],"card_choices":[{"not_picked":["hexamod:AdvancingGuard","hexamod:RadiantFlame"],"picked":"hexamod:BurningTouch","floor":2},{"not_picked":["hexamod:NightmareGuise","hexamod:AdvancingGuard"],"picked":"hexamod:InspiringFlames","floor":3},{"not_picked":["hexamod:InspiringFlames","hexamod:GhostflameBarrier"],"picked":"hexamod:FastForward","floor":5},{"not_picked":["hexamod:GhostOfSpirePresent","hexamod:BacktrackSmack"],"picked":"hexamod:GhostLash","floor":6},{"not_picked":["hexamod:StepThrough","hexamod:NecessarySacrifice"],"picked":"hexamod:HeatCrush","floor":8},{"not_picked":["hexamod:HeatCrush","hexamod:RecurringNightmare"],"picked":"hexamod:SpectralAdrenaline","floor":9},{"not_picked":["hexamod:GhostOfSpirePresent","hexamod:ThirdSeal"],"picked":"hexamod:Incineration","floor":10},{"not_picked":["hexamod:NightmareStrike","hexamod:ShieldOfDarkness"],"picked":"hexamod:Firestarter","floor":11},{"not_picked":["hexamod:ChargedBarrage","hexamod:RadiantFlame"],"picked":"hexamod:HeatMetal","floor":12},{"not_picked":["hexamod:GhostLash","hexamod:FastForward"],"picked":"hexamod:ThermalTransfer","floor":13},{"not_picked":["hexamod:StepThrough","hexamod:BurningTouch"],"picked":"hexamod:Incineration","floor":14},{"not_picked":["hexamod:HeatShield","hexamod:SkipABeat"],"picked":"hexamod:RainOfEmbers","floor":15}],"player_experience":70663,"relics_obtained":[{"floor":7,"key":"hexamod:SoulConsumer"},{"floor":9,"key":"InkBottle"},{"floor":11,"key":"Strawberry"},{"floor":12,"key":"downfall:CloakOfManyFaces"}],"event_choices":[],"is_beta":false,"boss_relics":[],"items_purged_floors":[],"is_endless":false,"potions_floor_spawned":[6,9,11,12,14,15],"killed_by":"downfall:Defect","ascension_level":0}}