{"host":"dw2ay8i719i7xlef","time":1609630623,"event":{"mods":["BaseMod","Minty Spire (QoL Compilation)"],"gold_per_floor":[112,124,124,135,135,169,183,183,183,193,193,193,213,224,224,326,326,344,355,630,644,657,690,690,720,792,818,818,834,848,439,439,535,535,562,589,651,673,695,707,43,60,60,0,19,31,31,49,49,49],"floor_reached":51,"playtime":9101,"items_purged":[],"score":1029,"play_id":"8604fce5-ca2c-4a6a-9710-f1640317fbb6","local_time":"20210102173703","is_ascension_mode":true,"campfire_choices":[{"floor":8.0,"key":"REST"},{"floor":15.0,"key":"REST"},{"floor":24.0,"key":"REST"},{"floor":28.0,"key":"REST"},{"floor":32.0,"key":"REST"},{"floor":40.0,"key":"REST"},{"data":"Dualcast","floor":49,"key":"PURGE"}],"circlet_count":0,"master_deck":["Strike_B","Strike_B","Strike_B","Defend_B","Defend_B","Defend_B","Defend_B","Zap","Rip and Tear","Genetic Algorithm","Sweeping Beam","Hyperbeam+1","Glacier","Fission","Conserve Battery","Auto Shields","Buffer","Hologram+1","Ball Lightning","Auto Shields","Ball Lightning+1","Seek","Echo Form","Buffer"],"relics":["Fusion Hammer","Omamori","Pantograph","Orichalcum","SlaversCollar","Gremlin Horn","Toy Ornithopter","Eternal Feather","Incense Burner","White Beast Statue","MealTicket","Calling Bell","MawBank","StrikeDummy","Peace Pipe","Pocketwatch","TungstenRod","Mercury Hourglass","Akabeko","Red Mask"],"acts_visited":["Exordium","TheCity","TheBeyond"],"potions_floor_usage":[46,50,50,50],"damage_taken":[{"damage":1.0,"enemies":"2 Louse","floor":1.0,"turns":2.0},{"damage":1.0,"enemies":"Cultist","floor":2.0,"turns":4.0},{"damage":8.0,"enemies":"Small Slimes","floor":4.0,"turns":4.0},{"damage":42.0,"enemies":"Gremlin Nob","floor":6.0,"turns":4.0},{"damage":11.0,"enemies":"Exordium Thugs","floor":7.0,"turns":3.0},{"damage":8.0,"enemies":"Red Slaver","floor":10.0,"turns":2.0},{"damage":0.0,"enemies":"Lots of Slimes","floor":13.0,"turns":1.0},{"damage":0.0,"enemies":"Gremlin Gang","floor":14.0,"turns":1.0},{"damage":21.0,"enemies":"Hexaghost","floor":16.0,"turns":6.0},{"damage":0.0,"enemies":"2 Thieves","floor":18.0,"turns":1.0},{"damage":15.0,"enemies":"Shell Parasite","floor":19.0,"turns":6.0},{"damage":1.0,"enemies":"Sentry and Sphere","floor":21.0,"turns":4.0},{"damage":1.0,"enemies":"Centurion and Healer","floor":22.0,"turns":8.0},{"damage":10.0,"enemies":"Gremlin Leader","floor":23.0,"turns":7.0},{"damage":49.0,"enemies":"Book of Stabbing","floor":25.0,"turns":8.0},{"damage":20.0,"enemies":"Slavers","floor":27.0,"turns":4.0},{"damage":0.0,"enemies":"Snake Plant","floor":29.0,"turns":2.0},{"damage":19.0,"enemies":"Sentry and Sphere","floor":30.0,"turns":6.0},{"damage":0.0,"enemies":"Automaton","floor":33.0,"turns":11.0},{"damage":4.0,"enemies":"3 Darklings","floor":35.0,"turns":4.0},{"damage":3.0,"enemies":"Orb Walker","floor":36.0,"turns":4.0},{"damage":2.0,"enemies":"Mind Bloom Boss Battle","floor":37.0,"turns":8.0},{"damage":0.0,"enemies":"3 Darklings","floor":38.0,"turns":3.0},{"damage":42.0,"enemies":"Spire Growth","floor":39.0,"turns":11.0},{"damage":0.0,"enemies":"Maw","floor":42.0,"turns":8.0},{"damage":0.0,"enemies":"3 Darklings","floor":45.0,"turns":4.0},{"damage":0,"enemies":"Transient","floor":46,"turns":5},{"damage":0,"enemies":"4 Shapes","floor":48,"turns":1},{"damage":95,"enemies":"Time Eater","floor":50,"turns":11}],"seed_played":"-6717597766248356978","potions_obtained":[{"floor":1.0,"key":"SmokeBomb"},{"floor":10.0,"key":"EssenceOfDarkness"},{"floor":13.0,"key":"LiquidMemories"},{"floor":14.0,"key":"FocusPotion"},{"floor":16.0,"key":"FearPotion"},{"floor":19.0,"key":"FairyPotion"},{"floor":21.0,"key":"Block Potion"},{"floor":22.0,"key":"Strength Potion"},{"floor":25.0,"key":"FearPotion"},{"floor":29.0,"key":"SteroidPotion"},{"floor":33.0,"key":"AttackPotion"},{"floor":35.0,"key":"LiquidMemories"},{"floor":36.0,"key":"Regen Potion"},{"floor":37.0,"key":"CultistPotion"},{"floor":38.0,"key":"PowerPotion"},{"floor":39.0,"key":"SkillPotion"},{"floor":42.0,"key":"SpeedPotion"},{"floor":45.0,"key":"GamblersBrew"},{"floor":46,"key":"LiquidMemories"}],"is_trial":false,"path_per_floor":["M","M","?","M","?","E","M","R","T","M","?","?","M","M","R","B",null,"M","M","?","M","M","E","R","E","T","E","R","M","M","$","R","B",null,"M","M","?","M","M","R","$","M","T","?","M","M","?","M","R","B",null],"character_chosen":"DEFECT","items_purchased":["White Beast Statue","MealTicket","TungstenRod","Mercury Hourglass","Fruit Juice"],"campfire_rested":6,"item_purchase_floors":[31,31,41,41,41],"current_hp_per_floor":[67,66,66,58,58,16,5,27,27,19,19,19,19,19,41,45,68,68,53,53,52,51,41,63,14,14,22,56,56,37,37,71,75,75,75,72,73,73,33,70,75,80,80,80,80,80,80,80,80,10],"gold":49,"neow_bonus":"BOSS_RELIC","is_daily":false,"chose_seed":false,"campfire_upgraded":0,"win_rate":0.0,"timestamp":1609630623,"path_taken":["M","M","?","M","?","E","M","R","T","?","?","?","M","?","R","BOSS","M","M","?","?","M","E","R","E","T","E","R","M","M","$","R","BOSS","M","?","?","M","M","R","$","M","T","?","M","M","?","M","R","BOSS"],"items_purchased_type":["Relic","Relic","Relic","Relic","Potion"],"build_version":"2020-12-22","purchased_purges":0,"victory":true,"max_hp_per_floor":[75,75,75,75,75,75,75,75,75,75,75,75,75,75,75,75,75,75,75,75,75,75,75,75,75,75,75,75,75,75,75,75,75,75,75,75,75,75,75,75,75,80,80,80,80,80,80,80,80,80],"card_choices":[{"not_picked":["Recycle","Gash"],"picked":"Rip and Tear","floor":1.0},{"not_picked":["Beam Cell","Streamline"],"picked":"Genetic Algorithm","floor":2.0},{"not_picked":["Recycle","Compile Driver"],"picked":"Sweeping Beam","floor":4.0},{"not_picked":["Redo","Gash"],"picked":"Hyperbeam","floor":6.0},{"not_picked":["Rebound","Hello World","Chaos"],"picked":"SKIP","floor":7.0},{"not_picked":["Compile Driver","Sunder"],"picked":"Glacier","floor":10.0},{"not_picked":["Amplify","Melter"],"picked":"Conserve Battery","floor":13.0},{"not_picked":["Melter","Conserve Battery"],"picked":"Auto Shields","floor":14.0},{"not_picked":["Biased Cognition","Hyperbeam"],"picked":"Buffer","floor":16.0},{"not_picked":["Rebound","Beam Cell"],"picked":"Hologram+1","floor":18.0},{"not_picked":["Lockon","Go for the Eyes"],"picked":"Ball Lightning","floor":19.0},{"not_picked":["Redo+1","Hologram","Go for the Eyes"],"picked":"SKIP","floor":21.0},{"not_picked":["Stack","Tempest"],"picked":"Auto Shields","floor":22.0},{"not_picked":["Redo","Turbo"],"picked":"Ball Lightning+1","floor":23.0},{"not_picked":["Storm","Go for the Eyes+1"],"picked":"Seek","floor":25.0},{"not_picked":["Hello World","Redo","Ball Lightning"],"picked":"SKIP","floor":27.0},{"not_picked":["Barrage","Ball Lightning","Reinforced Body"],"picked":"SKIP","floor":29.0},{"not_picked":["Gash","Stack","Conserve Battery"],"picked":"SKIP","floor":30.0},{"not_picked":["Rainbow","Amplify"],"picked":"Echo Form","floor":33.0},{"not_picked":["Cold Snap","Turbo+1","Force Field"],"picked":"SKIP","floor":35.0},{"not_picked":["Barrage+1","Steam+1","Ball Lightning"],"picked":"SKIP","floor":36.0},{"not_picked":["Stack","Glacier+1","Storm+1"],"picked":"SKIP","floor":38.0},{"not_picked":["Compile Driver","Go for the Eyes+1"],"picked":"Buffer","floor":39.0},{"not_picked":["Redo+1","Blizzard+1","Static Discharge"],"picked":"SKIP","floor":42.0},{"not_picked":["Steam","Conserve Battery+1","Rip and Tear+1"],"picked":"SKIP","floor":45.0},{"not_picked":["Melter","Gash+1","Conserve Battery"],"picked":"SKIP","floor":46},{"not_picked":["Undo","Coolheaded","Streamline+1"],"picked":"SKIP","floor":48}],"player_experience":1187424,"relics_obtained":[{"floor":6.0,"key":"Pantograph"},{"floor":9.0,"key":"Orichalcum"},{"floor":23.0,"key":"Gremlin Horn"},{"floor":25.0,"key":"Toy Ornithopter"},{"floor":26.0,"key":"Eternal Feather"},{"floor":27.0,"key":"Incense Burner"},{"floor":34.0,"key":"MawBank"},{"floor":34.0,"key":"StrikeDummy"},{"floor":34.0,"key":"Peace Pipe"},{"floor":37.0,"key":"Pocketwatch"},{"floor":43.0,"key":"Akabeko"}],"event_choices":[{"damage_healed":0.0,"max_hp_gain":0.0,"max_hp_loss":0.0,"gold_gain":0.0,"event_name":"Golden Wing","player_choice":"Ignored","floor":3.0,"gold_loss":0.0,"damage_taken":0.0},{"damage_healed":0.0,"max_hp_gain":0.0,"max_hp_loss":0.0,"gold_gain":0.0,"event_name":"WeMeetAgain","player_choice":"Gave Potion","floor":5.0,"gold_loss":0.0,"damage_taken":0.0,"relics_obtained":["Omamori"]},{"damage_healed":0.0,"max_hp_gain":0.0,"max_hp_loss":0.0,"gold_gain":0.0,"event_name":"Living Wall","player_choice":"Grow","floor":11.0,"gold_loss":0.0,"damage_taken":0.0,"cards_upgraded":["Hyperbeam"]},{"damage_healed":0.0,"max_hp_gain":0.0,"max_hp_loss":0.0,"gold_gain":0.0,"cards_transformed":["Strike_B"],"event_name":"Transmorgrifier","player_choice":"Transformed","floor":12.0,"gold_loss":0.0,"damage_taken":0.0,"cards_obtained":["Fission"]},{"damage_healed":0.0,"max_hp_gain":0.0,"max_hp_loss":0.0,"gold_gain":275.0,"event_name":"Golden Shrine","player_choice":"Desecrate","floor":20.0,"gold_loss":0.0,"damage_taken":0.0,"cards_obtained":["Regret"]},{"damage_healed":0.0,"max_hp_gain":0.0,"max_hp_loss":0.0,"gold_gain":0.0,"event_name":"MindBloom","player_choice":"Fight","floor":37.0,"gold_loss":0.0,"damage_taken":0.0},{"damage_healed":0.0,"max_hp_gain":0.0,"max_hp_loss":0.0,"gold_gain":0.0,"event_name":"Tomb of Lord Red Mask","player_choice":"Paid","floor":44.0,"gold_loss":60.0,"damage_taken":0.0,"relics_obtained":["Red Mask"]},{"damage_healed":0,"gold_gain":0,"player_choice":"Memory 1","damage_taken":0,"max_hp_gain":0,"max_hp_loss":0,"event_name":"SensoryStone","floor":47,"gold_loss":0}],"is_beta":false,"boss_relics":[{"not_picked":["Inserter","Ectoplasm"],"picked":"SlaversCollar"},{"not_picked":["Velvet Choker","Coffee Dripper"],"picked":"Calling Bell"}],"items_purged_floors":[],"is_endless":false,"potions_floor_spawned":[1,10,13,14,16,19,21,22,25,29,33,35,36,37,38,39,42,45,46,48],"ascension_level":8}}