{"host":"3l94tha3a4jgu0q4","time":1609625550,"event":{"mods":["2.2 Compatiblity","AchievementEnabler","BaseMod","Colored Map","Colored Powertips","Highlight Path","Minty Spire (QoL Compilation)","Permanent Neow","StSLib","SuperFastMode"],"gold_per_floor":[111,111,121,132,152,180,180,197,197,228,246,246,278,135,135,232,232,245,257,257,257,257,257,290,290,290,290,321,235,269,288,288,288,288],"floor_reached":33,"playtime":3720,"items_purged":["Strike_P","Strike_P"],"score":662,"play_id":"0224e44d-0bfc-4daa-b5cb-92595f36986b","local_time":"20210102141230","is_ascension_mode":true,"campfire_choices":[{"data":"Wallop","floor":7,"key":"SMITH"},{"data":"Evaluate","floor":15,"key":"SMITH"},{"data":"Devotion","floor":23,"key":"SMITH"},{"data":"EmptyFist","floor":25,"key":"SMITH"},{"floor":27,"key":"REST"},{"floor":32,"key":"REST"}],"circlet_count":0,"master_deck":["AscendersBane","Strike_P","Strike_P","Defend_P","Defend_P","Defend_P","Defend_P","Eruption+1","Vigilance","Tantrum","Wallop+1","ClearTheMind","Evaluate+1","ClearTheMind","FlurryOfBlows","EmptyFist+1","Conclude","EmptyBody","InnerPeace","Devotion+1","Evaluate+1","FlurryOfBlows","FearNoEvil","DevaForm","TalkToTheHand","Wish","Study+1"],"relics":["SlaversCollar","MealTicket","Potion Belt","Anchor","White Beast Statue","Art of War","Philosopher\u0027s Stone","Ice Cream","Pear","Akabeko","Smiling Mask","Blood Vial"],"acts_visited":["Exordium","TheCity"],"potions_floor_usage":[6,8,16,24,30,30,31],"damage_taken":[{"damage":3.0,"enemies":"2 Louse","floor":1.0,"turns":5.0},{"damage":0.0,"enemies":"Cultist","floor":3.0,"turns":3.0},{"damage":7.0,"enemies":"Small Slimes","floor":4.0,"turns":3.0},{"damage":3,"enemies":"Blue Slaver","floor":5,"turns":4},{"damage":7,"enemies":"Lagavulin","floor":6,"turns":6},{"damage":0,"enemies":"3 Louse","floor":8,"turns":2},{"damage":8,"enemies":"Gremlin Nob","floor":10,"turns":4},{"damage":12,"enemies":"Gremlin Gang","floor":11,"turns":4},{"damage":0,"enemies":"3 Sentries","floor":13,"turns":3},{"damage":0,"enemies":"Slime Boss","floor":16,"turns":6},{"damage":0,"enemies":"2 Thieves","floor":18,"turns":4},{"damage":0,"enemies":"Chosen","floor":19,"turns":4},{"damage":41,"enemies":"Book of Stabbing","floor":24,"turns":5},{"damage":24,"enemies":"Gremlin Leader","floor":28,"turns":6},{"damage":30,"enemies":"Book of Stabbing","floor":30,"turns":4},{"damage":7,"enemies":"Sentry and Sphere","floor":31,"turns":4},{"damage":46,"enemies":"Automaton","floor":33,"turns":6}],"seed_played":"5037801910331688731","potions_obtained":[{"floor":5,"key":"BlessingOfTheForge"},{"floor":6,"key":"Explosive Potion"},{"floor":11,"key":"Energy Potion"},{"floor":13,"key":"ColorlessPotion"},{"floor":16,"key":"Ancient Potion"},{"floor":18,"key":"FearPotion"},{"floor":19,"key":"LiquidBronze"},{"floor":24,"key":"Ambrosia"},{"floor":28,"key":"BlessingOfTheForge"},{"floor":30,"key":"Explosive Potion"},{"floor":31,"key":"Ancient Potion"}],"is_trial":false,"path_per_floor":["M","?","M","M","M","E","R","M","T","E","M","?","E","$","R","B",null,"M","M","?","?","?","R","E","R","T","R","E","$","E","M","R","B"],"character_chosen":"WATCHER","items_purchased":["InnerPeace","TalkToTheHand"],"campfire_rested":2,"item_purchase_floors":[14,29],"current_hp_per_floor":[62,62,62,55,52,45,45,45,45,37,25,25,25,40,40,40,64,64,64,72,59,59,59,28,28,28,54,30,45,15,10,36,0,0],"gold":288,"neow_bonus":"BOSS_RELIC","is_daily":false,"chose_seed":false,"campfire_upgraded":4,"win_rate":0.0,"timestamp":1609625550,"path_taken":["M","?","M","M","M","E","R","M","T","E","M","?","E","$","R","BOSS","M","?","?","?","?","R","E","R","T","R","E","?","E","M","R","BOSS"],"items_purchased_type":["Card","Card"],"build_version":"2020-12-22","purchased_purges":2,"victory":false,"max_hp_per_floor":[72,72,72,72,72,72,72,72,72,72,72,72,72,72,72,72,72,72,72,72,77,77,77,87,87,87,87,87,87,87,87,87,87,87],"card_choices":[{"not_picked":["Evaluate","ClearTheMind"],"picked":"Tantrum","floor":1.0},{"not_picked":["Crescendo","BattleHymn"],"picked":"Wallop","floor":3.0},{"not_picked":["SignatureMove","CrushJoints"],"picked":"ClearTheMind","floor":4},{"not_picked":["JustLucky","BowlingBash"],"picked":"Evaluate","floor":5},{"not_picked":["DeceiveReality","Omniscience"],"picked":"ClearTheMind","floor":6},{"not_picked":["ClearTheMind","Evaluate"],"picked":"FlurryOfBlows","floor":8},{"not_picked":["SpiritShield","WreathOfFlame"],"picked":"EmptyFist","floor":10},{"not_picked":["PathToVictory","ThirdEye"],"picked":"Conclude","floor":11},{"not_picked":["Study","WindmillStrike"],"picked":"EmptyBody","floor":13},{"not_picked":["LessonLearned","Blasphemy"],"picked":"Devotion","floor":16},{"not_picked":["CutThroughFate","CrushJoints"],"picked":"Evaluate+1","floor":18},{"not_picked":["ForeignInfluence","WreathOfFlame"],"picked":"FlurryOfBlows","floor":19},{"not_picked":["Wallop","ClearTheMind"],"picked":"FearNoEvil","floor":24},{"not_picked":["Perseverance","CarveReality"],"picked":"DevaForm","floor":28},{"not_picked":["CutThroughFate","PathToVictory+1"],"picked":"Wish","floor":30},{"not_picked":["SandsOfTime+1","Crescendo+1"],"picked":"Study+1","floor":31}],"player_experience":1880018,"relics_obtained":[{"floor":6,"key":"MealTicket"},{"floor":9,"key":"Potion Belt"},{"floor":10,"key":"Anchor"},{"floor":13,"key":"Art of War"},{"floor":24,"key":"Pear"},{"floor":26,"key":"Akabeko"},{"floor":28,"key":"Smiling Mask"},{"floor":30,"key":"Blood Vial"}],"event_choices":[{"damage_healed":0.0,"max_hp_gain":0.0,"max_hp_loss":0.0,"gold_gain":0.0,"event_name":"Upgrade Shrine","player_choice":"Upgraded","floor":2.0,"gold_loss":0.0,"damage_taken":0.0,"cards_upgraded":["Eruption"]},{"damage_healed":0,"gold_gain":0,"player_choice":"Gave Potion","damage_taken":0,"relics_obtained":["White Beast Statue"],"max_hp_gain":0,"max_hp_loss":0,"event_name":"WeMeetAgain","floor":12,"gold_loss":0},{"damage_healed":24,"gold_gain":0,"player_choice":"Heal","damage_taken":0,"max_hp_gain":0,"max_hp_loss":0,"event_name":"The Library","floor":20,"gold_loss":0},{"damage_healed":0,"gold_gain":0,"player_choice":"Shed Blood","damage_taken":18,"max_hp_gain":5,"max_hp_loss":0,"event_name":"Forgotten Altar","floor":21,"gold_loss":0},{"damage_healed":0,"gold_gain":0,"player_choice":"Opened","damage_taken":0,"relics_obtained":["Ice Cream"],"max_hp_gain":0,"max_hp_loss":0,"event_name":"The Mausoleum","floor":22,"gold_loss":0}],"is_beta":false,"boss_relics":[{"not_picked":["Astrolabe","Pandora\u0027s Box"],"picked":"Philosopher\u0027s Stone"}],"items_purged_floors":[14,29],"is_endless":false,"potions_floor_spawned":[5,6,11,13,16,18,19,24,28,30,31],"killed_by":"Automaton","ascension_level":12}}