{"host":"143ld85m55v6o3h7","time":1609629609,"event":{"mods":["AchievementEnabler","BaseMod","DeckTracker","Minty Spire (QoL Compilation)","Permanent Neow","Rare Cards Sparkle","StSLib","everything is the same but u backflip on backflip"],"gold_per_floor":[118,118,134,151,167,192,192,219,242,242,255,255,271,33,33,137,137,152,169,84,84,99,99,24,24,48,60,99,111,134,46,46,148,148,159,159,173,183,196,196,213,213,260,275,26,46,46,46,46,46,46],"floor_reached":50,"playtime":1410,"items_purged":["Strike_R","Strike_R","Strike_R"],"score":454,"play_id":"91b184bd-3cf8-429e-bcf9-9a587261a2ba","local_time":"20210103082009","is_ascension_mode":false,"campfire_choices":[{"data":"Combust","floor":7.0,"key":"SMITH"},{"data":"Armaments","floor":12.0,"key":"SMITH"},{"data":"Bash","floor":15.0,"key":"SMITH"},{"data":"Demon Form","floor":23.0,"key":"SMITH"},{"data":"Offering","floor":25.0,"key":"SMITH"},{"data":"Sword Boomerang","floor":27.0,"key":"SMITH"},{"data":"Flex","floor":29.0,"key":"SMITH"},{"floor":32.0,"key":"REST"},{"data":"Sword Boomerang","floor":40.0,"key":"SMITH"},{"floor":42.0,"key":"REST"},{"data":"Sword Boomerang","floor":47.0,"key":"SMITH"},{"floor":49.0,"key":"REST"}],"circlet_count":0,"master_deck":["Defend_R","Defend_R","Defend_R","Defend_R","Bash+1","Sword Boomerang+1","Flex+1","Combust+1","Shrug It Off","Armaments+1","Carnage","Offering+1","Demon Form+1","Thunderclap","Double Tap","Shrug It Off","Sword Boomerang+1","Sword Boomerang+1","Pommel Strike"],"relics":["Black Blood","Strawberry","Toy Ornithopter","Nunchaku","Darkstone Periapt","Velvet Choker","Boot","CaptainsWheel","MawBank","Red Mask","Potion Belt"],"acts_visited":["Exordium","TheCity","TheBeyond"],"potions_floor_usage":[50,50,50,50],"damage_taken":[{"damage":8.0,"enemies":"2 Louse","floor":1.0,"turns":2.0},{"damage":13.0,"enemies":"Cultist","floor":3.0,"turns":5.0},{"damage":5.0,"enemies":"Small Slimes","floor":4.0,"turns":3.0},{"damage":11.0,"enemies":"2 Fungi Beasts","floor":5.0,"turns":4.0},{"damage":23.0,"enemies":"Lagavulin","floor":6.0,"turns":5.0},{"damage":18.0,"enemies":"Gremlin Nob","floor":8.0,"turns":3.0},{"damage":10.0,"enemies":"3 Louse","floor":11.0,"turns":3.0},{"damage":3.0,"enemies":"Large Slime","floor":13.0,"turns":3.0},{"damage":24.0,"enemies":"The Guardian","floor":16.0,"turns":8.0},{"damage":7.0,"enemies":"Shell Parasite","floor":18.0,"turns":2.0},{"damage":6.0,"enemies":"Chosen","floor":19.0,"turns":4.0},{"damage":21.0,"enemies":"Centurion and Healer","floor":22.0,"turns":4.0},{"damage":32.0,"enemies":"Masked Bandits","floor":28.0,"turns":4.0},{"damage":7.0,"enemies":"Chosen and Byrds","floor":30.0,"turns":3.0},{"damage":29.0,"enemies":"Champ","floor":33.0,"turns":6.0},{"damage":8.0,"enemies":"Orb Walker","floor":35.0,"turns":2.0},{"damage":13.0,"enemies":"3 Shapes","floor":37.0,"turns":2.0},{"damage":43.0,"enemies":"Maw","floor":38.0,"turns":6.0},{"damage":15.0,"enemies":"Sphere and 2 Shapes","floor":39.0,"turns":5.0},{"damage":34.0,"enemies":"Jaw Worm Horde","floor":41.0,"turns":3.0},{"damage":48.0,"enemies":"Writhing Mass","floor":44.0,"turns":5.0},{"damage":35.0,"enemies":"4 Shapes","floor":46.0,"turns":3.0},{"damage":89,"enemies":"Awakened One","floor":50,"turns":8}],"seed_played":"6079748748790238229","potions_obtained":[{"floor":3.0,"key":"BloodPotion"},{"floor":5.0,"key":"Block Potion"},{"floor":6.0,"key":"DuplicationPotion"},{"floor":8.0,"key":"PowerPotion"},{"floor":11.0,"key":"LiquidBronze"},{"floor":33.0,"key":"DuplicationPotion"},{"floor":35.0,"key":"Fruit Juice"},{"floor":41.0,"key":"AttackPotion"},{"floor":44.0,"key":"ColorlessPotion"}],"is_trial":false,"path_per_floor":["M","?","M","M","M","E","R","E","T","T","M","R","M","$","R","B",null,"M","M","?","?","M","R","?","R","T","R","?","R","M","$","R","B",null,"M","?","M","M","M","R","M","R","T","M","$","M","R","?","R","B"],"character_chosen":"IRONCLAD","items_purchased":["Offering","LiquidBronze","Pommel Strike"],"campfire_rested":3,"item_purchase_floors":[14,45,45],"current_hp_per_floor":[78,78,71,72,67,57,57,45,45,45,41,41,44,44,44,31,87,86,86,86,86,71,71,71,71,71,71,50,50,49,49,75,52,87,87,92,91,60,57,57,35,62,62,26,26,26,26,26,52,0,0],"gold":46,"neow_bonus":"","is_daily":false,"chose_seed":false,"campfire_upgraded":9,"win_rate":0.0,"timestamp":1609629609,"path_taken":["M","?","M","M","?","E","R","E","T","?","M","R","M","$","R","BOSS","M","M","?","?","M","R","?","R","T","R","?","R","M","$","R","BOSS","M","?","M","M","?","R","M","R","T","M","$","M","R","?","R","BOSS"],"items_purchased_type":["Card","Potion","Card"],"build_version":"2020-12-22","purchased_purges":3,"victory":false,"max_hp_per_floor":[80,80,80,80,80,87,87,87,87,87,87,87,87,87,87,87,87,87,87,87,87,87,87,87,87,87,87,87,87,87,87,87,87,87,87,92,92,92,92,92,92,92,92,92,92,92,92,87,87,87,87],"card_choices":[{"not_picked":["Anger","Twin Strike"],"picked":"Sword Boomerang","floor":1.0},{"not_picked":["Warcry","Clothesline","Anger"],"picked":"SKIP","floor":3.0},{"not_picked":["Battle Trance","Second Wind"],"picked":"Flex","floor":4.0},{"not_picked":["Sword Boomerang","Armaments"],"picked":"Combust","floor":5.0},{"not_picked":["Shockwave","Sword Boomerang"],"picked":"Shrug It Off","floor":6.0},{"not_picked":["Dual Wield","Twin Strike"],"picked":"Armaments","floor":8.0},{"not_picked":["Twin Strike","Warcry"],"picked":"Carnage","floor":11.0},{"not_picked":["Pommel Strike","Dual Wield","Sword Boomerang"],"picked":"SKIP","floor":13.0},{"not_picked":["Feed","Bludgeon"],"picked":"Demon Form","floor":16.0},{"not_picked":["Clothesline","Thunderclap","Iron Wave"],"picked":"SKIP","floor":18.0},{"not_picked":["Dropkick","Pommel Strike"],"picked":"Thunderclap","floor":19.0},{"not_picked":["Clothesline","Double Tap","Combust"],"picked":"SKIP","floor":22.0},{"not_picked":["Flex+1","Feel No Pain","Thunderclap+1"],"picked":"SKIP","floor":30.0},{"not_picked":["Feed","Brutality"],"picked":"Double Tap","floor":33.0},{"not_picked":["Disarm+1","Armaments","Dropkick"],"picked":"SKIP","floor":35.0},{"not_picked":["Seeing Red","Infernal Blade+1"],"picked":"Shrug It Off","floor":37.0},{"not_picked":["Flex+1","Headbutt","Seeing Red"],"picked":"SKIP","floor":38.0},{"not_picked":["Thunderclap+1","Twin Strike+1"],"picked":"Sword Boomerang","floor":39.0},{"not_picked":["Fire Breathing","Headbutt+1","Iron Wave"],"picked":"SKIP","floor":41.0},{"not_picked":["Iron Wave+1","Headbutt+1"],"picked":"Sword Boomerang","floor":44.0},{"not_picked":["Perfected Strike+1","Disarm","Iron Wave"],"picked":"SKIP","floor":46.0}],"player_experience":0,"relics_obtained":[{"floor":6.0,"key":"Strawberry"},{"floor":8.0,"key":"Toy Ornithopter"},{"floor":9.0,"key":"Nunchaku"},{"floor":10.0,"key":"Darkstone Periapt"},{"floor":26.0,"key":"MawBank"},{"floor":28.0,"key":"Red Mask"},{"floor":43.0,"key":"Potion Belt"}],"event_choices":[{"cards_removed":["Strike_R"],"damage_healed":0.0,"max_hp_gain":0.0,"max_hp_loss":0.0,"gold_gain":0.0,"event_name":"Purifier","player_choice":"Purged","floor":2.0,"gold_loss":0.0,"damage_taken":0.0},{"damage_healed":0.0,"max_hp_gain":0.0,"max_hp_loss":0.0,"gold_gain":0.0,"event_name":"Addict","player_choice":"Obtained Relic","floor":20.0,"gold_loss":85.0,"damage_taken":0.0,"relics_obtained":["Boot"]},{"damage_healed":0.0,"max_hp_gain":0.0,"max_hp_loss":0.0,"gold_gain":0.0,"event_name":"The Mausoleum","player_choice":"Opened","floor":21.0,"gold_loss":0.0,"damage_taken":0.0,"relics_obtained":["CaptainsWheel"]},{"cards_removed":["Strike_R"],"damage_healed":0.0,"max_hp_gain":0.0,"max_hp_loss":0.0,"gold_gain":0.0,"event_name":"Beggar","player_choice":"Gave Gold","floor":24.0,"gold_loss":75.0,"damage_taken":0.0},{"damage_healed":0.0,"max_hp_gain":0.0,"max_hp_loss":0.0,"gold_gain":0.0,"event_name":"Masked Bandits","player_choice":"Fought Bandits","floor":28.0,"gold_loss":0.0,"damage_taken":0.0},{"damage_healed":0.0,"max_hp_gain":0.0,"max_hp_loss":0.0,"gold_gain":0.0,"event_name":"The Woman in Blue","player_choice":"Bought 0 Potions","floor":36.0,"gold_loss":0.0,"damage_taken":0.0},{"damage_healed":0.0,"max_hp_gain":0.0,"max_hp_loss":5.0,"gold_gain":0.0,"event_name":"Winding Halls","player_choice":"Max HP","floor":48.0,"gold_loss":0.0,"damage_taken":0.0}],"is_beta":false,"boss_relics":[{"not_picked":["Runic Dome","Ectoplasm"],"picked":"Velvet Choker"},{"not_picked":["Philosopher\u0027s Stone","Mark of Pain"],"picked":"Black Blood"}],"items_purged_floors":[14,31,45],"is_endless":false,"potions_floor_spawned":[3,5,6,8,11,33,35,41,44],"killed_by":"Awakened One","ascension_level":0}}