{"host":"usrgk25etjl0nf5i","time":1609618930,"event":{"mods":["2.2 Compatiblity","BaseMod","Downfall","Hubris","Minty Spire (QoL Compilation)","StSLib","SuperFastMode"],"gold_per_floor":[114,114,9,84,102,102,102,65,65,79,111,70,88,119,119,119,119],"floor_reached":16,"playtime":462,"items_purged":[],"score":162,"play_id":"cc48ad8e-1865-4596-9049-71dda2f2080a","local_time":"20210102122210","is_ascension_mode":true,"campfire_choices":[{"data":"Zap","floor":6,"key":"SMITH"},{"data":"Self Repair","floor":15,"key":"SMITH"}],"circlet_count":0,"master_deck":["AscendersBane","Strike_B","Strike_B","Strike_B","Defend_B","Defend_B","Defend_B","Defend_B","Zap+1","Dualcast","Heatsinks","Cold Snap","Conserve Battery","Self Repair+1","Leap","Leap","Glacier","Seek","Conserve Battery"],"relics":["Cracked Core","hubris:Icosahedron","Anchor","hubris:Reverence","Centennial Puzzle"],"acts_visited":["Exordium"],"potions_floor_usage":[11,14],"damage_taken":[{"damage":7,"enemies":"Small Slimes","floor":1,"turns":3},{"damage":2,"enemies":"2 Louse","floor":5,"turns":3},{"damage":0,"enemies":"Jaw Worm","floor":10,"turns":4},{"damage":21,"enemies":"Lagavulin","floor":11,"turns":7},{"damage":0,"enemies":"2 Fungi Beasts","floor":13,"turns":5},{"damage":11,"enemies":"3 Sentries","floor":14,"turns":10},{"damage":47,"enemies":"Hexaghost","floor":16,"turns":16}],"seed_played":"1591548785141779495","potions_obtained":[{"floor":1,"key":"champ:CounterPotion"},{"floor":10,"key":"Swift Potion"},{"floor":11,"key":"Explosive Potion"}],"is_trial":false,"path_per_floor":["M","?","$","?","M","R","?","$","T","M","E","$","M","E","R","B"],"character_chosen":"DEFECT","items_purchased":["Cold Snap","Conserve Battery","Self Repair","Glacier"],"campfire_rested":0,"item_purchase_floors":[3,3,8,12],"current_hp_per_floor":[68,61,61,50,48,48,48,48,48,55,41,41,48,44,44,0,0],"gold":119,"neow_bonus":"TEN_PERCENT_HP_BONUS","is_daily":false,"chose_seed":false,"campfire_upgraded":2,"win_rate":0.0,"timestamp":1609618930,"path_taken":["M","?","$","?","M","R","?","?","T","?","E","$","?","E","R","BOSS"],"items_purchased_type":["Card","Card","Card","Card"],"build_version":"2020-12-22","purchased_purges":0,"victory":false,"max_hp_per_floor":[82,82,82,82,82,82,82,82,82,82,82,82,82,82,82,82,82],"card_choices":[{"not_picked":["Steam Power","Leap"],"picked":"Heatsinks","floor":1},{"not_picked":["Melter","Double Energy","Steam"],"picked":"SKIP","floor":5},{"not_picked":["Aggregate","Steam"],"picked":"Leap","floor":10},{"not_picked":["Steam","Rebound"],"picked":"Leap","floor":11},{"not_picked":["Ball Lightning","Rip and Tear"],"picked":"Seek","floor":13},{"not_picked":["Rip and Tear","Compile Driver"],"picked":"Conserve Battery","floor":14}],"player_experience":613372,"relics_obtained":[{"floor":9,"key":"Anchor"},{"floor":11,"key":"hubris:Reverence"},{"floor":14,"key":"Centennial Puzzle"}],"event_choices":[{"cards_removed":["Strike_B"],"damage_healed":0,"gold_gain":0,"player_choice":"Card Removal","damage_taken":7,"max_hp_gain":0,"max_hp_loss":0,"event_name":"Golden Wing","floor":2,"gold_loss":0},{"damage_healed":0,"gold_gain":75,"player_choice":"Gather Gold","damage_taken":11,"max_hp_gain":0,"max_hp_loss":0,"event_name":"World of Goop","floor":4,"gold_loss":0}],"is_beta":false,"boss_relics":[],"items_purged_floors":[],"is_endless":false,"potions_floor_spawned":[1,10,11],"killed_by":"Hexaghost","ascension_level":10}}