{"host":"0azimyi6n3ugndj4","time":1609631114,"event":{"mods":["2.2 Compatiblity","BaseMod","Bestiary","Conspire","Curses Come First","Defuse TimeMaze Blight","Hermit","Hyrulean Relics","Infinite Spire","Minty Spire (QoL Compilation)","MostiFishMod","Relic Filter","Relic Stats","Replay The Spire","StSLib","SuperFastMode","The Accelerator","The Cursed","Uncapped","¡¼?Úª?ø«¡½REMEMod"],"gold_per_floor":[156,156,216,216,51,51,135,237,237,237,387,387,444,483,483,497,497],"floor_reached":16,"playtime":438,"items_purged":[],"score":271,"play_id":"43752c59-cc63-4ba4-9adf-d914950be1d5","local_time":"20210103084514","daily_mods":["SealedDeck","Insanity","Chimera","Specialized","Vintage","ControlledChaos","Allstar","Diverse","Colorless Cards","Heirloom","Time Dilation","Flight","Elite Swarm","Lethality","Midas","Binary"],"is_ascension_mode":true,"campfire_choices":[{"floor":6,"key":"REST"},{"floor":15,"key":"REST"}],"circlet_count":0,"master_deck":["Wraith Form v2","Echo Form","DevaForm+1","accelerator:UniversalForm","AscendersBane","Bash","Survivor","Zap","Strike_R","Strike_G","Strike_B","Defend_R","Defend_G","Defend_P","Outmaneuver","Redo","Thunderclap","accelerator:MagneticLink","Gash","TheCursedMod:SpitefulPlan","Replay:BluntJabs","CrushJoints","hermit:Ricochet","Clash","hermit:FullyLoaded+1","Replay:Undeath\u0027s Touch","hermit:Showdown","Tactician","TheCursedMod:SmokeScreen","FlurryOfBlows","hermit:BodyArmor","MentalFortress","Pray","Jack Of All Trades","Survey Options","ThirdEye","EmptyFist","hermit:ItchyTrigger","Prostrate","Sword Boomerang","accelerator:Fragmentation","hermit:Feint","Pommel Strike","TheCursedMod:Evocation","TheCursedMod:CursedSpellbook","Prepared","SashWhip+1","accelerator:Rage","Body Slam","Slice","TheCursedMod:CursedArmor","accelerator:Pull","conspire:PoisonWeapons","accelerator:Threaten","Body Slam","SashWhip","ReplayTheSpireMod:Strike From Hell","Thunderclap","Rip and Tear","Infernal Blade","Distraction","TheCursedMod:SpitefulStrike","Deflect","accelerator:Cooldown","All For One+1","All For One","All For One","All For One","All For One","Barrage","Replay:Undeath\u0027s Touch","Dagger Spray","TheCursedMod:CursedBlade","ClearTheMind","Bane","MostiFishMod:PushDownKick","Armaments","Bandage Up","accelerator:Blizzare","Sadistic Nature","REME_BodyOfCthun","accelerator:Fission","SignatureMove","Doubt"],"relics":["accelerator:Cloud","Frozen Eye","Busted Crown","REME_ComplimentaryCards","DaveBox","DianPoetry","DaCapo","Bag of Marbles","SynthV:TestCard","Vajra","Guide Book","zeldaRelics:CouragePiece","MealTicket","Replay:Multitool","infinitespire:Midas Blood"],"acts_visited":["Exordium"],"potions_floor_usage":[],"damage_taken":[{"damage":11,"enemies":"Small Slimes","floor":1,"turns":3},{"damage":0,"enemies":"Cultist","floor":3,"turns":2},{"damage":7,"enemies":"Replay:BlueRogue","floor":7,"turns":2},{"damage":0,"enemies":"conspire:MimicChest","floor":8,"turns":2},{"damage":13,"enemies":"Jaw Worm","floor":13,"turns":3},{"damage":16,"enemies":"Blue Slaver","floor":14,"turns":2},{"damage":50,"enemies":"The Guardian","floor":16,"turns":5}],"seed_played":"7053034064419375542","potions_obtained":[{"floor":1,"key":"Dexterity Potion"},{"floor":7,"key":"SpeedPotion"},{"floor":8,"key":"ColorlessPotion"}],"is_trial":true,"path_per_floor":["M","?","M","?","$","R","E","?","T","?","?","?","M","M","R","B"],"character_chosen":"THE_ACCELERATOR","items_purchased":["Guide Book"],"campfire_rested":2,"item_purchase_floors":[5],"current_hp_per_floor":[56,56,59,52,52,71,64,67,67,46,46,42,32,19,40,0,0],"gold":497,"neow_bonus":"","is_daily":false,"chose_seed":false,"campfire_upgraded":0,"win_rate":0.0,"timestamp":1609631114,"path_taken":["M","?","?","?","?","R","E","?","T","?","?","?","?","M","R","BOSS"],"items_purchased_type":["Relic"],"build_version":"2020-12-22","purchased_purges":0,"victory":false,"max_hp_per_floor":[71,71,71,71,71,71,71,71,71,71,71,71,71,71,71,71,71],"relic_stats":{"Busted Crown":6,"counters":[7,19],"MealTicket":0,"obtain_stats":[{"DaveBox":0,"DianPoetry":0,"Guide Book":5,"Vajra":3,"Replay:Multitool":13,"Frozen Eye":0,"Busted Crown":0,"SynthV:TestCard":1,"accelerator:Cloud":0,"MealTicket":8,"DaCapo":0,"Bag of Marbles":1,"zeldaRelics:CouragePiece":7,"REME_ComplimentaryCards":0,"infinitespire:Midas Blood":14},{"DaveBox":0,"DianPoetry":0,"Guide Book":2,"Vajra":2,"Replay:Multitool":5,"Frozen Eye":0,"Busted Crown":0,"SynthV:TestCard":1,"accelerator:Cloud":0,"MealTicket":4,"DaCapo":0,"Bag of Marbles":1,"zeldaRelics:CouragePiece":3,"REME_ComplimentaryCards":0,"infinitespire:Midas Blood":6},{"DaveBox":0,"DianPoetry":0,"Guide Book":5,"Vajra":5,"Replay:Multitool":12,"Frozen Eye":0,"Busted Crown":0,"SynthV:TestCard":3,"accelerator:Cloud":0,"MealTicket":9,"DaCapo":0,"Bag of Marbles":3,"zeldaRelics:CouragePiece":7,"REME_ComplimentaryCards":0,"infinitespire:Midas Blood":14}]},"card_choices":[{"not_picked":["hermit:Dissolve"],"picked":"accelerator:Fission","floor":7},{"not_picked":["True Grit"],"picked":"SignatureMove","floor":8}],"player_experience":1516660,"relics_obtained":[{"floor":1,"key":"Bag of Marbles"},{"floor":1,"key":"SynthV:TestCard"},{"floor":3,"key":"Vajra"},{"floor":7,"key":"zeldaRelics:CouragePiece"},{"floor":8,"key":"MealTicket"},{"floor":9,"key":"zeldaRelics:CouragePiece"},{"floor":13,"key":"Replay:Multitool"},{"floor":14,"key":"infinitespire:Midas Blood"}],"event_choices":[{"damage_healed":0,"gold_gain":0,"cards_transformed":["Eruption"],"player_choice":"Transformed","damage_taken":0,"max_hp_gain":0,"max_hp_loss":0,"event_name":"Transmorgrifier","floor":2,"gold_loss":0,"cards_obtained":["REME_BodyOfCthun"]},{"cards_removed":["Demon Form"],"damage_healed":0,"gold_gain":0,"player_choice":"Card Removal","damage_taken":7,"max_hp_gain":0,"max_hp_loss":0,"event_name":"Golden Wing","floor":4,"gold_loss":0},{"damage_healed":0,"gold_gain":0,"player_choice":"Entered Light","damage_taken":21,"max_hp_gain":0,"max_hp_loss":0,"event_name":"Shining Light","floor":10,"gold_loss":0,"cards_upgraded":["hermit:FullyLoaded","SashWhip"]},{"damage_healed":0,"gold_gain":150,"player_choice":"AGREE","damage_taken":0,"max_hp_gain":0,"max_hp_loss":0,"event_name":"Liars Game","floor":11,"gold_loss":0,"cards_obtained":["Doubt"]},{"damage_healed":0,"gold_gain":0,"player_choice":"Leave","damage_taken":0,"max_hp_gain":0,"max_hp_loss":0,"event_name":"conspire:Investor","floor":12,"gold_loss":0}],"is_beta":false,"boss_relics":[],"items_purged_floors":[],"is_endless":false,"potions_floor_spawned":[1,7,8],"killed_by":"The Guardian","ascension_level":20}}