{"host":"9sqwgc7o3s0c6ttp","time":1609572712,"event":{"mods":["AchievementEnabler","Act Like it!","Arknights The Spire","Aspiration","BaseMod","CapriCore","Colored Map","Colored Powertips","Dota2Spire","Friendly Minions","Gensokyo","GungeonMod","HololiveMod","Infinite Spire","Minty Spire (QoL Compilation)","Pale of the Ancients","Replay The Spire","StSLib","Waifu the Spire","WarShipGirlsR/??á´Ò³R mod"],"gold_per_floor":[110,129,140,140,14,14,40,40,118,118,118,118,151,163,163,260,260,280,380,380,380,399,429,40,65,65,65,65,83,83,83],"floor_reached":30,"playtime":2900,"items_purged":["Writhe","ats:Strike V"],"score":309,"play_id":"e47bbf03-1c28-46b0-bf58-cda21dd16cc9","local_time":"20210102163152","is_ascension_mode":true,"campfire_choices":[{"data":"ats:Emotion Absorption","floor":6,"key":"SMITH"},{"data":"ats:Thorns","floor":8,"key":"SMITH"},{"data":"ats:Revitalization","floor":12,"key":"SMITH"},{"data":"ats:Demon Strength","floor":15,"key":"SMITH"}],"circlet_count":0,"master_deck":["ats:Strike C","ats:Strike G","ats:Strike S","ats:Armor Crushing Shot","ats:Defend+1","ats:Defend+1","ats:Defend","ats:Emotion Absorption+1","ats:Apocalypse","ats:Cat Scratch","ats:Revitalization+1","ats:Revitalization+1","ats:Thorns+1","ats:Demon Strength+1","ats:Healing Strengthening","ats:Calcification","ats:Shell Defense","Night Terror","Hololive_Thief","ats:Shell Defense+1","ats:Demon Strength","ats:Durian+1"],"relics":["ats:Sanity","NeowsBlessing","Dota2Spire:Butterfly","ReplayTheSpireMod:CursedCoin","Omamori","ats:Originium","Bag of Preparation","Divine Protection","War Paint","Calling Bell","Replay:Rubber Ducky","Meat on the Bone","Peace Pipe","infinitespire:Lychee Nut","Du-Vu Doll","Replay:Bottled Snecko","Toxic Egg 2","Blood Vial","Frozen Egg 2","Gensokyo:RedStar","Frozen Eye"],"acts_visited":["Exordium","Gensokyo:Gensokyoer"],"potions_floor_usage":[23,23,23],"damage_taken":[{"damage":0,"enemies":"Cultist","floor":1,"turns":1},{"damage":0,"enemies":"2 Louse","floor":2,"turns":1},{"damage":0,"enemies":"Jaw Worm","floor":3,"turns":1},{"damage":67,"enemies":"3 Sentries","floor":7,"turns":22},{"damage":73,"enemies":"Lagavulin","floor":13,"turns":12},{"damage":0,"enemies":"Large Slime","floor":14,"turns":4},{"damage":58,"enemies":"Hexaghost","floor":16,"turns":16},{"damage":53,"enemies":"Gensokyo:CosmicMonolith","floor":18,"turns":12},{"damage":81,"enemies":"Gensokyo:CosmicMonolith","floor":19,"turns":18},{"damage":20,"enemies":"Gensokyo:2_Gloops","floor":22,"turns":9},{"damage":103,"enemies":"Gensokyo:Koishi","floor":23,"turns":10},{"damage":89,"enemies":"Gensokyo:Tenshi","floor":25,"turns":14},{"damage":18,"enemies":"Gensokyo:Wraith","floor":29,"turns":6},{"damage":107,"enemies":"Gensokyo:Koishi","floor":30,"turns":10}],"seed_played":"-1380231090333276372","potions_obtained":[{"floor":2,"key":"LiquidMemories"},{"floor":3,"key":"SpeedPotion"},{"floor":16,"key":"Adrenaline Potion"},{"floor":18,"key":"Dexterity Potion"},{"floor":23,"key":"AttackPotion"},{"floor":25,"key":"Regen Potion"}],"is_trial":false,"path_per_floor":["M","M","M","?","$","R","E","R","T","?","?","R","E","M","R","B",null,"M","?","?","?","M","E","$","E","T","$","?","M","E"],"character_chosen":"DOCTOR_CLASS","items_purchased":["ReplayTheSpireMod:CursedCoin","Omamori","ats:Revitalization","Toxic Egg 2","ats:Shell Defense+1"],"campfire_rested":0,"item_purchase_floors":[5,5,5,24,24],"current_hp_per_floor":[72,72,72,65,65,65,66,66,66,66,66,66,58,72,72,67,72,72,49,44,44,54,19,19,32,32,32,32,37,0,0],"gold":83,"neow_bonus":"THREE_ENEMY_KILL","is_daily":false,"chose_seed":false,"campfire_upgraded":4,"win_rate":0.0,"timestamp":1609572712,"path_taken":["M","?","M","?","$","R","E","R","T","?","?","R","E","M","R","BOSS","M","?","?","?","M","E","$","E","T","?","?","M","E"],"items_purchased_type":["Relic","Relic","Card","Relic","Card"],"build_version":"2020-12-22","purchased_purges":2,"victory":false,"max_hp_per_floor":[72,72,72,72,72,72,72,72,72,72,72,72,72,72,72,72,72,72,54,54,54,54,54,54,54,54,54,54,54,54,54],"card_choices":[{"not_picked":["ats:Flexible Camouflage","ats:Explosion Area Strengthen"],"picked":"ats:Apocalypse","floor":1},{"not_picked":["ats:Disruption Kick","ats:Rapid Magazine"],"picked":"ats:Cat Scratch","floor":2},{"not_picked":["ats:Curse Doll","ats:Consecutive Shot Auto"],"picked":"ats:Revitalization","floor":3},{"not_picked":["ats:Childhood Dance","ats:Curse Doll"],"picked":"ats:Thorns","floor":7},{"not_picked":["ats:Very Hot Blade","ats:Leaping Hammer"],"picked":"ats:Demon Strength","floor":13},{"not_picked":["ats:Ignite","ats:Childhood Dance"],"picked":"ats:Healing Strengthening","floor":14},{"not_picked":["ats:Echo Reverb","ats:Nebulous Foxfire"],"picked":"ats:Calcification","floor":16},{"not_picked":["ats:Ignite","ats:Leaping Hammer","ats:Cat Scratch+1"],"picked":"SKIP","floor":18},{"not_picked":["ats:Powerful Strike+1","ats:Consecutive Shot Auto"],"picked":"ats:Shell Defense","floor":19},{"not_picked":["ats:Powerful Strike","ats:Sunburst","ats:Mental Burst"],"picked":"SKIP","floor":22},{"not_picked":["ats:Revitalization","ats:Fractured Body","ats:Collapsing Strike"],"picked":"SKIP","floor":23},{"not_picked":["ats:Flexible Camouflage+1","ats:Defend Order"],"picked":"ats:Demon Strength","floor":25},{"not_picked":["ats:Shadow Raid+1","ats:Revitalization+1"],"picked":"ats:Durian+1","floor":29}],"player_experience":345543,"relics_obtained":[{"floor":7,"key":"ats:Originium"},{"floor":7,"key":"Bag of Preparation"},{"floor":9,"key":"Divine Protection"},{"floor":13,"key":"ats:Originium"},{"floor":13,"key":"War Paint"},{"floor":17,"key":"Replay:Rubber Ducky"},{"floor":17,"key":"Meat on the Bone"},{"floor":17,"key":"Peace Pipe"},{"floor":19,"key":"infinitespire:Lychee Nut"},{"floor":19,"key":"Du-Vu Doll"},{"floor":23,"key":"ats:Originium"},{"floor":23,"key":"Replay:Bottled Snecko"},{"floor":25,"key":"Blood Vial"},{"floor":26,"key":"Frozen Egg 2"}],"event_choices":[{"damage_healed":0,"gold_gain":0,"player_choice":"Success","damage_taken":7,"relics_obtained":["Dota2Spire:Butterfly"],"max_hp_gain":0,"max_hp_loss":0,"event_name":"Scrap Ooze","floor":4,"gold_loss":0},{"damage_healed":0,"gold_gain":0,"player_choice":"Grow","damage_taken":0,"max_hp_gain":0,"max_hp_loss":0,"event_name":"Living Wall","floor":11,"gold_loss":0,"cards_upgraded":["ats:Revitalization"]}],"is_beta":false,"boss_relics":[{"not_picked":["SlaversCollar","Fusion Hammer"],"picked":"Calling Bell"}],"items_purged_floors":[5,24],"is_endless":false,"potions_floor_spawned":[2,3,16,18,23,25],"killed_by":"Gensokyo:Koishi","ascension_level":3}}