{"host":"2gugywxuw0nvjb3h","time":1609573324,"event":{"mods":["AchievementEnabler","BaseMod","Better Altar","Better Match","Better Note","Better Sensory Stone","Better Skull","Better Third Choice","BetterRewards","Colored Map","Colored Powertips","Curses Come First","Evolution","Filter the Spire","GifTheSpireLib","Hermit","Key Reminder","Marisa????????","Minty Spire (QoL Compilation)","Rare Cards Sparkle","Relic Sorter","Replay The Spire","Spicy Shops","StSLib","The Servant 0.9.4"],"gold_per_floor":[130,205,233,233,257,309,309,309,332,405,459,492,172,218,218,341,341,374,374,374,413,31,87,87,137,160,160,160,209,246,303,303,446,446,475,475,551,610,658,658,720,782,782,782,120,169,199,142,142,188],"floor_reached":51,"playtime":4224,"items_purged":["Hallucinations"],"score":1226,"play_id":"290f5a79-5440-4560-af26-51f82176a094","local_time":"20210102004204","is_ascension_mode":true,"campfire_choices":[{"data":"Accuracy","floor":8,"key":"SMITH"},{"data":"Accuracy","floor":15,"key":"SMITH"},{"data":"Storm of Steel","floor":24,"key":"SMITH"},{"data":"Blade Dance","floor":28,"key":"SMITH"},{"floor":32,"key":"REST"},{"floor":40,"key":"REST"},{"floor":44,"key":"REST"},{"data":"Adrenaline","floor":49,"key":"SMITH"}],"circlet_count":0,"master_deck":["Strike_G","Strike_G","Strike_G","Strike_G","Defend_G","Defend_G","Defend_G","Defend_G","Defend_G","Survivor","Neutralize","Accuracy+1","Accuracy+1","Terror+1","Slice","Dagger Spray","Blade Dance","Backflip","Draining Mist","Dash","Quick Slash","Quick Slash+1","Noxious Fumes","Outmaneuver","Storm of Steel+1","Blade Dance+1","Hidden Blade+1","Deflect+1","ReplayTheSpireMod:Scrap Shanks+1","Slice","Masterful Stab","Acrobatics","Toxin Wave+1","Cloak And Dagger","Blade Dance+1","Blade Dance","Deadly Poison+1","Envenom+1","Adrenaline+1","Blur+1","Flechettes+1","Envenom+1","Expertise+1","Prepared","Accuracy+1","Distraction","Distraction","Die Die Die","Backflip","Trip","Trip"],"relics":["Ring of the Serpent","ReplayTheSpireMod:Ring of Challenge","EVO:Axolotl","Replay:Bandana","ReplayTheSpireMod:TigerMarble","Blue Doll","DollysMirror","Bag of Preparation","MealTicket","Anchor","Ring of Misfortune","Omamori","Bronze Scales","Juzu Bracelet","Sozu","Frozen Egg 2","Orrery","Bag of Marbles","Snake Skull","Ancient Tea Set","Akabeko","Tingsha","Ninja Scroll","Gremlin Food","PreservedInsect","Bottled Lightning","Lantern","Gambling Chip","TwistedFunnel","Potion Belt"],"acts_visited":["Exordium","TheCity","TheBeyond"],"potions_floor_usage":[6,6,14,16,18,33],"damage_taken":[{"damage":0,"enemies":"Cultist","floor":1,"turns":5},{"damage":0,"enemies":"2 Louse","floor":3,"turns":3},{"damage":0,"enemies":"Small Slimes","floor":5,"turns":3},{"damage":4,"enemies":"Lagavulin","floor":6,"turns":4},{"damage":0,"enemies":"Blue Slaver","floor":10,"turns":2},{"damage":0,"enemies":"Gremlin Gang","floor":11,"turns":4},{"damage":0,"enemies":"3 Louse","floor":12,"turns":2},{"damage":0,"enemies":"Gremlin Nob","floor":14,"turns":2},{"damage":35,"enemies":"The Guardian","floor":16,"turns":6},{"damage":12,"enemies":"3 Byrds","floor":18,"turns":3},{"damage":0,"enemies":"Chosen","floor":21,"turns":4},{"damage":10,"enemies":"Book of Stabbing","floor":23,"turns":3},{"damage":4,"enemies":"Slavers","floor":25,"turns":4},{"damage":13,"enemies":"Snake Plant","floor":29,"turns":3},{"damage":0,"enemies":"Chosen and Byrds","floor":30,"turns":3},{"damage":0,"enemies":"Book of Stabbing","floor":31,"turns":3},{"damage":35,"enemies":"Pondfish","floor":33,"turns":6},{"damage":0,"enemies":"3 Shapes","floor":35,"turns":1},{"damage":8,"enemies":"2 Orb Walkers","floor":37,"turns":3},{"damage":0,"enemies":"3 Darklings","floor":38,"turns":3},{"damage":15,"enemies":"Transient","floor":39,"turns":5},{"damage":0,"enemies":"R_Hoarder","floor":41,"turns":4},{"damage":17,"enemies":"Writhing Mass","floor":42,"turns":2},{"damage":0,"enemies":"Reptomancer","floor":46,"turns":2},{"damage":0,"enemies":"Spire Growth","floor":47,"turns":1},{"damage":20,"enemies":"Donu and Deca","floor":50,"turns":5}],"seed_played":"-491524092970681773","potions_obtained":[{"floor":1,"key":"EssenceOfSteel"},{"floor":5,"key":"CunningPotion"},{"floor":6,"key":"Poison Potion"},{"floor":10,"key":"CultistPotion"},{"floor":16,"key":"LiquidMemories"}],"is_trial":false,"path_per_floor":["M","?","M","?","M","E","?","R","T","M","M","M","$","E","R","B",null,"M","?","?","M","$","E","R","E","T","?","R","M","M","E","R","B",null,"M","?","?","M","M","R","E","M","T","R","$","E","M","$","R","B",null],"character_chosen":"THE_SILENT","items_purchased":["Replay:Bandana","ReplayTheSpireMod:TigerMarble","Blue Doll","Accuracy","DollysMirror","Bag of Preparation","MealTicket","Bronze Scales","Quick Slash","Noxious Fumes","Frozen Egg 2","Orrery","PreservedInsect","Bottled Lightning","Lantern","Gambling Chip","TwistedFunnel","Distraction","Trip"],"campfire_rested":3,"item_purchase_floors":[0,0,0,0,0,0,0,13,13,13,22,22,45,45,45,45,45,45,48],"current_hp_per_floor":[70,59,59,59,59,55,55,55,55,55,55,55,70,70,70,35,70,58,58,58,58,70,60,60,60,60,60,60,47,47,47,68,33,70,70,70,62,62,47,68,68,51,51,70,70,70,70,70,70,50],"gold":188,"neow_bonus":"","is_daily":false,"chose_seed":false,"campfire_upgraded":5,"win_rate":0.0,"timestamp":1609573324,"path_taken":["M","?","M","?","M","E","?","R","T","M","M","M","$","E","R","BOSS","M","?","?","M","$","E","R","E","T","?","R","M","M","E","R","BOSS","M","?","?","M","M","R","E","M","T","R","$","E","M","?","R","BOSS"],"items_purchased_type":["Relic","Relic","Relic","Card","Relic","Relic","Relic","Relic","Card","Card","Relic","Relic","Relic","Relic","Relic","Relic","Relic","Card","Card"],"build_version":"2020-12-22","purchased_purges":1,"victory":true,"max_hp_per_floor":[70,70,70,70,70,70,70,70,70,70,70,70,70,70,70,70,70,70,70,70,70,70,70,70,70,70,70,70,70,70,70,70,70,70,70,70,70,70,70,70,70,70,70,70,70,70,70,70,70,70],"card_choices":[{"not_picked":["Backflip","Footwork"],"picked":"Terror","floor":1},{"not_picked":["Riddle With Holes","Well Laid Plans"],"picked":"Slice","floor":3},{"not_picked":["Fluid Movement","Escape Plan"],"picked":"Dagger Spray","floor":5},{"not_picked":["Deflect","Outmaneuver"],"picked":"Blade Dance","floor":6},{"not_picked":["Concentrate","Finisher"],"picked":"Backflip","floor":10},{"not_picked":["Backflip","Heel Hook"],"picked":"Draining Mist","floor":11},{"not_picked":["ReplayTheSpireMod:Scrap Shanks","PiercingWail"],"picked":"Dash","floor":12},{"not_picked":["Dagger Throw","Draining Mist"],"picked":"Outmaneuver","floor":14},{"not_picked":["After Image","Glass Knife"],"picked":"Storm of Steel","floor":16},{"not_picked":["Endless Agony","Dodge and Roll"],"picked":"Blade Dance+1","floor":18},{"not_picked":["Fluid Movement","Calculated Gamble"],"picked":"Hidden Blade+1","floor":21},{"not_picked":["Hidden Blade+1","Unload"],"picked":"Deflect+1","floor":22},{"not_picked":["Underhanded Strike","Terror"],"picked":"ReplayTheSpireMod:Scrap Shanks+1","floor":22},{"not_picked":["Quick Slash+1","Night Terror"],"picked":"Slice","floor":22},{"not_picked":["Dagger Throw","Sucker Punch"],"picked":"Masterful Stab","floor":22},{"not_picked":["Flying Knee+1","Sneak Up"],"picked":"Acrobatics","floor":22},{"not_picked":["Deflect+1","Slice"],"picked":"Toxin Wave+1","floor":23},{"not_picked":["Reflex","ReplayTheSpireMod:Tripwire"],"picked":"Cloak And Dagger","floor":25},{"not_picked":["Calculated Gamble+1","Crippling Poison"],"picked":"Blade Dance","floor":29},{"not_picked":["Calculated Gamble","Acrobatics"],"picked":"Deadly Poison+1","floor":30},{"not_picked":["Quick Slash","Caltrops+1"],"picked":"Envenom+1","floor":31},{"not_picked":["Unload","Die Die Die"],"picked":"Adrenaline","floor":33},{"not_picked":["Dagger Spray+1","Expertise+1"],"picked":"Blur+1","floor":35},{"not_picked":["Poisoned Stab+1","Backflip"],"picked":"Flechettes+1","floor":37},{"not_picked":["Bane","Poisoned Stab+1"],"picked":"Envenom+1","floor":38},{"not_picked":["Flechettes","Deadly Poison"],"picked":"Expertise+1","floor":39},{"not_picked":["Masterful Stab+1","Footwork+1"],"picked":"Prepared","floor":41},{"not_picked":["Deflect+1","Dodge and Roll+1"],"picked":"Accuracy+1","floor":42},{"not_picked":["Flying Knee+1","Acrobatics+1"],"picked":"Die Die Die","floor":46},{"not_picked":["Riddle With Holes","All Out Attack+1"],"picked":"Backflip","floor":47}],"player_experience":183714,"relics_obtained":[{"floor":6,"key":"Anchor"},{"floor":7,"key":"ReplayTheSpireMod:Ring of Challenge"},{"floor":7,"key":"Ring of Misfortune"},{"floor":9,"key":"Omamori"},{"floor":14,"key":"Juzu Bracelet"},{"floor":23,"key":"Bag of Marbles"},{"floor":25,"key":"Snake Skull"},{"floor":26,"key":"Ancient Tea Set"},{"floor":31,"key":"Akabeko"},{"floor":37,"key":"Tingsha"},{"floor":41,"key":"Ninja Scroll"},{"floor":43,"key":"Gremlin Food"},{"floor":46,"key":"Potion Belt"}],"event_choices":[{"damage_healed":0,"gold_gain":75,"player_choice":"Gold","damage_taken":11,"max_hp_gain":1,"max_hp_loss":0,"event_name":"betterThird:BetterGoop","floor":2,"gold_loss":0},{"damage_healed":0,"gold_gain":0,"player_choice":"Grow","damage_taken":0,"max_hp_gain":0,"max_hp_loss":0,"event_name":"Living Wall","floor":4,"gold_loss":0,"cards_upgraded":["Terror"]},{"damage_healed":0,"gold_gain":0,"player_choice":"Bought 0 Potions","damage_taken":0,"max_hp_gain":0,"max_hp_loss":0,"event_name":"The Woman in Blue","floor":19,"gold_loss":0},{"damage_healed":0,"gold_gain":0,"player_choice":"Ignored","damage_taken":0,"max_hp_gain":0,"max_hp_loss":0,"event_name":"betterNote:BetterNote","floor":20,"gold_loss":0,"cards_obtained":["Strike_MRS"]},{"damage_healed":0,"gold_gain":0,"player_choice":"Copied","damage_taken":0,"max_hp_gain":0,"max_hp_loss":0,"event_name":"Duplicator","floor":27,"gold_loss":0,"cards_obtained":["Blade Dance"]},{"cards_removed":["Strike_G"],"damage_healed":0,"gold_gain":0,"player_choice":"Removed Attack","damage_taken":0,"max_hp_gain":0,"max_hp_loss":0,"event_name":"Falling","floor":36,"gold_loss":0},{"damage_healed":0,"gold_gain":0,"player_choice":"Fight","damage_taken":0,"max_hp_gain":0,"max_hp_loss":0,"event_name":"Mysterious Sphere","floor":37,"gold_loss":0}],"is_beta":false,"boss_relics":[{"not_picked":["Painkiller Herb","Replay:Wanted Poster"],"picked":"Sozu"},{"not_picked":["Ring of Chaos","Fusion Hammer"],"picked":"Ring of the Serpent"}],"items_purged_floors":[13],"is_endless":false,"potions_floor_spawned":[1,5,6,10,16,21,23,29,33,37,39,41,46],"ascension_level":1}}