{"host":"d1za9dvx43o9v494","time":1609546452,"event":{"mods":["2.2 Compatiblity","BaseMod","Better-Laid Plans","Colored Map","Downfall","Emptier Cage","Minty Spire (QoL Compilation)","Permanent Neow","StSLib"],"gold_per_floor":[99,117,117,136,155,166,193,193,193,193,193],"floor_reached":10,"playtime":407,"items_purged":[],"score":61,"play_id":"5e11308f-f125-49e3-b43a-9b7ac9fe2f78","local_time":"20210102031412","is_ascension_mode":true,"campfire_choices":[{"data":"sneckomod:Unknown2Cost","floor":1,"key":"SMITH"},{"data":"sneckomod:UnknownDexterity","floor":9,"key":"SMITH"}],"circlet_count":0,"master_deck":["sneckomod:Strike","sneckomod:Strike","sneckomod:Strike","sneckomod:Defend","sneckomod:Defend","sneckomod:Defend","sneckomod:TailWhip","sneckomod:SnekBite","sneckomod:Unknown","sneckomod:Unknown","sneckomod:Unknown2Cost+1","sneckomod:UnknownDexterity+1","sneckomod:UnknownVulnerable","sneckomod:ImprovisedAttack","sneckomod:UnknownStrike","Parasite"],"relics":["sneckomod:SneckoSoul","Orichalcum"],"acts_visited":["Exordium"],"potions_floor_usage":[3],"damage_taken":[{"damage":21,"enemies":"Jaw Worm","floor":2,"turns":3},{"damage":7,"enemies":"Cultist","floor":4,"turns":4},{"damage":8,"enemies":"Small Slimes","floor":5,"turns":3},{"damage":31,"enemies":"Blue Slaver","floor":6,"turns":3},{"damage":25,"enemies":"3 Sentries","floor":10,"turns":10}],"seed_played":"1828800135946361036","potions_obtained":[{"floor":3,"key":"Fruit Juice"},{"floor":3,"key":"Strength Potion"},{"floor":3,"key":"DuplicationPotion"},{"floor":4,"key":"SpeedPotion"}],"is_trial":false,"path_per_floor":["R","M","?","M","M","M","T","?","R","E"],"character_chosen":"THE_SNECKO","items_purchased":[],"campfire_rested":0,"item_purchase_floors":[],"current_hp_per_floor":[91,71,76,70,62,32,32,56,56,49,49],"gold":193,"neow_bonus":"THREE_CARDS","is_daily":false,"chose_seed":false,"campfire_upgraded":2,"win_rate":0.0,"timestamp":1609546452,"path_taken":["R","M","?","M","?","M","T","?","R","E"],"items_purchased_type":[],"build_version":"2020-12-22","purchased_purges":0,"victory":false,"max_hp_per_floor":[91,92,97,98,98,99,99,99,99,99,99],"card_choices":[{"not_picked":["sneckomod:MixItUp","sneckomod:QuickBite"],"picked":"sneckomod:Unknown2Cost","floor":0},{"not_picked":["sneckomod:UnknownBlock","sneckomod:QuickBite"],"picked":"sneckomod:UnknownDexterity","floor":2},{"not_picked":["sneckomod:DiceBlock","sneckomod:SnakeSap"],"picked":"sneckomod:UnknownVulnerable","floor":4},{"not_picked":["sneckomod:Mudshield","sneckomod:UnknownVulnerable"],"picked":"sneckomod:ImprovisedAttack","floor":5},{"not_picked":["sneckomod:QuickBite","sneckomod:SoulDraw"],"picked":"sneckomod:UnknownStrike","floor":6}],"player_experience":611226,"relics_obtained":[{"floor":7,"key":"Orichalcum"}],"event_choices":[{"damage_healed":0,"gold_gain":0,"player_choice":"Got Potions","damage_taken":0,"max_hp_gain":0,"max_hp_loss":0,"event_name":"Lab","floor":3,"gold_loss":0},{"damage_healed":24,"gold_gain":0,"player_choice":"Healed and dodged fight","damage_taken":0,"max_hp_gain":0,"max_hp_loss":0,"event_name":"Mushrooms","floor":8,"gold_loss":0,"cards_obtained":["Parasite"]}],"is_beta":false,"boss_relics":[],"items_purged_floors":[],"is_endless":false,"potions_floor_spawned":[4,6],"killed_by":"3 Sentries","ascension_level":1}}