{"host":"l1ihaotq1cxp1b6b","time":1609608523,"event":{"mods":["AchievementEnabler","BaseMod","Colored Map","Custom Start","DeckTracker","Minty Spire (QoL Compilation)","StSLib","SuperFastMode","everything is the same but u backflip on backflip"],"gold_per_floor":[113,188,200,1,1,37,52,67,93,93,108,127,15,29,29,150,150,175,225,7,26,26,26,57,57,57],"floor_reached":25,"playtime":862,"items_purged":["Bane"],"score":335,"play_id":"b0ca8254-e89e-490c-b32d-1b64bfb29a72","local_time":"20210103022843","is_ascension_mode":true,"campfire_choices":[{"floor":10.0,"key":"REST"},{"floor":15.0,"key":"REST"},{"data":"Adrenaline","floor":23,"key":"SMITH"}],"circlet_count":0,"master_deck":["AscendersBane","Survivor","Neutralize","Bullet Time","Deadly Poison","Backflip","After Image","Acrobatics","A Thousand Cuts","Quick Slash","Escape Plan","Dagger Spray","Cloak And Dagger","Flash of Steel","Leg Sweep","Adrenaline+1","Dodge and Roll","Envenom","Glass Knife","Blade Dance","Well Laid Plans","Deadly Poison","Flechettes","Glass Knife","Grand Finale","Crippling Poison"],"relics":["Ring of the Snake","Golden Idol","Happy Flower","Strawberry","Pandora\u0027s Box","Snake Skull","Centennial Puzzle","Potion Belt"],"acts_visited":["Exordium","TheCity"],"potions_floor_usage":[18],"damage_taken":[{"damage":2.0,"enemies":"2 Louse","floor":1.0,"turns":4.0},{"damage":0.0,"enemies":"Jaw Worm","floor":3.0,"turns":4.0},{"damage":36.0,"enemies":"3 Sentries","floor":6.0,"turns":14.0},{"damage":1.0,"enemies":"Cultist","floor":7.0,"turns":5.0},{"damage":0.0,"enemies":"Large Slime","floor":8.0,"turns":6.0},{"damage":28.0,"enemies":"Gremlin Gang","floor":11.0,"turns":5.0},{"damage":12.0,"enemies":"Exordium Thugs","floor":12.0,"turns":5.0},{"damage":0.0,"enemies":"2 Fungi Beasts","floor":14.0,"turns":3.0},{"damage":15.0,"enemies":"Slime Boss","floor":16.0,"turns":9.0},{"damage":0,"enemies":"Spheric Guardian","floor":18,"turns":3},{"damage":23,"enemies":"Shell Parasite","floor":21,"turns":5},{"damage":15,"enemies":"Slavers","floor":24,"turns":4},{"damage":23,"enemies":"Centurion and Healer","floor":25,"turns":3}],"seed_played":"3603954217544048644","potions_obtained":[{"floor":6.0,"key":"SpeedPotion"},{"floor":8.0,"key":"Swift Potion"},{"floor":11.0,"key":"CultistPotion"},{"floor":16.0,"key":"CunningPotion"},{"floor":21,"key":"SteroidPotion"},{"floor":24,"key":"AttackPotion"}],"is_trial":false,"path_per_floor":["M","?","M","$","?","E","M","M","T","R","M","M","$","M","R","B",null,"M","T","$","M","?","R","E","M"],"character_chosen":"THE_SILENT","items_purchased":["After Image","Acrobatics","Cloak And Dagger","Flash of Steel","Grand Finale"],"campfire_rested":2,"item_purchase_floors":[4,4,13,13,20],"current_hp_per_floor":[61,50,50,50,50,14,13,13,20,41,13,1,1,1,22,7,56,56,56,56,33,33,33,18,0,0],"gold":57,"neow_bonus":"ONE_RANDOM_RARE_CARD","is_daily":false,"chose_seed":false,"campfire_upgraded":1,"win_rate":0.0,"timestamp":1609608523,"path_taken":["M","?","M","$","?","E","M","M","T","R","M","M","?","M","R","BOSS","M","?","$","M","?","R","E","M"],"items_purchased_type":["Card","Card","Card","Card","Card"],"build_version":"2020-12-22","purchased_purges":1,"victory":false,"max_hp_per_floor":[70,70,70,70,65,65,65,65,72,72,72,72,72,72,72,72,72,72,72,72,72,72,72,72,72,72],"card_choices":[{"not_picked":["Bane","Dodge and Roll"],"picked":"Deadly Poison","floor":1.0},{"not_picked":["Riddle With Holes","Quick Slash"],"picked":"Backflip","floor":3.0},{"not_picked":["Dodge and Roll","Acrobatics"],"picked":"A Thousand Cuts","floor":6.0},{"not_picked":["Caltrops","Deflect"],"picked":"Quick Slash","floor":7.0},{"not_picked":["Dash","Concentrate"],"picked":"Escape Plan","floor":8.0},{"not_picked":["Underhanded Strike","A Thousand Cuts","Poisoned Stab"],"picked":"SKIP","floor":11.0},{"not_picked":["Cloak And Dagger","Expertise"],"picked":"Dagger Spray","floor":12.0},{"not_picked":["Endless Agony","Underhanded Strike"],"picked":"Leg Sweep","floor":14.0},{"not_picked":["Unload","Doppelganger"],"picked":"Adrenaline","floor":16.0},{"not_picked":["Outmaneuver+1","Poisoned Stab","Dodge and Roll"],"picked":"SKIP","floor":18},{"not_picked":["Concentrate","Infinite Blades","Deflect+1"],"picked":"SKIP","floor":21},{"not_picked":["Crippling Poison","Dagger Spray","Accuracy+1"],"picked":"SKIP","floor":24},{"not_picked":["Dagger Spray","Accuracy+1"],"picked":"Crippling Poison","floor":24}],"player_experience":535694,"relics_obtained":[{"floor":6.0,"key":"Happy Flower"},{"floor":9.0,"key":"Strawberry"},{"floor":19,"key":"Snake Skull"},{"floor":24,"key":"Potion Belt"}],"event_choices":[{"damage_healed":0.0,"max_hp_gain":0.0,"max_hp_loss":0.0,"gold_gain":75.0,"event_name":"World of Goop","player_choice":"Gather Gold","floor":2.0,"gold_loss":0.0,"damage_taken":11.0},{"damage_healed":0.0,"max_hp_gain":0.0,"max_hp_loss":5.0,"gold_gain":0.0,"event_name":"Golden Idol","player_choice":"Lose Max HP","floor":5.0,"gold_loss":0.0,"damage_taken":0.0,"relics_obtained":["Golden Idol"]},{"cards_removed":["Unload"],"damage_healed":0,"gold_gain":0,"player_choice":"Gave Card","damage_taken":0,"relics_obtained":["Centennial Puzzle"],"max_hp_gain":0,"max_hp_loss":0,"event_name":"WeMeetAgain","floor":22,"gold_loss":0}],"is_beta":false,"boss_relics":[{"not_picked":["Astrolabe","Calling Bell"],"picked":"Pandora\u0027s Box"}],"items_purged_floors":[20],"is_endless":false,"potions_floor_spawned":[6,8,11,12,16,21,24],"killed_by":"Centurion and Healer","ascension_level":10}}