{"host":"vsdszi3rnxsdp24p","time":1609611002,"event":{"mods":["AchievementEnabler","BaseMod","Colored Map","Colored Powertips","Hermit","Highlight Path","Minty Spire (QoL Compilation)","Quick Restart","Relic Sorter","Relic Stats","StSLib","SuperFastMode","Synergy Search","The Cursed","The Mystic"],"gold_per_floor":[112,10,24,199,210,210,244,244,244,257,257,271,290,317,317,417,417,431,446,446,465,465,465,479,479,479],"floor_reached":25,"playtime":1055,"items_purged":[],"score":225,"play_id":"db966258-6ab5-4a88-be74-e19e44c56f30","local_time":"20210102191002","is_ascension_mode":false,"campfire_choices":[{"data":"Sunder","floor":6,"key":"SMITH"},{"data":"White Noise","floor":8,"key":"SMITH"},{"floor":15,"key":"REST"}],"circlet_count":0,"master_deck":["Strike_B","Strike_B","Strike_B","Strike_B","Defend_B","Defend_B","Defend_B","Defend_B","Zap","Dualcast+1","Sunder+1","Redo","Glacier","Doubt","Lockon","White Noise+1","Compile Driver","Fusion","Reinforced Body","Electrodynamics","Redo","Doom and Gloom","Capacitor","Zap","Pain","Bandage Up","Genetic Algorithm"],"relics":["Cracked Core","Mercury Hourglass","PreservedInsect","Bottled Flame","Lantern","Inserter"],"acts_visited":["Exordium","TheCity"],"potions_floor_usage":[12,16,16,16,18,23,25,25],"damage_taken":[{"damage":11,"enemies":"Jaw Worm","floor":1,"turns":2},{"damage":0,"enemies":"Cultist","floor":3,"turns":3},{"damage":0,"enemies":"Small Slimes","floor":5,"turns":2},{"damage":31,"enemies":"Lagavulin","floor":7,"turns":6},{"damage":6,"enemies":"Looter","floor":10,"turns":3},{"damage":0,"enemies":"Lots of Slimes","floor":12,"turns":1},{"damage":11,"enemies":"Exordium Wildlife","floor":13,"turns":2},{"damage":26,"enemies":"Hexaghost","floor":16,"turns":9},{"damage":7,"enemies":"Shell Parasite","floor":18,"turns":9},{"damage":10,"enemies":"3 Byrds","floor":19,"turns":2},{"damage":37,"enemies":"Centurion and Healer","floor":21,"turns":5},{"damage":4,"enemies":"Book of Stabbing","floor":23,"turns":2},{"damage":23,"enemies":"Cultist and Chosen","floor":24,"turns":5},{"damage":5,"enemies":"Slavers","floor":25,"turns":1}],"seed_played":"3275423634958624054","potions_obtained":[{"floor":7,"key":"DistilledChaos"},{"floor":12,"key":"SpeedPotion"},{"floor":13,"key":"Energy Potion"},{"floor":16,"key":"EntropicBrew"},{"floor":19,"key":"Regen Potion"},{"floor":20,"key":"EssenceOfDarkness"},{"floor":20,"key":"Strength Potion"},{"floor":20,"key":"SmokeBomb"},{"floor":24,"key":"Energy Potion"}],"is_trial":false,"path_per_floor":["M","?","M","?","M","R","E","R","T","M","?","M","M","T","R","B",null,"M","M","?","M","?","E","M","E"],"character_chosen":"DEFECT","items_purchased":[],"campfire_rested":1,"item_purchase_floors":[],"current_hp_per_floor":[64,64,64,64,64,64,33,33,33,27,27,27,16,16,38,12,75,68,58,58,21,21,21,2,0,0],"gold":479,"neow_bonus":"THREE_CARDS","is_daily":false,"chose_seed":false,"campfire_upgraded":2,"win_rate":0.0,"timestamp":1609611002,"path_taken":["M","?","?","?","M","R","E","R","T","M","?","M","?","?","R","BOSS","M","M","?","?","?","E","M","E"],"items_purchased_type":[],"build_version":"2020-12-22","purchased_purges":0,"victory":false,"max_hp_per_floor":[75,75,75,75,75,75,75,75,75,75,75,75,75,75,75,75,75,75,75,75,75,75,75,75,75,75],"relic_stats":{"Inserter":[12],"counters":[14,51],"PreservedInsect":80,"obtain_stats":[{"Bottled Flame":9,"Lantern":14,"Inserter":17,"PreservedInsect":7,"Cracked Core":0,"Mercury Hourglass":2},{"Bottled Flame":4,"Lantern":7,"Inserter":8,"PreservedInsect":4,"Cracked Core":0,"Mercury Hourglass":1},{"Bottled Flame":13,"Lantern":19,"Inserter":28,"PreservedInsect":13,"Cracked Core":0,"Mercury Hourglass":2}],"Mercury Hourglass":[162]},"card_choices":[{"not_picked":["Recycle","Lockon"],"picked":"Sunder","floor":0},{"not_picked":["Cold Snap","Turbo"],"picked":"Redo","floor":1},{"not_picked":["Lockon","Chaos"],"picked":"Glacier","floor":3},{"not_picked":["Streamline","Beam Cell"],"picked":"Lockon","floor":5},{"not_picked":["Conserve Battery","Double Energy"],"picked":"White Noise","floor":7},{"not_picked":["Conserve Battery","Streamline"],"picked":"Compile Driver","floor":10},{"not_picked":["Hologram","Turbo"],"picked":"Fusion","floor":12},{"not_picked":["Leap","Gash"],"picked":"Reinforced Body","floor":13},{"not_picked":["Creative AI","All For One"],"picked":"Electrodynamics","floor":16},{"not_picked":["Sweeping Beam","Streamline+1"],"picked":"Redo","floor":18},{"not_picked":["Auto Shields","Conserve Battery"],"picked":"Doom and Gloom","floor":19},{"not_picked":["Chaos","Rebound"],"picked":"Capacitor","floor":21},{"not_picked":["Rebound","Beam Cell+1"],"picked":"Genetic Algorithm","floor":24}],"player_experience":117490,"relics_obtained":[{"floor":7,"key":"PreservedInsect"},{"floor":9,"key":"Bottled Flame"},{"floor":14,"key":"Lantern"}],"event_choices":[{"damage_healed":0,"gold_gain":0,"player_choice":"Paid Gold","damage_taken":0,"relics_obtained":["Mercury Hourglass"],"max_hp_gain":0,"max_hp_loss":0,"event_name":"WeMeetAgain","floor":2,"gold_loss":102},{"damage_healed":0,"gold_gain":175,"player_choice":"AGREE","damage_taken":0,"max_hp_gain":0,"max_hp_loss":0,"event_name":"Liars Game","floor":4,"gold_loss":0,"cards_obtained":["Doubt"]},{"damage_healed":0,"gold_gain":0,"player_choice":"Upgraded","damage_taken":0,"max_hp_gain":0,"max_hp_loss":0,"event_name":"Upgrade Shrine","floor":11,"gold_loss":0,"cards_upgraded":["Dualcast"]},{"damage_healed":0,"gold_gain":0,"player_choice":"Got Potions","damage_taken":0,"max_hp_gain":0,"max_hp_loss":0,"event_name":"Lab","floor":20,"gold_loss":0},{"damage_healed":0,"gold_gain":0,"player_choice":"3 cards matched","damage_taken":0,"max_hp_gain":0,"max_hp_loss":0,"event_name":"Match and Keep!","floor":22,"gold_loss":0,"cards_obtained":["Zap","Pain","Bandage Up"]}],"is_beta":false,"boss_relics":[{"not_picked":["Philosopher\u0027s Stone","SlaversCollar"],"picked":"Inserter"}],"items_purged_floors":[],"is_endless":false,"potions_floor_spawned":[7,12,13,16,19,23,24],"killed_by":"Slavers","ascension_level":0}}