{"host":"3ikutf0nfngyhvfs","time":1609555980,"event":{"mods":["AchievementEnabler","BaseMod","Downfall","Minty Spire (QoL Compilation)","StSLib","The Cursed"],"gold_per_floor":[99,112,129,144,34,64,64,64,94,115,115,148,98,115,127,127,127,127],"floor_reached":16,"playtime":1110,"items_purged":[],"score":110,"play_id":"48a373f8-a80f-4f3b-a820-ab01a6ad40b1","local_time":"20210101205300","is_ascension_mode":false,"campfire_choices":[{"floor":1,"key":"RECALL"},{"floor":13,"key":"REST"}],"circlet_count":0,"master_deck":["Slimebound:Strike_Slimebound","Slimebound:Strike_Slimebound","Slimebound:Strike_Slimebound","Slimebound:Tackle","Slimebound:Defend_Slimebound","Slimebound:Defend_Slimebound","Slimebound:Defend_Slimebound","Slimebound:Defend_Slimebound","Slimebound:Split","Slimebound:CorrosiveSpit","Slimebound:LevelUp","Slimebound:SplitAcid","Slimebound:MassFeed","Slimebound:FirmFortitude","expansioncontent:Flail","Slimebound:ServeAndProtect","Slimebound:SplitBruiser","Slimebound:Nibble","Slimebound:BestDefense+1"],"relics":["Black Star","Frozen Egg 2","Akabeko","Tiny Chest","Slimebound:GreedOozeRelic","Odd Mushroom","Bronze Scales","White Beast Statue","Torii"],"acts_visited":["Exordium"],"potions_floor_usage":[6,6,15,16,16],"damage_taken":[{"damage":7,"enemies":"2 Louse","floor":2,"turns":2},{"damage":5,"enemies":"Jaw Worm","floor":3,"turns":5},{"damage":8,"enemies":"Small Slimes","floor":4,"turns":4},{"damage":8,"enemies":"downfall:FleeingMerchant","floor":5,"turns":4},{"damage":38,"enemies":"Gremlin Nob","floor":6,"turns":4},{"damage":14,"enemies":"The Mushroom Lair","floor":10,"turns":2},{"damage":12,"enemies":"Lagavulin","floor":12,"turns":5},{"damage":21,"enemies":"Red Slaver","floor":14,"turns":2},{"damage":0,"enemies":"2 Fungi Beasts","floor":15,"turns":2},{"damage":31,"enemies":"downfall:Ironclad","floor":16,"turns":6}],"seed_played":"471712839847218690","potions_obtained":[{"floor":2,"key":"PowerPotion"},{"floor":4,"key":"SkillPotion"},{"floor":12,"key":"Explosive Potion"},{"floor":14,"key":"BlessingOfTheForge"},{"floor":15,"key":"Block Potion"}],"is_trial":false,"path_per_floor":["R","M","M","M","$","E","T","?","?","?","T","E","R","M","M","B"],"character_chosen":"SLIMEBOUND","items_purchased":["expansioncontent:Flail"],"campfire_rested":1,"item_purchase_floors":[5],"current_hp_per_floor":[60,57,56,56,56,22,22,22,22,16,16,8,26,13,13,0,0,0],"gold":127,"neow_bonus":"BOSS_RELIC","is_daily":false,"chose_seed":false,"campfire_upgraded":0,"win_rate":0.0,"timestamp":1609555980,"path_taken":["R","M","M","M","$","E","T","?","?","?","?","E","R","M","M","BOSS"],"items_purchased_type":["Card"],"build_version":"2020-12-22","purchased_purges":0,"victory":false,"max_hp_per_floor":[60,60,60,60,60,60,60,60,60,60,60,60,60,60,60,60,60,60],"card_choices":[{"not_picked":["Slimebound:Replication","Slimebound:FirmFortitude"],"picked":"Slimebound:LevelUp","floor":2},{"not_picked":["Slimebound:Schlurp","Slimebound:HauntingLick"],"picked":"Slimebound:SplitAcid","floor":3},{"not_picked":["Slimebound:RollThrough","Slimebound:LeechingTouch"],"picked":"Slimebound:MassFeed","floor":4},{"not_picked":["Slimebound:HauntingLick","Slimebound:SplitAcid"],"picked":"Slimebound:FirmFortitude","floor":5},{"not_picked":["Slimebound:TongueLash","Slimebound:RollThrough","Slimebound:GrowthPunch"],"picked":"SKIP","floor":6},{"not_picked":["Slimebound:FirmFortitude+1","Slimebound:FinishingTackle"],"picked":"Slimebound:ServeAndProtect","floor":10},{"not_picked":["Slimebound:MassFeed","Slimebound:BestDefense+1"],"picked":"Slimebound:SplitBruiser","floor":12},{"not_picked":["Slimebound:Chomp","Slimebound:SplitMire"],"picked":"Slimebound:Nibble","floor":14},{"not_picked":["Slimebound:LeechingTouch","Slimebound:SplitBruiser"],"picked":"Slimebound:BestDefense+1","floor":15}],"player_experience":393247,"relics_obtained":[{"floor":6,"key":"Frozen Egg 2"},{"floor":6,"key":"Akabeko"},{"floor":7,"key":"Tiny Chest"},{"floor":10,"key":"Odd Mushroom"},{"floor":11,"key":"Bronze Scales"},{"floor":12,"key":"White Beast Statue"},{"floor":12,"key":"Torii"}],"event_choices":[{"damage_healed":0,"gold_gain":0,"player_choice":"Fought Mushrooms","damage_taken":0,"max_hp_gain":0,"max_hp_loss":0,"event_name":"Mushrooms","floor":10,"gold_loss":0}],"is_beta":false,"boss_relics":[],"items_purged_floors":[],"is_endless":false,"potions_floor_spawned":[2,4,12,14,15],"killed_by":"downfall:Ironclad","ascension_level":0}}