{"host":"uflv0e3ja7hvnij7","time":1609595503,"event":{"mods":["BaseMod","Better Altar","Better Match","Better Note","Better Sensory Stone","Better Skull","Better Third Choice","Hubris","Infinite Spire","Minty Spire (QoL Compilation)","Permanent Neow","StSLib"],"gold_per_floor":[113,113,128,128,178,203,221,146,171,192,192,192,208,231,231,357,357,340,340,340,361,385,385,385,410,478,478,498,13,13,33,33,164,164,182,196,257,273,148,148,141,141,166,199,199,532,544,555,555,555],"floor_reached":51,"playtime":2342,"items_purged":["Strike_R","Strike_R","Strike_R","Defend_R"],"score":954,"play_id":"3690f81f-525f-49f9-ac61-a6aa67d10bdd","local_time":"20210102085143","is_ascension_mode":true,"campfire_choices":[{"data":"Searing Blow","floor":11,"key":"SMITH"},{"data":"Searing Blow+2","floor":15,"key":"SMITH"},{"data":"Searing Blow+3","floor":23,"key":"SMITH"},{"data":"Searing Blow+4","floor":30,"key":"SMITH"},{"data":"Searing Blow+5","floor":32,"key":"SMITH"},{"data":"Searing Blow+6","floor":40,"key":"SMITH"},{"data":"Searing Blow+7","floor":42,"key":"SMITH"},{"data":"Searing Blow+8","floor":45,"key":"SMITH"},{"data":"Searing Blow+9","floor":49,"key":"SMITH"}],"circlet_count":0,"master_deck":["Strike_R+1","Strike_R+1","Defend_R","Defend_R","Defend_R","Bash","Shrug It Off","Headbutt","Searing Blow+10","hubris:ReadiedAction","Double Tap","infinitespire:TheBestDefense","Armaments+1","Ghostly Armor","Shrug It Off","Double Tap"],"relics":["Burning Blood","hubris:TenFootPole","Centennial Puzzle","Black Star","hubris:TinFlute","hubris:ScarierMask","hubris:Icosahedron","Bottled Flame","ClockworkSouvenir","infinitespire:FocusingShard","Coffee Dripper","WingedGreaves","Bronze Scales","Torii","Nunchaku","Unceasing Top","HornCleat"],"acts_visited":["Exordium","TheCity","TheBeyond"],"potions_floor_usage":[16,16,16,18,28,44],"damage_taken":[{"damage":7,"enemies":"Jaw Worm","floor":1,"turns":3},{"damage":3,"enemies":"2 Louse","floor":3,"turns":3},{"damage":1,"enemies":"Cultist","floor":6,"turns":3},{"damage":4,"enemies":"Looter","floor":7,"turns":3},{"damage":0,"enemies":"2 Fungi Beasts","floor":10,"turns":4},{"damage":14,"enemies":"Exordium Wildlife","floor":13,"turns":3},{"damage":1,"enemies":"Looter","floor":14,"turns":2},{"damage":31,"enemies":"Hexaghost","floor":16,"turns":9},{"damage":8,"enemies":"2 Thieves","floor":18,"turns":4},{"damage":50,"enemies":"Spheric Guardian","floor":21,"turns":6},{"damage":16,"enemies":"Centurion and Healer","floor":22,"turns":3},{"damage":4,"enemies":"3 Cultists","floor":25,"turns":4},{"damage":0,"enemies":"Sentry and Sphere","floor":28,"turns":6},{"damage":0,"enemies":"Shelled Parasite and Fungi","floor":31,"turns":1},{"damage":22,"enemies":"Automaton","floor":33,"turns":10},{"damage":5,"enemies":"3 Shapes","floor":35,"turns":3},{"damage":0,"enemies":"Orb Walker","floor":36,"turns":1},{"damage":0,"enemies":"2 Orb Walkers","floor":37,"turns":3},{"damage":10,"enemies":"Spire Growth","floor":38,"turns":3},{"damage":4,"enemies":"Reptomancer","floor":41,"turns":2},{"damage":27,"enemies":"Nightmare","floor":44,"turns":5},{"damage":0,"enemies":"4 Shapes","floor":47,"turns":4},{"damage":0,"enemies":"Sphere and 2 Shapes","floor":48,"turns":3},{"damage":27,"enemies":"Donu and Deca","floor":50,"turns":3}],"seed_played":"-2470878453927921408","potions_obtained":[{"floor":1,"key":"HeartOfIron"},{"floor":7,"key":"FearPotion"},{"floor":13,"key":"PowerPotion"},{"floor":16,"key":"SkillPotion"},{"floor":22,"key":"Regen Potion"},{"floor":25,"key":"Weak Potion"},{"floor":33,"key":"FairyPotion"},{"floor":36,"key":"Fire Potion"},{"floor":37,"key":"Energy Potion"},{"floor":38,"key":"DuplicationPotion"},{"floor":47,"key":"FearPotion"}],"is_trial":false,"path_per_floor":["M","?","M","?","T","M","M","$","T","M","R","?","M","M","R","B",null,"M","AVR","?","M","M","R","?","M","T","?","M","$","R","M","R","B",null,"M","M","?","M","$","R","E","R","T","NM","R","?","M","M","R","B",null],"character_chosen":"IRONCLAD","items_purchased":["ClockworkSouvenir","infinitespire:FocusingShard"],"campfire_rested":0,"item_purchase_floors":[29,29],"current_hp_per_floor":[71,51,54,38,38,43,45,45,45,51,51,51,43,48,48,23,66,64,64,64,20,10,10,10,12,12,12,33,33,33,39,39,23,66,80,80,80,76,76,76,78,78,78,57,57,57,63,69,69,48],"gold":555,"neow_bonus":"THREE_CARDS","is_daily":false,"chose_seed":false,"campfire_upgraded":9,"win_rate":0.0,"timestamp":1609595503,"path_taken":["M","?","M","?","?","M","M","$","T","?","R","?","M","M","R","BOSS","M","AVR","?","M","M","R","?","M","T","?","?","$","R","M","R","BOSS","M","M","?","M","$","R","E","R","T","NM","R","?","M","M","R","BOSS"],"items_purchased_type":["Relic","Relic"],"build_version":"2020-12-22","purchased_purges":4,"victory":true,"max_hp_per_floor":[80,80,80,80,80,80,80,80,80,80,80,80,80,80,80,80,80,80,80,80,80,80,80,80,80,80,80,80,80,80,80,80,80,80,80,80,80,80,80,80,80,80,80,80,80,80,80,80,80,80],"card_choices":[{"not_picked":["Heavy Blade","Armaments"],"picked":"Shrug It Off","floor":0},{"not_picked":["Second Wind","Heavy Blade"],"picked":"Headbutt","floor":1},{"not_picked":["Twin Strike","Sword Boomerang","Cleave"],"picked":"SKIP","floor":3},{"not_picked":["Clash","Shrug It Off"],"picked":"Searing Blow","floor":6},{"not_picked":["Iron Wave","Dark Embrace"],"picked":"hubris:ReadiedAction","floor":7},{"not_picked":["Armaments","Flex"],"picked":"Double Tap","floor":10},{"not_picked":["Dual Wield","Havoc","Body Slam"],"picked":"SKIP","floor":13},{"not_picked":["Thunderclap","Inflame","Dual Wield"],"picked":"SKIP","floor":14},{"not_picked":["Bloodletting","Fire Breathing","Havoc"],"picked":"SKIP","floor":18},{"not_picked":["Anger","Carnage+1","Iron Wave"],"picked":"SKIP","floor":21},{"not_picked":["Flex","Dropkick","Hemokinesis"],"picked":"SKIP","floor":22},{"not_picked":["Rage+1","Body Slam"],"picked":"Armaments+1","floor":25},{"not_picked":["Perfected Strike","Pummel"],"picked":"Ghostly Armor","floor":28},{"not_picked":["Inflame","Warcry"],"picked":"Shrug It Off","floor":31},{"not_picked":["Bludgeon","Exhume"],"picked":"Double Tap","floor":33},{"not_picked":["Shrug It Off+1","Cleave","Flex"],"picked":"SKIP","floor":35},{"not_picked":["Flex","Sword Boomerang","Twin Strike+1"],"picked":"SKIP","floor":36},{"not_picked":["Carnage+1","Shrug It Off+1","Heavy Blade+1"],"picked":"SKIP","floor":38},{"not_picked":["Iron Wave","Shrug It Off+1","Intimidate"],"picked":"SKIP","floor":41},{"not_picked":["Rupture","Flex+1","Carnage+1"],"picked":"SKIP","floor":44},{"not_picked":["Whirlwind+1","Offering","True Grit"],"picked":"SKIP","floor":47},{"not_picked":["Flex+1","Carnage+1","Reckless Charge+1"],"picked":"SKIP","floor":48}],"player_experience":454171,"relics_obtained":[{"floor":5,"key":"hubris:TenFootPole"},{"floor":9,"key":"Centennial Puzzle"},{"floor":26,"key":"Bottled Flame"},{"floor":37,"key":"WingedGreaves"},{"floor":41,"key":"Bronze Scales"},{"floor":41,"key":"Torii"},{"floor":43,"key":"Nunchaku"},{"floor":44,"key":"Unceasing Top"},{"floor":44,"key":"HornCleat"}],"event_choices":[{"damage_healed":0,"gold_gain":0,"player_choice":"Take Damage","damage_taken":20,"relics_obtained":["Golden Idol"],"max_hp_gain":0,"max_hp_loss":0,"event_name":"Golden Idol","floor":2,"gold_loss":0},{"damage_healed":54,"gold_gain":0,"player_choice":"Upgrade","damage_taken":16,"max_hp_gain":0,"max_hp_loss":80,"event_name":"betterThird:BetterShining","floor":4,"gold_loss":0,"cards_upgraded":["Strike_R","Strike_R"]},{"damage_healed":0,"gold_gain":0,"player_choice":"Grow","damage_taken":0,"max_hp_gain":0,"max_hp_loss":0,"event_name":"Living Wall","floor":12,"gold_loss":0,"cards_upgraded":["Searing Blow"]},{"damage_healed":0,"gold_gain":0,"player_choice":"Ignored","damage_taken":0,"max_hp_gain":0,"max_hp_loss":0,"event_name":"N\u0027loth","floor":27,"gold_loss":0},{"damage_healed":0,"gold_gain":0,"player_choice":"Fight","damage_taken":0,"max_hp_gain":0,"max_hp_loss":0,"event_name":"Mysterious Sphere","floor":37,"gold_loss":0},{"damage_healed":0,"gold_gain":333,"player_choice":"Gave Idol","damage_taken":0,"max_hp_gain":0,"max_hp_loss":0,"event_name":"The Moai Head","floor":46,"relics_lost":["Golden Idol"],"gold_loss":0}],"is_beta":false,"boss_relics":[{"not_picked":["hubris:BlackHole","Calling Bell"],"picked":"Black Star"},{"not_picked":["Mark of Pain","Velvet Choker"],"picked":"Coffee Dripper"}],"items_purged_floors":[8,19,29,39],"is_endless":false,"potions_floor_spawned":[1,7,13,16,22,25,33,36,37,38,47],"ascension_level":6}}