{"host":"1bnrkmg0bmhwam8n","time":1609556504,"event":{"mods":["2.2 Compatiblity","BaseMod","Colored Map","Hermit","Infinite Spire","Minty Spire (QoL Compilation)","Quick Restart","StSLib"],"gold_per_floor":[116,116,116,133,98,98,126,146,146,160,170,195,206,131,131,229,229,245,96,121,147,147,174,156,156,209,223,223,241,253,163,163,268,268,284,332,332,332,332,332,345,43,112,112,122,122,172,172,172,172],"floor_reached":51,"playtime":1539,"items_purged":["Defend_G"],"score":828,"play_id":"62387406-3486-4679-8a9e-0dfe6e9adeb0","local_time":"20210101210144","is_ascension_mode":true,"campfire_choices":[{"data":"infinitespire:DeathsTouch","floor":6,"key":"SMITH"},{"data":"Cloak And Dagger","floor":15,"key":"SMITH"},{"floor":25,"key":"REST"},{"floor":28,"key":"REST"},{"data":"Adrenaline","floor":32,"key":"SMITH"},{"floor":40,"key":"REST"},{"floor":44,"key":"REST"},{"data":"Neutralize","floor":46,"key":"SMITH"},{"data":"Cloak And Dagger","floor":49,"key":"SMITH"}],"circlet_count":0,"master_deck":["Strike_G","Strike_G","Strike_G","Strike_G","Defend_G","Defend_G+1","Defend_G","Defend_G","Survivor","Neutralize+1","Cloak And Dagger+1","infinitespire:DeathsTouch+1","Dodge and Roll","Infinite Blades","Dodge and Roll","Adrenaline+1","Footwork+1","Infinite Blades+1","Cloak And Dagger+1","After Image+1"],"relics":["Ring of the Serpent","NeowsBlessing","infinitespire:FocusingShard","Frozen Egg 2","infinitespire:Golems Mask","SlaversCollar","Regal Pillow","Red Mask","Toy Ornithopter","Omamori","Ornamental Fan","Blood Vial","WingedGreaves","infinitespire:BottledMercury","Vajra","Sling","Tingsha","Ancient Tea Set"],"acts_visited":["Exordium","TheCity","TheBeyond"],"potions_floor_usage":[12,20,20,24,27,36,36,50],"damage_taken":[{"damage":0,"enemies":"Jaw Worm","floor":1,"turns":1},{"damage":0,"enemies":"2 Louse","floor":4,"turns":1},{"damage":0,"enemies":"3 Sentries","floor":7,"turns":1},{"damage":0,"enemies":"Small Slimes","floor":8,"turns":4},{"damage":0,"enemies":"3 Louse","floor":10,"turns":6},{"damage":0,"enemies":"Exordium Wildlife","floor":11,"turns":2},{"damage":8,"enemies":"Gremlin Nob","floor":12,"turns":3},{"damage":1,"enemies":"Exordium Thugs","floor":13,"turns":5},{"damage":25,"enemies":"The Guardian","floor":16,"turns":10},{"damage":39,"enemies":"3 Byrds","floor":18,"turns":5},{"damage":6,"enemies":"Masked Bandits","floor":20,"turns":3},{"damage":27,"enemies":"Slavers","floor":23,"turns":5},{"damage":9,"enemies":"2 Thieves","floor":24,"turns":4},{"damage":10,"enemies":"Centurion and Healer","floor":27,"turns":10},{"damage":17,"enemies":"Snake Plant","floor":29,"turns":6},{"damage":7,"enemies":"Shelled Parasite and Fungi","floor":30,"turns":6},{"damage":6,"enemies":"Automaton","floor":33,"turns":11},{"damage":1,"enemies":"Orb Walker","floor":35,"turns":5},{"damage":80,"enemies":"2 Orb Walkers","floor":36,"turns":10},{"damage":0,"enemies":"3 Darklings","floor":41,"turns":7},{"damage":16,"enemies":"Jaw Worm Horde","floor":45,"turns":4},{"damage":0,"enemies":"Mind Bloom Boss Battle","floor":47,"turns":5},{"damage":19,"enemies":"Donu and Deca","floor":50,"turns":9}],"seed_played":"2774482036208143646","potions_obtained":[{"floor":1,"key":"Strength Potion"},{"floor":10,"key":"DuplicationPotion"},{"floor":11,"key":"LiquidMemories"},{"floor":12,"key":"Regen Potion"},{"floor":20,"key":"Ancient Potion"},{"floor":27,"key":"Fruit Juice"},{"floor":29,"key":"Block Potion"},{"floor":35,"key":"EssenceOfSteel"},{"floor":41,"key":"EssenceOfSteel"}],"is_trial":false,"path_per_floor":["M","?","?","M","?","R","E","M","T","M","M","E","M","$","R","B",null,"M","$","?","T","AVR","E","M","R","T","M","R","M","M","?","R","B",null,"M","?","?","AVR","T","R","M","$","T","R","M","R","?","?","R","B",null],"character_chosen":"THE_SILENT","items_purchased":["Regal Pillow","Vajra","Sling"],"campfire_rested":4,"item_purchase_floors":[19,42,42],"current_hp_per_floor":[70,70,53,53,70,70,70,70,70,70,70,62,61,61,61,36,70,31,31,37,37,37,10,6,42,42,44,75,58,53,53,53,49,75,74,5,5,5,5,42,44,44,44,75,59,59,61,61,61,49],"gold":172,"neow_bonus":"THREE_ENEMY_KILL","is_daily":false,"chose_seed":false,"campfire_upgraded":5,"win_rate":0.0,"timestamp":1609556504,"path_taken":["M","?","?","M","?","R","E","M","T","M","M","E","M","$","R","BOSS","M","$","?","?","AVR","E","M","R","T","M","R","M","?","?","R","BOSS","M","?","?","AVR","?","R","M","$","T","R","M","R","?","?","R","BOSS"],"items_purchased_type":["Relic","Relic","Relic"],"build_version":"2020-12-22","purchased_purges":1,"victory":true,"max_hp_per_floor":[70,70,70,70,70,70,70,70,70,70,70,70,70,70,70,70,70,70,70,70,70,70,70,70,70,70,75,75,75,75,75,75,75,75,75,75,75,75,75,75,75,75,75,75,75,75,75,75,75,75],"card_choices":[{"not_picked":["Flying Knee","Endless Agony"],"picked":"Cloak And Dagger","floor":1},{"not_picked":["infinitespire:FutureSight","infinitespire:SevenWalls"],"picked":"infinitespire:DeathsTouch","floor":3},{"not_picked":["Prepared","Dagger Throw"],"picked":"Dodge and Roll","floor":4},{"not_picked":["Flying Knee","Setup"],"picked":"Infinite Blades","floor":7},{"not_picked":["Outmaneuver","Bane"],"picked":"Dodge and Roll","floor":8},{"not_picked":["Flechettes","Finisher","Riddle With Holes"],"picked":"SKIP","floor":10},{"not_picked":["Dagger Throw","Deadly Poison","Quick Slash"],"picked":"SKIP","floor":11},{"not_picked":["Grand Finale","Finisher","Masterful Stab"],"picked":"SKIP","floor":12},{"not_picked":["Terror","Outmaneuver","Sucker Punch"],"picked":"SKIP","floor":13},{"not_picked":["Envenom+1","Grand Finale"],"picked":"Adrenaline","floor":16},{"not_picked":["Quick Slash","Flechettes"],"picked":"Footwork+1","floor":18},{"not_picked":["Underhanded Strike","Noxious Fumes+1","Sucker Punch"],"picked":"SKIP","floor":23},{"not_picked":["Finisher+1","Dagger Throw"],"picked":"Infinite Blades+1","floor":24},{"not_picked":["Underhanded Strike","Dodge and Roll","Poisoned Stab+1"],"picked":"SKIP","floor":27},{"not_picked":["Skewer","Setup"],"picked":"Cloak And Dagger","floor":29},{"not_picked":["Underhanded Strike","Cloak And Dagger","Glass Knife"],"picked":"SKIP","floor":30},{"not_picked":["A Thousand Cuts+1","Grand Finale"],"picked":"After Image+1","floor":33},{"not_picked":["Prepared+1","Concentrate","Dodge and Roll+1"],"picked":"SKIP","floor":35},{"not_picked":["Sucker Punch+1","Leg Sweep","Tactician+1"],"picked":"SKIP","floor":41},{"not_picked":["Quick Slash","Underhanded Strike","Crippling Poison"],"picked":"SKIP","floor":45}],"player_experience":403273,"relics_obtained":[{"floor":7,"key":"infinitespire:FocusingShard"},{"floor":9,"key":"Frozen Egg 2"},{"floor":12,"key":"infinitespire:Golems Mask"},{"floor":20,"key":"Red Mask"},{"floor":21,"key":"Toy Ornithopter"},{"floor":23,"key":"Ornamental Fan"},{"floor":26,"key":"Blood Vial"},{"floor":36,"key":"WingedGreaves"},{"floor":39,"key":"infinitespire:BottledMercury"},{"floor":47,"key":"Tingsha"},{"floor":48,"key":"Ancient Tea Set"}],"event_choices":[{"damage_healed":17,"gold_gain":0,"player_choice":"Healed","damage_taken":0,"max_hp_gain":0,"max_hp_loss":0,"event_name":"The Cleric","floor":5,"gold_loss":35},{"damage_healed":0,"gold_gain":0,"player_choice":"Fought Bandits","damage_taken":0,"max_hp_gain":0,"max_hp_loss":0,"event_name":"Masked Bandits","floor":20,"gold_loss":0},{"cards_removed":["Strike_G"],"damage_healed":0,"gold_gain":0,"player_choice":"Upgrade and Remove","damage_taken":0,"max_hp_gain":0,"max_hp_loss":0,"event_name":"Designer","floor":31,"gold_loss":90,"cards_upgraded":["Defend_G"]},{"damage_healed":0,"gold_gain":0,"player_choice":"Fight","damage_taken":0,"max_hp_gain":0,"max_hp_loss":0,"event_name":"Mysterious Sphere","floor":36,"gold_loss":0},{"damage_healed":0,"gold_gain":0,"player_choice":"Fight","damage_taken":0,"max_hp_gain":0,"max_hp_loss":0,"event_name":"MindBloom","floor":47,"gold_loss":0},{"damage_healed":0,"gold_gain":0,"player_choice":"Relic","damage_taken":0,"max_hp_gain":0,"max_hp_loss":0,"event_name":"Wheel of Change","floor":48,"gold_loss":0}],"is_beta":false,"boss_relics":[{"not_picked":["infinitespire:Cupcake","Tiny House"],"picked":"SlaversCollar"},{"not_picked":["Philosopher\u0027s Stone","Sozu"],"picked":"Ring of the Serpent"}],"items_purged_floors":[14],"is_endless":false,"potions_floor_spawned":[1,10,11,12,20,27,29,35,41],"ascension_level":4}}