{"host":"hfxp6ue4pvwo3fit","time":1609622647,"event":{"mods":["AchievementEnabler","BaseMod","Colored Map","Colored Powertips","Highlight Path","Minty Spire (QoL Compilation)","Relic Stats","StSLib","SuperFastMode"],"gold_per_floor":[115,130,130,145,145,145,178,192,192,219,219,251,271,271,271,364,364,384,384,398,20,41,84,84,108,108,123,159,159,182,205,205,205,205],"floor_reached":33,"playtime":1578,"items_purged":[],"score":618,"play_id":"d381868e-7cef-4451-8a99-6fd4d3e9287e","local_time":"20210102152407","is_ascension_mode":true,"campfire_choices":[{"data":"Uppercut","floor":6,"key":"SMITH"},{"floor":11,"key":"REST"},{"data":"Bash","floor":15,"key":"SMITH"},{"data":"Strike_R","floor":24,"key":"PURGE"},{"floor":29,"key":"REST"},{"data":"Strike_R","floor":32,"key":"PURGE"}],"circlet_count":0,"master_deck":["AscendersBane","Strike_R","Strike_R","Defend_R","Defend_R","Defend_R","Defend_R","Bash+1","Disarm","Uppercut+1","Wild Strike","Metallicize","Pommel Strike","Armaments+1","Dropkick","Reaper","Metallicize","Metallicize","Warcry+1","Corruption","True Grit+1","True Grit+1","Armaments+1","Fire Breathing"],"relics":["Burning Blood","NeowsBlessing","Mercury Hourglass","Bag of Preparation","White Beast Statue","Toxic Egg 2","MealTicket","Golden Idol","Fusion Hammer","Peace Pipe","Pocketwatch","Matryoshka","Anchor"],"acts_visited":["Exordium","TheCity"],"potions_floor_usage":[10,16,22,23,25,27,28,31,33,33],"damage_taken":[{"damage":0,"enemies":"Cultist","floor":1,"turns":1},{"damage":0,"enemies":"Jaw Worm","floor":2,"turns":1},{"damage":0,"enemies":"Small Slimes","floor":4,"turns":1},{"damage":40,"enemies":"3 Sentries","floor":7,"turns":8},{"damage":6,"enemies":"3 Louse","floor":8,"turns":3},{"damage":14,"enemies":"Gremlin Nob","floor":10,"turns":4},{"damage":19,"enemies":"3 Sentries","floor":12,"turns":7},{"damage":3,"enemies":"Lots of Slimes","floor":13,"turns":4},{"damage":5,"enemies":"Hexaghost","floor":16,"turns":8},{"damage":14,"enemies":"3 Byrds","floor":18,"turns":5},{"damage":6,"enemies":"Shell Parasite","floor":20,"turns":7},{"damage":34,"enemies":"3 Cultists","floor":22,"turns":6},{"damage":13,"enemies":"Book of Stabbing","floor":23,"turns":6},{"damage":28,"enemies":"Shelled Parasite and Fungi","floor":25,"turns":11},{"damage":5,"enemies":"Cultist and Chosen","floor":27,"turns":6},{"damage":52,"enemies":"Slavers","floor":28,"turns":7},{"damage":2,"enemies":"Snake Plant","floor":30,"turns":5},{"damage":7,"enemies":"Shelled Parasite and Fungi","floor":31,"turns":6},{"damage":78,"enemies":"Champ","floor":33,"turns":21}],"seed_played":"6949481778891868339","potions_obtained":[{"floor":1,"key":"Swift Potion"},{"floor":7,"key":"EssenceOfSteel"},{"floor":10,"key":"CultistPotion"},{"floor":12,"key":"Strength Potion"},{"floor":13,"key":"Dexterity Potion"},{"floor":16,"key":"Regen Potion"},{"floor":22,"key":"Weak Potion"},{"floor":23,"key":"Regen Potion"},{"floor":25,"key":"SteroidPotion"},{"floor":27,"key":"HeartOfIron"},{"floor":28,"key":"DistilledChaos"},{"floor":30,"key":"Regen Potion"},{"floor":31,"key":"Dexterity Potion"}],"is_trial":false,"path_per_floor":["M","M","T","M","?","R","E","M","T","E","R","E","M","?","R","B",null,"M","?","M","$","M","E","R","M","T","M","E","R","M","M","R","B"],"character_chosen":"IRONCLAD","items_purchased":["Peace Pipe","Metallicize"],"campfire_rested":2,"item_purchase_floors":[21,21],"current_hp_per_floor":[74,75,75,75,68,68,34,34,34,26,48,35,38,38,38,39,61,59,59,66,68,52,51,51,49,49,68,28,48,52,68,68,0,0],"gold":205,"neow_bonus":"THREE_ENEMY_KILL","is_daily":false,"chose_seed":false,"campfire_upgraded":2,"win_rate":0.0,"timestamp":1609622647,"path_taken":["M","M","?","?","?","R","E","M","T","E","R","E","M","?","R","BOSS","M","?","M","$","M","E","R","M","T","M","E","R","?","M","R","BOSS"],"items_purchased_type":["Relic","Card"],"build_version":"2020-12-22","purchased_purges":0,"victory":false,"max_hp_per_floor":[75,75,75,75,75,75,75,75,75,75,75,75,75,68,68,68,68,68,68,68,68,68,68,68,68,68,68,68,68,68,68,68,68,68],"relic_stats":{"Peace Pipe":2,"counters":[19,116],"Golden Idol":64,"MealTicket":2,"Bag of Preparation":[30],"obtain_stats":[{"NeowsBlessing":0,"Golden Idol":14,"Bag of Preparation":7,"Burning Blood":0,"White Beast Statue":9,"Mercury Hourglass":3,"Peace Pipe":21,"Anchor":28,"Matryoshka":26,"MealTicket":12,"Fusion Hammer":17,"Toxic Egg 2":10,"Pocketwatch":23},{"NeowsBlessing":0,"Golden Idol":8,"Bag of Preparation":4,"Burning Blood":0,"White Beast Statue":5,"Mercury Hourglass":2,"Peace Pipe":11,"Anchor":16,"Matryoshka":14,"MealTicket":7,"Fusion Hammer":9,"Toxic Egg 2":6,"Pocketwatch":13},{"NeowsBlessing":0,"Golden Idol":28,"Bag of Preparation":11,"Burning Blood":0,"White Beast Statue":14,"Mercury Hourglass":2,"Peace Pipe":48,"Anchor":84,"Matryoshka":71,"MealTicket":25,"Fusion Hammer":36,"Toxic Egg 2":18,"Pocketwatch":60}],"Burning Blood":92,"Mercury Hourglass":[396],"Pocketwatch":[74]},"card_choices":[{"not_picked":["True Grit","Armaments"],"picked":"Disarm","floor":1},{"not_picked":["Pommel Strike","Rampage"],"picked":"Uppercut","floor":2},{"not_picked":["Armaments","Anger"],"picked":"Wild Strike","floor":4},{"not_picked":["Blood for Blood","Dual Wield"],"picked":"Metallicize","floor":7},{"not_picked":["Havoc","Intimidate","Heavy Blade"],"picked":"SKIP","floor":8},{"not_picked":["Twin Strike","Rupture"],"picked":"Pommel Strike","floor":10},{"not_picked":["Shrug It Off+1","Clash"],"picked":"Armaments+1","floor":12},{"not_picked":["Warcry+1","Cleave"],"picked":"Dropkick","floor":13},{"not_picked":["Impervious+1","Berserk"],"picked":"Reaper","floor":16},{"not_picked":["Pommel Strike","Headbutt","Body Slam"],"picked":"SKIP","floor":18},{"not_picked":["Armaments+1","Flex+1","Sever Soul"],"picked":"SKIP","floor":20},{"not_picked":["Pommel Strike","Rampage"],"picked":"Warcry+1","floor":22},{"not_picked":["True Grit+1","Barricade"],"picked":"Corruption","floor":23},{"not_picked":["Armaments+1","Iron Wave"],"picked":"True Grit+1","floor":25},{"not_picked":["Headbutt","Body Slam"],"picked":"True Grit+1","floor":27},{"not_picked":["Armaments+1","Carnage","Immolate"],"picked":"SKIP","floor":28},{"not_picked":["Evolve","Bloodletting+1"],"picked":"Armaments+1","floor":30},{"not_picked":["Armaments+1","Wild Strike"],"picked":"Fire Breathing","floor":31}],"player_experience":463086,"relics_obtained":[{"floor":3,"key":"Mercury Hourglass"},{"floor":7,"key":"Bag of Preparation"},{"floor":9,"key":"White Beast Statue"},{"floor":10,"key":"Toxic Egg 2"},{"floor":12,"key":"MealTicket"},{"floor":23,"key":"Pocketwatch"},{"floor":26,"key":"Matryoshka"},{"floor":28,"key":"Anchor"}],"event_choices":[{"cards_removed":["Strike_R"],"damage_healed":0,"gold_gain":0,"player_choice":"Card Removal","damage_taken":7,"max_hp_gain":0,"max_hp_loss":0,"event_name":"Golden Wing","floor":5,"gold_loss":0},{"damage_healed":0,"gold_gain":0,"player_choice":"Lose Max HP","damage_taken":0,"relics_obtained":["Golden Idol"],"max_hp_gain":0,"max_hp_loss":7,"event_name":"Golden Idol","floor":14,"gold_loss":0},{"damage_healed":0,"gold_gain":0,"player_choice":"Copied","damage_taken":0,"max_hp_gain":0,"max_hp_loss":0,"event_name":"Duplicator","floor":19,"gold_loss":0,"cards_obtained":["Metallicize"]}],"is_beta":false,"boss_relics":[{"not_picked":["Empty Cage","SlaversCollar"],"picked":"Fusion Hammer"}],"items_purged_floors":[],"is_endless":false,"potions_floor_spawned":[1,7,10,12,13,16,18,20,22,23,25,27,28,30,31],"killed_by":"Champ","ascension_level":20}}