{"host":"zig6x0mxqzam82fb","time":1609610324,"event":{"mods":["BaseMod","Block Reminder","Colored Map","Colored Powertips","Marisa????????","Minty Spire (QoL Compilation)","Relic Stats","StSLib","The Cursed","The Marked","Waifu the Spire"],"gold_per_floor":[114,127,127,139,139,139,174,188,188,188,205,237,237,257,257,357,407,420,420,420,420,437,437,463,483,506,506,13,42,60,80,80,178,178,194,205,205,58,68,68,100,114,161,31,78,110,110,110,110,110],"floor_reached":51,"playtime":3057,"items_purged":["Strike_B","Strike_B"],"score":1143,"play_id":"e3ea7e04-d6f3-481c-b11c-a034defd54bb","local_time":"20210102125844","is_ascension_mode":true,"campfire_choices":[{"data":"Sunder","floor":6,"key":"SMITH"},{"data":"Zap","floor":10,"key":"SMITH"},{"data":"Coolheaded","floor":15,"key":"SMITH"},{"data":"Tempest","floor":23,"key":"SMITH"},{"data":"Coolheaded","floor":27,"key":"SMITH"},{"data":"Consume","floor":32,"key":"SMITH"},{"data":"Madness","floor":40,"key":"SMITH"},{"data":"Madness","floor":47,"key":"SMITH"},{"data":"Dualcast","floor":49,"key":"SMITH"}],"circlet_count":0,"master_deck":["AscendersBane","Strike_B+1","Strike_B+1","Defend_B","Defend_B","Defend_B","Zap+1","Dualcast+1","Reinforced Body","Sunder+1","Gash","Sweeping Beam+1","Compile Driver","Conserve Battery+1","Coolheaded+1","Coolheaded+1","Cold Snap","Electrodynamics","Static Discharge","Tempest+1","Streamline+1","Cold Snap","Auto Shields+1","Self Repair+1","Leap","Consume+1","Buffer+1","Cold Snap+1","Biased Cognition+1","Coolheaded+1","Loop+1","Madness+1","Madness+1","Blizzard+1","Defragment+1","Force Field","Skim+1","Defragment+1"],"relics":["Coffee Dripper","Letter Opener","Symbiotic Virus","Mercury Hourglass","MealTicket","Tiny House","Smiling Mask","Lantern","Pen Nib","Blood Vial","Frozen Egg 2","Whetstone","Inserter","The Courier","Potion Belt","CatCart","Bag of Preparation"],"acts_visited":["Exordium","TheCity","TheBeyond"],"potions_floor_usage":[24,29,33,33,50,50,50],"damage_taken":[{"damage":3,"enemies":"Jaw Worm","floor":1,"turns":4},{"damage":1,"enemies":"2 Louse","floor":2,"turns":3},{"damage":1,"enemies":"Cultist","floor":4,"turns":4},{"damage":10,"enemies":"Gremlin Nob","floor":7,"turns":3},{"damage":0,"enemies":"Gremlin Gang","floor":8,"turns":3},{"damage":0,"enemies":"Large Slime","floor":11,"turns":3},{"damage":3,"enemies":"3 Sentries","floor":12,"turns":3},{"damage":2,"enemies":"3 Louse","floor":14,"turns":2},{"damage":28,"enemies":"The Guardian","floor":16,"turns":9},{"damage":0,"enemies":"Spheric Guardian","floor":18,"turns":3},{"damage":12,"enemies":"Chosen","floor":22,"turns":3},{"damage":14,"enemies":"Slavers","floor":24,"turns":4},{"damage":7,"enemies":"Centurion and Healer","floor":25,"turns":3},{"damage":19,"enemies":"Gremlin Leader","floor":29,"turns":4},{"damage":11,"enemies":"Snecko","floor":30,"turns":3},{"damage":0,"enemies":"3 Cultists","floor":31,"turns":5},{"damage":12,"enemies":"Collector","floor":33,"turns":11},{"damage":0,"enemies":"3 Shapes","floor":35,"turns":4},{"damage":13,"enemies":"Orb Walker","floor":36,"turns":4},{"damage":23,"enemies":"Maw","floor":39,"turns":9},{"damage":12,"enemies":"Reptomancer","floor":41,"turns":7},{"damage":14,"enemies":"3 Darklings","floor":42,"turns":5},{"damage":0,"enemies":"Orin","floor":45,"turns":9},{"damage":12,"enemies":"Giant Head","floor":46,"turns":11},{"damage":37,"enemies":"Awakened One","floor":50,"turns":16}],"seed_played":"702765714836823964","potions_obtained":[{"floor":4,"key":"SmokeBomb"},{"floor":8,"key":"Fire Potion"},{"floor":12,"key":"PotionOfCapacity"},{"floor":25,"key":"ColorlessPotion"},{"floor":30,"key":"Swift Potion"},{"floor":35,"key":"SneckoOil"},{"floor":39,"key":"Regen Potion"},{"floor":46,"key":"Dexterity Potion"}],"is_trial":false,"path_per_floor":["M","M","?","M","?","R","E","M","T","R","M","E","T","M","R","B",null,"M","?","?","?","M","R","E","M","T","R","$","E","M","M","R","B",null,"M","M","?","$","M","R","E","M","T","$","?","E","R","?","R","B",null],"character_chosen":"DEFECT","items_purchased":["Blood Vial","Frozen Egg 2","Self Repair+1","Leap","FairyPotion","PowerPotion","Weak Potion"],"campfire_rested":0,"item_purchase_floors":[28,28,28,28,38,44,44],"current_hp_per_floor":[65,64,64,63,63,63,53,53,53,53,53,50,50,48,48,20,66,66,66,51,51,39,39,25,18,18,18,33,26,27,39,39,39,74,76,75,64,79,68,68,68,66,66,81,85,83,83,83,83,63],"gold":110,"neow_bonus":"BOSS_RELIC","is_daily":false,"chose_seed":false,"campfire_upgraded":9,"win_rate":0.0,"timestamp":1609610324,"path_taken":["M","M","?","M","?","R","E","M","T","R","M","E","?","M","R","BOSS","M","?","?","?","M","R","E","M","T","R","$","E","?","M","R","BOSS","M","?","?","$","M","R","E","M","T","$","?","E","R","?","R","BOSS"],"items_purchased_type":["Relic","Relic","Card","Card","Potion","Potion","Potion"],"build_version":"2020-12-22","purchased_purges":2,"victory":true,"max_hp_per_floor":[75,75,75,75,75,75,75,75,75,75,75,75,75,75,75,75,80,80,80,85,85,85,85,85,85,85,85,85,85,85,85,85,85,85,85,85,85,85,85,85,85,85,85,85,85,85,85,85,85,85],"relic_stats":{"Blood Vial":22,"Inserter":[32],"counters":[25,135],"MealTicket":45,"Pen Nib":[13],"Bag of Preparation":[2],"Letter Opener":[241],"Whetstone":["Strike_B","Sweeping Beam"],"Smiling Mask":55,"obtain_stats":[{"Potion Belt":43,"Lantern":24,"Tiny House":17,"Inserter":34,"Pen Nib":26,"The Courier":41,"Bag of Preparation":46,"Letter Opener":7,"Whetstone":29,"Frozen Egg 2":28,"Smiling Mask":19,"Mercury Hourglass":12,"Blood Vial":28,"MealTicket":13,"Coffee Dripper":0,"CatCart":45,"Cracked Core":0,"Symbiotic Virus":9},{"Potion Belt":22,"Lantern":12,"Tiny House":9,"Inserter":17,"Pen Nib":13,"The Courier":21,"Bag of Preparation":24,"Letter Opener":4,"Whetstone":14,"Frozen Egg 2":13,"Smiling Mask":10,"Mercury Hourglass":7,"Blood Vial":13,"MealTicket":7,"Coffee Dripper":0,"CatCart":23,"Cracked Core":0,"Symbiotic Virus":5},{"Potion Belt":99,"Lantern":44,"Tiny House":34,"Inserter":70,"Pen Nib":47,"The Courier":94,"Bag of Preparation":119,"Letter Opener":14,"Whetstone":51,"Frozen Egg 2":47,"Smiling Mask":37,"Mercury Hourglass":23,"Blood Vial":47,"MealTicket":23,"Coffee Dripper":0,"CatCart":108,"Cracked Core":0,"Symbiotic Virus":17}],"Mercury Hourglass":[489]},"card_choices":[{"not_picked":["Turbo","Redo"],"picked":"Reinforced Body","floor":1},{"not_picked":["Rip and Tear","Defragment"],"picked":"Sunder","floor":2},{"not_picked":["Sweeping Beam","Turbo"],"picked":"Gash","floor":4},{"not_picked":["Capacitor","Stack"],"picked":"Compile Driver","floor":7},{"not_picked":["Machine Learning","Recycle"],"picked":"Conserve Battery","floor":8},{"not_picked":["Beam Cell","Barrage"],"picked":"Coolheaded","floor":11},{"not_picked":["Go for the Eyes","Sweeping Beam"],"picked":"Coolheaded","floor":12},{"not_picked":["Hello World","Recycle"],"picked":"Cold Snap","floor":14},{"not_picked":["Hyperbeam","Multi-Cast"],"picked":"Electrodynamics","floor":16},{"not_picked":["Hello World","Stack"],"picked":"Static Discharge","floor":17},{"not_picked":["Redo","FTL"],"picked":"Tempest","floor":18},{"not_picked":["Chill","Leap"],"picked":"Streamline+1","floor":22},{"not_picked":["Darkness+1","Static Discharge"],"picked":"Cold Snap","floor":24},{"not_picked":["Go for the Eyes","Stack"],"picked":"Auto Shields+1","floor":25},{"not_picked":["Hello World+1","Fusion"],"picked":"Consume","floor":29},{"not_picked":["Compile Driver","Turbo+1"],"picked":"Buffer+1","floor":30},{"not_picked":["Steam","Doom and Gloom"],"picked":"Cold Snap+1","floor":31},{"not_picked":["Reboot","All For One"],"picked":"Biased Cognition+1","floor":33},{"not_picked":["Gash","Darkness"],"picked":"Coolheaded+1","floor":35},{"not_picked":["Stack","Reinforced Body+1"],"picked":"Loop+1","floor":36},{"not_picked":["Streamline+1","Gash+1"],"picked":"Blizzard+1","floor":39},{"not_picked":["Redo+1","White Noise"],"picked":"Defragment+1","floor":41},{"not_picked":["Ball Lightning","Go for the Eyes+1"],"picked":"Force Field","floor":42},{"not_picked":["Tempest","Rip and Tear"],"picked":"Skim+1","floor":45},{"not_picked":["Melter","Turbo"],"picked":"Defragment+1","floor":46}],"player_experience":419286,"relics_obtained":[{"floor":7,"key":"Letter Opener"},{"floor":9,"key":"Symbiotic Virus"},{"floor":12,"key":"Mercury Hourglass"},{"floor":13,"key":"MealTicket"},{"floor":24,"key":"Lantern"},{"floor":26,"key":"Pen Nib"},{"floor":29,"key":"Whetstone"},{"floor":41,"key":"The Courier"},{"floor":43,"key":"Potion Belt"},{"floor":45,"key":"CatCart"},{"floor":46,"key":"Bag of Preparation"}],"event_choices":[{"damage_healed":0,"gold_gain":0,"player_choice":"Ignored","damage_taken":0,"max_hp_gain":0,"max_hp_loss":0,"event_name":"Shining Light","floor":3,"gold_loss":0},{"damage_healed":0,"gold_gain":0,"cards_transformed":["Defend_B"],"player_choice":"Change","damage_taken":0,"max_hp_gain":0,"max_hp_loss":0,"event_name":"Living Wall","floor":5,"gold_loss":0,"cards_obtained":["Sweeping Beam"]},{"damage_healed":0,"gold_gain":0,"player_choice":"Opened","damage_taken":0,"relics_obtained":["Smiling Mask"],"max_hp_gain":0,"max_hp_loss":0,"event_name":"The Mausoleum","floor":19,"gold_loss":0},{"damage_healed":0,"gold_gain":0,"player_choice":"Shed Blood","damage_taken":20,"max_hp_gain":5,"max_hp_loss":0,"event_name":"Forgotten Altar","floor":20,"gold_loss":0},{"damage_healed":0,"gold_gain":0,"player_choice":"Bought 0 Potions","damage_taken":0,"max_hp_gain":0,"max_hp_loss":0,"event_name":"The Woman in Blue","floor":21,"gold_loss":0},{"damage_healed":0,"gold_gain":0,"player_choice":"Embrace Madness","damage_taken":11,"max_hp_gain":0,"max_hp_loss":0,"event_name":"Winding Halls","floor":37,"gold_loss":0,"cards_obtained":["Madness","Madness"]},{"damage_healed":0,"gold_gain":0,"player_choice":"Fight","damage_taken":0,"max_hp_gain":0,"max_hp_loss":0,"event_name":"OrinTheCat","floor":45,"gold_loss":0},{"damage_healed":0,"gold_gain":0,"player_choice":"Upgraded","damage_taken":0,"max_hp_gain":0,"max_hp_loss":0,"event_name":"Upgrade Shrine","floor":48,"gold_loss":0,"cards_upgraded":["Conserve Battery"]}],"is_beta":false,"boss_relics":[{"not_picked":["Ectoplasm","Fusion Hammer"],"picked":"Tiny House"},{"not_picked":["Runic Dome","SlaversCollar"],"picked":"Inserter"}],"items_purged_floors":[38,44],"is_endless":false,"potions_floor_spawned":[4,8,12,16,18,25,30,31,35,39,41,46],"ascension_level":11}}