{"host":"96n0ernxosh90i3w","time":1609555679,"event":{"mods":["AchievementEnabler","BaseMod","Colored Powertips","Hubris","Infinite Spire","Minty Spire (QoL Compilation)","Replay The Spire","StSLib"],"gold_per_floor":[14,14,14,34,34,75,75,75,75,88,88,109,18,33,33,33,33],"floor_reached":16,"playtime":766,"items_purged":[],"score":100,"play_id":"014bb701-8f4e-4330-ba96-749c5568bff7","local_time":"20210101214759","is_ascension_mode":false,"campfire_choices":[{"floor":7,"key":"REST"},{"data":"Dualcast","floor":11,"key":"SMITH"},{"floor":15,"key":"REST"}],"circlet_count":0,"master_deck":["Strike_B","Strike_B","Strike_B","Strike_B","Defend_B","Defend_B","Defend_B","Zap","Dualcast+1","Double Energy","Cold Snap","Injury","Core Surge","ReplayTheSpireMod:System Scan","Scrape","Beam Cell","Compile Driver+1","ReplayTheSpireMod:GoodbyeWorld"],"relics":["Cracked Core","Ginger","Golden Idol","Bag of Preparation","Toy Ornithopter"],"acts_visited":["Exordium"],"potions_floor_usage":[12,16,16],"damage_taken":[{"damage":0,"enemies":"Small Slimes","floor":1,"turns":3},{"damage":1,"enemies":"Cultist","floor":4,"turns":3},{"damage":32,"enemies":"3 Sentries","floor":6,"turns":13},{"damage":6,"enemies":"Jaw Worm","floor":10,"turns":3},{"damage":0,"enemies":"2 Fungi Beasts","floor":12,"turns":2},{"damage":27,"enemies":"Exordium Thugs","floor":14,"turns":4},{"damage":69,"enemies":"The Guardian","floor":16,"turns":7}],"seed_played":"4436067258313224550","potions_obtained":[{"floor":4,"key":"LifebloodPotion"},{"floor":6,"key":"SteroidPotion"},{"floor":14,"key":"FearPotion"}],"is_trial":false,"path_per_floor":["M","?","$","M","?","E","R","?","T","M","R","M","$","M","R","B"],"character_chosen":"DEFECT","items_purchased":["Beam Cell","Compile Driver+1"],"campfire_rested":2,"item_purchase_floors":[13,13],"current_hp_per_floor":[75,75,75,74,74,42,64,64,64,58,58,63,63,36,58,0,0],"gold":33,"neow_bonus":"ONE_RARE_RELIC","is_daily":false,"chose_seed":false,"campfire_upgraded":1,"win_rate":0.0,"timestamp":1609555679,"path_taken":["M","?","$","?","?","E","R","?","T","?","R","M","$","M","R","BOSS"],"items_purchased_type":["Card","Card"],"build_version":"2020-12-22","purchased_purges":0,"victory":false,"max_hp_per_floor":[75,75,75,75,75,75,75,75,75,75,75,75,75,75,75,75,75],"card_choices":[{"not_picked":["Rebound","ReplayTheSpireMod:Repulse"],"picked":"Double Energy","floor":1},{"not_picked":["Reinforced Body","Double Energy"],"picked":"Cold Snap","floor":4},{"not_picked":["Go for the Eyes","Compile Driver"],"picked":"FTL","floor":6},{"not_picked":["Reinforced Body","Defragment"],"picked":"ReplayTheSpireMod:System Scan","floor":10},{"not_picked":["BasicCrystalCard","White Noise"],"picked":"Scrape","floor":12},{"not_picked":["ReplayGash","Stack"],"picked":"ReplayTheSpireMod:GoodbyeWorld","floor":14}],"player_experience":219579,"relics_obtained":[{"floor":6,"key":"Bag of Preparation"},{"floor":9,"key":"Toy Ornithopter"}],"event_choices":[{"cards_removed":["Defend_B"],"damage_healed":0,"gold_gain":0,"player_choice":"Purged","damage_taken":0,"max_hp_gain":0,"max_hp_loss":0,"event_name":"Purifier","floor":2,"gold_loss":0},{"damage_healed":0,"gold_gain":0,"player_choice":"Take Wound","damage_taken":0,"relics_obtained":["Golden Idol"],"max_hp_gain":0,"max_hp_loss":0,"event_name":"Golden Idol","floor":5,"gold_loss":0,"cards_obtained":["Injury"]},{"damage_healed":0,"gold_gain":0,"cards_transformed":["FTL"],"player_choice":"Transformed","damage_taken":0,"max_hp_gain":0,"max_hp_loss":0,"event_name":"Transmorgrifier","floor":8,"gold_loss":0,"cards_obtained":["Core Surge"]}],"is_beta":false,"boss_relics":[],"items_purged_floors":[],"is_endless":false,"potions_floor_spawned":[4,6,14],"killed_by":"The Guardian","ascension_level":0}}