{"host":"htqwg582tjjtn9p7","time":1609611069,"event":{"mods":["2.2 Compatiblity","AchievementEnabler","Act Like it!","Aspiration","BaseMod","Better Third Choice","Colored Map","Conspire","Curses Come First","Displayed Cursed Tome","Energized Spire","Force Act Four","GifTheSpireLib","Hermit","Highlight Path","JesterMod","Mad Scientist","Minty Spire (QoL Compilation)","Pale of the Ancients","Permanent Neow","Random Character Button","Relic Stats","Replay The Spire","Robot Space Explorer","Somnambulant","Spicy Shops","Spikes Relics","StSLib","Stuff the Spire","The Blue Laboratory","The Disciple","The Dragon Tamer","The Forsaken","The Gatherer","The Judge","The Jungle","The Marked","The Runesmith","The Servant 0.9.4","Uncapped","Wandering Minibosses"],"gold_per_floor":[109,127,3,3,22,57,57,57,103,128,128,142,177,75,75,173,173,198,198,211,230,243,243,263,296,296,296,311,311,331,375,375,469,469,490,490,149,162,185,185,199,240,320,320,334,369,482,134,134,134,148,148,171,71,71,71,71],"floor_reached":56,"playtime":3138,"items_purged":["Strike_G","Strike_G","Blade Dance","StuffTheSpire:Injection+1","Strike_G","Strike_G"],"score":1416,"play_id":"bf936f69-eb3d-4755-a824-a7c5fb7294ac","local_time":"20210102191109","is_ascension_mode":true,"campfire_choices":[{"data":"Neutralize","floor":7,"key":"SMITH"},{"data":"Catalyst","floor":11,"key":"SMITH"},{"floor":15,"key":"REST"},{"floor":23,"key":"REST"},{"floor":27,"key":"REST"},{"data":"Replay:Poison Smokescreen","floor":32,"key":"SMITH"},{"data":"Noxious Fumes","floor":40,"key":"SMITH"},{"data":"Replay:Bag of Tricks","floor":44,"key":"SMITH"},{"floor":49,"key":"REST"},{"data":"Blur","floor":55,"key":"SMITH"}],"circlet_count":0,"master_deck":["AscendersBane","Strike_G+1","Defend_G","Defend_G","Defend_G+1","Defend_G","Defend_G","Survivor","Neutralize+1","Blade Dance+1","Deflect","Noxious Fumes+1","Dash","Backstab","Catalyst+1","StuffTheSpire:DoubleShiv","Deadly Poison","Noxious Fumes+1","Noxious Fumes","CurseOfTheBell","Dodge and Roll+1","PiercingWail","Replay:Poison Smokescreen+1","Replay:Bag of Tricks+1","Dodge and Roll","Deflect+1","Backflip","Blur+1","Footwork"],"relics":["Ring of the Snake","CherryCoatedStake","Golden Idol","Meat on the Bone","Smiling Mask","Odd Mushroom","Calling Bell","aspiration:HiddenCompartment","Onion Ring","aspiration:SneckoTail","ZombieTooth","HornCleat","Red Mask","Replay:Bronze Core","OrangePellets","Chemical X","Gremlin Food","Shuriken","conspire:DecoderRing","Mercury Hourglass","Cauldron","Blood Vial","paleoftheancients:Timepiece","Gremlin Horn","CultistMask","paleoftheancients:BlurryLens"],"acts_visited":["Exordium","TheCity","TheBeyond","TheBeyond"],"potions_floor_usage":[6,10,13,13,20,21,31,38,42,50],"damage_taken":[{"damage":2,"enemies":"Cultist","floor":1,"turns":4},{"damage":1,"enemies":"Small Slimes","floor":2,"turns":4},{"damage":0,"enemies":"conspire:RoseBush","floor":5,"turns":5},{"damage":11,"enemies":"3 Sentries","floor":6,"turns":8},{"damage":9,"enemies":"Blue Slaver","floor":10,"turns":3},{"damage":3,"enemies":"Gremlin Gang","floor":12,"turns":5},{"damage":13,"enemies":"The Mushroom Lair","floor":13,"turns":6},{"damage":13,"enemies":"Hexaghost","floor":16,"turns":6},{"damage":9,"enemies":"3 Byrds","floor":18,"turns":4},{"damage":23,"enemies":"conspire:FuzzyDice","floor":20,"turns":8},{"damage":12,"enemies":"Centurion and Healer","floor":21,"turns":7},{"damage":32,"enemies":"Snecko","floor":22,"turns":8},{"damage":23,"enemies":"Snake Plant","floor":24,"turns":6},{"damage":15,"enemies":"Slavers","floor":25,"turns":8},{"damage":45,"enemies":"Cultist and Chosen","floor":28,"turns":7},{"damage":1,"enemies":"Snecko","floor":30,"turns":4},{"damage":14,"enemies":"Masked Bandits","floor":31,"turns":6},{"damage":17,"enemies":"Champ","floor":33,"turns":9},{"damage":0,"enemies":"3 Shapes","floor":35,"turns":6},{"damage":8,"enemies":"Orb Walker","floor":38,"turns":8},{"damage":20,"enemies":"Sphere and 2 Shapes","floor":39,"turns":4},{"damage":11,"enemies":"Jaw Worm Horde","floor":41,"turns":5},{"damage":18,"enemies":"Giant Head","floor":42,"turns":8},{"damage":0,"enemies":"3 Darklings","floor":45,"turns":5},{"damage":24,"enemies":"R_Hoarder","floor":46,"turns":8},{"damage":70,"enemies":"Time Eater","floor":50,"turns":10},{"damage":36,"enemies":"Time Eater","floor":51,"turns":10},{"damage":128,"enemies":"Time Eater","floor":52,"turns":11},{"damage":0,"enemies":"paleoftheancients:BASlime3","floor":53,"turns":1},{"damage":71,"enemies":"paleoftheancients:BASlime3","floor":56,"turns":6}],"seed_played":"5556930037338244562","potions_obtained":[{"floor":2,"key":"blueLaboratory:EnvenomedCoating"},{"floor":6,"key":"Swift Potion"},{"floor":10,"key":"blueLaboratory:LouseDecoction"},{"floor":12,"key":"blueLaboratory:FruitPunch"},{"floor":18,"key":"Block Potion"},{"floor":20,"key":"Swift Potion"},{"floor":25,"key":"blueLaboratory:FruitPreserves"},{"floor":30,"key":"ColorlessPotion"},{"floor":35,"key":"blueLaboratory:RecallPotion"},{"floor":41,"key":"blueLaboratory:FruitPunch"},{"floor":42,"key":"Cursed Concoction"},{"floor":46,"key":"blueLaboratory:HummingbirdPotion"},{"floor":47,"key":"FairyPotion"}],"is_trial":false,"path_per_floor":["M","M","$","?","M","E","R","?","T","M","R","M","?","$","R","B",null,"M","?","M","M","M","R","M","E","T","R","M","?","M","?","R_BF","B",null,"M","?","$","M","M","R","M","E","T","R","M","E","?","$","R","B","M","M","M","$","R","M"],"character_chosen":"THE_SILENT","items_purchased":["Noxious Fumes+1","Noxious Fumes","OrangePellets","Dodge and Roll","Chemical X","Footwork","Cauldron","Blood Vial"],"campfire_rested":4,"item_purchase_floors":[3,14,37,37,37,48,48,48],"current_hp_per_floor":[42,44,44,44,44,39,39,21,21,24,24,37,38,38,56,43,57,52,43,39,42,22,40,29,32,32,50,20,72,71,62,62,45,65,72,72,72,67,52,52,46,44,44,44,50,41,41,41,63,63,61,74,74,74,74,4,4],"gold":71,"neow_bonus":"ONE_RARE_RELIC","is_daily":false,"chose_seed":false,"campfire_upgraded":6,"win_rate":0.0,"timestamp":1609611069,"path_taken":["M","M","$","?","M","E","R","?","T","M","R","M","?","$","R","BOSS","M","?","M","?","M","R","M","E","T","R","M","?","?","?","R_BF","BOSS","M","?","$","M","M","R","M","E","T","R","M","E","?","$","R","BOSS","M","M","?","$","R","M"],"items_purchased_type":["Card","Card","Relic","Card","Relic","Card","Relic","Relic"],"build_version":"2020-12-22","purchased_purges":6,"victory":false,"max_hp_per_floor":[66,66,66,60,60,60,60,60,60,60,60,60,62,62,62,62,62,62,62,62,62,62,62,62,62,62,62,62,72,72,72,72,72,72,72,72,72,72,72,72,72,74,74,74,74,74,74,74,74,74,74,74,74,74,74,74,74],"relic_stats":{"Blood Vial":6,"OrangePellets":[3],"Gremlin Horn":[13,13],"counters":[30,189],"Golden Idol":170,"Shuriken":[19],"Chemical X":[2],"Smiling Mask":500,"obtain_stats":[{"aspiration:SneckoTail":17,"Gremlin Horn":50,"Smiling Mask":9,"Blood Vial":48,"ZombieTooth":25,"HornCleat":26,"Replay:Bronze Core":34,"conspire:DecoderRing":46,"Red Mask":31,"Chemical X":37,"Ring of the Snake":0,"Gremlin Food":42,"CherryCoatedStake":0,"Golden Idol":4,"paleoftheancients:BlurryLens":53,"Odd Mushroom":13,"aspiration:HiddenCompartment":17,"Mercury Hourglass":47,"Calling Bell":17,"paleoftheancients:Timepiece":50,"OrangePellets":37,"Cauldron":48,"Shuriken":43,"Onion Ring":17,"CultistMask":50,"Meat on the Bone":6},{"aspiration:SneckoTail":8,"Gremlin Horn":26,"Smiling Mask":4,"Blood Vial":25,"ZombieTooth":14,"HornCleat":14,"Replay:Bronze Core":18,"conspire:DecoderRing":25,"Red Mask":17,"Chemical X":19,"Ring of the Snake":0,"Gremlin Food":23,"CherryCoatedStake":0,"Golden Idol":2,"paleoftheancients:BlurryLens":29,"Odd Mushroom":7,"aspiration:HiddenCompartment":8,"Mercury Hourglass":25,"Calling Bell":8,"paleoftheancients:Timepiece":26,"OrangePellets":19,"Cauldron":25,"Shuriken":23,"Onion Ring":8,"CultistMask":26,"Meat on the Bone":4},{"aspiration:SneckoTail":41,"Gremlin Horn":161,"Smiling Mask":21,"Blood Vial":151,"ZombieTooth":82,"HornCleat":82,"Replay:Bronze Core":108,"conspire:DecoderRing":151,"Red Mask":99,"Chemical X":114,"Ring of the Snake":0,"Gremlin Food":138,"CherryCoatedStake":0,"Golden Idol":8,"paleoftheancients:BlurryLens":183,"Odd Mushroom":35,"aspiration:HiddenCompartment":41,"Mercury Hourglass":151,"Calling Bell":41,"paleoftheancients:Timepiece":161,"OrangePellets":114,"Cauldron":151,"Shuriken":138,"Onion Ring":41,"CultistMask":161,"Meat on the Bone":21}],"Ring of the Snake":[60],"Meat on the Bone":132,"Mercury Hourglass":[198]},"card_choices":[{"not_picked":["Catalyst","PiercingWail"],"picked":"Blade Dance","floor":1},{"not_picked":["StuffTheSpire:Incursion","Distraction"],"picked":"Deflect","floor":2},{"not_picked":["Caltrops","Blade Dance"],"picked":"Dash","floor":5},{"not_picked":["Grand Finale","Deflect"],"picked":"Backstab","floor":6},{"not_picked":["Distraction","Flying Knee"],"picked":"Catalyst","floor":10},{"not_picked":["Cloak And Dagger","StuffTheSpire:BumpUp"],"picked":"StuffTheSpire:DoubleShiv","floor":12},{"not_picked":["Poisoned Stab","Acrobatics"],"picked":"Deadly Poison","floor":13},{"not_picked":["A Thousand Cuts","Bullet Time"],"picked":"Burst","floor":16},{"not_picked":["Riddle With Holes","ReplayTheSpireMod:Tripwire+1"],"picked":"Dodge and Roll+1","floor":18},{"not_picked":["Quick Slash","Slice","Pace+1"],"picked":"SKIP","floor":20},{"not_picked":["Prepared","Acrobatics","Deadly Poison"],"picked":"SKIP","floor":21},{"not_picked":["StuffTheSpire:Python","Poisoned Stab"],"picked":"PiercingWail","floor":22},{"not_picked":["Poisoned Stab","Sucker Punch"],"picked":"Replay:Poison Smokescreen","floor":24},{"not_picked":["Poisoned Stab","Draining Mist"],"picked":"Blade Dance","floor":25},{"not_picked":["Deflect","Backstab","StuffTheSpire:Fury"],"picked":"SKIP","floor":28},{"not_picked":["ReplayTheSpireMod:Scrap Shanks","Distraction","Skewer"],"picked":"SKIP","floor":30},{"not_picked":["Bullet Time","Poison Darts"],"picked":"Replay:Bag of Tricks","floor":33},{"not_picked":["Poisoned Stab","Accuracy+1","StuffTheSpire:Fury"],"picked":"SKIP","floor":35},{"not_picked":["Prepared+1","Backflip"],"picked":"Deflect+1","floor":38},{"not_picked":["StuffTheSpire:BumpUp","Underhanded Strike","StuffTheSpire:Injection"],"picked":"SKIP","floor":39},{"not_picked":["Poisoned Stab","Prepared"],"picked":"Backflip","floor":41},{"not_picked":["Sucker Punch+1","Dagger Throw","StuffTheSpire:BrimstoneBlast+1"],"picked":"SKIP","floor":42},{"not_picked":["conspire:DoublingDagger+1","ReplayTheSpireMod:Scrap Shanks"],"picked":"Blur","floor":45},{"not_picked":["Blade Dance","Phantasmal Killer"],"picked":"StuffTheSpire:Injection+1","floor":46},{"not_picked":["StuffTheSpire:Recharge","Assess","Blind"],"picked":"SKIP","floor":47},{"not_picked":["Pace","Skewer","PiercingWail"],"picked":"SKIP","floor":51},{"not_picked":["Heel Hook+1","Outmaneuver","Quick Slash+1"],"picked":"SKIP","floor":53}],"player_experience":1864997,"relics_obtained":[{"floor":6,"key":"Meat on the Bone"},{"floor":9,"key":"Smiling Mask"},{"floor":13,"key":"Odd Mushroom"},{"floor":17,"key":"aspiration:HiddenCompartment"},{"floor":17,"key":"Onion Ring"},{"floor":17,"key":"aspiration:SneckoTail"},{"floor":25,"key":"ZombieTooth"},{"floor":26,"key":"HornCleat"},{"floor":31,"key":"Red Mask"},{"floor":42,"key":"Gremlin Food"},{"floor":43,"key":"Shuriken"},{"floor":46,"key":"conspire:DecoderRing"},{"floor":47,"key":"Mercury Hourglass"},{"floor":53,"key":"paleoftheancients:BlurryLens"}],"event_choices":[{"damage_healed":0,"gold_gain":0,"player_choice":"Lose Max HP","damage_taken":0,"relics_obtained":["Golden Idol"],"max_hp_gain":0,"max_hp_loss":6,"event_name":"Golden Idol","floor":4,"gold_loss":0},{"damage_healed":39,"gold_gain":0,"player_choice":"Upgrade","damage_taken":18,"max_hp_gain":0,"max_hp_loss":60,"event_name":"betterThird:BetterShining","floor":8,"gold_loss":0,"cards_upgraded":["Defend_G","Strike_G"]},{"damage_healed":0,"gold_gain":0,"player_choice":"Fought Mushrooms","damage_taken":0,"max_hp_gain":0,"max_hp_loss":0,"event_name":"Mushrooms","floor":13,"gold_loss":0},{"damage_healed":0,"gold_gain":0,"player_choice":"Damaged","damage_taken":9,"max_hp_gain":0,"max_hp_loss":0,"event_name":"Wheel of Change","floor":19,"gold_loss":0},{"cards_removed":["Burst"],"damage_healed":42,"gold_gain":0,"player_choice":"Offered Rare","damage_taken":0,"max_hp_gain":10,"max_hp_loss":0,"event_name":"Bonfire Elementals","floor":29,"gold_loss":0},{"damage_healed":0,"gold_gain":0,"player_choice":"Fought Bandits","damage_taken":0,"max_hp_gain":0,"max_hp_loss":0,"event_name":"Masked Bandits","floor":31,"gold_loss":0},{"damage_healed":0,"gold_gain":0,"player_choice":"Random: Red","damage_taken":0,"max_hp_gain":0,"max_hp_loss":0,"event_name":"betterThird:BetterPortal","floor":47,"gold_loss":0}],"is_beta":false,"boss_relics":[{"not_picked":["Sozu","energizedSpire:NeverEndingSparkler"],"picked":"Calling Bell"},{"not_picked":["aspiration:RitualDagger","Snecko Scales"],"picked":"Replay:Bronze Core"}],"items_purged_floors":[3,14,37,48,54,54],"is_endless":false,"potions_floor_spawned":[2,6,10,12,18,20,25,30,35,41,42,46],"killed_by":"paleoftheancients:BASlime3","ascension_level":15}}