{"host":"jtlvi4oh1uvp31nc","time":1609606184,"event":{"mods":["Abigail Mod","BaseMod","CapriCore","Marisa£¨Ùöéë¡¡Øª×âÞÞ£©","Minty Spire (QoL Compilation)","Prisma Mod","StSLib","The Immortal","WarShipGirlsR/??á´Ò³R mod"],"gold_per_floor":[150,150,150,150,183,270,270,270],"floor_reached":7,"playtime":511,"items_purged":[],"score":51,"play_id":"3d0bc55c-54dd-475a-9ea2-4885bf057e63","local_time":"20210103014944","daily_mods":["Heirloom","Time Dilation","Flight","DeadlyEvents","Elite Swarm","Lethality","Midas"],"is_ascension_mode":true,"campfire_choices":[],"circlet_count":0,"master_deck":["MokouMod:Strike","MokouMod:Strike","MokouMod:Strike","MokouMod:Strike","MokouMod:Defend","MokouMod:Defend","MokouMod:Defend","MokouMod:Defend","MokouMod:HeatSpark","MokouMod:ScorchingColumn","MokouMod:Trailblazer","MokouMod:SacredFire"],"relics":["MokouMod:PhoenixFeather","Girya","Oddly Smooth Stone","Du-Vu Doll"],"acts_visited":["Exordium"],"potions_floor_usage":[],"damage_taken":[{"damage":15,"enemies":"2 Louse","floor":1,"turns":3},{"damage":3,"enemies":"Cultist","floor":5,"turns":3},{"damage":30,"enemies":"Lagavulin","floor":6,"turns":7},{"damage":78,"enemies":"3 Sentries","floor":7,"turns":12}],"seed_played":"8775295994575360715","potions_obtained":[{"floor":4,"key":"PowerPotion"},{"floor":4,"key":"CultistPotion"},{"floor":4,"key":"Ancient Potion"}],"is_trial":true,"path_per_floor":["M","?","?","?","M","E","E"],"character_chosen":"MKU","items_purchased":[],"campfire_rested":0,"item_purchase_floors":[],"current_hp_per_floor":[60,42,35,35,32,2,0,0],"gold":270,"neow_bonus":"","is_daily":false,"chose_seed":false,"campfire_upgraded":0,"win_rate":0.0,"timestamp":1609606184,"path_taken":["M","?","?","?","?","E","E"],"items_purchased_type":[],"build_version":"2020-12-22","purchased_purges":0,"victory":false,"max_hp_per_floor":[75,75,75,75,75,75,75,75,75],"card_choices":[{"not_picked":["MokouMod:Cataclysm","MokouMod:Scorch"],"picked":"MokouMod:ScorchingColumn","floor":1},{"not_picked":["MokouMod:RetainTemperature","MokouMod:ImperishableFlame"],"picked":"MokouMod:Trailblazer","floor":5},{"not_picked":["MokouMod:BurningHiddenBullet","MokouMod:ExplosiveFlame"],"picked":"MokouMod:SacredFire","floor":6}],"player_experience":596181,"relics_obtained":[{"floor":6,"key":"Du-Vu Doll"}],"event_choices":[{"damage_healed":0,"gold_gain":0,"player_choice":"Success","damage_taken":18,"relics_obtained":["Oddly Smooth Stone"],"max_hp_gain":0,"max_hp_loss":0,"event_name":"Scrap Ooze","floor":2,"gold_loss":0},{"cards_removed":["MokouMod:Strike"],"damage_healed":0,"gold_gain":0,"player_choice":"Card Removal","damage_taken":7,"max_hp_gain":0,"max_hp_loss":0,"event_name":"Golden Wing","floor":3,"gold_loss":0},{"damage_healed":0,"gold_gain":0,"player_choice":"Got Potions","damage_taken":0,"max_hp_gain":0,"max_hp_loss":0,"event_name":"Lab","floor":4,"gold_loss":0}],"is_beta":false,"boss_relics":[],"items_purged_floors":[],"is_endless":true,"potions_floor_spawned":[5],"killed_by":"3 Sentries","ascension_level":1}}