{"host":"baymyijz6sxaqj5s","time":1609590312,"event":{"mods":["AchievementEnabler","BaseMod","Colored Map","Colored Powertips","DeckTracker","Highlight Path","KOR Keyword Fix","Keyboard Shortcuts","Minty Spire (QoL Compilation)","Quick Restart","StSLib","SuperFastMode"],"gold_per_floor":[116,126,201,215,231,231,231,231,301,315,315,331,331,365,365,465,465,477,477,24,24,44,44,63,63,87,106,31,31,31,85,85,85,85],"floor_reached":33,"playtime":869,"items_purged":[],"score":270,"play_id":"050b00e6-4e19-4112-8aa2-fc965b59279b","local_time":"20210102212512","is_ascension_mode":true,"campfire_choices":[{"data":"Deadly Poison","floor":6,"key":"SMITH"},{"data":"Neutralize","floor":8,"key":"SMITH"},{"floor":11,"key":"REST"},{"floor":15,"key":"REST"},{"data":"Survivor","floor":23,"key":"SMITH"},{"floor":25,"key":"REST"},{"floor":29,"key":"REST"},{"data":"After Image","floor":32,"key":"SMITH"}],"circlet_count":0,"master_deck":["Strike_G","Strike_G","Strike_G","Defend_G","Defend_G","Defend_G","Defend_G","Defend_G","Survivor+1","Neutralize+1","Heel Hook","Deadly Poison+1","Escape Plan","Catalyst+1","Deadly Poison+1","Blur+1","Grand Finale","Bouncing Flask+1","Reflex+1","Dodge and Roll+1","After Image+1"],"relics":["Ring of the Serpent","CultistMask","Toxic Egg 2","Toy Ornithopter","Snake Skull","WingedGreaves","MealTicket","Orichalcum"],"acts_visited":["Exordium","TheCity"],"potions_floor_usage":[14,16,18,27,33,33],"damage_taken":[{"damage":6,"enemies":"2 Louse","floor":1,"turns":3},{"damage":5,"enemies":"Jaw Worm","floor":2,"turns":6},{"damage":0,"enemies":"Cultist","floor":4,"turns":4},{"damage":10,"enemies":"2 Fungi Beasts","floor":5,"turns":5},{"damage":14,"enemies":"3 Louse","floor":10,"turns":4},{"damage":4,"enemies":"Large Slime","floor":12,"turns":6},{"damage":13,"enemies":"Lagavulin","floor":14,"turns":5},{"damage":16,"enemies":"Hexaghost","floor":16,"turns":8},{"damage":19,"enemies":"2 Thieves","floor":18,"turns":5},{"damage":15,"enemies":"3 Byrds","floor":22,"turns":4},{"damage":24,"enemies":"Snake Plant","floor":24,"turns":4},{"damage":11,"enemies":"Chosen and Byrds","floor":27,"turns":5},{"damage":85,"enemies":"Collector","floor":33,"turns":7}],"seed_played":"6532355704821577257","potions_obtained":[{"floor":2,"key":"SpeedPotion"},{"floor":5,"key":"Dexterity Potion"},{"floor":10,"key":"GhostInAJar"},{"floor":14,"key":"ColorlessPotion"},{"floor":22,"key":"LiquidMemories"},{"floor":27,"key":"BlessingOfTheForge"}],"is_trial":false,"path_per_floor":["M","M","?","M","M","R","?","R","T","M","R","M","?","E","R","B",null,"M","?","$","?","M","R","M","R","T","M","?","R","$","T","R","B"],"character_chosen":"THE_SILENT","items_purchased":["Snake Skull","WingedGreaves"],"campfire_rested":4,"item_purchase_floors":[20,20],"current_hp_per_floor":[71,66,55,55,45,45,45,45,45,31,54,50,50,37,60,49,77,58,58,58,58,43,43,19,42,42,36,36,59,74,74,74,0,0],"gold":85,"neow_bonus":"TEN_PERCENT_HP_BONUS","is_daily":false,"chose_seed":false,"campfire_upgraded":4,"win_rate":0.0,"timestamp":1609590312,"path_taken":["M","M","?","M","M","R","?","R","T","?","R","M","?","E","R","BOSS","M","?","$","?","?","R","?","R","T","M","?","R","$","?","R","BOSS"],"items_purchased_type":["Relic","Relic"],"build_version":"2020-12-22","purchased_purges":0,"victory":false,"max_hp_per_floor":[77,77,77,77,77,77,77,77,77,77,77,77,77,77,77,77,77,77,77,77,77,77,77,77,77,77,77,77,77,77,77,77,77,77],"card_choices":[{"not_picked":["PiercingWail","Blade Dance"],"picked":"Heel Hook","floor":1},{"not_picked":["Outmaneuver","Well Laid Plans"],"picked":"Deadly Poison","floor":2},{"not_picked":["Masterful Stab","Riddle With Holes","Acrobatics"],"picked":"SKIP","floor":4},{"not_picked":["Underhanded Strike","Malaise"],"picked":"Escape Plan","floor":5},{"not_picked":["Quick Slash","Dagger Spray"],"picked":"Catalyst+1","floor":10},{"not_picked":["Dagger Throw","Bane"],"picked":"Deadly Poison+1","floor":12},{"not_picked":["Storm of Steel+1","Sucker Punch"],"picked":"Blur+1","floor":14},{"not_picked":["Wraith Form v2","Venomology+1"],"picked":"Grand Finale","floor":16},{"not_picked":["Cloak And Dagger+1","All Out Attack"],"picked":"Bouncing Flask+1","floor":18},{"not_picked":["Cloak And Dagger+1","PiercingWail+1","Setup+1"],"picked":"SKIP","floor":22},{"not_picked":["Flying Knee+1","Calculated Gamble+1"],"picked":"Dodge and Roll+1","floor":24},{"not_picked":["Dodge and Roll+1","Reflex+1"],"picked":"After Image","floor":27}],"player_experience":284759,"relics_obtained":[{"floor":9,"key":"Toxic Egg 2"},{"floor":14,"key":"Toy Ornithopter"},{"floor":26,"key":"MealTicket"},{"floor":31,"key":"Orichalcum"}],"event_choices":[{"damage_healed":0,"gold_gain":75,"player_choice":"Gather Gold","damage_taken":11,"max_hp_gain":0,"max_hp_loss":0,"event_name":"World of Goop","floor":3,"gold_loss":0},{"damage_healed":0,"gold_gain":0,"player_choice":"Trade","damage_taken":0,"relics_obtained":["CultistMask"],"max_hp_gain":0,"max_hp_loss":0,"event_name":"FaceTrader","floor":7,"gold_loss":0},{"damage_healed":0,"gold_gain":0,"player_choice":"Ignored","damage_taken":0,"max_hp_gain":0,"max_hp_loss":0,"event_name":"Golden Idol","floor":13,"gold_loss":0},{"damage_healed":0,"gold_gain":0,"player_choice":"Ignored","damage_taken":0,"max_hp_gain":0,"max_hp_loss":0,"event_name":"The Mausoleum","floor":19,"gold_loss":0},{"damage_healed":0,"gold_gain":0,"cards_transformed":["Strike_G"],"player_choice":"Transformed","damage_taken":0,"max_hp_gain":0,"max_hp_loss":0,"event_name":"Transmorgrifier","floor":21,"gold_loss":0,"cards_obtained":["Reflex"]},{"cards_removed":["Strike_G"],"damage_healed":0,"gold_gain":0,"player_choice":"Gave Gold","damage_taken":0,"max_hp_gain":0,"max_hp_loss":0,"event_name":"Beggar","floor":28,"gold_loss":75}],"is_beta":false,"boss_relics":[{"not_picked":["Black Star","SacredBark"],"picked":"Ring of the Serpent"}],"items_purged_floors":[],"is_endless":false,"potions_floor_spawned":[2,5,10,14,22,27],"killed_by":"Collector","ascension_level":2}}