{"host":"FirstDane","time":1609559408,"event":{"mods":["BaseMod","Bestiary","Highlight Path","Minty Spire (QoL Compilation)","Relic Stats","Slay the Relics Exporter"],"gold_per_floor":[119,135,151,166,182,182,192,192,192,31,31,60,75,110,110,185,185,203,203,31,48,67,67,86,119,119,119,154,154,181,197,197,268,268,278,190,215,230,243,243,278,278,278,289,289,304,304,332,332,332,332,332,332,28,61,61],"floor_reached":57,"playtime":7296,"items_purged":["Strike_B"],"score":2968,"play_id":"f0b12a31-e126-45ba-8a5d-638ba820675d","local_time":"20210101215008","is_ascension_mode":true,"campfire_choices":[{"data":"Beam Cell","floor":6,"key":"SMITH"},{"data":"Sweeping Beam","floor":8,"key":"SMITH"},{"data":"Sunder","floor":11,"key":"SMITH"},{"data":"Zap","floor":15,"key":"SMITH"},{"data":"Ghostly","floor":23,"key":"SMITH"},{"data":"Ghostly","floor":29,"key":"SMITH"},{"data":"Coolheaded","floor":32,"key":"SMITH"},{"floor":40,"key":"RECALL"},{"data":"Coolheaded","floor":42,"key":"SMITH"},{"data":"Seek","floor":45,"key":"SMITH"},{"data":"Ghostly","floor":47,"key":"SMITH"},{"data":"Reinforced Body","floor":49,"key":"SMITH"},{"data":"Conserve Battery","floor":53,"key":"SMITH"}],"circlet_count":0,"master_deck":["AscendersBane","Defend_B","Defend_B","Defend_B","Zap+1","Gash","Rebound","Genetic Algorithm","Beam Cell+1","Sweeping Beam+1","Conserve Battery+1","Sunder+1","FTL","Echo Form","Electrodynamics+1","Buffer+1","Core Surge+1","Seek+1","Coolheaded+1","Ghostly+1","Ghostly+1","Ghostly+1","FTL","Turbo","Seek+1","Defragment+1","Capacitor+1","Cold Snap+1","Coolheaded+1","Reinforced Body+1","Loop+1","Biased Cognition+1"],"relics":["Empty Cage","Pantograph","Eternal Feather","Pear","Astrolabe","OrangePellets","Frozen Egg 2","Dead Branch","TungstenRod","Ginger","Coffee Dripper","StoneCalendar","Ancient Tea Set","Emotion Chip","Anchor","Pocketwatch"],"acts_visited":["Exordium","TheCity","TheBeyond","TheEnding"],"potions_floor_usage":[5,16,25,28,30,55,56,56],"damage_taken":[{"damage":3,"enemies":"Cultist","floor":1,"turns":5},{"damage":3,"enemies":"2 Louse","floor":2,"turns":4},{"damage":0,"enemies":"Small Slimes","floor":3,"turns":3},{"damage":9,"enemies":"Red Slaver","floor":4,"turns":5},{"damage":13,"enemies":"Large Slime","floor":5,"turns":7},{"damage":0,"enemies":"2 Fungi Beasts","floor":7,"turns":3},{"damage":26,"enemies":"3 Sentries","floor":12,"turns":6},{"damage":0,"enemies":"Red Slaver","floor":13,"turns":4},{"damage":12,"enemies":"Lagavulin","floor":14,"turns":7},{"damage":40,"enemies":"Hexaghost","floor":16,"turns":9},{"damage":0,"enemies":"Chosen","floor":18,"turns":4},{"damage":4,"enemies":"3 Byrds","floor":21,"turns":4},{"damage":0,"enemies":"Snecko","floor":22,"turns":6},{"damage":1,"enemies":"Snake Plant","floor":24,"turns":6},{"damage":2,"enemies":"Slavers","floor":25,"turns":7},{"damage":5,"enemies":"Gremlin Leader","floor":28,"turns":3},{"damage":0,"enemies":"Book of Stabbing","floor":30,"turns":5},{"damage":1,"enemies":"Shelled Parasite and Fungi","floor":31,"turns":5},{"damage":0,"enemies":"Automaton","floor":33,"turns":10},{"damage":3,"enemies":"3 Shapes","floor":35,"turns":3},{"damage":0,"enemies":"Mind Bloom Boss Battle","floor":37,"turns":6},{"damage":3,"enemies":"3 Darklings","floor":38,"turns":3},{"damage":0,"enemies":"Writhing Mass","floor":39,"turns":8},{"damage":0,"enemies":"Nemesis","floor":41,"turns":7},{"damage":0,"enemies":"Jaw Worm Horde","floor":44,"turns":5},{"damage":0,"enemies":"Maw","floor":46,"turns":7},{"damage":0,"enemies":"Reptomancer","floor":48,"turns":6},{"damage":16,"enemies":"Awakened One","floor":50,"turns":27},{"damage":12,"enemies":"Donu and Deca","floor":51,"turns":10},{"damage":0,"enemies":"Shield and Spear","floor":55,"turns":9},{"damage":6,"enemies":"The Heart","floor":56,"turns":13}],"seed_played":"2865275017499014884","potions_obtained":[{"floor":1,"key":"Regen Potion"},{"floor":5,"key":"SmokeBomb"},{"floor":12,"key":"DuplicationPotion"},{"floor":16,"key":"SmokeBomb"},{"floor":18,"key":"Fruit Juice"},{"floor":22,"key":"Dexterity Potion"},{"floor":25,"key":"LiquidBronze"},{"floor":28,"key":"DistilledChaos"},{"floor":37,"key":"GamblersBrew"},{"floor":41,"key":"PotionOfCapacity"},{"floor":48,"key":"Dexterity Potion"},{"floor":55,"key":"SkillPotion"}],"is_trial":false,"path_per_floor":["M","M","M","M","M","R","M","R","T","$","R","E","M","E","R","B",null,"M","?","$","M","M","R","M","E","T","?","E","R","E","M","R","B",null,"M","$","?","M","M","R","E","R","T","M","R","M","R","E","R","B","B",null,"R","$","E","B",null],"character_chosen":"DEFECT","items_purchased":["Sunder","OrangePellets","Capacitor+1","Loop+1","Anchor","SpeedPotion"],"campfire_rested":0,"item_purchase_floors":[10,20,36,54,54,54],"current_hp_per_floor":[61,58,58,49,51,51,51,51,51,51,51,25,25,23,32,17,65,65,40,40,36,36,40,39,37,37,37,37,45,45,44,45,45,45,42,42,45,42,42,45,45,45,45,45,45,45,45,45,45,29,33,42,45,45,45,39],"gold":61,"neow_bonus":"BOSS_RELIC","is_daily":false,"chose_seed":false,"campfire_upgraded":12,"win_rate":0.0,"timestamp":1609559408,"path_taken":["M","M","M","?","M","R","M","R","T","$","R","E","M","E","R","BOSS","M","?","$","M","M","R","M","E","T","?","E","R","E","?","R","BOSS","M","$","?","M","M","R","E","R","T","M","R","M","R","E","R","BOSS","BOSS","R","$","E","BOSS"],"items_purchased_type":["Card","Relic","Card","Card","Relic","Potion"],"build_version":"2020-12-18","purchased_purges":1,"victory":true,"max_hp_per_floor":[71,71,71,71,71,71,71,71,71,71,71,71,71,81,81,81,81,81,40,40,40,40,40,40,40,40,40,45,45,45,45,45,45,45,45,45,45,45,45,45,45,45,45,45,45,45,45,45,45,45,45,45,45,45,45,45],"relic_stats":{"OrangePellets":[12],"Emotion Chip":[20,7,13,0,0],"counters":[31,206],"Pantograph":44,"Astrolabe":["Buffer","Core Surge","Seek"],"Dead Branch":[137],"Eternal Feather":28,"StoneCalendar":[269],"Ginger":[10],"obtain_stats":[{"Pear":14,"Astrolabe":17,"Dead Branch":26,"Eternal Feather":12,"StoneCalendar":37,"Ginger":30,"Frozen Egg 2":25,"Empty Cage":0,"Ancient Tea Set":41,"OrangePellets":20,"Emotion Chip":48,"Anchor":54,"Pantograph":9,"Coffee Dripper":34,"Cracked Core":0,"TungstenRod":28,"Pocketwatch":55},{"Pear":9,"Astrolabe":10,"Dead Branch":15,"Eternal Feather":7,"StoneCalendar":21,"Ginger":17,"Frozen Egg 2":15,"Empty Cage":0,"Ancient Tea Set":24,"OrangePellets":11,"Emotion Chip":27,"Anchor":29,"Pantograph":6,"Coffee Dripper":19,"Cracked Core":0,"TungstenRod":16,"Pocketwatch":30},{"Pear":44,"Astrolabe":53,"Dead Branch":80,"Eternal Feather":33,"StoneCalendar":112,"Ginger":88,"Frozen Egg 2":80,"Empty Cage":0,"Ancient Tea Set":130,"OrangePellets":57,"Emotion Chip":148,"Anchor":185,"Pantograph":27,"Coffee Dripper":103,"Cracked Core":0,"TungstenRod":83,"Pocketwatch":193}],"TungstenRod":15,"Pocketwatch":[21]},"card_choices":[{"not_picked":["Double Energy","Conserve Battery"],"picked":"Gash","floor":1},{"not_picked":["Stack","Skim"],"picked":"Rebound","floor":2},{"not_picked":["Leap","Streamline"],"picked":"Genetic Algorithm","floor":3},{"not_picked":["Hologram","Scrape"],"picked":"Beam Cell","floor":4},{"not_picked":["Auto Shields","Stack"],"picked":"Sweeping Beam","floor":5},{"not_picked":["Redo","Recycle"],"picked":"Conserve Battery","floor":7},{"not_picked":["Darkness","Lockon","Multi-Cast"],"picked":"SKIP","floor":12},{"not_picked":["Go for the Eyes","Sunder"],"picked":"FTL","floor":13},{"not_picked":["Gash","Hologram"],"picked":"Echo Form","floor":14},{"not_picked":["Echo Form","Biased Cognition"],"picked":"Electrodynamics","floor":16},{"not_picked":["Leap","Compile Driver"],"picked":"Coolheaded","floor":18},{"not_picked":["BootSequence","White Noise"],"picked":"FTL","floor":21},{"not_picked":["Rebound","FTL"],"picked":"Turbo","floor":22},{"not_picked":["Sunder","Redo","Streamline+1"],"picked":"SKIP","floor":24},{"not_picked":["Hyperbeam","Streamline","Sweeping Beam"],"picked":"SKIP","floor":25},{"not_picked":["Turbo","Chill"],"picked":"Seek","floor":28},{"not_picked":["Chaos","Streamline","Hello World+1"],"picked":"SKIP","floor":30},{"not_picked":["Go for the Eyes","Leap","Redo"],"picked":"SKIP","floor":31},{"not_picked":["Streamline","Steam"],"picked":"Defragment+1","floor":35},{"not_picked":["Steam Power+1","Sunder"],"picked":"Cold Snap+1","floor":37},{"not_picked":["Storm+1","Melter"],"picked":"Coolheaded","floor":38},{"not_picked":["Auto Shields","Gash","Stack"],"picked":"SKIP","floor":39},{"not_picked":["Barrage","Leap","Rebound"],"picked":"SKIP","floor":41},{"not_picked":["Ball Lightning","Self Repair+1","Barrage"],"picked":"SKIP","floor":44},{"not_picked":["Capacitor+1","Leap","Conserve Battery"],"picked":"SKIP","floor":46},{"not_picked":["Leap","Ball Lightning+1"],"picked":"Reinforced Body","floor":48},{"not_picked":["Turbo+1","Streamline"],"picked":"Biased Cognition+1","floor":55}],"player_experience":3833804,"relics_obtained":[{"floor":9,"key":"Pantograph"},{"floor":12,"key":"Eternal Feather"},{"floor":14,"key":"Pear"},{"floor":25,"key":"Frozen Egg 2"},{"floor":26,"key":"Dead Branch"},{"floor":28,"key":"TungstenRod"},{"floor":30,"key":"Ginger"},{"floor":37,"key":"StoneCalendar"},{"floor":41,"key":"Ancient Tea Set"},{"floor":48,"key":"Emotion Chip"},{"floor":55,"key":"Pocketwatch"}],"event_choices":[{"damage_healed":0,"gold_gain":0,"player_choice":"Became a Ghost","damage_taken":0,"max_hp_gain":0,"max_hp_loss":41,"event_name":"Ghosts","floor":19,"gold_loss":0,"cards_obtained":["Ghostly","Ghostly","Ghostly"]},{"damage_healed":0,"gold_gain":0,"player_choice":"Upgraded","damage_taken":0,"max_hp_gain":0,"max_hp_loss":0,"event_name":"Upgrade Shrine","floor":27,"gold_loss":0,"cards_upgraded":["Electrodynamics"]},{"damage_healed":0,"gold_gain":0,"player_choice":"Fight","damage_taken":0,"max_hp_gain":0,"max_hp_loss":0,"event_name":"MindBloom","floor":37,"gold_loss":0}],"is_beta":true,"boss_relics":[{"not_picked":["Black Star","Ectoplasm"],"picked":"Astrolabe"},{"not_picked":["Calling Bell","Pandora\u0027s Box"],"picked":"Coffee Dripper"}],"items_purged_floors":[10],"is_endless":false,"potions_floor_spawned":[1,5,12,16,18,22,25,28,37,38,41,46,48,55],"ascension_level":20}}