{"host":"zxkjcgzis4pm3za5","time":1609562858,"event":{"mods":["AchievementEnabler","BaseMod","Colored Map","Colored Powertips","Minty Spire (QoL Compilation)","Quick Restart","RNG Fix","Random Character Button","StSLib"],"gold_per_floor":[211,222,172,184,202,235,46,46,123,156,156,174,174,174,174,174,174],"floor_reached":16,"playtime":625,"items_purged":["Strike_G"],"score":176,"play_id":"82a119c1-dc1a-45c0-aa04-df67cb61379f","local_time":"20210102101738","is_ascension_mode":true,"campfire_choices":[{"floor":8,"key":"REST"},{"data":"Deadly Poison","floor":13,"key":"SMITH"},{"data":"Neutralize","floor":15,"key":"SMITH"}],"circlet_count":0,"master_deck":["AscendersBane","Strike_G","Strike_G","Strike_G","Defend_G","Defend_G","Defend_G","Defend_G","Defend_G","Survivor","Neutralize+1","Dagger Throw","Sucker Punch","Riddle With Holes","Tactician","Quick Slash","Acrobatics","Deadly Poison+1"],"relics":["Ring of the Snake","Happy Flower","Membership Card","Pantograph","Snake Skull"],"acts_visited":["Exordium"],"potions_floor_usage":[6,10],"damage_taken":[{"damage":1.0,"enemies":"2 Louse","floor":1.0,"turns":4.0},{"damage":3.0,"enemies":"Small Slimes","floor":2.0,"turns":5.0},{"damage":0.0,"enemies":"Cultist","floor":4.0,"turns":4.0},{"damage":5,"enemies":"Blue Slaver","floor":5,"turns":4},{"damage":49,"enemies":"Lagavulin","floor":6,"turns":10},{"damage":19,"enemies":"3 Sentries","floor":10,"turns":9},{"damage":0,"enemies":"Exordium Wildlife","floor":12,"turns":3},{"damage":61,"enemies":"Slime Boss","floor":16,"turns":8}],"seed_played":"-7837763901253425860","potions_obtained":[{"floor":2.0,"key":"GamblersBrew"},{"floor":5,"key":"SkillPotion"},{"floor":6,"key":"EssenceOfSteel"}],"is_trial":false,"path_per_floor":["M","M","?","M","M","E","$","R","T","E","?","M","R","?","R","B"],"character_chosen":"THE_SILENT","items_purchased":["Membership Card"],"campfire_rested":1,"item_purchase_floors":[7],"current_hp_per_floor":[62,59,59,59,54,5,5,26,26,7,30,30,30,30,30,0,0],"gold":174,"neow_bonus":"HUNDRED_GOLD","is_daily":false,"chose_seed":false,"campfire_upgraded":2,"win_rate":0.0,"timestamp":1609562858,"path_taken":["M","M","?","M","M","E","$","R","T","E","?","M","R","?","R","BOSS"],"items_purchased_type":["Relic"],"build_version":"2020-12-22","purchased_purges":1,"victory":false,"max_hp_per_floor":[70,70,70,70,70,70,70,70,70,70,70,70,70,70,70,70,70],"card_choices":[{"not_picked":["Underhanded Strike","Heel Hook"],"picked":"Dagger Throw","floor":1.0},{"not_picked":["Infinite Blades","Cloak And Dagger"],"picked":"Sucker Punch","floor":2.0},{"not_picked":["Blade Dance","Sucker Punch"],"picked":"Riddle With Holes","floor":4.0},{"not_picked":["Catalyst","Distraction"],"picked":"Tactician","floor":5},{"not_picked":["Corpse Explosion","Leg Sweep"],"picked":"Quick Slash","floor":6},{"not_picked":["Deflect","Glass Knife"],"picked":"Acrobatics","floor":10},{"not_picked":["Outmaneuver","Dagger Throw"],"picked":"Deadly Poison","floor":12}],"player_experience":174899,"relics_obtained":[{"floor":6,"key":"Happy Flower"},{"floor":9,"key":"Pantograph"},{"floor":10,"key":"Snake Skull"}],"event_choices":[{"cards_removed":["Strike_G"],"damage_healed":0.0,"max_hp_gain":0.0,"max_hp_loss":0.0,"gold_gain":0.0,"event_name":"The Cleric","player_choice":"Card Removal","floor":3.0,"gold_loss":50.0,"damage_taken":0.0},{"damage_healed":23,"gold_gain":0,"player_choice":"Banana","damage_taken":0,"max_hp_gain":0,"max_hp_loss":0,"event_name":"Big Fish","floor":11,"gold_loss":0},{"damage_healed":0,"gold_gain":0,"player_choice":"Ignored","damage_taken":0,"max_hp_gain":0,"max_hp_loss":0,"event_name":"Liars Game","floor":14,"gold_loss":0}],"is_beta":false,"boss_relics":[],"items_purged_floors":[7],"is_endless":false,"potions_floor_spawned":[2,5,6],"killed_by":"Slime Boss","ascension_level":12}}