{"host":"kl3udm1gvauizrd7","time":1609622298,"event":{"mods":["AchievementEnabler","Act Like it!","Aspiration","BaseMod","Better Altar","Better Match","Better Note","Better Sensory Stone","Better Skull","Better Third Choice","BetterRewards","CCEM","Clawfect","Colored Map","Conspire","Downfall","GifTheSpireLib","Googly Eyes","Halation","Hallownest","Hermit","Highlight Path","Hubris","Hunter ??","Infinite Spire","Jedi Mod","Jorbs\u0027s Wanderer Trilogy","Marisa????????","Minty Spire (QoL Compilation)","Permanent Neow","Replay The Spire","Shop Mod","Spicy Shops","StSLib","Stuff the Spire","The Administrix","The Bug Knight","The Gatherer","The Necromancer","The Servant 0.9.4","Unceasing Turn Reminder","everything is the same but u backflip on backflip","slay the spire mod where everything is the same but ironclad has a cowboy hat"],"gold_per_floor":[119,44,44,44,54,54,66,66,66,81,81,81,81,81,81,100,0,101,101,119,44,60,60,60,60],"floor_reached":24,"playtime":7556,"items_purged":[],"score":209,"play_id":"708ace4d-8e19-419d-b2a5-71601cbdedad","local_time":"20210102161818","is_ascension_mode":false,"campfire_choices":[{"data":"HollowMod:BlackTendrils","floor":6,"key":"SMITH"},{"data":"HollowMod:BlackTendrils","floor":8,"key":"SMITH"},{"data":"HollowMod:BlackTendrils","floor":14,"key":"SMITH"}],"circlet_count":0,"master_deck":["HollowMod:PogoStrike","HollowMod:ShadowDash+1","HollowMod:ShadowDash","HollowMod:ShadowDash","HollowMod:ShadowDash","HollowMod:AbyssShriek","HollowMod:BlackTendrils+1","HollowMod:VoidDash","HollowMod:BlackTendrils+1","HollowMod:BlackTendrils+1","HollowMod:CycloneSlash","HollowMod:ShadowDash","HollowMod:DescendingDark","HollowMod:VengefulVoid","expansioncontent:AwakenDeath"],"relics":["HollowMod:VoidIdolRelic","aspiration:Nostalgia","m_GuardianBlood","Counterbalance","Hallownest:DreamNailRelic","hubris:SlimyHat","Coffee Dripper"],"acts_visited":["Hallownest:Greenpath","Hallownest:CityofTears"],"potions_floor_usage":[18],"damage_taken":[{"damage":2,"enemies":"Hallownest:2_MossCreeps","floor":1,"turns":3},{"damage":0,"enemies":"2_ Uuma","floor":5,"turns":2},{"damage":0,"enemies":"Hallownest:monsterHuskGuard","floor":7,"turns":2},{"damage":0,"enemies":"Hallownest:monsterMossCharger","floor":10,"turns":3},{"damage":0,"enemies":"Hallownest:Guard_and_Warrior","floor":16,"turns":3},{"damage":19,"enemies":"Hallownest:BossFalseKnight","floor":18,"turns":4},{"damage":0,"enemies":"Hallownest:Flukemon_and_Top","floor":20,"turns":4},{"damage":14,"enemies":"Hallownest:2_Mistakes","floor":22,"turns":4}],"seed_played":"-5569921028904390451","potions_obtained":[{"floor":1,"key":"PowerPotion"},{"floor":16,"key":"Dexterity Potion"},{"floor":18,"key":"SpeedPotion"}],"is_trial":false,"path_per_floor":["M","?","?","?","M","R","M","R","T","M","?","PTL","PTL","R","?","M","R_BF","B",null,"M","?","M","?","?"],"character_chosen":"THE_BUGKNIGHT","items_purchased":[],"campfire_rested":0,"item_purchase_floors":[],"current_hp_per_floor":[75,80,60,60,75,75,80,80,80,80,80,80,80,80,71,80,80,80,80,80,80,80,76,0,0],"gold":60,"neow_bonus":"NOSTALGIA","is_daily":false,"chose_seed":false,"campfire_upgraded":3,"win_rate":0.0,"timestamp":1609622298,"path_taken":["M","?","?","?","M","R","M","R","T","M","?","PTL","PTL","R","?","M","R_BF","BOSS","M","?","M","?","?"],"items_purchased_type":[],"build_version":"2020-12-22","purchased_purges":0,"victory":false,"max_hp_per_floor":[75,80,80,80,80,80,80,80,80,80,80,80,80,80,80,80,80,80,80,80,80,80,80,80,80],"card_choices":[{"not_picked":["Pummel","HollowMod:TaintedHusks"],"picked":"HollowMod:CycloneSlash","floor":1},{"not_picked":["HollowMod:SiblingsShadow","Thunderclap"],"picked":"HollowMod:ShadowDash","floor":5},{"not_picked":["HollowMod:NewGlowingWomb","HollowMod:NewLittleFool"],"picked":"HollowMod:DescendingDark","floor":7},{"not_picked":["HollowMod:FastStrike","HollowMod:Weaversong"],"picked":"HollowMod:VengefulVoid","floor":10},{"not_picked":["HollowMod:DescendingDark","HollowMod:NewLittleFool","HollowMod:CrystalDash"],"picked":"SKIP","floor":16},{"not_picked":["HollowMod:GoodIntentions","HollowMod:SoulStrike","HollowMod:InfectedAttack"],"picked":"SKIP","floor":20},{"not_picked":["ReplayTheSpireMod:Uncanny Aura","Replay:SS_hec_4"],"picked":"expansioncontent:AwakenDeath","floor":21},{"not_picked":["Good Instincts","jedi:forcepull"],"picked":"Replay:SS_hec_1","floor":21},{"not_picked":["HollowMod:PerfectDash+1","HollowMod:HowlingWraiths","HollowMod:VengefulVoid"],"picked":"SKIP","floor":22}],"player_experience":8290,"relics_obtained":[{"floor":9,"key":"Counterbalance"}],"event_choices":[{"damage_healed":0,"gold_gain":0,"player_choice":"1","damage_taken":0,"max_hp_gain":0,"max_hp_loss":0,"event_name":"betterMatch:BetterMatch","floor":21,"gold_loss":0,"cards_obtained":["betterMatch:ColorlessUncommonCard","betterMatch:RareCard","betterMatch:ColorlessUncommonCard"]}],"is_beta":false,"boss_relics":[{"not_picked":["aspiration:WatcherSkillbook","StuffTheSpire:RunicConfusion"],"picked":"Coffee Dripper"}],"items_purged_floors":[],"is_endless":false,"potions_floor_spawned":[1,16,18],"ascension_level":0}}