{"host":"dotv02c0y60nxx9g","time":1609551065,"event":{"mods":["BaseMod","Colored Powertips","Minty Spire (QoL Compilation)","Quick Restart","StSLib"],"gold_per_floor":[116,69,69,23,38,64,64,92,164,164,181,181,181,204,204,204,204],"floor_reached":16,"playtime":300,"items_purged":[],"score":153,"play_id":"371c1fd3-90f2-40e8-aed2-8c8ae8ec9083","local_time":"20210101183105","is_ascension_mode":true,"campfire_choices":[{"data":"Deflect","floor":7,"key":"SMITH"},{"floor":12,"key":"REST"},{"floor":15,"key":"REST"}],"circlet_count":0,"master_deck":["Strike_G","Strike_G","Strike_G","Strike_G","Strike_G","Defend_G","Defend_G","Defend_G","Defend_G","Defend_G","Survivor","Neutralize","Deflect+1","Slice","Slice","Backstab","Injury","Slice"],"relics":["Ring of the Snake","NeowsBlessing","Blood Vial","Bag of Marbles","Happy Flower","Anchor","Golden Idol"],"acts_visited":["Exordium"],"potions_floor_usage":[16,16],"damage_taken":[{"damage":0,"enemies":"2 Louse","floor":1,"turns":1},{"damage":0,"enemies":"Cultist","floor":5,"turns":1},{"damage":0,"enemies":"Gremlin Nob","floor":6,"turns":1},{"damage":51,"enemies":"Lagavulin","floor":8,"turns":10},{"damage":7,"enemies":"Small Slimes","floor":11,"turns":3},{"damage":0,"enemies":"3 Louse","floor":14,"turns":3},{"damage":55,"enemies":"Hexaghost","floor":16,"turns":11}],"seed_played":"1315057699625235241","potions_obtained":[{"floor":6,"key":"GamblersBrew"},{"floor":11,"key":"Explosive Potion"}],"is_trial":false,"path_per_floor":["M","$","?","$","M","E","R","E","T","?","M","R","?","M","R","B"],"character_chosen":"THE_SILENT","items_purchased":["Slice","Slice"],"campfire_rested":2,"item_purchase_floors":[2,4],"current_hp_per_floor":[70,70,70,70,70,70,70,19,19,12,7,28,28,30,51,0,0],"gold":204,"neow_bonus":"THREE_ENEMY_KILL","is_daily":false,"chose_seed":false,"campfire_upgraded":1,"win_rate":0.0,"timestamp":1609551065,"path_taken":["M","$","?","?","M","E","R","E","T","?","M","R","?","M","R","BOSS"],"items_purchased_type":["Card","Card"],"build_version":"2020-12-22","purchased_purges":0,"victory":false,"max_hp_per_floor":[70,70,70,70,70,70,70,70,70,70,70,70,70,70,70,70,70],"card_choices":[{"not_picked":["Deadly Poison","PiercingWail"],"picked":"Deflect","floor":1},{"not_picked":["Poisoned Stab","Eviscerate","Riddle With Holes"],"picked":"SKIP","floor":5},{"not_picked":["Outmaneuver","Predator","Acrobatics"],"picked":"SKIP","floor":6},{"not_picked":["Poisoned Stab","Outmaneuver","Crippling Poison"],"picked":"SKIP","floor":8},{"not_picked":["Venomology","Sucker Punch"],"picked":"Backstab","floor":11},{"not_picked":["PiercingWail","Prepared"],"picked":"Slice","floor":14}],"player_experience":151336,"relics_obtained":[{"floor":3,"key":"Blood Vial"},{"floor":6,"key":"Bag of Marbles"},{"floor":8,"key":"Happy Flower"}],"event_choices":[{"damage_healed":0,"gold_gain":0,"player_choice":"Relic","damage_taken":0,"max_hp_gain":0,"max_hp_loss":0,"event_name":"Wheel of Change","floor":3,"gold_loss":0},{"damage_healed":0,"gold_gain":0,"player_choice":"Success","damage_taken":7,"relics_obtained":["Anchor"],"max_hp_gain":0,"max_hp_loss":0,"event_name":"Scrap Ooze","floor":10,"gold_loss":0},{"damage_healed":0,"gold_gain":0,"player_choice":"Take Wound","damage_taken":0,"relics_obtained":["Golden Idol"],"max_hp_gain":0,"max_hp_loss":0,"event_name":"Golden Idol","floor":13,"gold_loss":0,"cards_obtained":["Injury"]}],"is_beta":false,"boss_relics":[],"items_purged_floors":[],"is_endless":false,"potions_floor_spawned":[6,11],"killed_by":"Hexaghost","ascension_level":3}}