{"host":"0cgp910o8339lr91","time":1609550711,"event":{"mods":["BaseMod","Block Reminder","Colored Map","Colored Powertips","Filter the Spire","Minty Spire (QoL Compilation)","Relic Stats","Slay-I","ojb\u0027s Better Paths Mod","ojb\u0027s Info Mod"],"gold_per_floor":[99,99,99,24,24,24,24,24,24,24,24,24,24,24,24,24,24,0,0,0,0,0,0,0,0,0,0,0,0,0,0,0,0,0,0,0,0,0,0,0,0,0,0,0,0,0,0,0,0,0,0,0],"floor_reached":51,"playtime":12298,"items_purged":[],"score":1832,"play_id":"8b483938-499d-4533-95f4-71dac31e21f1","local_time":"20210102022511","is_ascension_mode":true,"campfire_choices":[{"data":"Eruption","floor":6,"key":"SMITH"},{"data":"TalkToTheHand","floor":11,"key":"SMITH"},{"data":"Adaptation","floor":13,"key":"SMITH"},{"data":"Tantrum","floor":15,"key":"SMITH"},{"data":"Scrawl","floor":24,"key":"SMITH"},{"data":"Wallop","floor":29,"key":"SMITH"},{"data":"Wallop","floor":32,"key":"SMITH"},{"floor":42,"key":"RECALL"},{"data":"Fasting2","floor":46,"key":"SMITH"},{"data":"MentalFortress","floor":49,"key":"SMITH"}],"circlet_count":0,"master_deck":["AscendersBane","Strike_P+1","Eruption+1","Vigilance+1","TalkToTheHand+1","SashWhip+1","CutThroughFate+1","EmptyFist+1","Tantrum+1","Adaptation+1","Scrawl+1","SpiritShield+1","WaveOfTheHand+1","Collect+1","Wallop+1","Wallop+1","Consecrate+1","ReachHeaven+1","CrushJoints+1","LessonLearned+1","ThirdEye+1","MentalFortress+1","MentalFortress+1","Fasting2+1","TalkToTheHand+1"],"relics":["Ectoplasm","Vajra","Sundial","Ornamental Fan","Happy Flower","Astrolabe","Meat on the Bone","Ancient Tea Set","Du-Vu Doll","The Courier","Matryoshka","Empty Cage","Ice Cream","Molten Egg 2","CeramicFish","Omamori"],"acts_visited":["Exordium","TheCity","TheBeyond"],"potions_floor_usage":[10,18,25,25,41,48,51],"damage_taken":[{"damage":3.0,"enemies":"Small Slimes","floor":1.0,"turns":4.0},{"damage":0,"enemies":"2 Louse","floor":2,"turns":2},{"damage":0,"enemies":"Cultist","floor":3,"turns":3},{"damage":0,"enemies":"Large Slime","floor":5,"turns":3},{"damage":5,"enemies":"3 Sentries","floor":10,"turns":3},{"damage":3,"enemies":"Gremlin Nob","floor":12,"turns":3},{"damage":0,"enemies":"Lagavulin","floor":14,"turns":5},{"damage":0,"enemies":"Slime Boss","floor":16,"turns":3},{"damage":0,"enemies":"2 Thieves","floor":18,"turns":3},{"damage":0,"enemies":"Spheric Guardian","floor":20,"turns":2},{"damage":0,"enemies":"Centurion and Healer","floor":21,"turns":3},{"damage":15,"enemies":"Snake Plant","floor":22,"turns":3},{"damage":0,"enemies":"Book of Stabbing","floor":23,"turns":3},{"damage":0,"enemies":"Slavers","floor":25,"turns":3},{"damage":1,"enemies":"Colosseum Slavers","floor":27,"turns":3},{"damage":0,"enemies":"Colosseum Nobs","floor":27,"turns":2},{"damage":0,"enemies":"Cultist and Chosen","floor":28,"turns":2},{"damage":0,"enemies":"Book of Stabbing","floor":30,"turns":2},{"damage":0,"enemies":"3 Cultists","floor":31,"turns":3},{"damage":8,"enemies":"Automaton","floor":33,"turns":4},{"damage":0,"enemies":"Orb Walker","floor":35,"turns":3},{"damage":4,"enemies":"3 Darklings","floor":37,"turns":3},{"damage":6,"enemies":"4 Shapes","floor":38,"turns":4},{"damage":0,"enemies":"Transient","floor":39,"turns":6},{"damage":0,"enemies":"Maw","floor":40,"turns":5},{"damage":14,"enemies":"Reptomancer","floor":41,"turns":4},{"damage":0,"enemies":"Spire Growth","floor":44,"turns":3},{"damage":0,"enemies":"4 Shapes","floor":45,"turns":6},{"damage":2,"enemies":"Maw","floor":47,"turns":4},{"damage":0,"enemies":"Nemesis","floor":48,"turns":5},{"damage":26,"enemies":"Donu and Deca","floor":50,"turns":8},{"damage":42,"enemies":"Time Eater","floor":51,"turns":7}],"seed_played":"-4107419067206821787","potions_obtained":[{"floor":1.0,"key":"Dexterity Potion"},{"floor":3,"key":"Fire Potion"},{"floor":12,"key":"ColorlessPotion"},{"floor":14,"key":"SneckoOil"},{"floor":22,"key":"GamblersBrew"},{"floor":23,"key":"LiquidMemories"},{"floor":30,"key":"SteroidPotion"},{"floor":31,"key":"AttackPotion"},{"floor":37,"key":"DuplicationPotion"},{"floor":38,"key":"FearPotion"},{"floor":44,"key":"LiquidMemories"}],"is_trial":false,"path_per_floor":["M","M","M","?","M","R","?","?","T","E","R","E","R","E","R","B",null,"M","?","M","M","M","E","R","E","T","?","M","R","E","M","R","B",null,"M","?","M","M","M","M","E","R","T","M","M","R","M","E","R","B","B"],"character_chosen":"WATCHER","items_purchased":[],"campfire_rested":0,"item_purchase_floors":[],"current_hp_per_floor":[58,58,58,58,58,58,47,47,47,42,42,39,39,39,39,39,61,61,61,61,61,46,46,46,46,46,45,45,45,45,45,45,37,60,60,60,56,50,50,50,36,36,36,36,36,36,46,46,46,32,0,0],"gold":0,"neow_bonus":"BOSS_RELIC","is_daily":false,"chose_seed":false,"campfire_upgraded":9,"win_rate":0.0,"timestamp":1609550711,"path_taken":["M","M","M","?","M","R","?","?","T","E","R","E","R","E","R","BOSS","M","?","M","?","M","E","R","E","T","?","M","R","E","M","R","BOSS","M","?","M","M","?","M","E","R","T","M","M","R","M","E","R","BOSS","BOSS"],"items_purchased_type":[],"build_version":"2020-12-22","purchased_purges":0,"victory":false,"max_hp_per_floor":[68,68,68,68,68,68,68,68,68,68,68,68,68,68,68,68,68,68,68,68,68,68,68,68,68,68,68,68,68,68,68,68,68,68,68,68,68,68,68,68,68,68,68,68,68,68,68,68,68,68,68,68],"relic_stats":{"Happy Flower":[31],"counters":[32,117],"Sundial":[14],"Ornamental Fan":[256],"Astrolabe":["SpiritShield","WaveOfTheHand","Collect"],"CeramicFish":0,"Ectoplasm":864,"obtain_stats":[{"Ice Cream":41,"Happy Flower":14,"Astrolabe":17,"CeramicFish":43,"Vajra":9,"The Courier":27,"Omamori":48,"Ancient Tea Set":25,"Empty Cage":34,"Du-Vu Doll":27,"Matryoshka":30,"Sundial":10,"Ornamental Fan":12,"Molten Egg 2":43,"Ectoplasm":0,"PureWater":0,"Meat on the Bone":23},{"Ice Cream":26,"Happy Flower":7,"Astrolabe":8,"CeramicFish":26,"Vajra":4,"The Courier":16,"Omamori":30,"Ancient Tea Set":14,"Empty Cage":20,"Du-Vu Doll":16,"Matryoshka":18,"Sundial":5,"Ornamental Fan":6,"Molten Egg 2":26,"Ectoplasm":0,"PureWater":0,"Meat on the Bone":13},{"Ice Cream":84,"Happy Flower":23,"Astrolabe":26,"CeramicFish":84,"Vajra":12,"The Courier":48,"Omamori":102,"Ancient Tea Set":43,"Empty Cage":59,"Du-Vu Doll":48,"Matryoshka":52,"Sundial":15,"Ornamental Fan":18,"Molten Egg 2":84,"Ectoplasm":0,"PureWater":0,"Meat on the Bone":40}],"Meat on the Bone":24},"card_choices":[{"not_picked":["Collect","Perseverance"],"picked":"TalkToTheHand","floor":1.0},{"not_picked":["ReachHeaven","PathToVictory"],"picked":"SashWhip","floor":2},{"not_picked":["Swivel","Evaluate"],"picked":"CutThroughFate","floor":3},{"not_picked":["ThirdEye","PathToVictory"],"picked":"EmptyFist","floor":5},{"not_picked":["Consecrate","SpiritShield"],"picked":"Tantrum","floor":10},{"not_picked":["FlurryOfBlows","ForeignInfluence"],"picked":"Adaptation","floor":12},{"not_picked":["JustLucky","Evaluate","ClearTheMind"],"picked":"SKIP","floor":14},{"not_picked":["Alpha","Devotion"],"picked":"Scrawl","floor":16},{"not_picked":["LikeWater","ReachHeaven"],"picked":"Wallop","floor":18},{"not_picked":["Weave","FlyingSleeves","SandsOfTime"],"picked":"SKIP","floor":20},{"not_picked":["CutThroughFate","Evaluate","Worship"],"picked":"SKIP","floor":21},{"not_picked":["ThirdEye","JustLucky"],"picked":"Wallop","floor":22},{"not_picked":["Prostrate+1","LikeWater"],"picked":"Consecrate+1","floor":23},{"not_picked":["Weave+1","CarveReality"],"picked":"ReachHeaven+1","floor":25},{"not_picked":["Vengeance","Prostrate"],"picked":"CrushJoints+1","floor":28},{"not_picked":["ThirdEye","SashWhip"],"picked":"LessonLearned","floor":30},{"not_picked":["CrushJoints","BowlingBash"],"picked":"ThirdEye+1","floor":31},{"not_picked":["LikeWater","FollowUp"],"picked":"MentalFortress","floor":35},{"not_picked":["Wireheading+1","EmptyFist+1","Protect"],"picked":"SKIP","floor":37},{"not_picked":["EmptyMind","FlyingSleeves"],"picked":"MentalFortress+1","floor":38},{"not_picked":["SashWhip+1","FlyingSleeves+1"],"picked":"Fasting2","floor":39},{"not_picked":["ClearTheMind","Wallop"],"picked":"TalkToTheHand","floor":40},{"not_picked":["SignatureMove","Consecrate","Collect"],"picked":"SKIP","floor":41},{"not_picked":["Halt","FlyingSleeves+1","Swivel"],"picked":"SKIP","floor":44},{"not_picked":["Halt","FlyingSleeves+1","Swivel"],"picked":"SKIP","floor":44},{"not_picked":["CrushJoints+1","Fasting2","ThirdEye"],"picked":"SKIP","floor":45},{"not_picked":["Evaluate","Crescendo+1","FollowUp+1"],"picked":"SKIP","floor":47},{"not_picked":["Establishment","Indignation","FollowUp+1"],"picked":"SKIP","floor":48}],"player_experience":1332694,"relics_obtained":[{"floor":9,"key":"Vajra"},{"floor":10,"key":"Sundial"},{"floor":12,"key":"Ornamental Fan"},{"floor":14,"key":"Happy Flower"},{"floor":23,"key":"Meat on the Bone"},{"floor":25,"key":"Ancient Tea Set"},{"floor":27,"key":"Du-Vu Doll"},{"floor":27,"key":"The Courier"},{"floor":30,"key":"Matryoshka"},{"floor":41,"key":"Ice Cream"},{"floor":43,"key":"Molten Egg 2"},{"floor":43,"key":"CeramicFish"},{"floor":48,"key":"Omamori"}],"event_choices":[{"cards_removed":["Defend_P"],"damage_healed":0,"gold_gain":0,"player_choice":"Card Removal","damage_taken":0,"max_hp_gain":0,"max_hp_loss":0,"event_name":"The Cleric","floor":4,"gold_loss":75},{"damage_healed":0,"gold_gain":75,"player_choice":"Gather Gold","damage_taken":11,"max_hp_gain":0,"max_hp_loss":0,"event_name":"World of Goop","floor":7,"gold_loss":0},{"damage_healed":0,"gold_gain":0,"player_choice":"Ignored","damage_taken":0,"max_hp_gain":0,"max_hp_loss":0,"event_name":"Liars Game","floor":8,"gold_loss":0},{"cards_removed":["Strike_P"],"damage_healed":0,"gold_gain":0,"player_choice":"Purged","damage_taken":0,"max_hp_gain":0,"max_hp_loss":0,"event_name":"Purifier","floor":19,"gold_loss":0},{"damage_healed":0,"gold_gain":0,"player_choice":"Fight","damage_taken":0,"max_hp_gain":0,"max_hp_loss":0,"event_name":"Colosseum","floor":27,"gold_loss":0},{"damage_healed":0,"gold_gain":0,"player_choice":"Fought Nobs","damage_taken":0,"max_hp_gain":0,"max_hp_loss":0,"event_name":"Colosseum","floor":27,"gold_loss":0},{"damage_healed":0,"gold_gain":0,"player_choice":"Ignored","damage_taken":0,"max_hp_gain":0,"max_hp_loss":0,"event_name":"SecretPortal","floor":36,"gold_loss":0}],"is_beta":false,"boss_relics":[{"not_picked":["SacredBark","SlaversCollar"],"picked":"Astrolabe"},{"not_picked":["VioletLotus","Cursed Key"],"picked":"Empty Cage"}],"items_purged_floors":[],"is_endless":false,"potions_floor_spawned":[1,3,12,14,22,23,27,30,31,37,38,44,45],"killed_by":"Time Eater","ascension_level":20}}