{"host":"mruvby243fwgm3bp","time":1609578328,"event":{"mods":["AchievementEnabler","BaseMod","Colored Map","Colored Powertips","Minty Spire (QoL Compilation)","Permanent Neow","Random Character Button","StSLib"],"gold_per_floor":[118,135,148,160,160,160,174,174,201,201,228,228,242,258,258,258,258],"floor_reached":16,"playtime":423,"items_purged":[],"score":135,"play_id":"f8eadedc-1bb3-47a9-90cd-bf6d749e4b25","local_time":"20210102010528","is_ascension_mode":true,"campfire_choices":[{"data":"Bash","floor":6,"key":"SMITH"},{"data":"Sever Soul","floor":8,"key":"SMITH"},{"data":"Cleave","floor":10,"key":"SMITH"},{"data":"Intimidate","floor":15,"key":"SMITH"}],"circlet_count":0,"master_deck":["Strike_R","Strike_R","Strike_R","Strike_R","Strike_R","Defend_R","Defend_R","Defend_R","Defend_R","Bash+1","Cleave+1","Disarm","Bludgeon","Disarm","Sever Soul+1","Intimidate+1","Clash","Metallicize"],"relics":["Runic Dome","Blood Vial","Blue Candle"],"acts_visited":["Exordium"],"potions_floor_usage":[13,16],"damage_taken":[{"damage":0,"enemies":"Cultist","floor":1,"turns":3},{"damage":10,"enemies":"Small Slimes","floor":2,"turns":3},{"damage":2,"enemies":"Jaw Worm","floor":3,"turns":3},{"damage":29,"enemies":"Lots of Slimes","floor":4,"turns":4},{"damage":3,"enemies":"Looter","floor":7,"turns":3},{"damage":17,"enemies":"Lagavulin","floor":11,"turns":6},{"damage":2,"enemies":"Large Slime","floor":13,"turns":2},{"damage":4,"enemies":"2 Fungi Beasts","floor":14,"turns":2},{"damage":18,"enemies":"The Guardian","floor":16,"turns":2}],"seed_played":"4624146271783293053","potions_obtained":[{"floor":4,"key":"LiquidMemories"},{"floor":7,"key":"SpeedPotion"},{"floor":14,"key":"EssenceOfSteel"}],"is_trial":false,"path_per_floor":["M","M","M","M","?","R","M","R","T","R","E","T","M","M","R","B"],"character_chosen":"IRONCLAD","items_purchased":[],"campfire_rested":0,"item_purchase_floors":[],"current_hp_per_floor":[72,62,60,31,31,31,28,28,28,28,11,11,11,9,9,0,0],"gold":258,"neow_bonus":"BOSS_RELIC","is_daily":false,"chose_seed":false,"campfire_upgraded":4,"win_rate":0.0,"timestamp":1609578328,"path_taken":["M","M","?","M","?","R","M","R","T","R","E","?","M","?","R","BOSS"],"items_purchased_type":[],"build_version":"2020-12-22","purchased_purges":0,"victory":false,"max_hp_per_floor":[80,80,80,80,80,80,80,80,80,80,80,80,80,80,80,80,80],"card_choices":[{"not_picked":["Body Slam","Iron Wave"],"picked":"Cleave","floor":1},{"not_picked":["Body Slam","Shrug It Off"],"picked":"Disarm","floor":2},{"not_picked":["Wild Strike","Burning Pact"],"picked":"Bludgeon","floor":3},{"not_picked":["Iron Wave","Wild Strike"],"picked":"Disarm","floor":4},{"not_picked":["Flex","Shrug It Off"],"picked":"Sever Soul","floor":7},{"not_picked":["Spot Weakness","Combust"],"picked":"Intimidate","floor":11},{"not_picked":["Headbutt","Havoc"],"picked":"Clash","floor":13},{"not_picked":["Flame Barrier","Flex"],"picked":"Metallicize","floor":14}],"player_experience":360950,"relics_obtained":[{"floor":11,"key":"Blood Vial"},{"floor":12,"key":"Blue Candle"}],"event_choices":[{"damage_healed":0,"gold_gain":0,"player_choice":"Ignored","damage_taken":0,"max_hp_gain":0,"max_hp_loss":0,"event_name":"Liars Game","floor":5,"gold_loss":0}],"is_beta":false,"boss_relics":[],"items_purged_floors":[],"is_endless":false,"potions_floor_spawned":[4,7,14],"killed_by":"The Guardian","ascension_level":6}}