{"host":"emut9mh212kd9b86","time":1609597356,"event":{"mods":["ATMod(°¢èªMod)","Act Like it!","BaseMod","Better Vampires","Downfall","Koishi","KomeijiMod","Minty Spire (QoL Compilation)","MostiFishMod","Shop Mod","Spicy Shops","StSLib","TestMod","Waifu the Spire","noobMod","¡¾ÒÅÎï¿¨ÅÆ¡¿REMEMod"],"gold_per_floor":[160,180,199,217,9,27,102,61,92,492,523,583,616,616,634,735,735,660,676,689,708,805,840,920,930,930,95,95,95,95,129,149,247,247,247,267,62,62,79,79,152,187,203,221,239,264,264,289,308,308],"floor_reached":51,"playtime":2193,"items_purged":["Strike_Remiria","Strike_Remiria","Strike_Remiria","Defend_Remirira","Strike_Remiria"],"score":1521,"play_id":"440948f7-7b2e-47b4-99d1-add0976a695f","local_time":"20210102222236","is_ascension_mode":true,"campfire_choices":[{"floor":1,"key":"RECALL"},{"data":"Scratch","floor":18,"key":"SMITH"},{"data":"RocketKickup","floor":26,"key":"SMITH"},{"data":"Tepes","floor":28,"key":"SMITH"},{"data":"AT_EssenceShift","floor":30,"key":"SMITH"},{"data":"Defend_Remirira","floor":35,"key":"SMITH"},{"floor":47,"key":"REST"}],"circlet_count":0,"master_deck":["Defend_Remirira+1","Defend_Remirira+1","Absorbed+1","Scratch+1","AT_EssenceShift+1","Tepes+1","RocketKickup+1","AT_EssenceShift+1","FateMeister"],"relics":["ThirstyCrossSpe","ice","DaveBox","AT_ATBox","REME_ComplimentaryCards","BirthdayGift-Tetrahedron","MerchantsRug","AT_ChloranthyRing","Shuriken","AT_PhaseBoots","ShirouKen","Ornamental Fan","SynthV:C4","GuanYuAspect","downfall:HeartBlessingRed","testmod-ObsoleteBoomerang","HornCleat","Omamori","AT_ImmortalShieldbow","Akabeko","Necronomicon","AT_TimeSand","JellyFishMachine","AT_BladeRuinedKing","KyoryuNoHagoromo","testmod-AssaultLearning","White Beast Statue","AT_RedNoBalance","Dream Catcher","Torii"],"acts_visited":["Exordium","TheCity","TheBeyond"],"potions_floor_usage":[],"damage_taken":[{"damage":3,"enemies":"Cultist","floor":2,"turns":2},{"damage":2,"enemies":"2 Louse","floor":3,"turns":2},{"damage":8,"enemies":"Small Slimes","floor":4,"turns":2},{"damage":9,"enemies":"downfall:FleeingMerchant","floor":5,"turns":4},{"damage":2,"enemies":"Exordium Wildlife","floor":6,"turns":2},{"damage":7,"enemies":"downfall:FleeingMerchant","floor":8,"turns":4},{"damage":6,"enemies":"Lagavulin","floor":9,"turns":4},{"damage":10,"enemies":"3 Sentries","floor":11,"turns":3},{"damage":4,"enemies":"Lagavulin Event","floor":12,"turns":3},{"damage":2,"enemies":"Gremlin Nob","floor":13,"turns":2},{"damage":2,"enemies":"Red Slaver","floor":15,"turns":2},{"damage":6,"enemies":"downfall:Watcher","floor":16,"turns":4},{"damage":6,"enemies":"3 Byrds","floor":19,"turns":3},{"damage":4,"enemies":"Centurion and Healer","floor":20,"turns":3},{"damage":4,"enemies":"Chosen and Byrds","floor":21,"turns":3},{"damage":4,"enemies":"downfall:FleeingMerchant","floor":22,"turns":3},{"damage":8,"enemies":"Slavers","floor":23,"turns":3},{"damage":2,"enemies":"Snake Plant","floor":25,"turns":2},{"damage":2,"enemies":"Gremlin Leader","floor":31,"turns":2},{"damage":2,"enemies":"Snecko","floor":32,"turns":2},{"damage":4,"enemies":"downfall:Ironclad","floor":33,"turns":3},{"damage":2,"enemies":"3 Shapes","floor":36,"turns":2},{"damage":2,"enemies":"Orb Walker","floor":39,"turns":2},{"damage":6,"enemies":"Giant Head","floor":42,"turns":4},{"damage":2,"enemies":"Sphere and 2 Shapes","floor":43,"turns":2},{"damage":2,"enemies":"Jaw Worm Horde","floor":44,"turns":2},{"damage":2,"enemies":"3 Darklings","floor":45,"turns":2},{"damage":2,"enemies":"Reptomancer","floor":46,"turns":2},{"damage":0,"enemies":"Nemesis","floor":48,"turns":1},{"damage":0,"enemies":"Writhing Mass","floor":49,"turns":1},{"damage":10,"enemies":"downfall:Silent","floor":50,"turns":2}],"seed_played":"-4079325086124767122","potions_obtained":[{"floor":2,"key":"LiquidBronze"},{"floor":3,"key":"testmod-TestPotion"},{"floor":9,"key":"Swift Potion"},{"floor":11,"key":"PowerPotion"},{"floor":12,"key":"JyouchiReiPotion"},{"floor":25,"key":"Ancient Potion"},{"floor":32,"key":"AttackPotion"},{"floor":33,"key":"Block Potion"},{"floor":39,"key":"Slimebound:ThreeZeroPotion"},{"floor":42,"key":"FairyPotion"}],"is_trial":false,"path_per_floor":["R","M","M","M","$","M","T","$","E","?","E","?","E","?","M","B",null,"R","M","M","M","$","E","T","M","R","$","R","?","R","E","M","B",null,"R","M","$","?","M","?","T","E","M","M","M","E","R","E","M","B",null],"character_chosen":"RemiriaScarlet","items_purchased":["MerchantsRug","AT_ChloranthyRing","RocketKickup","War Paint","Omamori","AT_ImmortalShieldbow","Akabeko","AT_BladeRuinedKing","KyoryuNoHagoromo"],"campfire_rested":1,"item_purchase_floors":[5,5,8,22,27,27,27,37,37],"current_hp_per_floor":[240,237,235,227,218,216,216,209,203,203,193,189,187,240,238,232,120,120,120,120,120,120,120,120,120,120,120,120,104,104,120,120,120,120,120,120,120,120,120,120,120,120,75,92,120,120,120,120,120,120],"gold":308,"neow_bonus":"TEN_PERCENT_HP_BONUS","is_daily":false,"chose_seed":false,"campfire_upgraded":5,"win_rate":0.0,"timestamp":1609597356,"path_taken":["R","M","?","M","$","M","T","$","E","?","E","?","E","?","M","BOSS","R","M","M","M","?","E","T","M","R","$","R","?","R","E","M","BOSS","R","M","$","?","M","?","T","E","M","M","?","E","R","E","M","BOSS"],"items_purchased_type":["Relic","Relic","Card","Relic","Relic","Relic","Relic","Relic","Relic"],"build_version":"2020-12-22","purchased_purges":5,"victory":true,"max_hp_per_floor":[240,240,240,240,240,240,240,240,240,240,240,240,240,240,240,240,120,120,120,120,120,120,120,120,120,120,120,120,120,120,120,120,120,120,120,120,120,120,120,120,120,120,120,120,120,120,120,120,120,120],"card_choices":[{"not_picked":["ThePrice","ThirstForBlood","BodyStrengthen"],"picked":"SKIP","floor":2},{"not_picked":["Feint","StigmaNizer","CombatMeter"],"picked":"SKIP","floor":3},{"not_picked":["TricksterDevil","BloodSurge","BloodPact"],"picked":"SKIP","floor":4},{"not_picked":["CurseofVladTepes","BloodSurge"],"picked":"Tepes","floor":5},{"not_picked":["TricksterDevil","Cripple","BloodCollect"],"picked":"SKIP","floor":6},{"not_picked":["TricksterDevil","RedMagic","ServantFlier"],"picked":"SKIP","floor":8},{"not_picked":["DamonLordCradle_Remiria","StarOfDavid","RocketKickup"],"picked":"SKIP","floor":9},{"not_picked":["BodyStrengthen","StigmaNizer","NaturallyHealing"],"picked":"SKIP","floor":11},{"not_picked":["FierceSweep","RemiliaStalker","BloodCollect"],"picked":"SKIP","floor":13},{"not_picked":["Rewrite","VampireClaw","BodyStrengthen"],"picked":"SKIP","floor":15},{"not_picked":["ServantFlier+1","FastHealing","TricksterDevil"],"picked":"SKIP","floor":19},{"not_picked":["FastHealing","CombatMeter","FateMeister+1"],"picked":"SKIP","floor":20},{"not_picked":["DemonsDinnerFork_Remiria","ServantFlier","TricksterDevil+1"],"picked":"SKIP","floor":21},{"not_picked":["FierceSweep","DamonLordCradle_Remiria","MiserableFate_Remiria"],"picked":"SKIP","floor":22},{"not_picked":["VampireKiss_Remiria","BodyStrengthen","FateCollect"],"picked":"SKIP","floor":23},{"not_picked":["VampireKiss_Remiria","BodyStrengthen","FateCollect"],"picked":"SKIP","floor":23},{"not_picked":["VampireClaw","TricksterDevil","Impregnable"],"picked":"SKIP","floor":25},{"not_picked":["Warpath","BloodyMagicSquare","DamonLordCradle_Remiria"],"picked":"SKIP","floor":31},{"not_picked":["ScarletNetherworld","BloodCleaner","LifeBreak"],"picked":"SKIP","floor":32},{"not_picked":["StigmaNizer","ServantFlier+1","NightDance+1"],"picked":"SKIP","floor":36},{"not_picked":["VampireKiss_Remiria","FastHealing","AllTheWorldInNightmare"],"picked":"SKIP","floor":39},{"not_picked":["DemonsDinnerFork_Remiria","QueenOfMidnight","ServantFlier"],"picked":"SKIP","floor":42},{"not_picked":["YoungDemonLord","ServantFlier+1","NaturallyHealing"],"picked":"SKIP","floor":43},{"not_picked":["StigmaNizer+1","Culling+1","Cripple+1"],"picked":"SKIP","floor":44},{"not_picked":["BodyStrengthen","Reaper_Remiria","ScarletNetherworld"],"picked":"SKIP","floor":45},{"not_picked":["Rewrite","BloodCoagulation","Cripple+1"],"picked":"SKIP","floor":46},{"not_picked":["TrickFate+1","ServantFlier"],"picked":"FateMeister","floor":47},{"not_picked":["RocketKickup+1","StigmaNizer+1","Tearing+1"],"picked":"SKIP","floor":48},{"not_picked":["DamonLordCradle_Remiria+1","FastHealing","RocketKickup"],"picked":"SKIP","floor":49}],"player_experience":424321,"relics_obtained":[{"floor":7,"key":"Shuriken"},{"floor":9,"key":"AT_SpeedBoots"},{"floor":11,"key":"ShirouKen"},{"floor":12,"key":"Ornamental Fan"},{"floor":13,"key":"SynthV:C4"},{"floor":23,"key":"testmod-ObsoleteBoomerang"},{"floor":24,"key":"HornCleat"},{"floor":29,"key":"Necronomicon"},{"floor":31,"key":"AT_TimeSand"},{"floor":38,"key":"testmod-AssaultLearning"},{"floor":41,"key":"White Beast Statue"},{"floor":42,"key":"AT_SilverBalance"},{"floor":46,"key":"Dream Catcher"},{"floor":48,"key":"Torii"}],"event_choices":[{"damage_healed":0,"gold_gain":400,"player_choice":"Sell","damage_taken":0,"max_hp_gain":0,"max_hp_loss":0,"event_name":"¶÷ÂåË¹µÄÅÌ×Ó","floor":10,"relics_lost":["testmod-TestBox"],"gold_loss":0},{"cards_removed":["sneckomod:UnknownEthereal"],"damage_healed":53,"gold_gain":0,"player_choice":"Offered Uncommon","damage_taken":0,"max_hp_gain":0,"max_hp_loss":0,"event_name":"Bonfire Elementals","floor":14,"gold_loss":0},{"damage_healed":0,"gold_gain":0,"player_choice":"Copied","damage_taken":0,"max_hp_gain":0,"max_hp_loss":0,"event_name":"Duplicator","floor":40,"gold_loss":0,"cards_obtained":["AT_EssenceShift"]}],"is_beta":false,"boss_relics":[{"not_picked":["xbg","testmod-Fanaticism"],"picked":"GuanYuAspect"},{"not_picked":["Coffee Dripper","Snecko Eye"],"picked":"JellyFishMachine"}],"items_purged_floors":[5,22,22,27,27],"is_endless":false,"potions_floor_spawned":[2,3,9,11,12,16,25,32,33,39,42,43,44,45,46,48,49],"ascension_level":7}}