{"host":"lf8w6lk2ipwfzeol","time":1609601023,"event":{"mods":["Act Like it!","BaseMod","Downfall","Hermit","Hunter ¡‘»À","Minty Spire (QoL Compilation)","Relic Stats","Replay The Spire","Shop Mod","StSLib","The Cursed","The Hierophant","The Runesmith","°æ“≈ŒÔø®≈∆°øREMEMod"],"gold_per_floor":[115,64,64,64,80,80,99,64,87,87,53,69,144,178,178,282,282,297,297,313,313,330,356,356,356],"floor_reached":24,"playtime":1236,"items_purged":[],"score":214,"play_id":"c7c93dbc-01de-41e7-ad11-a17b93ad5b86","local_time":"20210102232343","is_ascension_mode":false,"campfire_choices":[{"data":"Runesmith:UnstableHammer","floor":6,"key":"SMITH"},{"data":"Runesmith:Fortify","floor":10,"key":"SMITH"},{"data":"Runesmith:Firewall","floor":15,"key":"SMITH"}],"circlet_count":0,"master_deck":["Runesmith:Strike_RS","Runesmith:Strike_RS","Runesmith:Strike_RS","Runesmith:Strike_RS","Runesmith:Defend_RS","Runesmith:Defend_RS","Runesmith:Defend_RS","Runesmith:Defend_RS","Runesmith:CraftFirestone","Runesmith:Fortify+1","Runesmith:UnstableHammer+1","Runesmith:FrozenChisel","Runesmith:FrozenChisel","Runesmith:Grindstone","Runesmith:ChiselStab","Runesmith:Accelerate","Runesmith:Discharge","Runesmith:HammerThrow","Runesmith:Firewall+1","Runesmith:CraftPrismatica","Runesmith:CraftVitae","Runesmith:HeatExchange","Runesmith:CraftMagma"],"relics":["Runesmith:BrokenRuby","REME_ComplimentaryCards","NeowsBlessing","Mercury Hourglass","Oddly Smooth Stone","Gremlin Food","MealTicket","SlaversCollar","MutagenicStrength","Runesmith:MiniCore"],"acts_visited":["Exordium","TheCity"],"potions_floor_usage":[23],"damage_taken":[{"damage":0,"enemies":"Cultist","floor":1,"turns":1},{"damage":0,"enemies":"Jaw Worm","floor":5,"turns":1},{"damage":0,"enemies":"Small Slimes","floor":7,"turns":1},{"damage":6,"enemies":"2 Fungi Beasts","floor":12,"turns":2},{"damage":9,"enemies":"Replay:BlueRogue","floor":14,"turns":4},{"damage":14,"enemies":"Fading Forest","floor":16,"turns":11},{"damage":13,"enemies":"Spheric Guardian","floor":18,"turns":5},{"damage":1,"enemies":"Chosen","floor":20,"turns":7},{"damage":34,"enemies":"Centurion and Healer","floor":22,"turns":6},{"damage":15,"enemies":"Slavers","floor":23,"turns":4},{"damage":9,"enemies":"3 Cultists","floor":24,"turns":2}],"seed_played":"-2100319430876969424","potions_obtained":[{"floor":7,"key":"Dexterity Potion"},{"floor":14,"key":"Fire Potion"},{"floor":18,"key":"Milkshake"}],"is_trial":false,"path_per_floor":["M","$","T","?","M","R","M","$","T","R","$","M","?","E","R","B",null,"M","?","M","?","M","E","M"],"character_chosen":"RUNESMITH_CLASS","items_purchased":["Runesmith:FrozenChisel","Runesmith:Accelerate","Runesmith:Discharge"],"campfire_rested":0,"item_purchase_floors":[2,8,11],"current_hp_per_floor":[70,70,70,58,58,58,58,58,58,58,58,52,41,32,32,26,70,57,57,56,56,22,7,0,0],"gold":356,"neow_bonus":"THREE_ENEMY_KILL","is_daily":false,"chose_seed":false,"campfire_upgraded":3,"win_rate":0.0,"timestamp":1609601023,"path_taken":["M","$","?","?","M","R","M","?","T","R","$","M","?","E","R","BOSS","M","?","M","?","M","E","M"],"items_purchased_type":["Card","Card","Card"],"build_version":"2020-12-22","purchased_purges":0,"victory":false,"max_hp_per_floor":[70,70,70,70,70,70,70,70,70,70,70,70,70,70,70,70,70,70,70,70,70,70,70,70,70],"relic_stats":{"counters":[11,43],"MealTicket":0,"obtain_stats":[{"Gremlin Food":9,"SlaversCollar":17,"Runesmith:BrokenRuby":0,"NeowsBlessing":0,"MutagenicStrength":19,"Runesmith:MiniCore":23,"Oddly Smooth Stone":4,"MealTicket":14,"REME_ComplimentaryCards":0,"Mercury Hourglass":3},{"Gremlin Food":3,"SlaversCollar":6,"Runesmith:BrokenRuby":0,"NeowsBlessing":0,"MutagenicStrength":7,"Runesmith:MiniCore":10,"Oddly Smooth Stone":1,"MealTicket":5,"REME_ComplimentaryCards":0,"Mercury Hourglass":1},{"Gremlin Food":3,"SlaversCollar":20,"Runesmith:BrokenRuby":0,"NeowsBlessing":0,"MutagenicStrength":25,"Runesmith:MiniCore":41,"Oddly Smooth Stone":1,"MealTicket":9,"REME_ComplimentaryCards":0,"Mercury Hourglass":1}],"Mercury Hourglass":[186]},"card_choices":[{"not_picked":["Runesmith:CraftProtectio","Runesmith:CraftObretio"],"picked":"Runesmith:UnstableHammer","floor":1},{"not_picked":["Runesmith:Empowerment","Runesmith:BackupBattery"],"picked":"Runesmith:Grindstone","floor":5},{"not_picked":["Runesmith:HammerThrow","Runesmith:Repurpose"],"picked":"Runesmith:ChiselStab","floor":7},{"not_picked":["Runesmith:Grindstone","Runesmith:MakeshiftArmor"],"picked":"Runesmith:HammerThrow","floor":12},{"not_picked":["Runesmith:WhiteBalance","Runesmith:HeatedChisel"],"picked":"Runesmith:Firewall","floor":14},{"not_picked":["Runesmith:Duplicate","Runesmith:DuctTape"],"picked":"Runesmith:CraftPrismatica","floor":16},{"not_picked":["Runesmith:CraftProtectio","Runesmith:Overpower+1"],"picked":"Runesmith:CraftVitae","floor":18},{"not_picked":["Runesmith:CraftObretio","Runesmith:Overpower+1"],"picked":"Runesmith:HeatExchange","floor":20},{"not_picked":["Runesmith:ShiftingStrike","Runesmith:Augment"],"picked":"Runesmith:CraftMagma","floor":22},{"not_picked":["Runesmith:CraftMagma+1","Runesmith:EnergizedChisel","Runesmith:Grindstone"],"picked":"SKIP","floor":23}],"player_experience":110183,"relics_obtained":[{"floor":3,"key":"Mercury Hourglass"},{"floor":9,"key":"Gremlin Food"},{"floor":14,"key":"MealTicket"},{"floor":23,"key":"Runesmith:MiniCore"}],"event_choices":[{"damage_healed":0,"gold_gain":0,"player_choice":"Success","damage_taken":12,"relics_obtained":["Oddly Smooth Stone"],"max_hp_gain":0,"max_hp_loss":0,"event_name":"Scrap Ooze","floor":4,"gold_loss":0},{"damage_healed":0,"gold_gain":75,"player_choice":"Gather Gold","damage_taken":11,"max_hp_gain":0,"max_hp_loss":0,"event_name":"World of Goop","floor":13,"gold_loss":0},{"damage_healed":0,"gold_gain":0,"player_choice":"Inject Mutagens","damage_taken":0,"relics_obtained":["MutagenicStrength"],"max_hp_gain":0,"max_hp_loss":0,"event_name":"Drug Dealer","floor":19,"gold_loss":0},{"damage_healed":0,"gold_gain":0,"player_choice":"Ignored","damage_taken":0,"max_hp_gain":0,"max_hp_loss":0,"event_name":"Ghosts","floor":21,"gold_loss":0}],"is_beta":false,"boss_relics":[{"not_picked":["Velvet Choker","Philosopher\u0027s Stone"],"picked":"SlaversCollar"}],"items_purged_floors":[],"is_endless":false,"potions_floor_spawned":[7,14,18,22],"killed_by":"3 Cultists","ascension_level":0}}