{"host":"nlbr7nnijupf3yfg","time":1609546194,"event":{"mods":["AchievementEnabler","BaseMod","Colored Powertips","DeckTracker","Downfall","Hubris","Minty Spire (QoL Compilation)","Replay The Spire","StSLib","SuperFastMode"],"gold_per_floor":[111,111,158,173,173,199,199,229,229,229,263,280,299,319,319,319,319],"floor_reached":16,"playtime":228,"items_purged":[],"score":174,"play_id":"cec721d9-51de-4243-a465-fcb1737ece98","local_time":"20210101190954","is_ascension_mode":true,"campfire_choices":[{"data":"1","floor":15,"key":"LIFT"}],"circlet_count":0,"master_deck":["Strike_R","Strike_R","Strike_R","Strike_R","Defend_R","Defend_R","Defend_R","Defend_R","Bash","Thunderclap","Pommel Strike","Perfected Strike","Twin Strike"],"relics":["Burning Blood","NeowsBlessing","hubris:MysteriousPyramids","ReplayTheSpireMod:Ring of Addiction","Chameleon Ring","Potion Belt","Another Sword","hubris:DeckOfHolding","Mercury Hourglass","Replay:Wax Seal","Girya"],"acts_visited":["Exordium"],"potions_floor_usage":[16,16],"damage_taken":[{"damage":0,"enemies":"Jaw Worm","floor":1,"turns":1},{"damage":0,"enemies":"Small Slimes","floor":4,"turns":1},{"damage":0,"enemies":"Replay:BlueRogue","floor":6,"turns":1},{"damage":40,"enemies":"Lagavulin","floor":8,"turns":5},{"damage":6,"enemies":"Replay:BlueRogue","floor":11,"turns":4},{"damage":0,"enemies":"2 Louse","floor":12,"turns":2},{"damage":0,"enemies":"Blue Slaver","floor":13,"turns":1},{"damage":11,"enemies":"Lots of Slimes","floor":14,"turns":3},{"damage":42,"enemies":"The Guardian","floor":16,"turns":6}],"seed_played":"-1075576209485239762","potions_obtained":[{"floor":3,"key":"Death Potion"},{"floor":5,"key":"SpeedPotion"},{"floor":5,"key":"Swift Potion"},{"floor":5,"key":"SteroidPotion"},{"floor":6,"key":"Elixir"}],"is_trial":false,"path_per_floor":["M","?","?","M","?","E","$","E","T","?","E","M","M","M","R","B"],"character_chosen":"IRONCLAD","items_purchased":[],"campfire_rested":0,"item_purchase_floors":[],"current_hp_per_floor":[80,80,60,66,66,72,72,38,38,26,26,32,38,33,33,0,0],"gold":319,"neow_bonus":"THREE_ENEMY_KILL","is_daily":false,"chose_seed":false,"campfire_upgraded":0,"win_rate":0.0,"timestamp":1609546194,"path_taken":["M","?","?","M","?","E","?","E","T","?","E","M","?","M","R","BOSS"],"items_purchased_type":[],"build_version":"2020-12-22","purchased_purges":0,"victory":false,"max_hp_per_floor":[80,80,80,80,80,80,80,80,78,78,78,76,76,76,74,74,74],"card_choices":[{"not_picked":["Body Slam","hubris:ReadiedAction","Heavy Blade"],"picked":"SKIP","floor":1},{"not_picked":["Anger","Twin Strike"],"picked":"Thunderclap","floor":3},{"not_picked":["Clash","ReplayTheSpireMod:Strike From Hell"],"picked":"Pommel Strike","floor":4},{"not_picked":["Headbutt","Burning Pact","Ghostly Armor"],"picked":"SKIP","floor":6},{"not_picked":["Second Wind","Clash","ReplayTheSpireMod:Strike From Hell"],"picked":"SKIP","floor":8},{"not_picked":["Combust","Iron Wave","Carnage"],"picked":"SKIP","floor":11},{"not_picked":["Combust","Feed"],"picked":"Perfected Strike","floor":12},{"not_picked":["Evolve","Thunderclap","Battle Trance"],"picked":"SKIP","floor":13},{"not_picked":["Combust","Flex"],"picked":"Twin Strike","floor":14}],"player_experience":24640,"relics_obtained":[{"floor":3,"key":"hubris:MysteriousPyramids"},{"floor":5,"key":"ReplayTheSpireMod:Ring of Addiction"},{"floor":5,"key":"Chameleon Ring"},{"floor":5,"key":"Potion Belt"},{"floor":6,"key":"Another Sword"},{"floor":8,"key":"hubris:DeckOfHolding"},{"floor":9,"key":"Mercury Hourglass"},{"floor":11,"key":"Girya"}],"event_choices":[{"cards_removed":["Strike_R"],"damage_healed":0,"gold_gain":0,"player_choice":"Forget","damage_taken":0,"max_hp_gain":0,"max_hp_loss":0,"event_name":"Living Wall","floor":2,"gold_loss":0},{"damage_healed":0,"gold_gain":0,"player_choice":"Success","damage_taken":12,"relics_obtained":["Replay:Wax Seal"],"max_hp_gain":0,"max_hp_loss":0,"event_name":"Scrap Ooze","floor":10,"gold_loss":0}],"is_beta":false,"boss_relics":[],"items_purged_floors":[],"is_endless":false,"potions_floor_spawned":[6,11],"killed_by":"The Guardian","ascension_level":4}}