{"host":"w9yruvs4bqht6bhw","time":1609631390,"event":{"mods":["BaseMod","Colored Powertips","Minty Spire (QoL Compilation)"],"gold_per_floor":[112,112,112,187,207,238,238,252,252,125,75,24,37,77,77,201,201,219,41,41,62,83,83,97,97,97,110,110,130,130,45,45,45,45],"floor_reached":33,"playtime":1156,"items_purged":["Defend_R","Strike_R"],"score":378,"play_id":"c4b5c282-97cb-4c1d-9242-0022982465e3","local_time":"20210102184950","is_ascension_mode":true,"campfire_choices":[{"data":"Anger","floor":7,"key":"SMITH"},{"data":"Shrug It Off","floor":15,"key":"SMITH"},{"data":"RitualDagger","floor":23,"key":"SMITH"},{"floor":25,"key":"REST"},{"data":"1","floor":30,"key":"LIFT"},{"floor":32,"key":"REST"}],"circlet_count":0,"master_deck":["Strike_R","Strike_R","Strike_R+1","Defend_R","Defend_R","Defend_R","Bash","Anger+1","Anger+1","Warcry","Shrug It Off+1","Flex","Pommel Strike","RitualDagger+1"],"relics":["Burning Blood","NeowsBlessing","Golden Idol","Unceasing Top","Incense Burner","Regal Pillow","Busted Crown","WingedGreaves","Girya","Lantern"],"acts_visited":["Exordium","TheCity"],"potions_floor_usage":[13,16,16,20,21,22,24,33],"damage_taken":[{"damage":0,"enemies":"2 Louse","floor":1,"turns":1},{"damage":0,"enemies":"Jaw Worm","floor":5,"turns":1},{"damage":0,"enemies":"3 Sentries","floor":6,"turns":1},{"damage":0,"enemies":"Cultist","floor":8,"turns":2},{"damage":8,"enemies":"Exordium Thugs","floor":13,"turns":4},{"damage":11,"enemies":"Lagavulin","floor":14,"turns":5},{"damage":60,"enemies":"The Guardian","floor":16,"turns":8},{"damage":30,"enemies":"Spheric Guardian","floor":18,"turns":4},{"damage":1,"enemies":"Chosen","floor":21,"turns":4},{"damage":18,"enemies":"Snake Plant","floor":22,"turns":3},{"damage":26,"enemies":"Centurion and Healer","floor":24,"turns":4},{"damage":17,"enemies":"Chosen and Byrds","floor":27,"turns":6},{"damage":22,"enemies":"Shelled Parasite and Fungi","floor":29,"turns":5},{"damage":90,"enemies":"Automaton","floor":33,"turns":6}],"seed_played":"-7623131772685470798","potions_obtained":[{"floor":6,"key":"BloodPotion"},{"floor":8,"key":"BlessingOfTheForge"},{"floor":14,"key":"Explosive Potion"},{"floor":21,"key":"Weak Potion"},{"floor":22,"key":"Regen Potion"},{"floor":27,"key":"LiquidMemories"}],"is_trial":false,"path_per_floor":["M","?","?","?","M","E","R","M","T","$","?","$","M","E","R","B",null,"M","$","?","M","M","R","M","R","T","M","T","M","R","?","R","B"],"character_chosen":"IRONCLAD","items_purchased":["Shrug It Off","Block Potion","LiquidMemories"],"campfire_rested":2,"item_purchase_floors":[10,12,19],"current_hp_per_floor":[78,62,62,51,57,63,63,69,69,69,69,69,67,62,62,8,58,34,34,42,47,35,35,27,64,64,53,53,37,37,37,74,0,0],"gold":45,"neow_bonus":"THREE_ENEMY_KILL","is_daily":false,"chose_seed":false,"campfire_upgraded":3,"win_rate":0.0,"timestamp":1609631390,"path_taken":["M","?","?","?","?","E","R","M","T","$","?","$","M","E","R","BOSS","M","$","?","M","M","R","M","R","T","M","?","?","R","?","R","BOSS"],"items_purchased_type":["Card","Potion","Potion"],"build_version":"2020-12-22","purchased_purges":2,"victory":false,"max_hp_per_floor":[80,80,74,74,74,74,74,74,74,74,74,74,74,74,74,74,74,74,74,74,74,74,74,74,74,74,74,74,74,74,74,74,74,74],"card_choices":[{"not_picked":["Rage","True Grit"],"picked":"Anger","floor":1},{"not_picked":["Clash","Thunderclap"],"picked":"Anger","floor":5},{"not_picked":["Perfected Strike","Armaments","Pommel Strike"],"picked":"SKIP","floor":6},{"not_picked":["Power Through","Inflame"],"picked":"Warcry","floor":8},{"not_picked":["Combust","True Grit"],"picked":"Flex","floor":13},{"not_picked":["Feed","Shockwave","Power Through"],"picked":"SKIP","floor":14},{"not_picked":[],"picked":"Pommel Strike","floor":18},{"not_picked":["True Grit"],"picked":"SKIP","floor":21},{"not_picked":["Twin Strike"],"picked":"SKIP","floor":22},{"not_picked":["Perfected Strike"],"picked":"SKIP","floor":24},{"not_picked":["Bloodletting"],"picked":"SKIP","floor":27},{"not_picked":["Flame Barrier"],"picked":"SKIP","floor":29}],"player_experience":276098,"relics_obtained":[{"floor":6,"key":"Unceasing Top"},{"floor":9,"key":"Incense Burner"},{"floor":14,"key":"Regal Pillow"},{"floor":26,"key":"WingedGreaves"},{"floor":28,"key":"Girya"}],"event_choices":[{"damage_healed":0,"gold_gain":0,"player_choice":"Entered Light","damage_taken":16,"max_hp_gain":0,"max_hp_loss":0,"event_name":"Shining Light","floor":2,"gold_loss":0,"cards_upgraded":["Anger","Strike_R"]},{"damage_healed":0,"gold_gain":0,"player_choice":"Lose Max HP","damage_taken":0,"relics_obtained":["Golden Idol"],"max_hp_gain":0,"max_hp_loss":6,"event_name":"Golden Idol","floor":3,"gold_loss":0},{"damage_healed":0,"gold_gain":75,"player_choice":"Gather Gold","damage_taken":11,"max_hp_gain":0,"max_hp_loss":0,"event_name":"World of Goop","floor":4,"gold_loss":0},{"cards_removed":["Strike_R"],"damage_healed":0,"gold_gain":0,"player_choice":"Card Removal","damage_taken":0,"max_hp_gain":0,"max_hp_loss":0,"event_name":"The Cleric","floor":11,"gold_loss":50},{"damage_healed":0,"gold_gain":0,"player_choice":"Joined the Cult","damage_taken":6,"max_hp_gain":0,"max_hp_loss":0,"event_name":"Nest","floor":20,"gold_loss":0,"cards_obtained":["RitualDagger"]},{"damage_healed":0,"gold_gain":0,"player_choice":"Obtained Relic","damage_taken":0,"relics_obtained":["Lantern"],"max_hp_gain":0,"max_hp_loss":0,"event_name":"Addict","floor":31,"gold_loss":85}],"is_beta":false,"boss_relics":[{"not_picked":["Pandora\u0027s Box","Coffee Dripper"],"picked":"Busted Crown"}],"items_purged_floors":[10,19],"is_endless":false,"potions_floor_spawned":[6,8,14,21,22,27],"killed_by":"Automaton","ascension_level":7}}