{"host":"5yjvsohl6z99blyx","time":1609629445,"event":{"mods":["BaseMod","Better Altar","Better Match","Better Note","Better Sensory Stone","Better Skull","Better Third Choice","Better Vampires","BetterRewards","Colored Map","Colored Powertips","Defuse TimeMaze Blight","Downfall","Emptier Cage","Energized Spire","Highlight Path","Hubris","Minty Spire (QoL Compilation)","Permanent Neow","Quick Restart","Relic Filter","Replay The Spire","Shop Mod","StSLib","Transform Curses","Uncapped"],"gold_per_floor":[115,115,129,0,20,20,37,68,68,68,68,243,278,290,290,394,394,405,405,425,441,441,471,471,746,746,765,815,835,15,35,35,131,131,149,168,188,203,214,214,246,246,246,8,8,28,28,65,65,65,65,65,14,39,39,39],"floor_reached":55,"playtime":2544,"items_purged":["Regret"],"score":849,"play_id":"6c32c821-0d15-4570-9a66-f8e643749f7b","local_time":"20210103001725","is_ascension_mode":true,"campfire_choices":[{"data":"Defragment","floor":6.0,"key":"SMITH"},{"data":"Turbo","floor":11.0,"key":"SMITH"},{"floor":15.0,"key":"RECALL"},{"data":"ReplayTheSpireMod:Calculation Training","floor":24.0,"key":"SMITH"},{"floor":32.0,"key":"REST"},{"floor":40,"key":"REST"},{"data":"Redo","floor":45,"key":"SMITH"},{"data":"Defragment","floor":49,"key":"SMITH"},{"data":"Consume","floor":52,"key":"SMITH"}],"circlet_count":0,"master_deck":["Strike_B","Strike_B","Strike_B","Defend_B","Defend_B","Defend_B","Defend_B","Zap","Dualcast","Sweeping Beam","hubris:PowerSurge","Go for the Eyes","Defragment+1","Redo+1","Meteor Strike","Coolheaded","Turbo+1","Doubt","Electrodynamics","Echo Form","ReplayTheSpireMod:Calculation Training+1","Crystallizer+1","Consume+1","Sunder","Lockon","Aggregate","Panic Button","Turbo+1","White Noise","Time Bomb+1","Melter","Static Discharge","Doubt","hubris:PowerSurge","Defragment+1","Doubt","Defragment+1","Loop"],"relics":["Cracked Core","MerchantsRug","Geode","hubris:BallOfYels","Raider\u0027s Mask","Replay:Mystery Machine","Ice Cream","DataDisk","Eternal Feather","Bottled Tornado","Painkiller Herb","Nloth\u0027s Gift","NlothsMask","Incense Burner","Durian","Medical Kit","hubris:Zylophone","Inserter","Vajra","Lee\u0027s Waffle","hubris:Towel","ReplayTheSpireMod:CursedCoin","Mercury Hourglass"],"acts_visited":["Exordium","TheCity","TheBeyond","TheEnding"],"potions_floor_usage":[39,39,41,54,55],"damage_taken":[{"damage":7.0,"enemies":"Jaw Worm","floor":1.0,"turns":2.0},{"damage":0.0,"enemies":"Cultist","floor":3.0,"turns":2.0},{"damage":0.0,"enemies":"2 Louse","floor":5.0,"turns":1.0},{"damage":9.0,"enemies":"2 Fungi Beasts","floor":7.0,"turns":2.0},{"damage":8.0,"enemies":"Lagavulin","floor":8.0,"turns":5.0},{"damage":3.0,"enemies":"3 Sentries","floor":13.0,"turns":3.0},{"damage":0.0,"enemies":"Exordium Thugs","floor":14.0,"turns":3.0},{"damage":21.0,"enemies":"Hexaghost","floor":16.0,"turns":6.0},{"damage":0.0,"enemies":"Spheric Guardian","floor":18.0,"turns":1.0},{"damage":9.0,"enemies":"3 Byrds","floor":20.0,"turns":3.0},{"damage":3.0,"enemies":"Snecko","floor":21.0,"turns":4.0},{"damage":2.0,"enemies":"Gremlin Leader","floor":23.0,"turns":4.0},{"damage":64.0,"enemies":"Cultist and Chosen","floor":27.0,"turns":6.0},{"damage":1.0,"enemies":"3 Cultists","floor":29.0,"turns":5.0},{"damage":1.0,"enemies":"Centurion and Healer","floor":31.0,"turns":2.0},{"damage":4.0,"enemies":"Champ","floor":33.0,"turns":6.0},{"damage":17.0,"enemies":"3 Shapes","floor":35.0,"turns":3.0},{"damage":8.0,"enemies":"Orb Walker","floor":36.0,"turns":2.0},{"damage":33.0,"enemies":"Writhing Mass","floor":37.0,"turns":3.0},{"damage":8.0,"enemies":"3 Darklings","floor":38.0,"turns":2.0},{"damage":6,"enemies":"Transient","floor":39,"turns":5},{"damage":47,"enemies":"Reptomancer","floor":41,"turns":5},{"damage":36,"enemies":"Spire Growth","floor":46,"turns":3},{"damage":50,"enemies":"Replay:Hell Engine","floor":50,"turns":5},{"damage":49,"enemies":"Shield and Spear","floor":54,"turns":3},{"damage":54,"enemies":"The Heart","floor":55,"turns":3}],"seed_played":"-8986378065922089524","potions_obtained":[{"floor":1.0,"key":"ColorlessPotion"},{"floor":5.0,"key":"AttackPotion"},{"floor":13.0,"key":"Block Potion"},{"floor":18.0,"key":"FocusPotion"},{"floor":23.0,"key":"Strength Potion"},{"floor":29.0,"key":"Block Potion"},{"floor":31.0,"key":"AttackPotion"},{"floor":33.0,"key":"FocusPotion"},{"floor":35.0,"key":"Toxic Potion"},{"floor":39,"key":"champ:CounterPotion"},{"floor":41,"key":"Fire Potion"}],"is_trial":false,"path_per_floor":["M","?","M","$","M","R","M","E","T","?","R","?","E","M","R_BF","B",null,"?","?","?","?","?","E","T","?","T","?","?","?","T","?","T","B",null,"?","?","?","?","?","T","E","?","T","T","T","?","?","T","T","B",null,"T","T","E","B"],"character_chosen":"DEFECT","items_purchased":["MerchantsRug","Geode","hubris:BallOfYels","Raider\u0027s Mask","Ice Cream","DataDisk","Sweeping Beam","Defragment","Redo","Durian","Medical Kit","hubris:Zylophone","Aggregate","Lee\u0027s Waffle","hubris:PowerSurge","ReplayTheSpireMod:CursedCoin","Defragment","PowerPotion"],"campfire_rested":2,"item_purchase_floors":[0,0,0,0,0,0,0,4,4,30,30,30,30,44,44,48,48,53],"current_hp_per_floor":[68,75,75,75,75,75,66,58,58,63,72,72,69,69,78,57,80,80,80,71,68,68,66,78,78,78,14,14,13,18,17,57,53,85,68,60,27,19,13,56,9,9,9,92,92,56,56,56,77,27,92,92,92,43,0,0],"gold":39,"neow_bonus":"","is_daily":false,"chose_seed":false,"campfire_upgraded":6,"win_rate":0.0,"timestamp":1609629445,"path_taken":["M","?","?","$","M","R","M","E","T","?","R","?","E","M","R_BF","BOSS","?","?","?","?","?","E","T","?","T","?","?","?","T","?","T","BOSS","?","?","?","?","?","T","E","?","T","T","T","?","?","T","T","BOSS","T","T","E","BOSS"],"items_purchased_type":["Relic","Relic","Relic","Relic","Relic","Relic","Card","Card","Card","Relic","Relic","Relic","Card","Relic","Card","Relic","Card","Potion"],"build_version":"2020-12-22","purchased_purges":1,"victory":false,"max_hp_per_floor":[75,75,75,75,75,75,75,75,75,80,80,80,80,80,80,80,80,80,80,80,80,80,80,80,80,80,80,80,80,85,85,85,85,85,85,85,85,85,85,85,85,85,85,92,92,92,92,92,92,92,92,92,92,92,92,92],"card_choices":[{"not_picked":["Coolheaded","Beam Cell"],"picked":"hubris:PowerSurge","floor":1.0},{"not_picked":["ReplaySort","Gash"],"picked":"Go for the Eyes","floor":3.0},{"not_picked":["Lockon","Stack"],"picked":"Meteor Strike","floor":5.0},{"not_picked":["Storm","Steam"],"picked":"Coolheaded","floor":7.0},{"not_picked":["Ball Lightning","Hologram"],"picked":"Turbo","floor":8.0},{"not_picked":["FIFO Queue","Sweeping Beam"],"picked":"Electrodynamics","floor":13.0},{"not_picked":["Steam","ReplayTheSpireMod:Repulse","ReplaySolidLightProjector"],"picked":"SKIP","floor":14.0},{"not_picked":["Multi-Cast","Machine Learning"],"picked":"Echo Form","floor":16.0},{"not_picked":["BasicCrystalCard","Coolheaded+1"],"picked":"ReplayTheSpireMod:Calculation Training","floor":18.0},{"not_picked":["Biased Cognition","Coolheaded","Sweeping Beam"],"picked":"SKIP","floor":20.0},{"not_picked":["Cold Snap","Rebound"],"picked":"Crystallizer+1","floor":21.0},{"not_picked":["Fusion","Cold Snap"],"picked":"Consume","floor":23.0},{"not_picked":["BootSequence","Beam Cell"],"picked":"Sunder","floor":27.0},{"not_picked":["Heatsinks","Crystallizer"],"picked":"Lockon","floor":29.0},{"not_picked":["FTL","Cold Snap","Recycle"],"picked":"SKIP","floor":31.0},{"not_picked":["ReplaySolidLightProjector","Streamline"],"picked":"Panic Button","floor":35.0},{"not_picked":["Sweeping Beam","Hologram+1"],"picked":"Turbo+1","floor":36.0},{"not_picked":["hubris:Prefetch","Redo"],"picked":"White Noise","floor":37.0},{"not_picked":["Gash+1","Conserve Battery"],"picked":"Time Bomb+1","floor":38.0},{"not_picked":["Steam","Electrodynamics"],"picked":"Melter","floor":39},{"not_picked":["Multi-Cast","Redo"],"picked":"Static Discharge","floor":41},{"not_picked":["hubris:DoWhile","BasicCrystalCard+1"],"picked":"Defragment+1","floor":46},{"not_picked":["ReplayTheSpireMod:Fabricate Wheel","Coolheaded+1"],"picked":"Loop","floor":54}],"player_experience":188387,"relics_obtained":[{"floor":8.0,"key":"Eternal Feather"},{"floor":9.0,"key":"Bottled Tornado"},{"floor":13.0,"key":"hubris:PeanutButter"},{"floor":23.0,"key":"Incense Burner"},{"floor":41,"key":"Vajra"},{"floor":54,"key":"Mercury Hourglass"}],"event_choices":[{"damage_healed":7.0,"max_hp_gain":0.0,"max_hp_loss":0.0,"gold_gain":0.0,"event_name":"Wheel of Change","player_choice":"Full Heal","floor":2.0,"gold_loss":0.0,"damage_taken":0.0},{"damage_healed":0.0,"max_hp_gain":5.0,"max_hp_loss":0.0,"gold_gain":0.0,"event_name":"Big Fish","player_choice":"Donut","floor":10.0,"gold_loss":0.0,"damage_taken":0.0},{"damage_healed":0.0,"max_hp_gain":0.0,"max_hp_loss":0.0,"gold_gain":175.0,"event_name":"betterThird:BetterSerpent","player_choice":"AGREE","floor":12.0,"gold_loss":0.0,"damage_taken":68.0},{"damage_healed":0.0,"max_hp_gain":0.0,"max_hp_loss":0.0,"gold_gain":0.0,"event_name":"N\u0027loth","player_choice":"Traded Relic","floor":19.0,"relics_lost":["hubris:PeanutButter"],"gold_loss":0.0,"damage_taken":0.0,"relics_obtained":["Nloth\u0027s Gift"]},{"damage_healed":0.0,"max_hp_gain":0.0,"max_hp_loss":0.0,"gold_gain":0.0,"event_name":"FaceTrader","player_choice":"Trade","floor":22.0,"gold_loss":0.0,"damage_taken":0.0,"relics_obtained":["NlothsMask"]},{"damage_healed":0.0,"max_hp_gain":0.0,"max_hp_loss":0.0,"gold_gain":275.0,"event_name":"Golden Shrine","player_choice":"Desecrate","floor":25.0,"gold_loss":0.0,"damage_taken":0.0,"cards_obtained":["Regret"]},{"damage_healed":0.0,"max_hp_gain":0.0,"max_hp_loss":0.0,"gold_gain":100.0,"event_name":"The Joust","player_choice":"Bet on Murderer","floor":28.0,"gold_loss":50.0,"damage_taken":0.0}],"is_beta":false,"boss_relics":[{"not_picked":["Runic Dome","Ectoplasm"],"picked":"Painkiller Herb"},{"not_picked":["energizedSpire:HugeHouse","hubris:RunicObelisk"],"picked":"Inserter"}],"items_purged_floors":[48],"is_endless":false,"potions_floor_spawned":[1,5,13,18,23,29,31,33,35,38,39,41],"killed_by":"The Heart","ascension_level":2}}