{"host":"vhikgave70uorr7d","time":1609627208,"event":{"mods":["AchievementEnabler","Act Like it!","Ascension Reborn","Ascension Unlocker","BaseMod","Beaked The Cultist","Better Altar","Better Match","Better Note","Better Sensory Stone","Better Skull","Better Third Choice","BetterRewards","ChefMod","Colored Powertips","Custom Start","Defuse TimeMaze Blight","Downfall","Elementarium","Energized Spire","GifTheSpireLib","Hermit","Hero for Fun","Highlight Path","Hubris","Infinite Spire","JesterMod","Menagerie","Mimic Mod","Minty Spire (QoL Compilation)","MostiFishMod","Permanent Neow","Pikachu Mod","Quick Restart","Rare Cards Sparkle","Relic Filter","Remove Card Discount Mod","Replay The Spire","Retaliation","Shade Mod","Small Relic Pack","Spicy Shops","StSLib","Swap Starting Deck Mod","Td1madao Mod","The Accelerator","The Alterego","The Animator","The Bladedancer","The Blue Laboratory","The Bug Knight","The Construct","The Cursed","The Disciple","The Hayseed","The Hierophant","The Mystic","The Necromancer","The Runesmith","The Servant 0.9.4","The Vixen","The Wild Card","TheFirefly","TheSwordswoman","TheVacant","Transform Curses"],"gold_per_floor":[116,116,116,116,116,116,28,48,87,101,138,78,741,607,607,727,727,740,386,414,464,529,529,519,537,537,560,579,579,629,291,291,395,420,463,539,589,619,673,673,794,794,882,958,958,800,868,939,1006,1006],"floor_reached":51,"playtime":5318,"items_purged":["CommonCold","animator:Defend","animator:Defend","animator:Defend","animator:Defend_Konosuba","animator:Strike","Slimebound:Icky","animator:Strike","animator:Strike","animator:Archer","animator:Strike_Konosuba","animator:Greed+1","animator:ElricAlphonse","animator:Kazuma","animator:Kazuma","animator:Raven+1","Clumsy"],"score":844,"play_id":"75748525-4972-4de7-ba33-58bc857a7d6d","local_time":"20210102174008","is_ascension_mode":false,"campfire_choices":[{"data":"animator:Aqua","floor":6,"key":"SMITH"},{"data":"animator:Greed","floor":15,"key":"SMITH"},{"data":"animator:Megumin","floor":23,"key":"SMITH"},{"data":"animator:Tatsumaki","floor":29,"key":"SMITH"},{"data":"animator:Raven","floor":29,"key":"SMITH"},{"data":"animator:ElricEdward","floor":32,"key":"SMITH"},{"data":"animator:YunYun","floor":32,"key":"SMITH"},{"data":"animator:DolaSchwi","floor":40,"key":"SMITH"},{"data":"animator:Darkness","floor":40,"key":"SMITH"},{"data":"animator:Genos","floor":42,"key":"SMITH"},{"data":"animator:Megumin+5","floor":42,"key":"SMITH"},{"data":"animator:Pride","floor":45,"key":"SMITH"},{"data":"animator:Gilgamesh+9","floor":45,"key":"SMITH"}],"circlet_count":0,"master_deck":["animator:Aqua+1","animator:Aqua+1","animator:DolaSchwi+1","animator:ElricEdward+1","animator:YunYun+1","animator:YunYun+1","animator:Darkness+1","animator:Envy+1","animator:ElricEdward+1","animator:Urushihara+1","RealityMarble+1","animator:Genos+1","animator:ElricEdward+1","animator:Tatsumaki+1","animator:Gilgamesh+12","animator:DolaSchwi+1","animator:DolaSchwi+1","animator:Pride+1","animator:ElricEdward+1","animator:Aqua+1","animator:Megumin+12"],"relics":["animator:LivingPicture","animator:TheMissingPiece","DaveBox","Ying","SynthV:TestCard","Bloody Idol","Ice Cream","ReplayTheSpireMod:Shallot","SsserpentHead","DollysMirror","hubris:SlimyHat","ReplayTheSpireMod:CursedCoin","infinitespire:Golems Mask","Shuriken","SlaversCollar","Abe\u0027s Treasure","Membership Card","Guide Book","CombinedTypeHook","DSteel32","Torii","Replay:Arrowhead","Blood Vial","Replay:Ringing Soul","hubris:PeanutButter","hubris:EmptyBottle","NightmareShop","Unceasing Top","infinitespire:EvilPickle","Medical Kit","Pocketwatch","Blue Candle","OriginationStaff","animator:WizardHat","Potion Belt","animator:AlchemistGlove","HollowMod:StagPassRelic"],"acts_visited":["Exordium","TheCity","TheBeyond"],"potions_floor_usage":[16,33],"damage_taken":[{"damage":0,"enemies":"Small Slimes","floor":1,"turns":4},{"damage":0,"enemies":"Jaw Worm","floor":8,"turns":11},{"damage":0,"enemies":"Cultist","floor":9,"turns":7},{"damage":0,"enemies":"Cultist","floor":10,"turns":4},{"damage":0,"enemies":"Looter","floor":11,"turns":2},{"damage":4,"enemies":"Exordium Thugs","floor":13,"turns":3},{"damage":0,"enemies":"Slime Boss","floor":16,"turns":6},{"damage":0,"enemies":"Chosen","floor":18,"turns":4},{"damage":6,"enemies":"2 Thieves","floor":20,"turns":2},{"damage":10,"enemies":"Shelled Parasite and Fungi","floor":22,"turns":2},{"damage":0,"enemies":"Centurion and Healer","floor":25,"turns":3},{"damage":0,"enemies":"Sentry and Sphere","floor":27,"turns":3},{"damage":0,"enemies":"3 Cultists","floor":28,"turns":2},{"damage":4,"enemies":"Pondfish","floor":33,"turns":4},{"damage":16,"enemies":"3 Darklings","floor":35,"turns":2},{"damage":0,"enemies":"3 Shapes","floor":36,"turns":2},{"damage":1,"enemies":"Spire Growth","floor":39,"turns":2},{"damage":8,"enemies":"Giant Head","floor":41,"turns":4},{"damage":0,"enemies":"Jaw Worm Horde","floor":43,"turns":3},{"damage":0,"enemies":"Jaw Worm Horde","floor":44,"turns":1},{"damage":0,"enemies":"3 Darklings","floor":47,"turns":1},{"damage":0,"enemies":"4 Shapes","floor":48,"turns":1},{"damage":35,"enemies":"Awakened One","floor":50,"turns":4}],"seed_played":"-901305110947428169","potions_obtained":[{"floor":1,"key":"Milkshake"},{"floor":8,"key":"FearPotion"},{"floor":16,"key":"Fruit Juice"},{"floor":18,"key":"FearPotion"},{"floor":25,"key":"DDmod:CleansePotion"},{"floor":33,"key":"SteroidPotion"},{"floor":38,"key":"Energy Potion"},{"floor":47,"key":"blueLaboratory:BottleOfVodka"}],"is_trial":false,"path_per_floor":["M","?","?","T","?","R","$","M","MIM","M","M","$","M","$","R","B",null,"M","$","M","?","M","R","?","M","T","M","M","R","?","$","R","B",null,"M","M","?","?","M","R","E","R","MIM","M","R","$","M","M","R","B",null],"character_chosen":"THE_ANIMATOR","items_purchased":["DollysMirror","ReplayTheSpireMod:CursedCoin","animator:YunYun","infinitespire:Golems Mask","animator:ElricAlphonse","Shuriken","animator:Darkness","Membership Card","Guide Book","animator:Urushihara","CombinedTypeHook","Replay:Ringing Soul","hubris:PeanutButter","hubris:EmptyBottle","animator:WizardHat","animator:AlchemistGlove","HollowMod:StagPassRelic"],"campfire_rested":0,"item_purchase_floors":[7,12,12,12,14,14,14,19,19,19,19,31,31,31,46,46,46],"current_hp_per_floor":[71,66,66,66,66,66,66,66,66,66,66,66,62,62,62,71,71,71,71,65,65,59,59,59,62,62,65,65,65,45,45,45,57,75,67,81,81,81,81,81,84,84,87,90,90,93,96,99,99,64],"gold":1006,"neow_bonus":"RANDOM_EVENT","is_daily":false,"chose_seed":false,"campfire_upgraded":13,"win_rate":0.0,"timestamp":1609627208,"path_taken":["M","?","?","?","?","R","$","M","MIM","M","M","?","?","$","R","BOSS","M","$","M","?","?","R","?","M","T","M","M","R","?","$","R","BOSS","M","M","?","?","M","R","E","R","MIM","M","R","$","M","M","R","BOSS"],"items_purchased_type":["Relic","Relic","Card","Relic","Card","Relic","Card","Relic","Relic","Card","Relic","Relic","Relic","Relic","Relic","Relic","Relic"],"build_version":"2020-12-22","purchased_purges":17,"victory":true,"max_hp_per_floor":[71,66,66,66,66,66,66,66,66,66,66,66,66,66,66,71,71,71,71,71,71,72,72,72,72,72,72,72,72,72,72,72,75,75,78,81,81,81,81,81,84,84,87,90,90,93,96,99,99,99],"card_choices":[{"not_picked":["animator:Caster","animator:DolaSchwi"],"picked":"animator:Kazuma","floor":1},{"not_picked":["animator:DwarfShaman","animator:Sloth","animator:RinTohsaka","animator:Elsword"],"picked":"animator:DolaSchwi","floor":8},{"not_picked":["animator:Rider","animator:DwarfShaman","animator:Jibril","animator:RinTohsaka"],"picked":"animator:Archer","floor":9},{"not_picked":["animator:Alexander","animator:Envy","animator:MaesHughes","animator:Illya"],"picked":"animator:ElricEdward","floor":10},{"not_picked":["animator:Verdia","animator:Vanir","animator:Kazuma","animator:Mitsurugi"],"picked":"animator:YunYun","floor":11},{"not_picked":["animator:Chung","animator:Mitsurugi","animator:Tatsumaki","animator:Laby"],"picked":"animator:Greed","floor":13},{"not_picked":["animator:Eris","animator:Saber","animator:GoblinSlayer","animator:Elesis"],"picked":"animator:Envy","floor":16},{"not_picked":["animator:CowGirl","animator:Priestess","animator:Sonic","animator:Aqua"],"picked":"animator:ElricEdward+1","floor":18},{"not_picked":["animator:ChlammyZell","animator:Lancer+1","animator:YunYun+1","animator:Tatsumaki"],"picked":"animator:Raven","floor":20},{"not_picked":["animator:Aqua","animator:Kazuma","animator:Verdia","animator:Darkness"],"picked":"animator:Megumin","floor":22},{"not_picked":["animator:Sora","animator:DwarfShaman+1","animator:Verdia","animator:RoyMustang"],"picked":"animator:Genos","floor":25},{"not_picked":["animator:Rider","animator:Assassin","animator:DolaStephanie+1","animator:Tatsumaki"],"picked":"animator:ElricEdward","floor":27},{"not_picked":["animator:Alexander","animator:FielNirvalen","animator:SakuraMatou","animator:Elsword"],"picked":"animator:Tatsumaki","floor":28},{"not_picked":["animator:Envy","animator:SwordMaiden","animator:Eris","animator:Boros"],"picked":"animator:Gilgamesh","floor":33},{"not_picked":["animator:Mitsurugi","animator:Chris","animator:Verdia","animator:YunYun"],"picked":"animator:Aqua","floor":35},{"not_picked":["animator:Genos+1","animator:Chung+1","animator:Saber","animator:Pride+1"],"picked":"animator:DolaSchwi","floor":36},{"not_picked":["animator:Elsword+1","animator:Assassin","animator:Ara+1","animator:Tet+1","animator:Rena+1"],"picked":"SKIP","floor":39},{"not_picked":["animator:Megumin","animator:Jibril","animator:Berserker","animator:Elesis"],"picked":"animator:DolaSchwi+1","floor":41},{"not_picked":["animator:WinryRockbell","animator:Assassin+1","animator:MetalKnight+1","animator:DolaRiku+1"],"picked":"animator:Pride","floor":43},{"not_picked":["animator:Mitsurugi","animator:Verdia","animator:Chris","animator:Darkness"],"picked":"animator:Megumin","floor":44},{"not_picked":["animator:ShinjiMatou+1","animator:Berserker+1","animator:Eris","animator:Verdia+1"],"picked":"animator:ElricEdward+1","floor":47},{"not_picked":["animator:Lu+1","animator:SilverFang+1","animator:Assassin+1","animator:Scar"],"picked":"animator:Aqua+1","floor":48}],"player_experience":349004,"relics_obtained":[{"floor":1,"key":"SynthV:TestCard"},{"floor":4,"key":"ReplayTheSpireMod:Shallot"},{"floor":9,"key":"hubris:SlimyHat"},{"floor":26,"key":"Torii"},{"floor":41,"key":"Pocketwatch"},{"floor":43,"key":"OriginationStaff"}],"event_choices":[{"damage_healed":0,"gold_gain":0,"player_choice":"Donut","damage_taken":0,"max_hp_gain":5,"max_hp_loss":0,"event_name":"Big Fish","floor":0,"gold_loss":0},{"damage_healed":0,"gold_gain":0,"player_choice":"Lose Max HP","damage_taken":0,"relics_obtained":["Golden Idol"],"max_hp_gain":0,"max_hp_loss":5,"event_name":"Golden Idol","floor":2,"gold_loss":0},{"damage_healed":0,"gold_gain":0,"player_choice":"Trade","damage_taken":0,"relics_obtained":["SsserpentHead"],"max_hp_gain":0,"max_hp_loss":0,"event_name":"FaceTrader","floor":5,"gold_loss":0},{"cards_removed":["animator:Darkness"],"damage_healed":0,"gold_gain":0,"player_choice":"Take \u0026 Give","damage_taken":0,"max_hp_gain":0,"max_hp_loss":0,"event_name":"betterNote:BetterNote","floor":21,"gold_loss":0,"cards_obtained":["RealityMarble"]},{"damage_healed":0,"gold_gain":0,"player_choice":" GoldIdol Vial ","damage_taken":20,"relics_obtained":["Bloody Idol","Blood Vial"],"max_hp_gain":65,"max_hp_loss":45,"event_name":"betterAltar:BetterAltar","floor":30,"potions_obtained":[],"relics_lost":["Golden Idol"],"gold_loss":0},{"cards_removed":["animator:Aqua"],"damage_healed":0,"gold_gain":0,"player_choice":"Removed Skill","damage_taken":0,"max_hp_gain":0,"max_hp_loss":0,"event_name":"Falling","floor":37,"gold_loss":0},{"damage_healed":0,"gold_gain":0,"player_choice":"Bought 1 Potion","damage_taken":0,"max_hp_gain":0,"max_hp_loss":0,"event_name":"The Woman in Blue","floor":38,"gold_loss":0}],"is_beta":false,"boss_relics":[{"not_picked":["Fusion Hammer","ReplayTheSpireMod:SealedPack"],"picked":"SlaversCollar"},{"not_picked":["Pandora\u0027s Box","Astrolabe"],"picked":"NightmareShop"}],"items_purged_floors":[7,7,7,7,7,7,12,14,14,14,14,31,31,31,31,31,46],"is_endless":false,"potions_floor_spawned":[1,8,16,18,25,28,33,39,41,47],"ascension_level":0}}