{"host":"d8hh7rr4yzitjeuj","time":1609579605,"event":{"mods":["2.2 Compatiblity","AchievementEnabler","BaseMod","CapriCore","Colored Map","Colored Powertips","Highlight Path","Keyboard Shortcuts","Minty Spire (QoL Compilation)","Permanent Neow","Quick Restart","StSLib","SuperFastMode"],"gold_per_floor":[119,130,130,144,154,154,154],"floor_reached":6,"playtime":240,"items_purged":[],"score":76,"play_id":"200ea272-c6fe-4af6-be0b-e09999e66182","local_time":"20210102182645","is_ascension_mode":true,"campfire_choices":[],"circlet_count":0,"master_deck":["AscendersBane","Strike_R","Strike_R","Strike_R","Strike_R","Strike_R","Defend_R","Defend_R","Defend_R","Defend_R","Bash","CurseOfTheBell","Body Slam","Clothesline","Inflame+1","Combust+1","Evolve+1"],"relics":["Calling Bell","Omamori","Frozen Egg 2","TungstenRod"],"acts_visited":["Exordium"],"potions_floor_usage":[6],"damage_taken":[{"damage":5,"enemies":"Cultist","floor":1,"turns":4},{"damage":9,"enemies":"Small Slimes","floor":2,"turns":4},{"damage":19,"enemies":"Jaw Worm","floor":4,"turns":4},{"damage":13,"enemies":"Looter","floor":5,"turns":4},{"damage":25,"enemies":"3 Sentries","floor":6,"turns":6}],"seed_played":"5353490666673731873","potions_obtained":[{"floor":1,"key":"ColorlessPotion"},{"floor":5,"key":"Strength Potion"}],"is_trial":false,"path_per_floor":["M","M","?","M","M","E"],"character_chosen":"IRONCLAD","items_purchased":[],"campfire_rested":0,"item_purchase_floors":[],"current_hp_per_floor":[63,54,54,35,22,0,0],"gold":154,"neow_bonus":"BOSS_RELIC","is_daily":false,"chose_seed":false,"campfire_upgraded":0,"win_rate":0.0,"timestamp":1609579605,"path_taken":["M","M","?","M","?","E"],"items_purchased_type":[],"build_version":"2020-12-22","purchased_purges":0,"victory":false,"max_hp_per_floor":[75,75,75,75,75,75,75],"card_choices":[{"not_picked":["Thunderclap","Blood for Blood"],"picked":"Body Slam","floor":1},{"not_picked":["Armaments","Blood for Blood"],"picked":"Clothesline","floor":2},{"not_picked":["Dual Wield","Disarm"],"picked":"Combust+1","floor":4},{"not_picked":["Seeing Red","Warcry"],"picked":"Evolve+1","floor":5}],"player_experience":1395217,"relics_obtained":[{"floor":0,"key":"Omamori"},{"floor":0,"key":"Frozen Egg 2"},{"floor":0,"key":"TungstenRod"}],"event_choices":[{"damage_healed":0,"gold_gain":0,"player_choice":"1 cards matched","damage_taken":0,"max_hp_gain":0,"max_hp_loss":0,"event_name":"Match and Keep!","floor":3,"gold_loss":0,"cards_obtained":["Inflame"]}],"is_beta":false,"boss_relics":[],"items_purged_floors":[],"is_endless":false,"potions_floor_spawned":[1,5],"killed_by":"3 Sentries","ascension_level":20}}