{"host":"dgf4n6lo35jtjz0c","time":1609592634,"event":{"mods":["AchievementEnabler","BaseMod","Bestiary","Colored Powertips","Minty Spire (QoL Compilation)"],"gold_per_floor":[99,99,99,99,99,99,99,99,99,99,69,69,69,69,69,69,69,69,69,43,43,43,43,19,19,19,19,19,19,19,19,19,19,19,19,19,19,19,19,19,19,19,19,19,19,19,19,19,19,19],"floor_reached":51,"playtime":4153,"items_purged":[],"score":663,"play_id":"8a3848a4-ce72-43e4-8c34-d8e80b73c752","local_time":"20210103000354","is_ascension_mode":false,"campfire_choices":[{"floor":6.0,"key":"REST"},{"floor":12.0,"key":"REST"},{"floor":15.0,"key":"DIG"},{"floor":23.0,"key":"REST"},{"floor":25.0,"key":"DIG"},{"floor":29.0,"key":"DIG"},{"floor":32.0,"key":"DIG"},{"floor":40,"key":"DIG"},{"floor":42,"key":"DIG"},{"floor":49,"key":"DIG"}],"circlet_count":0,"master_deck":["Strike_R","Strike_R","Strike_R","Strike_R","Strike_R","Defend_R","Defend_R","Defend_R","Defend_R","Bash+1","Ghostly Armor","Armaments+1","Cleave","Flex","Anger","Regret","Barricade","Pommel Strike","Power Through","Juggernaut","Armaments","Armaments","Shame","Anger","Body Slam","Pummel","Reaper","Fire Breathing+1","Shrug It Off","Demon Form","Pommel Strike+1","Sword Boomerang","Armaments","Pommel Strike","Barricade","Parasite","Perfected Strike","Flame Barrier+1","Metallicize+1","Sword Boomerang+1","Evolve","Flex"],"relics":["Ectoplasm","InkBottle","White Beast Statue","Gremlin Horn","Shovel","Oddly Smooth Stone","Runic Pyramid","Nilry\u0027s Codex","Anchor","Letter Opener","Eternal Feather","Bottled Tornado","Bottled Flame","Fusion Hammer","Pen Nib","Strawberry","Toy Ornithopter","Kunai"],"acts_visited":["TheCity","TheBeyond"],"potions_floor_usage":[44,50,50,50],"damage_taken":[{"damage":0.0,"enemies":"2 Louse","floor":1.0,"turns":3.0},{"damage":0.0,"enemies":"Small Slimes","floor":2.0,"turns":2.0},{"damage":6.0,"enemies":"Jaw Worm","floor":4.0,"turns":3.0},{"damage":0.0,"enemies":"Large Slime","floor":5.0,"turns":5.0},{"damage":15.0,"enemies":"Gremlin Nob","floor":7.0,"turns":4.0},{"damage":2.0,"enemies":"Exordium Wildlife","floor":10.0,"turns":3.0},{"damage":7.0,"enemies":"Looter","floor":11.0,"turns":4.0},{"damage":0.0,"enemies":"3 Louse","floor":13.0,"turns":2.0},{"damage":17.0,"enemies":"Slime Boss","floor":16.0,"turns":12.0},{"damage":20.0,"enemies":"3 Byrds","floor":18.0,"turns":6.0},{"damage":15.0,"enemies":"Shell Parasite","floor":22.0,"turns":7.0},{"damage":1.0,"enemies":"3 Cultists","floor":27.0,"turns":6.0},{"damage":7.0,"enemies":"Chosen and Byrds","floor":28.0,"turns":8.0},{"damage":18.0,"enemies":"Centurion and Healer","floor":30.0,"turns":8.0},{"damage":22.0,"enemies":"Shelled Parasite and Fungi","floor":31.0,"turns":5.0},{"damage":33.0,"enemies":"Collector","floor":33.0,"turns":10.0},{"damage":0.0,"enemies":"3 Shapes","floor":35.0,"turns":3.0},{"damage":5.0,"enemies":"Orb Walker","floor":36.0,"turns":4.0},{"damage":0.0,"enemies":"Transient","floor":37.0,"turns":5.0},{"damage":6.0,"enemies":"4 Shapes","floor":38.0,"turns":4.0},{"damage":7.0,"enemies":"Maw","floor":39.0,"turns":9.0},{"damage":0,"enemies":"Writhing Mass","floor":41,"turns":7},{"damage":8,"enemies":"Jaw Worm Horde","floor":44,"turns":3},{"damage":7,"enemies":"Maw","floor":45,"turns":7},{"damage":20,"enemies":"Transient","floor":46,"turns":5},{"damage":3,"enemies":"4 Shapes","floor":47,"turns":4},{"damage":13,"enemies":"Jaw Worm Horde","floor":48,"turns":5},{"damage":74,"enemies":"Donu and Deca","floor":50,"turns":9}],"seed_played":"6722304566953513436","potions_obtained":[{"floor":1.0,"key":"EntropicBrew"},{"floor":10.0,"key":"Dexterity Potion"},{"floor":11.0,"key":"Swift Potion"},{"floor":13.0,"key":"Block Potion"},{"floor":16.0,"key":"Fire Potion"},{"floor":18.0,"key":"Regen Potion"},{"floor":22.0,"key":"EssenceOfSteel"},{"floor":27.0,"key":"BloodPotion"},{"floor":30.0,"key":"Explosive Potion"},{"floor":31.0,"key":"Energy Potion"},{"floor":33.0,"key":"Swift Potion"},{"floor":35.0,"key":"GamblersBrew"},{"floor":36.0,"key":"Ancient Potion"},{"floor":37.0,"key":"Energy Potion"},{"floor":38.0,"key":"FearPotion"},{"floor":39,"key":"Explosive Potion"},{"floor":41,"key":"HeartOfIron"},{"floor":44,"key":"EntropicBrew"},{"floor":45,"key":"GamblersBrew"},{"floor":46,"key":"PowerPotion"}],"is_trial":false,"path_per_floor":["M","M","?","M","M","R","E","?","T","M","M","R","M","?","R","B",null,"M","?","$","?","M","R","$","R","T","M","M","R","M","M","R","B",null,"M","M","M","M","M","R","M","R","T","M","M","M","M","M","R","B",null],"character_chosen":"IRONCLAD","items_purchased":["Armaments","Body Slam"],"campfire_rested":3,"item_purchase_floors":[20,24],"current_hp_per_floor":[80,80,64,58,58,80,65,65,65,63,56,80,80,62,62,45,80,60,44,44,44,44,68,68,68,68,67,60,75,78,64,79,56,80,80,75,80,80,75,80,80,87,87,87,87,74,71,58,82,53],"gold":19,"neow_bonus":"BOSS_RELIC","is_daily":false,"chose_seed":false,"campfire_upgraded":0,"win_rate":0.0,"timestamp":1609592634,"path_taken":["M","M","?","M","M","R","E","?","T","M","M","R","M","?","R","BOSS","M","?","$","?","M","R","?","R","T","M","M","R","M","?","R","BOSS","M","M","M","M","M","R","M","R","T","M","M","M","M","M","R","BOSS"],"items_purchased_type":["Card","Card"],"build_version":"2020-12-22","purchased_purges":0,"victory":true,"max_hp_per_floor":[80,80,80,80,80,80,80,80,80,80,80,80,80,80,80,80,80,80,80,80,80,80,80,80,80,80,80,80,80,80,80,80,80,80,80,80,80,80,80,80,80,87,87,87,87,87,87,87,87,87],"card_choices":[{"not_picked":["Dropkick","Iron Wave"],"picked":"Ghostly Armor","floor":1.0},{"not_picked":["Dark Embrace","True Grit"],"picked":"Armaments","floor":2.0},{"not_picked":["Flex","Shrug It Off"],"picked":"Cleave","floor":4.0},{"not_picked":["True Grit","Perfected Strike"],"picked":"Flex","floor":5.0},{"not_picked":["Wild Strike","Twin Strike"],"picked":"Anger","floor":7.0},{"not_picked":["Sever Soul","Body Slam"],"picked":"Barricade","floor":10.0},{"not_picked":["Battle Trance","Searing Blow"],"picked":"Pommel Strike","floor":11.0},{"not_picked":["Warcry","Inflame"],"picked":"Power Through","floor":13.0},{"not_picked":["Brutality","Barricade"],"picked":"Juggernaut","floor":16.0},{"not_picked":["Disarm","Sword Boomerang"],"picked":"Armaments","floor":18.0},{"not_picked":["Pommel Strike","Clash"],"picked":"Anger","floor":22.0},{"not_picked":["Heavy Blade","Sever Soul"],"picked":"Pummel","floor":27.0},{"not_picked":["Pommel Strike","True Grit"],"picked":"Reaper","floor":28.0},{"not_picked":["Intimidate","Clothesline+1"],"picked":"Fire Breathing+1","floor":30.0},{"not_picked":["Spot Weakness","Wild Strike+1"],"picked":"Shrug It Off","floor":31.0},{"not_picked":["Fiend Fire","Feed"],"picked":"Demon Form","floor":33.0},{"not_picked":["Clothesline+1","Anger"],"picked":"Pommel Strike+1","floor":35.0},{"not_picked":["True Grit","Searing Blow"],"picked":"Sword Boomerang","floor":36.0},{"not_picked":["Uppercut","True Grit"],"picked":"Armaments","floor":37.0},{"not_picked":["Sword Boomerang+1","Warcry"],"picked":"Pommel Strike","floor":38.0},{"not_picked":["Combust","Wild Strike"],"picked":"Barricade","floor":39},{"not_picked":["Dropkick+1","Warcry+1"],"picked":"Perfected Strike","floor":41},{"not_picked":["Uppercut","Entrench"],"picked":"Flame Barrier+1","floor":44},{"not_picked":["Clothesline+1","Anger"],"picked":"Metallicize+1","floor":45},{"not_picked":["Clash","Seeing Red+1"],"picked":"Sword Boomerang+1","floor":46},{"not_picked":["Wild Strike+1","Clothesline"],"picked":"Evolve","floor":47},{"not_picked":["Clash+1","Warcry+1"],"picked":"Flex","floor":48}],"player_experience":19088,"relics_obtained":[{"floor":7.0,"key":"InkBottle"},{"floor":9.0,"key":"Gremlin Horn"},{"floor":15.0,"key":"Oddly Smooth Stone"},{"floor":19.0,"key":"Nilry\u0027s Codex"},{"floor":25.0,"key":"Letter Opener"},{"floor":26.0,"key":"Eternal Feather"},{"floor":29.0,"key":"Bottled Tornado"},{"floor":32.0,"key":"Bottled Flame"},{"floor":40,"key":"Pen Nib"},{"floor":42,"key":"Strawberry"},{"floor":43,"key":"Toy Ornithopter"},{"floor":49,"key":"Kunai"}],"event_choices":[{"damage_healed":0.0,"max_hp_gain":0.0,"max_hp_loss":0.0,"gold_gain":0.0,"event_name":"Shining Light","player_choice":"Entered Light","floor":3.0,"gold_loss":0.0,"damage_taken":16.0,"cards_upgraded":["Bash","Armaments"]},{"damage_healed":0.0,"max_hp_gain":0.0,"max_hp_loss":0.0,"gold_gain":0.0,"event_name":"Big Fish","player_choice":"Box","floor":8.0,"gold_loss":0.0,"damage_taken":0.0,"relics_obtained":["White Beast Statue"],"cards_obtained":["Regret"]},{"damage_healed":0.0,"max_hp_gain":0.0,"max_hp_loss":0.0,"gold_gain":0.0,"event_name":"Scrap Ooze","player_choice":"Success","floor":14.0,"gold_loss":0.0,"damage_taken":18.0,"relics_obtained":["Shovel"]},{"damage_healed":0.0,"max_hp_gain":0.0,"max_hp_loss":0.0,"gold_gain":0.0,"event_name":"Cursed Tome","player_choice":"Obtained Book","floor":19.0,"gold_loss":0.0,"damage_taken":16.0},{"damage_healed":0.0,"max_hp_gain":0.0,"max_hp_loss":0.0,"gold_gain":0.0,"event_name":"Addict","player_choice":"Stole Relic","floor":21.0,"gold_loss":0.0,"damage_taken":0.0,"relics_obtained":["Anchor"],"cards_obtained":["Shame"]}],"is_beta":false,"boss_relics":[{"not_picked":["Empty Cage","Tiny House"],"picked":"Runic Pyramid"},{"not_picked":["Mark of Pain","Black Star"],"picked":"Fusion Hammer"}],"items_purged_floors":[],"is_endless":false,"potions_floor_spawned":[1,10,11,13,16,18,22,27,28,30,31,33,35,36,37,38,39,41,44,45,46,47,48],"ascension_level":0}}