{"host":"4vq2xwkpdrxril92","time":1609611574,"event":{"mods":["BaseMod","Card Forge","Energized Spire","Fireblade Mod","Hubris","Minty Spire (QoL Compilation)","Quick Restart","Shop Mod","StSLib","The Cursed"],"gold_per_floor":[109,120,120,137,137,170,198,198],"floor_reached":7,"playtime":931,"items_purged":[],"score":86,"play_id":"82286a39-c50c-4725-8e3a-ff757ddbfbf0","local_time":"20210103031934","daily_mods":["SealedDeck","Heirloom","Time Dilation","Flight","Elite Swarm","Lethality"],"is_ascension_mode":false,"campfire_choices":[],"circlet_count":0,"master_deck":["FireBladeMod:ThirstForBlood+1","FireBladeMod:Flames+1","FireBladeMod:ComplexDefense+1","FireBladeMod:ComplexDefense+1","FireBladeMod:StingingSlash+1","FireBladeMod:ComboSlashes+1","FireBladeMod:ComboSlashes+1","FireBladeMod:BackhandSwing+1","FireBladeMod:ComplexAttack+1","FireBladeMod:RapidHits+1","FireBladeMod:ComboCleave+1","FireBladeMod:Ember+1","FireBladeMod:Necronomisword+1","FireBladeMod:LightningCombo"],"relics":["FireBladeMod:DuelistLocket","Hammer of Thor","Seething Fire","Anvil of the Gods","Calipers","hubris:Towel","FireBladeMod:Matches","Girya"],"acts_visited":["Exordium"],"potions_floor_usage":[],"damage_taken":[{"damage":0,"enemies":"2 Louse","floor":1,"turns":1},{"damage":0,"enemies":"Cultist","floor":2,"turns":1},{"damage":11,"enemies":"Small Slimes","floor":4,"turns":2},{"damage":21,"enemies":"3 Sentries","floor":6,"turns":3},{"damage":0,"enemies":"Gremlin Nob","floor":7,"turns":2}],"seed_played":"5807493063310153102","potions_obtained":[{"floor":1,"key":"FireBladeMod:NapalmFlask"},{"floor":2,"key":"FireBladeMod:NapalmFlask"}],"is_trial":true,"path_per_floor":["M","M","?","M","?","E","E"],"character_chosen":"THE_FIREBLADE","items_purchased":[],"campfire_rested":0,"item_purchase_floors":[],"current_hp_per_floor":[70,70,70,59,59,38,38,38],"gold":198,"neow_bonus":"","is_daily":false,"chose_seed":false,"campfire_upgraded":0,"win_rate":0.0,"timestamp":1609611574,"path_taken":["M","M","?","?","?","E","E"],"items_purchased_type":[],"build_version":"2020-12-22","purchased_purges":0,"victory":false,"max_hp_per_floor":[70,70,70,70,70,70,70,70],"card_choices":[{"not_picked":["FireBladeMod:Shove","FireBladeMod:ComboSlashes"],"picked":"FireBladeMod:IronEndurance","floor":1},{"not_picked":["FireBladeMod:AdrenalineBoost","FireBladeMod:ComplexDefense"],"picked":"FireBladeMod:BackhandSwing","floor":2},{"not_picked":["FireBladeMod:SmashingEndurance","FireBladeMod:SoulStrike"],"picked":"FireBladeMod:ComplexAttack","floor":4},{"not_picked":["FireBladeMod:DeathBlade","FireBladeMod:HellFire"],"picked":"FireBladeMod:RapidHits","floor":6},{"not_picked":["FireBladeMod:GlassGreatsword","FireBladeMod:RapidHits"],"picked":"FireBladeMod:LightningCombo","floor":7}],"player_experience":1162366,"relics_obtained":[{"floor":6,"key":"FireBladeMod:Matches"},{"floor":7,"key":"Girya"}],"event_choices":[{"damage_healed":0,"gold_gain":0,"player_choice":"Ignored","damage_taken":0,"max_hp_gain":0,"max_hp_loss":0,"event_name":"NoteForYourself","floor":3,"gold_loss":0}],"is_beta":false,"boss_relics":[],"items_purged_floors":[],"is_endless":true,"potions_floor_spawned":[1,2,6],"killed_by":"Gremlin Nob","ascension_level":0}}