{"host":"873t0y8ybyo38pfq","time":1609603538,"event":{"mods":["BaseMod","Bestiary","Colored Map","Colored Powertips","Highlight Path","Minty Spire (QoL Compilation)","Quick Restart","RNG Fix","Rare Cards Sparkle","Relic Stats","StSLib"],"gold_per_floor":[417,382,382,21,35,35,69,87,87,105,118,147,174,191,191,263,263,273,287,50,100,113,113,113,113],"floor_reached":24,"playtime":716,"items_purged":[],"score":416,"play_id":"13f76e83-aeae-46ef-9fcb-733350481857","local_time":"20210102110538","is_ascension_mode":true,"campfire_choices":[{"data":"Zap","floor":6,"key":"SMITH"},{"data":"Defragment","floor":15,"key":"SMITH"},{"floor":23,"key":"REST"}],"circlet_count":0,"master_deck":["AscendersBane","Strike_B","Strike_B","Strike_B","Strike_B","Defend_B","Defend_B","Defend_B","Defend_B","Zap+1","Dualcast","Lockon","Sweeping Beam+1","Hologram","Go for the Eyes+1","Conserve Battery","Glacier","Leap","Core Surge+1","Defragment+1","Doom and Gloom+1","Buffer","Glacier","Capacitor","Core Surge+1","Leap+1"],"relics":["Cracked Core","Old Coin","Molten Egg 2","Vajra","Letter Opener","Odd Mushroom","Blood Vial","Sozu"],"acts_visited":["TheCity"],"potions_floor_usage":[7,12,13,13,22,24],"damage_taken":[{"damage":14,"enemies":"Small Slimes","floor":1,"turns":3},{"damage":1,"enemies":"Cultist","floor":5,"turns":3},{"damage":15,"enemies":"Lagavulin","floor":7,"turns":5},{"damage":4,"enemies":"2 Louse","floor":8,"turns":2},{"damage":15,"enemies":"Exordium Wildlife","floor":10,"turns":3},{"damage":4,"enemies":"Blue Slaver","floor":11,"turns":3},{"damage":0,"enemies":"The Mushroom Lair","floor":12,"turns":3},{"damage":7,"enemies":"Gremlin Nob","floor":13,"turns":3},{"damage":0,"enemies":"2 Fungi Beasts","floor":14,"turns":3},{"damage":9,"enemies":"Slime Boss","floor":16,"turns":7},{"damage":25,"enemies":"3 Byrds","floor":18,"turns":5},{"damage":6,"enemies":"2 Thieves","floor":19,"turns":4},{"damage":21,"enemies":"Centurion and Healer","floor":22,"turns":7},{"damage":40,"enemies":"Book of Stabbing","floor":24,"turns":7}],"seed_played":"7747206680163445177","potions_obtained":[{"floor":5,"key":"SpeedPotion"},{"floor":10,"key":"SteroidPotion"},{"floor":11,"key":"EssenceOfSteel"},{"floor":12,"key":"EssenceOfSteel"},{"floor":13,"key":"Weak Potion"},{"floor":16,"key":"LiquidMemories"}],"is_trial":false,"path_per_floor":["M","?","?","$","M","R","E","M","T","M","M","?","E","M","R","B",null,"M","M","$","?","M","R","E"],"character_chosen":"DEFECT","items_purchased":["Molten Egg 2","Sweeping Beam+1","Hologram","Capacitor","Core Surge+1"],"campfire_rested":1,"item_purchase_floors":[4,4,4,20,20],"current_hp_per_floor":[32,49,71,71,70,70,55,51,51,36,32,32,25,27,27,20,58,35,31,31,31,12,33,0,0],"gold":113,"neow_bonus":"ONE_RARE_RELIC","is_daily":false,"chose_seed":false,"campfire_upgraded":2,"win_rate":0.0,"timestamp":1609603538,"path_taken":["M","?","?","$","M","R","E","M","T","?","?","?","E","M","R","BOSS","M","M","$","?","M","R","E"],"items_purchased_type":["Relic","Card","Card","Card","Card"],"build_version":"2020-12-22","purchased_purges":0,"victory":false,"max_hp_per_floor":[71,71,71,71,71,71,71,71,71,71,71,71,71,71,71,71,71,71,71,71,71,71,71,71,71],"relic_stats":{"Blood Vial":12,"Sozu":1,"counters":[14,58],"Letter Opener":[64],"obtain_stats":[{"Blood Vial":13,"Sozu":17,"Vajra":7,"Molten Egg 2":4,"Letter Opener":9,"Odd Mushroom":12,"Cracked Core":0,"Old Coin":0},{"Blood Vial":8,"Sozu":10,"Vajra":3,"Molten Egg 2":1,"Letter Opener":4,"Odd Mushroom":7,"Cracked Core":0,"Old Coin":0},{"Blood Vial":25,"Sozu":35,"Vajra":11,"Molten Egg 2":3,"Letter Opener":13,"Odd Mushroom":22,"Cracked Core":0,"Old Coin":0}]},"card_choices":[{"not_picked":["FTL","Compile Driver"],"picked":"Lockon","floor":1},{"not_picked":["Steam","Streamline+1","Fusion"],"picked":"SKIP","floor":5},{"not_picked":["Rip and Tear+1","Lockon+1"],"picked":"Go for the Eyes+1","floor":7},{"not_picked":["Stack","Skim"],"picked":"Conserve Battery","floor":8},{"not_picked":["Rip and Tear+1","Sweeping Beam+1"],"picked":"Glacier","floor":10},{"not_picked":["Sweeping Beam+1","Steam"],"picked":"Leap","floor":11},{"not_picked":["BootSequence","Go for the Eyes+1"],"picked":"Core Surge+1","floor":12},{"not_picked":["Steam","Undo"],"picked":"Defragment","floor":13},{"not_picked":["Rebound+1","Hello World"],"picked":"Doom and Gloom+1","floor":14},{"not_picked":["All For One+1","Hyperbeam+1"],"picked":"Buffer","floor":16},{"not_picked":["Cold Snap+1","Static Discharge","Sweeping Beam+1"],"picked":"SKIP","floor":18},{"not_picked":["Stack+1","Go for the Eyes+1"],"picked":"Glacier","floor":19},{"not_picked":["Streamline+1","White Noise"],"picked":"Leap+1","floor":22}],"player_experience":1484609,"relics_obtained":[{"floor":7,"key":"Vajra"},{"floor":9,"key":"Letter Opener"},{"floor":12,"key":"Odd Mushroom"},{"floor":13,"key":"Blood Vial"}],"event_choices":[{"damage_healed":17,"gold_gain":0,"player_choice":"Healed","damage_taken":0,"max_hp_gain":0,"max_hp_loss":0,"event_name":"The Cleric","floor":2,"gold_loss":35},{"damage_healed":22,"gold_gain":0,"player_choice":"Full Heal","damage_taken":0,"max_hp_gain":0,"max_hp_loss":0,"event_name":"Wheel of Change","floor":3,"gold_loss":0},{"damage_healed":0,"gold_gain":0,"player_choice":"Fought Mushrooms","damage_taken":0,"max_hp_gain":0,"max_hp_loss":0,"event_name":"Mushrooms","floor":12,"gold_loss":0},{"damage_healed":0,"gold_gain":50,"player_choice":"Stole From Cult","damage_taken":0,"max_hp_gain":0,"max_hp_loss":0,"event_name":"Nest","floor":21,"gold_loss":0}],"is_beta":false,"boss_relics":[{"not_picked":["Runic Pyramid","Runic Dome"],"picked":"Sozu"}],"items_purged_floors":[],"is_endless":false,"potions_floor_spawned":[5,10,11,12,13,16,22],"killed_by":"Book of Stabbing","ascension_level":20}}