{"host":"w9yruvs4bqht6bhw","time":1609558050,"event":{"mods":["BaseMod","Colored Powertips","Minty Spire (QoL Compilation)"],"gold_per_floor":[112,131,131,148,24,56,56,76,99,134,134,149,149,164,164,268,268,282,158,83,83,94,94,94,94,117,136,136,136],"floor_reached":28,"playtime":810,"items_purged":["Strike_R","Strike_R"],"score":335,"play_id":"0a669bf8-3527-483c-ae2b-aadbcaaff727","local_time":"20210101222730","is_ascension_mode":true,"campfire_choices":[{"floor":7,"key":"REST"},{"floor":11,"key":"REST"},{"data":"Rampage","floor":15,"key":"SMITH"},{"floor":23,"key":"REST"}],"circlet_count":0,"master_deck":["Strike_R","Strike_R","Defend_R","Defend_R","Defend_R","Defend_R","Bash","Rampage+1","Spot Weakness","Battle Trance","Pommel Strike","Pommel Strike","Immolate","Rage","Pommel Strike"],"relics":["Black Blood","Potion Belt","Bag of Preparation","MutagenicStrength","Nloth\u0027s Gift","Ancient Tea Set"],"acts_visited":["Exordium","TheCity"],"potions_floor_usage":[10,10,10,16,16,24,27],"damage_taken":[{"damage":0,"enemies":"2 Louse","floor":1,"turns":1},{"damage":0,"enemies":"Cultist","floor":2,"turns":1},{"damage":0,"enemies":"Jaw Worm","floor":4,"turns":1},{"damage":61,"enemies":"Gremlin Nob","floor":6,"turns":5},{"damage":12,"enemies":"Looter","floor":8,"turns":3},{"damage":30,"enemies":"Lagavulin","floor":10,"turns":4},{"damage":29,"enemies":"Large Slime","floor":12,"turns":6},{"damage":8,"enemies":"Red Slaver","floor":14,"turns":5},{"damage":31,"enemies":"The Guardian","floor":16,"turns":10},{"damage":40,"enemies":"Chosen","floor":18,"turns":5},{"damage":35,"enemies":"2 Thieves","floor":22,"turns":4},{"damage":0,"enemies":"Gremlin Leader","floor":24,"turns":1},{"damage":22,"enemies":"Cultist and Chosen","floor":27,"turns":6},{"damage":48,"enemies":"Shelled Parasite and Fungi","floor":28,"turns":3}],"seed_played":"9195676715522573739","potions_obtained":[{"floor":6,"key":"AttackPotion"},{"floor":8,"key":"AttackPotion"},{"floor":10,"key":"LiquidMemories"},{"floor":12,"key":"Swift Potion"},{"floor":18,"key":"LiquidBronze"},{"floor":22,"key":"SmokeBomb"}],"is_trial":false,"path_per_floor":["M","M","?","M","$","E","R","M","T","E","R","M","?","M","R","B",null,"M","$","?","?","M","R","E","?","T","M","M"],"character_chosen":"IRONCLAD","items_purchased":["Energy Potion","Pommel Strike"],"campfire_rested":3,"item_purchase_floors":[5,19],"current_hp_per_floor":[78,80,80,80,80,25,49,43,43,19,43,20,46,44,44,19,65,37,37,37,37,14,38,50,50,50,40,0,0],"gold":136,"neow_bonus":"THREE_ENEMY_KILL","is_daily":false,"chose_seed":false,"campfire_upgraded":1,"win_rate":0.0,"timestamp":1609558050,"path_taken":["M","M","?","?","?","E","R","M","T","E","R","M","?","M","R","BOSS","M","$","?","?","M","R","E","?","T","M","M"],"items_purchased_type":["Potion","Card"],"build_version":"2020-12-22","purchased_purges":2,"victory":false,"max_hp_per_floor":[80,80,80,80,80,80,80,80,80,80,80,80,80,80,80,80,80,80,80,80,80,80,80,80,80,80,80,80,80],"card_choices":[{"not_picked":["Flex","Anger"],"picked":"Rampage","floor":1},{"not_picked":["Disarm","Carnage"],"picked":"Spot Weakness","floor":2},{"not_picked":["Evolve","Wild Strike"],"picked":"Battle Trance","floor":4},{"not_picked":["Perfected Strike","Wild Strike"],"picked":"Pommel Strike","floor":6},{"not_picked":["Clash","Second Wind"],"picked":"Pommel Strike","floor":8},{"not_picked":["Corruption","Armaments","Berserk"],"picked":"SKIP","floor":10},{"not_picked":["Sever Soul","Infernal Blade","Heavy Blade"],"picked":"SKIP","floor":12},{"not_picked":["Feel No Pain","Sword Boomerang","Cleave"],"picked":"SKIP","floor":14},{"not_picked":["Corruption","Brutality"],"picked":"Immolate","floor":16},{"not_picked":["Clothesline","Twin Strike"],"picked":"Rage","floor":18},{"not_picked":["Clash","Twin Strike","Dropkick"],"picked":"SKIP","floor":22},{"not_picked":["Reckless Charge","Dual Wield","Perfected Strike"],"picked":"SKIP","floor":27}],"player_experience":252344,"relics_obtained":[{"floor":6,"key":"Potion Belt"},{"floor":10,"key":"Bag of Preparation"},{"floor":26,"key":"Ancient Tea Set"}],"event_choices":[{"damage_healed":0,"gold_gain":0,"player_choice":"Ignored","damage_taken":0,"max_hp_gain":0,"max_hp_loss":0,"event_name":"WeMeetAgain","floor":3,"gold_loss":0},{"damage_healed":26,"gold_gain":0,"player_choice":"Banana","damage_taken":0,"max_hp_gain":0,"max_hp_loss":0,"event_name":"Big Fish","floor":13,"gold_loss":0},{"cards_removed":["Strike_R"],"damage_healed":0,"gold_gain":0,"player_choice":"Gave Gold","damage_taken":0,"max_hp_gain":0,"max_hp_loss":0,"event_name":"Beggar","floor":20,"gold_loss":75},{"damage_healed":0,"gold_gain":0,"player_choice":"Inject Mutagens","damage_taken":0,"relics_obtained":["MutagenicStrength"],"max_hp_gain":0,"max_hp_loss":0,"event_name":"Drug Dealer","floor":21,"gold_loss":0},{"damage_healed":0,"gold_gain":0,"player_choice":"Traded Relic","damage_taken":0,"relics_obtained":["Nloth\u0027s Gift"],"max_hp_gain":0,"max_hp_loss":0,"event_name":"N\u0027loth","floor":25,"relics_lost":["NeowsBlessing"],"gold_loss":0}],"is_beta":false,"boss_relics":[{"not_picked":["Snecko Eye","Coffee Dripper"],"picked":"Black Blood"}],"items_purged_floors":[5,19],"is_endless":false,"potions_floor_spawned":[6,8,10,12,18,22],"killed_by":"Shelled Parasite and Fungi","ascension_level":7}}