{"host":"ji1fk25fd1ga4ji1","time":1609604842,"event":{"mods":["2.2 Compatiblity","BaseMod","Colored Map","DeckTracker","Minty Spire (QoL Compilation)","Permanent Neow","Quick Restart","StSLib","SuperFastMode"],"gold_per_floor":[119,72,88,98,117,146,146,174,201,201,214,214,118,138,138,236,236,248,248,258,208,222,222,222,222,247,258,91,101,101,135,135,238,238,252,272,291,310,260,260,210,239,239,257,277,277,305,318,318,318],"floor_reached":51,"playtime":1248,"items_purged":["Strike_G","Strike_G","Defend_G","Strike_G","Defend_G"],"score":828,"play_id":"0dc47634-879f-4b60-a727-2743f7ed814f","local_time":"20210103012722","is_ascension_mode":true,"campfire_choices":[{"data":"Blade Dance","floor":7.0,"key":"SMITH"},{"data":"Venomology","floor":10.0,"key":"SMITH"},{"floor":15.0,"key":"REST"},{"data":"Blade Dance","floor":23,"key":"SMITH"},{"data":"Backflip","floor":25,"key":"SMITH"},{"data":"Cloak And Dagger","floor":30,"key":"SMITH"},{"data":"Cloak And Dagger","floor":32,"key":"SMITH"},{"data":"A Thousand Cuts","floor":40,"key":"SMITH"},{"floor":46,"key":"REST"},{"data":"Phantasmal Killer","floor":49,"key":"SMITH"}],"circlet_count":0,"master_deck":["Strike_G+1","Strike_G+1","Defend_G","Defend_G","Defend_G","Survivor","Neutralize","Venomology+1","Flying Knee","Blade Dance+1","Backflip+1","All Out Attack","Die Die Die","Blade Dance+1","Cloak And Dagger+1","Infinite Blades","Cloak And Dagger+1","A Thousand Cuts+1","Adrenaline","Footwork","Blade Dance+1","Phantasmal Killer+1"],"relics":["Ring of the Snake","Shuriken","Vajra","Smiling Mask","SacredBark","Nloth\u0027s Gift","Ancient Tea Set","Paper Crane","WristBlade","Strawberry","Mummified Hand","Gremlin Horn"],"acts_visited":["Exordium","TheCity","TheBeyond"],"potions_floor_usage":[20,22,29,31,33,36,42,44,47,48,50,50,50],"damage_taken":[{"damage":2.0,"enemies":"Cultist","floor":1.0,"turns":4.0},{"damage":0.0,"enemies":"Jaw Worm","floor":3.0,"turns":3.0},{"damage":5.0,"enemies":"Small Slimes","floor":4.0,"turns":3.0},{"damage":5.0,"enemies":"Exordium Thugs","floor":5.0,"turns":4.0},{"damage":13.0,"enemies":"Gremlin Nob","floor":6.0,"turns":4.0},{"damage":26.0,"enemies":"Lagavulin","floor":8.0,"turns":6.0},{"damage":0.0,"enemies":"Large Slime","floor":11.0,"turns":3.0},{"damage":0.0,"enemies":"Exordium Wildlife","floor":14.0,"turns":3.0},{"damage":14.0,"enemies":"The Guardian","floor":16.0,"turns":11.0},{"damage":0.0,"enemies":"3 Byrds","floor":18.0,"turns":4.0},{"damage":3,"enemies":"Shell Parasite","floor":20,"turns":2},{"damage":4,"enemies":"Centurion and Healer","floor":22,"turns":6},{"damage":2,"enemies":"Chosen and Byrds","floor":27,"turns":4},{"damage":2,"enemies":"Snecko","floor":29,"turns":4},{"damage":0,"enemies":"Gremlin Leader","floor":31,"turns":3},{"damage":23,"enemies":"Champ","floor":33,"turns":7},{"damage":0,"enemies":"Orb Walker","floor":35,"turns":3},{"damage":3,"enemies":"3 Darklings","floor":36,"turns":3},{"damage":0,"enemies":"Transient","floor":37,"turns":5},{"damage":0,"enemies":"Sphere and 2 Shapes","floor":38,"turns":2},{"damage":17,"enemies":"Reptomancer","floor":42,"turns":3},{"damage":6,"enemies":"Writhing Mass","floor":44,"turns":5},{"damage":15,"enemies":"Transient","floor":45,"turns":5},{"damage":0,"enemies":"Giant Head","floor":47,"turns":5},{"damage":4,"enemies":"Spire Growth","floor":48,"turns":3},{"damage":5,"enemies":"Time Eater","floor":50,"turns":2}],"seed_played":"-7101728284127149134","potions_obtained":[{"floor":1.0,"key":"Block Potion"},{"floor":6.0,"key":"ColorlessPotion"},{"floor":14.0,"key":"SmokeBomb"},{"floor":27,"key":"SteroidPotion"},{"floor":29,"key":"Dexterity Potion"},{"floor":36,"key":"Explosive Potion"}],"is_trial":false,"path_per_floor":["M","$","M","M","M","E","R","E","T","R","M","?","$","M","R","B",null,"M","?","M","$","M","R","?","R","T","M","$","M","R","E","R","B",null,"M","M","M","M","$","R","$","E","T","M","M","R","E","M","R","B",null],"character_chosen":"THE_SILENT","items_purchased":["Blade Dance","Blade Dance","Cloak And Dagger","Infinite Blades"],"campfire_rested":2,"item_purchase_floors":[2,13,28,28],"current_hp_per_floor":[68,68,68,63,58,45,45,19,19,19,19,7,7,7,28,14,70,70,70,67,67,63,63,63,63,63,61,61,59,59,59,59,36,70,70,67,67,67,67,67,67,57,57,51,36,59,59,55,55,50],"gold":318,"neow_bonus":"ONE_RANDOM_RARE_CARD","is_daily":false,"chose_seed":false,"campfire_upgraded":8,"win_rate":0.0,"timestamp":1609604842,"path_taken":["M","$","M","M","?","E","R","E","T","R","M","?","?","M","R","BOSS","M","?","M","$","M","R","?","R","T","?","$","M","R","E","R","BOSS","M","M","M","M","$","R","$","E","T","M","M","R","E","M","R","BOSS"],"items_purchased_type":["Card","Card","Card","Card"],"build_version":"2020-12-22","purchased_purges":5,"victory":true,"max_hp_per_floor":[70,70,70,70,70,70,70,70,70,70,70,70,70,70,70,70,70,70,70,70,70,70,70,70,70,70,70,70,70,70,70,70,70,70,70,70,70,70,70,70,70,77,77,77,77,77,77,77,77,77],"card_choices":[{"not_picked":["Dagger Throw","Sucker Punch"],"picked":"Flying Knee","floor":1.0},{"not_picked":["Acrobatics","Flechettes"],"picked":"Backflip","floor":3.0},{"not_picked":["Distraction","Deflect"],"picked":"All Out Attack","floor":4.0},{"not_picked":["Slice","Outmaneuver","Choke"],"picked":"SKIP","floor":5.0},{"not_picked":["Bane","Distraction"],"picked":"Die Die Die","floor":6.0},{"not_picked":["Heel Hook","Skewer","Backflip"],"picked":"SKIP","floor":8.0},{"not_picked":["Dodge and Roll","Quick Slash","Poisoned Stab"],"picked":"SKIP","floor":11.0},{"not_picked":["Wraith Form v2","Outmaneuver","Blur"],"picked":"SKIP","floor":14.0},{"not_picked":["Catalyst","Dodge and Roll","Heel Hook"],"picked":"SKIP","floor":18.0},{"not_picked":["Flechettes","Backflip","Deadly Poison"],"picked":"SKIP","floor":20},{"not_picked":["Deflect","Backflip","Underhanded Strike"],"picked":"SKIP","floor":22},{"not_picked":["Deadly Poison+1","Flying Knee","Prepared+1"],"picked":"SKIP","floor":27},{"not_picked":["Night Terror","Backflip","Outmaneuver+1"],"picked":"SKIP","floor":29},{"not_picked":["Setup","Slice"],"picked":"Cloak And Dagger","floor":31},{"not_picked":["Night Terror","Wraith Form v2"],"picked":"A Thousand Cuts","floor":33},{"not_picked":["Sucker Punch+1","Concentrate+1","Predator+1"],"picked":"SKIP","floor":35},{"not_picked":["Finisher+1","Poisoned Stab+1","PiercingWail"],"picked":"SKIP","floor":36},{"not_picked":["Acrobatics","Outmaneuver+1"],"picked":"Adrenaline","floor":37},{"not_picked":["Dodge and Roll+1","Acrobatics","Sucker Punch"],"picked":"SKIP","floor":38},{"not_picked":["Heel Hook","PiercingWail+1"],"picked":"Footwork","floor":42},{"not_picked":["Well Laid Plans+1","Tools of the Trade","Acrobatics+1"],"picked":"SKIP","floor":44},{"not_picked":["Choke+1","Dodge and Roll"],"picked":"Blade Dance+1","floor":45},{"not_picked":["Blade Dance","Cloak And Dagger+1","Deflect"],"picked":"SKIP","floor":47},{"not_picked":["Dodge and Roll+1","Cloak And Dagger+1"],"picked":"Phantasmal Killer","floor":48}],"player_experience":1233263,"relics_obtained":[{"floor":6.0,"key":"Shuriken"},{"floor":8.0,"key":"Whetstone"},{"floor":9.0,"key":"Vajra"},{"floor":26,"key":"Ancient Tea Set"},{"floor":31,"key":"Paper Crane"},{"floor":42,"key":"Strawberry"},{"floor":43,"key":"Mummified Hand"},{"floor":47,"key":"Gremlin Horn"}],"event_choices":[{"damage_healed":0.0,"max_hp_gain":0.0,"max_hp_loss":0.0,"gold_gain":0.0,"event_name":"Scrap Ooze","player_choice":"Success","floor":12.0,"gold_loss":0.0,"damage_taken":12.0,"relics_obtained":["Smiling Mask"]},{"damage_healed":0,"gold_gain":0,"player_choice":"Ignored","damage_taken":0,"max_hp_gain":0,"max_hp_loss":0,"event_name":"The Mausoleum","floor":19,"gold_loss":0},{"damage_healed":0,"gold_gain":0,"player_choice":"Traded Relic","damage_taken":0,"relics_obtained":["Nloth\u0027s Gift"],"max_hp_gain":0,"max_hp_loss":0,"event_name":"N\u0027loth","floor":24,"relics_lost":["Whetstone"],"gold_loss":0}],"is_beta":false,"boss_relics":[{"not_picked":["Philosopher\u0027s Stone","Snecko Eye"],"picked":"SacredBark"},{"not_picked":["Pandora\u0027s Box","Fusion Hammer"],"picked":"WristBlade"}],"items_purged_floors":[13,21,28,39,41],"is_endless":false,"potions_floor_spawned":[1,6,14,27,29,31,36,45,48],"ascension_level":1}}