{"host":"w9yruvs4bqht6bhw","time":1609557224,"event":{"mods":["BaseMod","Colored Powertips","Minty Spire (QoL Compilation)"],"gold_per_floor":[115,115,132,132,12,12,22,22,94,94,127,141,141,161,161,258,258,276,100,113,113,113],"floor_reached":21,"playtime":675,"items_purged":["Bash"],"score":242,"play_id":"08a59abf-fb1f-43bb-b787-ad3faf18f1c0","local_time":"20210101221344","is_ascension_mode":true,"campfire_choices":[{"data":"Heavy Blade","floor":6,"key":"SMITH"},{"data":"Flex","floor":10,"key":"SMITH"},{"data":"Dual Wield","floor":13,"key":"SMITH"},{"data":"Inflame","floor":15,"key":"SMITH"}],"circlet_count":0,"master_deck":["Strike_R","Strike_R","Strike_R","Defend_R","Defend_R","Defend_R","Heavy Blade+1","Shrug It Off","Dual Wield+1","Inflame+1","Flex+1","Iron Wave","Intimidate","Demon Form","Flex"],"relics":["Burning Blood","NeowsBlessing","Gremlin Horn","Eternal Feather","Ancient Tea Set","Empty Cage"],"acts_visited":["Exordium","TheCity"],"potions_floor_usage":[11,12,16,16,20,21],"damage_taken":[{"damage":0,"enemies":"Jaw Worm","floor":1,"turns":1},{"damage":0,"enemies":"Cultist","floor":3,"turns":1},{"damage":0,"enemies":"Small Slimes","floor":7,"turns":1},{"damage":12,"enemies":"Lagavulin","floor":11,"turns":4},{"damage":15,"enemies":"Exordium Thugs","floor":12,"turns":4},{"damage":8,"enemies":"Blue Slaver","floor":14,"turns":4},{"damage":26,"enemies":"Slime Boss","floor":16,"turns":10},{"damage":46,"enemies":"Spheric Guardian","floor":18,"turns":7},{"damage":18,"enemies":"3 Byrds","floor":20,"turns":6},{"damage":8,"enemies":"Shelled Parasite and Fungi","floor":21,"turns":2}],"seed_played":"3698058387490147344","potions_obtained":[{"floor":3,"key":"Dexterity Potion"},{"floor":7,"key":"SteroidPotion"},{"floor":11,"key":"Swift Potion"},{"floor":18,"key":"FearPotion"},{"floor":20,"key":"Explosive Potion"}],"is_trial":false,"path_per_floor":["M","?","M","?","$","R","M","$","T","R","E","M","R","M","R","B",null,"M","$","M","M"],"character_chosen":"IRONCLAD","items_purchased":["Inflame","AttackPotion","Flex","Energy Potion"],"campfire_rested":0,"item_purchase_floors":[5,5,19,19],"current_hp_per_floor":[78,75,80,80,80,80,80,80,80,80,74,65,74,72,80,60,75,35,35,23,15,15],"gold":113,"neow_bonus":"THREE_ENEMY_KILL","is_daily":false,"chose_seed":false,"campfire_upgraded":4,"win_rate":0.0,"timestamp":1609557224,"path_taken":["M","?","M","?","$","R","?","?","T","R","E","M","R","M","R","BOSS","M","$","M","?"],"items_purchased_type":["Card","Potion","Card","Potion"],"build_version":"2020-12-22","purchased_purges":1,"victory":false,"max_hp_per_floor":[80,80,80,80,80,80,80,80,80,80,80,80,80,80,80,80,80,80,80,80,80,80],"card_choices":[{"not_picked":["Armaments","Havoc"],"picked":"Heavy Blade","floor":1},{"not_picked":["Sever Soul","Disarm"],"picked":"Shrug It Off","floor":3},{"not_picked":["Warcry","Twin Strike"],"picked":"Flex","floor":7},{"not_picked":["Headbutt","Reaper"],"picked":"Iron Wave","floor":11},{"not_picked":["Second Wind","Reckless Charge","Dropkick"],"picked":"SKIP","floor":12},{"not_picked":["Warcry","Shockwave"],"picked":"Intimidate","floor":14},{"not_picked":["Juggernaut","Impervious"],"picked":"Demon Form","floor":16},{"not_picked":["True Grit","Headbutt","Clothesline+1"],"picked":"SKIP","floor":18},{"not_picked":["Armaments+1","Sever Soul+1","Perfected Strike"],"picked":"SKIP","floor":20}],"player_experience":251669,"relics_obtained":[{"floor":9,"key":"Eternal Feather"},{"floor":11,"key":"Ancient Tea Set"}],"event_choices":[{"damage_healed":0,"gold_gain":0,"player_choice":"Success","damage_taken":3,"relics_obtained":["Gremlin Horn"],"max_hp_gain":0,"max_hp_loss":0,"event_name":"Scrap Ooze","floor":2,"gold_loss":0},{"damage_healed":0,"gold_gain":0,"cards_transformed":["Strike_R"],"player_choice":"Transformed","damage_taken":0,"max_hp_gain":0,"max_hp_loss":0,"event_name":"Transmorgrifier","floor":4,"gold_loss":0,"cards_obtained":["Dual Wield"]}],"is_beta":false,"boss_relics":[{"not_picked":["Philosopher\u0027s Stone","Runic Dome"],"picked":"Empty Cage"}],"items_purged_floors":[19],"is_endless":false,"potions_floor_spawned":[3,7,11,18,20],"killed_by":"Shelled Parasite and Fungi","ascension_level":7}}