{"host":"hbvn1mkfq2iixsau","time":1609613629,"event":{"mods":["AchievementEnabler","Act Like it!","BaseMod","Better Altar","Better Match","Better Sensory Stone","Better Skull","Better Third Choice","Colored Map","Displayed Cursed Tome","Filter the Spire","Minty Spire (QoL Compilation)","Quick Restart","Relic Stats","Replay The Spire","Shop Mod","StSLib","The Cursed","The Jungle"],"gold_per_floor":[113,113,188,188,204,230,243,254,279,299,332,344,357,357,357],"floor_reached":14,"playtime":709,"items_purged":[],"score":109,"play_id":"85521d3f-7f1d-4a9d-b87c-3f358d401916","local_time":"20210102205349","is_ascension_mode":true,"campfire_choices":[],"circlet_count":0,"master_deck":["Strike_R+1","Strike_R","Strike_R","Strike_R+1","Strike_R","Defend_R","Defend_R","Defend_R","Defend_R","Bash","Life Link","Double Tap","Inflame","Wild Strike","Replay:Undeath\u0027s Touch","Run Through","Rampage","Life Link"],"relics":["Black Star","PreservedInsect","Omamori","Torii","Anchor","Replay:Arrowhead","Simple Rune"],"acts_visited":["Exordium"],"potions_floor_usage":[12],"damage_taken":[{"damage":6.0,"enemies":"Jaw Worm","floor":1.0,"turns":4.0},{"damage":6.0,"enemies":"2 Louse","floor":5.0,"turns":4.0},{"damage":36.0,"enemies":"Lagavulin","floor":6.0,"turns":5.0},{"damage":0.0,"enemies":"Cultist","floor":7.0,"turns":3.0},{"damage":3.0,"enemies":"Exordium Thugs","floor":8.0,"turns":5.0},{"damage":1.0,"enemies":"Red Slaver","floor":10.0,"turns":3.0},{"damage":14.0,"enemies":"Gremlin Nob","floor":11.0,"turns":3.0},{"damage":1,"enemies":"3 Louse","floor":12,"turns":3},{"damage":0,"enemies":"2 Fungi Beasts","floor":13,"turns":2},{"damage":18,"enemies":"Lagavulin","floor":14,"turns":3}],"seed_played":"-8659300698445672962","potions_obtained":[{"floor":5.0,"key":"Adrenaline Potion"},{"floor":7.0,"key":"ElixirPotion"},{"floor":11.0,"key":"SkillPotion"},{"floor":12,"key":"Elixir"}],"is_trial":false,"path_per_floor":["M","$","?","?","M","E","M","M","T","M","E","M","M","E"],"character_chosen":"IRONCLAD","items_purchased":[],"campfire_rested":0,"item_purchase_floors":[],"current_hp_per_floor":[74,74,63,63,57,21,21,18,18,17,3,2,2,0,0],"gold":357,"neow_bonus":"BOSS_RELIC","is_daily":false,"chose_seed":false,"campfire_upgraded":0,"win_rate":0.0,"timestamp":1609613629,"path_taken":["M","$","?","?","M","E","M","M","T","M","E","?","M","E"],"items_purchased_type":[],"build_version":"2020-12-22","purchased_purges":0,"victory":false,"max_hp_per_floor":[80,80,80,80,80,80,80,80,80,80,80,80,80,80,80],"relic_stats":{"Torii":9,"counters":[10,35],"PreservedInsect":85,"Black Star":2,"obtain_stats":[{"Anchor":9,"Torii":6,"Simple Rune":11,"PreservedInsect":4,"Black Star":0,"Omamori":6,"Burning Blood":0,"Replay:Arrowhead":11},{"Anchor":5,"Torii":3,"Simple Rune":7,"PreservedInsect":1,"Black Star":0,"Omamori":3,"Burning Blood":0,"Replay:Arrowhead":7},{"Anchor":21,"Torii":13,"Simple Rune":27,"PreservedInsect":4,"Black Star":0,"Omamori":13,"Burning Blood":0,"Replay:Arrowhead":27}]},"card_choices":[{"not_picked":["Flex","Iron Wave"],"picked":"Heavy Blade","floor":1.0},{"not_picked":["Flex","Shrug It Off"],"picked":"Life Link","floor":5.0},{"not_picked":["Wild Strike","Eclipse"],"picked":"Double Tap","floor":6.0},{"not_picked":["Run Through","Sever Soul"],"picked":"Inflame","floor":7.0},{"not_picked":["Run Through","Pommel Strike"],"picked":"Wild Strike","floor":8.0},{"not_picked":["Rage","Armaments"],"picked":"Replay:Undeath\u0027s Touch","floor":10.0},{"not_picked":["Havoc","Juggernaut"],"picked":"Run Through","floor":11.0},{"not_picked":["Havoc","ReplayTheSpireMod:Strike From Hell"],"picked":"Rampage","floor":12},{"not_picked":["Intimidate","Fire Breathing"],"picked":"Life Link","floor":13}],"player_experience":259685,"relics_obtained":[{"floor":6.0,"key":"Omamori"},{"floor":6.0,"key":"Torii"},{"floor":9.0,"key":"Anchor"},{"floor":11.0,"key":"Replay:Arrowhead"},{"floor":11.0,"key":"Simple Rune"}],"event_choices":[{"damage_healed":0.0,"max_hp_gain":0.0,"max_hp_loss":0.0,"gold_gain":75.0,"event_name":"betterThird:BetterGoop","player_choice":"Gold","floor":3.0,"gold_loss":0.0,"damage_taken":11.0},{"cards_removed":["Heavy Blade"],"damage_healed":0.0,"max_hp_gain":0.0,"max_hp_loss":0.0,"gold_gain":0.0,"event_name":"WeMeetAgain","player_choice":"Gave Card","floor":4.0,"gold_loss":0.0,"damage_taken":0.0,"relics_obtained":["PreservedInsect"]}],"is_beta":false,"boss_relics":[],"items_purged_floors":[],"is_endless":false,"potions_floor_spawned":[5,7,11,12],"killed_by":"Lagavulin","ascension_level":1}}