{"host":"2n2g1vowfllvjtvi","time":1609593627,"event":{"mods":["AchievementEnabler","BaseMod","Custom Start","GifTheSpireLib","Keyboard Shortcuts","Minty Spire (QoL Compilation)","Quick Restart","Rare Cards Sparkle","StSLib","SuperFastMode"],"gold_per_floor":[112,128,128,17,17,46,46,46,46,46,56,71,81,100,100,176,176,176,176],"floor_reached":18,"playtime":288,"items_purged":["Strike_R"],"score":327,"play_id":"c2bb652f-e984-414a-abf1-cc476c7ca70f","local_time":"20210102222027","is_ascension_mode":true,"campfire_choices":[{"data":"Strike_R","floor":8.0,"key":"PURGE"},{"data":"Dark Embrace","floor":10.0,"key":"SMITH"},{"data":"Strike_R","floor":15.0,"key":"PURGE"}],"circlet_count":0,"master_deck":["AscendersBane","Strike_R","Defend_R","Defend_R","Defend_R","Defend_R","Bash","Rupture","Sever Soul","Feel No Pain","Dark Embrace+1","Dropkick","Clash","Brutality"],"relics":["Black Blood","NeowsBlessing","Happy Flower","Peace Pipe","Pear","Meat on the Bone"],"acts_visited":["Exordium","TheCity"],"potions_floor_usage":[16],"damage_taken":[{"damage":0.0,"enemies":"2 Louse","floor":1.0,"turns":1.0},{"damage":0.0,"enemies":"Cultist","floor":2.0,"turns":1.0},{"damage":0.0,"enemies":"3 Sentries","floor":6.0,"turns":2.0},{"damage":19.0,"enemies":"Small Slimes","floor":11.0,"turns":6.0},{"damage":3.0,"enemies":"Exordium Wildlife","floor":12.0,"turns":4.0},{"damage":33.0,"enemies":"Large Slime","floor":13.0,"turns":8.0},{"damage":3.0,"enemies":"Looter","floor":14.0,"turns":3.0},{"damage":34,"enemies":"Hexaghost","floor":16,"turns":6},{"damage":1,"enemies":"3 Byrds","floor":18,"turns":2}],"seed_played":"7033536593333852763","potions_obtained":[{"floor":6.0,"key":"Explosive Potion"},{"floor":11.0,"key":"Swift Potion"},{"floor":12.0,"key":"LiquidMemories"},{"floor":14.0,"key":"BlessingOfTheForge"}],"is_trial":false,"path_per_floor":["M","M","?","$","?","E","?","R","T","R","M","M","M","M","R","B",null,"M"],"character_chosen":"IRONCLAD","items_purchased":["Feel No Pain"],"campfire_rested":0,"item_purchase_floors":[4],"current_hp_per_floor":[74,75,75,75,70,75,85,85,85,85,72,75,60,63,63,47,76,75,75],"gold":176,"neow_bonus":"THREE_ENEMY_KILL","is_daily":false,"chose_seed":false,"campfire_upgraded":1,"win_rate":0.0,"timestamp":1609593627,"path_taken":["M","M","?","?","?","E","?","R","T","R","M","?","M","M","R","BOSS","M"],"items_purchased_type":["Card"],"build_version":"2020-12-22","purchased_purges":1,"victory":false,"max_hp_per_floor":[75,75,75,75,75,75,85,85,85,85,85,85,85,85,85,85,85,85,85],"card_choices":[{"not_picked":["Armaments","Clothesline"],"picked":"Rupture","floor":1.0},{"not_picked":["Clothesline","Reckless Charge"],"picked":"Sever Soul","floor":2.0},{"not_picked":["Twin Strike","Thunderclap"],"picked":"Dark Embrace","floor":6.0},{"not_picked":["Dark Embrace","Clash","Sword Boomerang"],"picked":"SKIP","floor":11.0},{"not_picked":["Iron Wave","Sever Soul"],"picked":"Dropkick","floor":12.0},{"not_picked":["Heavy Blade","Clash","Sword Boomerang"],"picked":"SKIP","floor":13.0},{"not_picked":["Heavy Blade","Sword Boomerang"],"picked":"Clash","floor":13.0},{"not_picked":["Rupture","Exhume","Havoc"],"picked":"SKIP","floor":14.0},{"not_picked":["Juggernaut","Exhume"],"picked":"Brutality","floor":16}],"player_experience":414373,"relics_obtained":[{"floor":6.0,"key":"Peace Pipe"},{"floor":9.0,"key":"Meat on the Bone"}],"event_choices":[{"cards_removed":["Strike_R"],"damage_healed":0.0,"max_hp_gain":0.0,"max_hp_loss":0.0,"gold_gain":0.0,"event_name":"Bonfire Elementals","player_choice":"Offered Basic","floor":3.0,"gold_loss":0.0,"damage_taken":0.0},{"damage_healed":0.0,"max_hp_gain":0.0,"max_hp_loss":0.0,"gold_gain":0.0,"event_name":"Scrap Ooze","player_choice":"Success","floor":5.0,"gold_loss":0.0,"damage_taken":5.0,"relics_obtained":["Happy Flower"]},{"damage_healed":0.0,"max_hp_gain":0.0,"max_hp_loss":0.0,"gold_gain":0.0,"event_name":"Dead Adventurer","player_choice":"Searched \u00271\u0027 times","floor":7.0,"gold_loss":0.0,"damage_taken":0.0,"relics_obtained":["Pear"]}],"is_beta":false,"boss_relics":[{"not_picked":["Snecko Eye","SlaversCollar"],"picked":"Black Blood"}],"items_purged_floors":[4],"is_endless":false,"potions_floor_spawned":[6,11,12,14],"killed_by":"3 Byrds","ascension_level":15}}