{"host":"svwqvw2il1zfkkg0","time":1609631603,"event":{"mods":["AchievementEnabler","BaseMod","BetterRewards","Colored Map","Colored Powertips","Custom Start","Downfall","GifTheSpireLib","Highlight Path","Hubris","Infinite Spire","Minty Spire (QoL Compilation)","Quick Restart","Replay The Spire","Shop Mod","StSLib","SuperFastMode"],"gold_per_floor":[118,138,155,155,166,196,196,196,196,196,212,245,261,280,280,384,384,403,403,678,689,689,689,689],"floor_reached":23,"playtime":1184,"items_purged":["Regret"],"score":203,"play_id":"5fa0bba0-438f-4f74-8136-5a3fc40ca899","local_time":"20210102155323","is_ascension_mode":false,"campfire_choices":[{"floor":7,"key":"REST"},{"floor":10,"key":"REST"},{"floor":15,"key":"REST"}],"circlet_count":0,"master_deck":["Strike_G","Strike_G","Strike_G","Strike_G","Strike_G","Defend_G","Defend_G","Defend_G","Defend_G","Defend_G","Survivor","Neutralize","Heel Hook","Sucker Punch","Dagger Spray","Dagger Spray","All Out Attack","PiercingWail","Blade Dance","Terror","Die Die Die","Deflect+1","Dagger Spray+1"],"relics":["Ring of the Snake","Unceasing Top","Pantograph","Potion Belt","Happy Flower","Dream Catcher","WristBlade","infinitespire:Magic Flask"],"acts_visited":["Exordium","TheCity"],"potions_floor_usage":[6,6,11,16,16,18],"damage_taken":[{"damage":7,"enemies":"Small Slimes","floor":1,"turns":5},{"damage":3,"enemies":"Cultist","floor":2,"turns":5},{"damage":9,"enemies":"Jaw Worm","floor":3,"turns":4},{"damage":23,"enemies":"Exordium Thugs","floor":5,"turns":7},{"damage":11,"enemies":"Replay:BlueRogue","floor":6,"turns":3},{"damage":0,"enemies":"Large Slime","floor":11,"turns":4},{"damage":33,"enemies":"Lagavulin","floor":12,"turns":7},{"damage":9,"enemies":"Gremlin Gang","floor":13,"turns":3},{"damage":0,"enemies":"2 Fungi Beasts","floor":14,"turns":2},{"damage":41,"enemies":"Fading Forest","floor":16,"turns":11},{"damage":18,"enemies":"2 Thieves","floor":18,"turns":3},{"damage":13,"enemies":"3 Byrds","floor":21,"turns":4},{"damage":41,"enemies":"Nightmare","floor":23,"turns":5}],"seed_played":"4712153692516190830","potions_obtained":[{"floor":2,"key":"champ:CounterPotion"},{"floor":5,"key":"Fire Potion"},{"floor":6,"key":"BlessingOfTheForge"},{"floor":13,"key":"champ:CounterPotion"},{"floor":14,"key":"ColorlessPotion"},{"floor":16,"key":"Swift Potion"}],"is_trial":false,"path_per_floor":["M","M","M","?","M","E","R","?","T","R","M","E","M","M","R","B",null,"M","?","?","M","AVR","NM"],"character_chosen":"THE_SILENT","items_purchased":[],"campfire_rested":3,"item_purchase_floors":[],"current_hp_per_floor":[63,60,51,48,25,14,35,35,35,56,56,23,14,14,35,29,70,52,52,52,39,39,0,0],"gold":689,"neow_bonus":"ONE_RARE_RELIC","is_daily":false,"chose_seed":false,"campfire_upgraded":0,"win_rate":0.0,"timestamp":1609631603,"path_taken":["M","M","M","?","M","E","R","?","T","R","M","E","M","?","R","BOSS","M","?","?","M","AVR","NM"],"items_purchased_type":[],"build_version":"2020-12-22","purchased_purges":1,"victory":false,"max_hp_per_floor":[70,70,70,70,70,70,70,70,70,70,70,70,70,70,70,70,70,70,70,70,70,70,70,70],"card_choices":[{"not_picked":["Backflip","Fluid Movement"],"picked":"Heel Hook","floor":1},{"not_picked":["Deflect","Dagger Spray"],"picked":"Sucker Punch","floor":2},{"not_picked":["Skewer","Bouncing Flask"],"picked":"Dagger Spray","floor":3},{"not_picked":["Catalyst","Backflip"],"picked":"Dagger Spray","floor":5},{"not_picked":["Blade Dance","infinitespire:Neurotoxin"],"picked":"All Out Attack","floor":6},{"not_picked":["Deflect","Slice","Concentrate"],"picked":"SKIP","floor":11},{"not_picked":["Bouncing Flask","Draining Mist"],"picked":"PiercingWail","floor":12},{"not_picked":["Dagger Throw","Dodge and Roll"],"picked":"Blade Dance","floor":13},{"not_picked":["Calculated Gamble","Terror","Acrobatics"],"picked":"SKIP","floor":14},{"not_picked":["Backflip","Distraction"],"picked":"Terror","floor":15},{"not_picked":["ReplayTheSpireMod:Necrosis","Malaise"],"picked":"Die Die Die","floor":16},{"not_picked":["Backflip","Poisoned Stab"],"picked":"Deflect+1","floor":18},{"not_picked":["hubris:TrickCloak+1","hubris:Counter"],"picked":"Dagger Spray+1","floor":21}],"player_experience":443342,"relics_obtained":[{"floor":6,"key":"Potion Belt"},{"floor":9,"key":"Happy Flower"},{"floor":12,"key":"Dream Catcher"}],"event_choices":[{"damage_healed":0,"gold_gain":0,"player_choice":"Success","damage_taken":3,"relics_obtained":["Pantograph"],"max_hp_gain":0,"max_hp_loss":0,"event_name":"Scrap Ooze","floor":4,"gold_loss":0},{"cards_removed":["hubris:Disease"],"damage_healed":0,"gold_gain":0,"player_choice":"Removed Curses","damage_taken":0,"max_hp_gain":0,"max_hp_loss":0,"event_name":"Fountain of Cleansing","floor":8,"gold_loss":0},{"damage_healed":0,"gold_gain":0,"player_choice":"Ignored","damage_taken":0,"max_hp_gain":0,"max_hp_loss":0,"event_name":"Vampires","floor":19,"gold_loss":0},{"damage_healed":0,"gold_gain":275,"player_choice":"Desecrate","damage_taken":0,"max_hp_gain":0,"max_hp_loss":0,"event_name":"Golden Shrine","floor":20,"gold_loss":0,"cards_obtained":["Regret"]}],"is_beta":false,"boss_relics":[{"not_picked":["hubris:GrandSneckoEye","Velvet Choker"],"picked":"WristBlade"}],"items_purged_floors":[22],"is_endless":false,"potions_floor_spawned":[2,5,6,13,14,16],"killed_by":"Nightmare","ascension_level":0}}