{"host":"e4wnmsyty9uvvtwf","time":1609600241,"event":{"mods":["Act Like it!","Aspiration","BaseMod","Colored Map","Colored Powertips","Gensokyo","Marisa£®ÏF”Í°°ƒß¿Ì…≥£©","Minty Spire (QoL Compilation)","Rare Cards Sparkle","Replay The Spire","StSLib"],"gold_per_floor":[117,133,133,143,153,153,153,153,203,220,22,22,35,51,51,128,128,139,139,4,24,40,40,74,85,139,139,151,178,178,522,522,612,612,639,669,684,684,102,102,102,102],"floor_reached":41,"playtime":1413,"items_purged":[],"score":1055,"play_id":"5ff1de4a-fa14-45c0-86a0-bb938e86ff9e","local_time":"20210102231041","is_ascension_mode":true,"campfire_choices":[{"data":"MysteriousBeam","floor":6.0,"key":"SMITH"},{"data":"MysteriousBeam","floor":8.0,"key":"SMITH"},{"data":"Gensokyo:MarisaTwilightSpark","floor":15.0,"key":"SMITH"},{"data":"ManaRampage","floor":23.0,"key":"SMITH"},{"data":"TreasureHunter","floor":27,"key":"SMITH"},{"data":"BigCrunch","floor":30,"key":"SMITH"},{"data":"DarkMatter","floor":32,"key":"SMITH"},{"floor":40,"key":"REST"}],"circlet_count":0,"master_deck":["AscendersBane","Strike_MRS","Strike_MRS+1","Strike_MRS","Defend_MRS","Defend_MRS","Defend_MRS","Defend_MRS","MasterSpark","UpSweep+1","MysteriousBeam+1","GasGiant","MaximisePower","DeepEcoloBomb","Gensokyo:MarisaTwilightSpark+1","ShootTheMoon","BigCrunch+1","ManaRampage+1","DragonMeteor","StarDustReverie","MagicAbsorber","MysteriousBeam+1","ChargingUp","TreasureHunter+1","WitchOfGreed","6A","DarkMatter+1","CasketOfStar","Occultation+1","6A","SuperPerseids","Metamorphosis","Bandage Up","Bandage Up","Gensokyo:Shovel","Gensokyo:BlemishedSteel","Gensokyo:ScrapIron","Gensokyo:Taser","Gensokyo:MedicineKit"],"relics":["MiniHakkero","aspiration:Nostalgia","Sizzling Blood","Gensokyo:OccultBall","SimpleLauncher","Pen Nib","RampagingMagicTools","Girya","aspiration:PocketMushroom","Oddly Smooth Stone","Whetstone","ReplayTheSpireMod:Ninjato","StoneCalendar","Replay:Bronze Core","Gensokyo:DualWield","ReplayTheSpireMod:EnergyBall","ReplayTheSpireMod:ShopPack"],"acts_visited":["Exordium","Gensokyo:Gensokyo","Gensokyo:Gensokyoer"],"potions_floor_usage":[31,35],"damage_taken":[{"damage":6.0,"enemies":"Gensokyo:Gryphon","floor":1.0,"turns":4.0},{"damage":3.0,"enemies":"Gensokyo:Python","floor":2.0,"turns":3.0},{"damage":0.0,"enemies":"Gensokyo:2_Kodama","floor":4.0,"turns":3.0},{"damage":0.0,"enemies":"Gensokyo:Kitsune","floor":5.0,"turns":3.0},{"damage":0.0,"enemies":"Gensokyo:Gryphon_and_Rabbit","floor":10.0,"turns":2.0},{"damage":3.0,"enemies":"Gensokyo:2_Rabbits","floor":13.0,"turns":2.0},{"damage":0.0,"enemies":"Gensokyo:LivingMonolith","floor":14.0,"turns":3.0},{"damage":10.0,"enemies":"Gensokyo:Kokoro","floor":16.0,"turns":10.0},{"damage":0.0,"enemies":"Gensokyo:AngelMirror","floor":18.0,"turns":2.0},{"damage":15.0,"enemies":"Gensokyo:Chomper","floor":21.0,"turns":3.0},{"damage":17.0,"enemies":"Gensokyo:Wraith","floor":22.0,"turns":4.0},{"damage":0.0,"enemies":"Gensokyo:Tenshi","floor":24.0,"turns":2.0},{"damage":1,"enemies":"Gensokyo:Swordslinger","floor":25,"turns":3},{"damage":0,"enemies":"Gensokyo:Slime_Group","floor":28,"turns":1},{"damage":3,"enemies":"Gensokyo:Reisen","floor":29,"turns":2},{"damage":31,"enemies":"Gensokyo:Koishi","floor":31,"turns":1},{"damage":33,"enemies":"Gensokyo:Kaguya","floor":33,"turns":8},{"damage":34,"enemies":"Gensokyo:AncientGuardian","floor":35,"turns":4},{"damage":6,"enemies":"Gensokyo:3_Boulders","floor":36,"turns":4},{"damage":2,"enemies":"Gensokyo:Dusk_and_Dawn","floor":37,"turns":3},{"damage":5,"enemies":"Gensokyo:Marisa","floor":41,"turns":3}],"seed_played":"-9199795269635395747","potions_obtained":[{"floor":2.0,"key":"Fire Potion"},{"floor":4.0,"key":"Death Potion"},{"floor":5.0,"key":"Block Potion"},{"floor":22.0,"key":"Elixir"},{"floor":24.0,"key":"Regen Potion"},{"floor":31,"key":"LiquidBronze"},{"floor":35,"key":"LiquidMemories"}],"is_trial":false,"path_per_floor":["M","M","?","M","M","R","?","R","T","M","COS","?","M","M","R","B",null,"M","?","COS","M","M","R","E","M","T","R","M","E","R","E","R","B",null,"M","M","M","?","COS","R","E"],"character_chosen":"MARISA","items_purchased":[],"campfire_rested":1,"item_purchase_floors":[],"current_hp_per_floor":[65,66,66,70,74,74,74,74,74,74,74,74,74,74,74,68,73,74,74,74,63,50,50,54,57,57,57,61,62,62,35,35,6,57,27,25,27,27,27,49,48,48],"gold":102,"neow_bonus":"NOSTALGIA","is_daily":false,"chose_seed":false,"campfire_upgraded":7,"win_rate":0.0,"timestamp":1609600241,"path_taken":["M","M","?","M","M","R","?","R","T","?","COS","?","?","M","R","BOSS","M","?","COS","M","M","R","E","M","T","R","M","E","R","E","R","BOSS","M","M","M","?","COS","R","E"],"items_purchased_type":[],"build_version":"2020-12-22","purchased_purges":0,"victory":false,"max_hp_per_floor":[74,74,74,74,74,74,74,74,74,74,74,74,74,74,74,74,74,74,74,74,74,74,74,74,74,74,74,74,74,74,74,74,74,74,74,74,74,74,74,74,74,74],"card_choices":[{"not_picked":["AsteroidBelt","MysteriousBeam"],"picked":"DeepEcoloBomb","floor":1.0},{"not_picked":["MagicAbsorber","GrandCross"],"picked":"MysteriousBeam","floor":2.0},{"not_picked":["Acceleration","DragonMeteor"],"picked":"GasGiant","floor":4.0},{"not_picked":["MagicChant","GrandCross"],"picked":"MysteriousBeam","floor":5.0},{"not_picked":["ShootingEcho","UnstableBomb"],"picked":"DeepEcoloBomb","floor":10.0},{"not_picked":["MysteriousBeam","GravityBeat"],"picked":"ShootTheMoon","floor":13.0},{"not_picked":["GalacticHalo","6A"],"picked":"BigCrunch","floor":14.0},{"not_picked":["FinalSpark","AbsoluteMagnitude"],"picked":"ManaRampage","floor":16.0},{"not_picked":["UnstableBomb","Singularity"],"picked":"DragonMeteor","floor":18.0},{"not_picked":["RefractionSpark","LuminesStrike"],"picked":"MagicAbsorber","floor":21.0},{"not_picked":["GalacticHalo","GrandCross"],"picked":"MysteriousBeam+1","floor":22.0},{"not_picked":["MachineGunSpark","MilkyWay"],"picked":"ChargingUp","floor":24.0},{"not_picked":["ShootTheMoon","GrandCross"],"picked":"TreasureHunter","floor":25},{"not_picked":["GrandCross","UnstableBomb"],"picked":"WitchOfGreed","floor":28},{"not_picked":["DeepEcoloBomb","AlicesGift"],"picked":"6A","floor":29},{"not_picked":["EventHorizon+1","AsteroidBelt"],"picked":"DarkMatter","floor":31},{"not_picked":["BigCrunch","SuperNova"],"picked":"CasketOfStar","floor":33},{"not_picked":["NonDirectionalLaser","DC"],"picked":"Occultation+1","floor":35},{"not_picked":["IllusionStar","DoubleSpark"],"picked":"6A","floor":36},{"not_picked":["MeteoricShower","ManaConvection"],"picked":"SuperPerseids","floor":37},{"not_picked":["Transmutation","Thinking Ahead"],"picked":"Metamorphosis","floor":39},{"not_picked":["Survey Options","Deep Breath"],"picked":"Bandage Up","floor":39},{"not_picked":["PanicButton","Survey Options"],"picked":"Bandage Up","floor":39}],"player_experience":684410,"relics_obtained":[{"floor":16.0,"key":"Gensokyo:OccultBall"},{"floor":21.0,"key":"Gensokyo:OccultBall"},{"floor":24.0,"key":"aspiration:PocketMushroom"},{"floor":26,"key":"Oddly Smooth Stone"},{"floor":29,"key":"Whetstone"},{"floor":31,"key":"ReplayTheSpireMod:Ninjato"},{"floor":33,"key":"Gensokyo:OccultBall"}],"event_choices":[],"is_beta":false,"boss_relics":[{"not_picked":["Velvet Choker","Kintsugi"],"picked":"RampagingMagicTools"},{"not_picked":["Runic Dome","Philosopher\u0027s Stone"],"picked":"Replay:Bronze Core"}],"items_purged_floors":[],"is_endless":false,"potions_floor_spawned":[2,4,5,14,21,22,24,29,31,36,37],"killed_by":"Gensokyo:Marisa","ascension_level":20}}