{"host":"56c2xpjnpymkv18q","time":1609562912,"event":{"mods":["ATMod(°¢èªMod)","BaseMod","Minty Spire (QoL Compilation)","Quick Restart","Relic Stats","Replay The Spire","Spicy Shops","StSLib","The Marked","Yakumo Yukari mod","¡¾ÒÅÎï¿¨ÅÆ¡¿REMEMod"],"gold_per_floor":[200,120,120,120,133,166,166,200,200,226,236,236,298,319,319,427,427,444,444,49,124,173,213,213,254,279,301,301,328,328,352,400,505,505,530,0,0,40,40,120,120,120,120,176,197,233,233],"floor_reached":46,"playtime":3270,"items_purged":[],"score":1090,"play_id":"88f2d518-3977-4be0-bc3b-707fefe8b09e","local_time":"20210102124832","daily_mods":["Heirloom","Flight","DeadlyEvents","Elite Swarm"],"is_ascension_mode":true,"campfire_choices":[{"floor":7.0,"key":"REST"},{"floor":12,"key":"REST"},{"floor":24,"key":"REST"},{"floor":28,"key":"DIG"},{"data":"ReplayTheSpireMod:Splinters","floor":41,"key":"PURGE"}],"circlet_count":0,"master_deck":["AT_purpleEX","AT_purpleEX","AT_purpleEX","AT_purpleEX","Defend_purpleEX","Defend_purpleEX","Defend_purpleEX+1","Defend_purpleEX","Observe_purple_1","Observe_purple_2","AT_FamilyPortrait","REME_TheLastStrike","Mirror_FourBoundary_purple+1","Worldmountain_purple","WorldDissolvedintheRealm_purple","WangLiang_OokamiKakushi_purple","Human_Monster_Realm_purple+1","ContainerChange_purple","MeetDecomposer_purple","WasteWire_Metro_purple","DimensionStaggered_purple","UniverseChoice_purple","AT_EmpoweredMortalDraw","ExistenceContinue_purple+1","Shallow_ocean_purpleEX","MNeedle_purple","Replay:BasicMightCard","Computing_the_future_purpleEX","Monsters_DoubleDeathButterfly_purple","D_absorption_purple","StateErode_purple+1","WatchEChange_purple+1","Anti_communist_purple+1","Yakumo_Ran_purple","Human_Monster_Realm_purple","LoveAcrossDimensions_purple"],"relics":["Boundary_crack","Memoryfragments_purpleEX","REME_ComplimentaryCards","AT_ATBox","Mango","Singing Bowl","AT_ForceNature","InkBottle","Smiling Mask","ThegodofHakurei_purpleEX","Replay:Bandana","AT_MortalBlade","Replay:Ringing Soul","Replay:Multitool","Durian","Du-Vu Doll","Pet Ghost","REME_HourglassOfDeath","Tiny Chest","Gremlin Food","SacredBark","Chemical X","AT_BladeRuinedKing","Blue Doll","Potion Belt","ReplayTheSpireMod:Shallot","War Paint","Lantern"],"acts_visited":["Exordium","TheCity","TheBeyond"],"potions_floor_usage":[13,13,16,31,35,35],"damage_taken":[{"damage":13.0,"enemies":"Small Slimes","floor":5.0,"turns":3.0},{"damage":41.0,"enemies":"Lagavulin","floor":6.0,"turns":8.0},{"damage":23.0,"enemies":"3 Sentries","floor":8.0,"turns":3.0},{"damage":3,"enemies":"Gremlin Nob","floor":10,"turns":3},{"damage":1,"enemies":"Cultist","floor":11,"turns":3},{"damage":32,"enemies":"Lagavulin","floor":13,"turns":5},{"damage":0,"enemies":"2 Louse","floor":14,"turns":2},{"damage":0,"enemies":"Slime Boss","floor":16,"turns":5},{"damage":14,"enemies":"Chosen","floor":18,"turns":3},{"damage":37,"enemies":"Gremlin Leader","floor":22,"turns":5},{"damage":21,"enemies":"Replay:Snechameleon","floor":23,"turns":4},{"damage":4,"enemies":"REME_1_Revenger","floor":25,"turns":3},{"damage":0,"enemies":"Spheric Guardian","floor":27,"turns":1},{"damage":6,"enemies":"Centurion and Healer","floor":31,"turns":2},{"damage":15,"enemies":"Collector","floor":33,"turns":5},{"damage":18,"enemies":"3 Darklings","floor":35,"turns":5},{"damage":32,"enemies":"R_Hoarder","floor":38,"turns":5},{"damage":1,"enemies":"3 Shapes","floor":45,"turns":2},{"damage":13,"enemies":"Nemesis","floor":46,"turns":5}],"seed_played":"-2236576163130015874","potions_obtained":[{"floor":10,"key":"REME_GoldPotion"},{"floor":11,"key":"SteroidPotion"},{"floor":13,"key":"Block Potion"},{"floor":23,"key":"Reflective Coating"},{"floor":30,"key":"DistilledChaos"},{"floor":30,"key":"SteroidPotion"},{"floor":32,"key":"SpeedPotion"},{"floor":32,"key":"Toxic Potion"},{"floor":45,"key":"PowerPotion"}],"is_trial":true,"path_per_floor":["?","$","?","T","M","E","R","E","T","E","M","R","E","M","R","B",null,"M","?","$","?","E","E","R","E","T","M","R","T","R","M","R","B",null,"M","$","?","E","$","R","R","T","T","R","M","E"],"character_chosen":"Youkari","items_purchased":["Mirror_FourBoundary_purple","Worldmountain_purple","Shallow_ocean_purpleEX","MNeedle_purple","Replay:Ringing Soul","Replay:BasicMightCard","Yakumo_Ran_purple","Chemical X","AT_BladeRuinedKing","Blue Doll"],"campfire_rested":3,"item_purchase_floors":[2,2,20,20,20,20,36,36,36,36],"current_hp_per_floor":[77,77,70,70,58,17,42,20,20,17,16,41,12,12,37,43,74,60,84,87,79,46,34,63,64,64,68,68,68,68,65,68,59,99,85,88,128,107,107,107,107,107,107,107,110,100,100],"gold":233,"neow_bonus":"","is_daily":false,"chose_seed":false,"campfire_upgraded":0,"win_rate":0.0,"timestamp":1609562912,"path_taken":["?","?","?","?","M","E","R","E","T","?","?","R","?","M","R","BOSS","M","?","$","?","?","E","R","E","T","?","R","?","R","M","R","BOSS","M","$","?","?","?","R","R","?","T","R","?","?"],"items_purchased_type":["Card","Card","Card","Card","Relic","Card","Card","Relic","Relic","Relic"],"build_version":"2020-12-22","purchased_purges":0,"victory":false,"max_hp_per_floor":[84,84,84,84,84,84,84,84,84,84,84,84,84,84,84,84,84,84,84,87,87,90,98,98,101,101,103,103,103,103,106,109,112,112,115,118,128,131,131,131,131,131,131,131,133,136,136],"relic_stats":{"Singing Bowl":4,"counters":[19,72],"Tiny Chest":1,"Chemical X":[3],"War Paint":["Defend_purpleEX","Human_Monster_Realm_purple"],"Smiling Mask":0,"obtain_stats":[{"Lantern":46,"AT_ATBox":0,"Singing Bowl":4,"ThegodofHakurei_purpleEX":10,"SacredBark":34,"Mango":0,"Blue Doll":36,"Replay:Multitool":22,"Smiling Mask":9,"Pet Ghost":26,"Replay:Ringing Soul":20,"Replay:Bandana":13,"Tiny Chest":29,"Chemical X":36,"InkBottle":8,"AT_ForceNature":6,"Gremlin Food":32,"Potion Belt":38,"AT_MortalBlade":17,"AT_BladeRuinedKing":36,"Boundary_crack":0,"War Paint":43,"Du-Vu Doll":25,"REME_HourglassOfDeath":28,"ReplayTheSpireMod:Shallot":42,"Durian":23,"Memoryfragments_purpleEX":0,"REME_ComplimentaryCards":0},{"Lantern":19,"AT_ATBox":0,"Singing Bowl":0,"ThegodofHakurei_purpleEX":4,"SacredBark":15,"Mango":0,"Blue Doll":16,"Replay:Multitool":10,"Smiling Mask":3,"Pet Ghost":12,"Replay:Ringing Soul":9,"Replay:Bandana":6,"Tiny Chest":13,"Chemical X":16,"InkBottle":3,"AT_ForceNature":2,"Gremlin Food":14,"Potion Belt":17,"AT_MortalBlade":8,"AT_BladeRuinedKing":16,"Boundary_crack":0,"War Paint":17,"Du-Vu Doll":12,"REME_HourglassOfDeath":13,"ReplayTheSpireMod:Shallot":17,"Durian":11,"Memoryfragments_purpleEX":0,"REME_ComplimentaryCards":0},{"Lantern":72,"AT_ATBox":0,"Singing Bowl":0,"ThegodofHakurei_purpleEX":17,"SacredBark":55,"Mango":0,"Blue Doll":60,"Replay:Multitool":40,"Smiling Mask":14,"Pet Ghost":47,"Replay:Ringing Soul":35,"Replay:Bandana":25,"Tiny Chest":48,"Chemical X":60,"InkBottle":14,"AT_ForceNature":11,"Gremlin Food":50,"Potion Belt":65,"AT_MortalBlade":32,"AT_BladeRuinedKing":60,"Boundary_crack":0,"War Paint":65,"Du-Vu Doll":47,"REME_HourglassOfDeath":48,"ReplayTheSpireMod:Shallot":65,"Durian":44,"Memoryfragments_purpleEX":0,"REME_ComplimentaryCards":0}],"InkBottle":[21]},"card_choices":[{"not_picked":["ExternalForce_HighSpeedFlying_purple","OmniscientAndOmnipotent_Monster_purple"],"picked":"WorldDissolvedintheRealm_purple","floor":5.0},{"not_picked":["Boundary_LifeAndDeath_purple","Price_of_realm_purpleEX"],"picked":"WangLiang_OokamiKakushi_purple","floor":6.0},{"not_picked":["Price_of_realm_purpleEX","WasteWire_Metro_purple"],"picked":"Human_Monster_Realm_purple","floor":8.0},{"not_picked":["Mirror_TwoAndThreeElementRealm_purple","Theboundaryofcreation_purpleEX"],"picked":"ContainerChange_purple","floor":10},{"not_picked":["Mirror_FormAndEmptin_purple","ButterflyHabitatTemple_purple"],"picked":"MeetDecomposer_purple","floor":11},{"not_picked":["Price_of_realm_purpleEX","Mirror_TwoAndThreeElementRealm_purple"],"picked":"WasteWire_Metro_purple","floor":13},{"not_picked":["CommonSense_AntiCommonSense_purple","SharpContractionReality_purple"],"picked":"DimensionStaggered_purple","floor":14},{"not_picked":["ContainerChange_purple","Know_ledgeAbilityRealm_purple"],"picked":"UniverseChoice_purple","floor":16},{"not_picked":["Mirror_FormAndEmptin_purple+1","Boundary_DynamicStaticEquilibrium_purple"],"picked":"ExistenceContinue_purple+1","floor":18},{"not_picked":["WasteWire_Metro_purple","ContainerChange_purple"],"picked":"Computing_the_future_purpleEX","floor":22},{"not_picked":["Theboundaryofcreation_purpleEX","D_absorption_purple"],"picked":"Monsters_DoubleDeathButterfly_purple","floor":23},{"not_picked":["Monsters_DoubleDeathButterfly_purple","BarrageBoundary_PipeDream_purple"],"picked":"D_absorption_purple","floor":25},{"not_picked":["MonsterNeedle_purple","MNeedle_purple","ExistenceContinue_purple"],"picked":"Singing Bowl","floor":27},{"not_picked":["WingOfChimera_purple","Line_surface_state_purple"],"picked":"StateErode_purple+1","floor":31},{"not_picked":["StretchesForeverDream_purple","Nest_LightFlightworm_purple"],"picked":"WatchEChange_purple+1","floor":32},{"not_picked":["MagicEyes_LaplaceDemon_purple","Computing_the_future_purpleEX"],"picked":"Mirror_TwoAndThreeElementRealm_purple","floor":33},{"not_picked":["Worldmountain_purple","Umbrella_purple"],"picked":"Anti_communist_purple+1","floor":35},{"not_picked":["Theboundaryofcreation_purpleEX","Boundary_LifeAndDeath_purple"],"picked":"Human_Monster_Realm_purple","floor":38},{"not_picked":["MNeedle_purple","Umbrella_purple","Shallow_ocean_purpleEX"],"picked":"Singing Bowl","floor":45},{"not_picked":["WangLiang_LineAndCurveDreams_purple","D_absorption_purple"],"picked":"LoveAcrossDimensions_purple","floor":46}],"player_experience":139587,"relics_obtained":[{"floor":4.0,"key":"Singing Bowl"},{"floor":6.0,"key":"AT_ForceNature"},{"floor":8.0,"key":"InkBottle"},{"floor":9.0,"key":"Smiling Mask"},{"floor":10,"key":"ThegodofHakurei_purpleEX"},{"floor":13,"key":"Replay:Bandana"},{"floor":22,"key":"Replay:Multitool"},{"floor":23,"key":"Durian"},{"floor":25,"key":"Du-Vu Doll"},{"floor":26,"key":"Pet Ghost"},{"floor":28,"key":"REME_HourglassOfDeath"},{"floor":29,"key":"Tiny Chest"},{"floor":32,"key":"Gremlin Food"},{"floor":38,"key":"Potion Belt"},{"floor":42,"key":"ReplayTheSpireMod:Shallot"},{"floor":43,"key":"War Paint"},{"floor":46,"key":"Lantern"}],"event_choices":[{"cards_removed":["Delirium"],"damage_healed":0.0,"max_hp_gain":0.0,"max_hp_loss":0.0,"gold_gain":0.0,"event_name":"Golden Wing","player_choice":"Card Removal","floor":3.0,"gold_loss":0.0,"damage_taken":7.0},{"damage_healed":28,"gold_gain":0,"player_choice":"Heal","damage_taken":0,"max_hp_gain":0,"max_hp_loss":0,"event_name":"TheLibraryeventEX","floor":19,"gold_loss":0},{"damage_healed":0,"gold_gain":75,"player_choice":"Touch","damage_taken":8,"max_hp_gain":0,"max_hp_loss":0,"event_name":"FaceTrader","floor":21,"gold_loss":0},{"cards_removed":["Mirror_TwoAndThreeElementRealm_purple"],"damage_healed":30,"gold_gain":0,"player_choice":"Offered Rare","damage_taken":0,"max_hp_gain":10,"max_hp_loss":0,"event_name":"Bonfire Elementals","floor":37,"gold_loss":0}],"is_beta":false,"boss_relics":[{"not_picked":["Ring of Chaos","REME_DemonsWealth"],"picked":"AT_MortalBlade"},{"not_picked":["Snecko Eye","ReplayTheSpireMod:DimensionalGlitch"],"picked":"SacredBark"}],"items_purged_floors":[],"is_endless":true,"potions_floor_spawned":[10,11,13,23,33,45],"killed_by":"Nemesis","ascension_level":9}}