{"host":"Bilverbakes","time":1609567231,"event":{"mods":["2.2 Compatiblity","AchievementEnabler","BaseMod","Bestiary","Colored Map","Minty Spire (QoL Compilation)","Relic Stats","StSLib","ojb\u0027s Info Mod"],"gold_per_floor":[119,133,133,148,248,248,276,276,276,120,140,157,167,194,194,295,295,307,4,15,15,114,144,69,94,119,132,150,161,190,200,200,300,300,316,335,359,375,375,402,402,452,507,507,535,95,110,123,123,123,123,123,0,30,30],"floor_reached":56,"playtime":5433,"items_purged":["Defend_B","Strike_B","Strike_B+1"],"score":1909,"play_id":"488368a2-67d4-4010-920d-bfc1aaab0ed9","local_time":"20210102000031","is_ascension_mode":true,"campfire_choices":[{"data":"Zap","floor":6.0,"key":"SMITH"},{"data":"Dualcast","floor":8.0,"key":"SMITH"},{"data":"Defragment","floor":15.0,"key":"SMITH"},{"data":"Multi-Cast","floor":32.0,"key":"SMITH"},{"data":"Seek","floor":41.0,"key":"SMITH"},{"floor":49.0,"key":"RECALL"},{"data":"Biased Cognition","floor":52.0,"key":"SMITH"}],"circlet_count":0,"master_deck":["AscendersBane","Defend_B","Zap+1","Dualcast+1","Compile Driver","Auto Shields","BootSequence","Seek+1","Glacier","Ball Lightning+1","Defragment+1","Glacier","Multi-Cast+1","Go for the Eyes+1","Lockon","Doom and Gloom","Compile Driver","Conserve Battery+1","Core Surge","Hologram","Biased Cognition+1","Chaos+1","Coolheaded+1","Hologram+1","Buffer","Aggregate+1","Compile Driver+1"],"relics":["Cracked Core","White Beast Statue","Emotion Chip","Coffee Dripper","Runic Capacitor","Bronze Scales","Bag of Marbles","Regal Pillow","Whetstone","Prayer Wheel","SacredBark","Art of War","Calipers","FossilizedHelix","Oddly Smooth Stone","Smiling Mask","Kunai","OrangePellets","Eternal Feather","CaptainsWheel"],"acts_visited":["Exordium","TheCity","TheBeyond","TheEnding"],"potions_floor_usage":[55,55],"damage_taken":[{"damage":0.0,"enemies":"2 Louse","floor":1.0,"turns":2.0},{"damage":0.0,"enemies":"Cultist","floor":2.0,"turns":3.0},{"damage":0.0,"enemies":"Small Slimes","floor":4.0,"turns":3.0},{"damage":23.0,"enemies":"Gremlin Nob","floor":7.0,"turns":4.0},{"damage":0.0,"enemies":"Exordium Wildlife","floor":11.0,"turns":3.0},{"damage":0.0,"enemies":"3 Louse","floor":12.0,"turns":3.0},{"damage":0.0,"enemies":"Gremlin Gang","floor":13.0,"turns":4.0},{"damage":0.0,"enemies":"Lagavulin","floor":14.0,"turns":5.0},{"damage":27.0,"enemies":"Hexaghost","floor":16.0,"turns":15.0},{"damage":8.0,"enemies":"2 Thieves","floor":18.0,"turns":4.0},{"damage":0.0,"enemies":"Spheric Guardian","floor":20.0,"turns":4.0},{"damage":24.0,"enemies":"Slavers","floor":23.0,"turns":5.0},{"damage":1.0,"enemies":"Book of Stabbing","floor":25.0,"turns":4.0},{"damage":5.0,"enemies":"Cultist and Chosen","floor":27.0,"turns":4.0},{"damage":0.0,"enemies":"Centurion and Healer","floor":28.0,"turns":4.0},{"damage":14.0,"enemies":"Snecko","floor":29.0,"turns":3.0},{"damage":8.0,"enemies":"Slavers","floor":30.0,"turns":4.0},{"damage":2.0,"enemies":"3 Cultists","floor":31.0,"turns":4.0},{"damage":3.0,"enemies":"Automaton","floor":33.0,"turns":8.0},{"damage":0.0,"enemies":"Orb Walker","floor":35.0,"turns":4.0},{"damage":0.0,"enemies":"3 Darklings","floor":36.0,"turns":4.0},{"damage":1.0,"enemies":"Jaw Worm Horde","floor":38.0,"turns":5.0},{"damage":10.0,"enemies":"Reptomancer","floor":40.0,"turns":6.0},{"damage":0.0,"enemies":"2 Orb Walkers","floor":42.0,"turns":5.0},{"damage":0.0,"enemies":"Giant Head","floor":45.0,"turns":8.0},{"damage":0.0,"enemies":"Transient","floor":47.0,"turns":5.0},{"damage":0.0,"enemies":"4 Shapes","floor":48.0,"turns":7.0},{"damage":0.0,"enemies":"Donu and Deca","floor":50.0,"turns":11.0},{"damage":10.0,"enemies":"Shield and Spear","floor":54.0,"turns":6.0},{"damage":35,"enemies":"The Heart","floor":55,"turns":9}],"seed_played":"7520745594841995191","potions_obtained":[{"floor":4.0,"key":"Strength Potion"},{"floor":11.0,"key":"DuplicationPotion"},{"floor":12.0,"key":"SkillPotion"},{"floor":13.0,"key":"PowerPotion"},{"floor":14.0,"key":"Dexterity Potion"},{"floor":16.0,"key":"PowerPotion"},{"floor":18.0,"key":"SteroidPotion"},{"floor":20.0,"key":"Fire Potion"},{"floor":23.0,"key":"FocusPotion"},{"floor":25.0,"key":"Explosive Potion"},{"floor":27.0,"key":"BlessingOfTheForge"},{"floor":28.0,"key":"AttackPotion"},{"floor":29.0,"key":"Dexterity Potion"},{"floor":30.0,"key":"Dexterity Potion"},{"floor":31.0,"key":"Regen Potion"},{"floor":33.0,"key":"Dexterity Potion"},{"floor":35.0,"key":"Swift Potion"},{"floor":36.0,"key":"Weak Potion"},{"floor":38.0,"key":"Strength Potion"},{"floor":40.0,"key":"GamblersBrew"},{"floor":42.0,"key":"LiquidMemories"},{"floor":45.0,"key":"ColorlessPotion"},{"floor":48.0,"key":"Fire Potion"}],"is_trial":false,"path_per_floor":["M","M","?","M","?","R","E","R","T","$","M","M","M","E","R","B",null,"M","$","M","?","?","E","?","E","T","M","M","M","E","M","R","B",null,"M","M","T","M","?","E","R","?","T","T","E","$","M","M","R","B",null,"R","$","E","B",null],"character_chosen":"DEFECT","items_purchased":["Glacier","Runic Capacitor","Bronze Scales","OrangePellets","Eternal Feather","LiquidBronze"],"campfire_rested":0,"item_purchase_floors":[10,19,19,46,46,53],"current_hp_per_floor":[68,68,61,61,61,61,38,38,38,38,38,38,38,38,38,11,54,46,46,46,68,68,44,44,43,43,38,38,24,16,14,14,26,58,58,58,58,57,57,47,47,47,47,47,47,47,47,47,62,62,67,68,68,58,23],"gold":30,"neow_bonus":"REMOVE_TWO","is_daily":false,"chose_seed":false,"campfire_upgraded":6,"win_rate":0.0,"timestamp":1609567231,"path_taken":["M","M","?","M","?","R","E","R","T","$","M","M","?","E","R","BOSS","M","$","M","?","?","E","?","E","T","M","?","M","E","M","R","BOSS","M","?","?","M","?","E","R","?","T","?","E","$","M","?","R","BOSS","R","$","E","BOSS"],"items_purchased_type":["Card","Relic","Relic","Relic","Relic","Potion"],"build_version":"2020-12-18","purchased_purges":3,"victory":true,"max_hp_per_floor":[68,68,68,68,68,68,68,68,68,68,68,68,68,68,68,68,68,68,68,68,68,68,68,68,68,68,68,68,68,68,68,68,68,68,68,68,68,68,68,68,68,68,68,68,68,68,68,68,68,68,68,68,68,68,68],"relic_stats":{"OrangePellets":[3],"Emotion Chip":[68,28,31,9,0],"Regal Pillow":0,"counters":[30,156],"Bronze Scales":[476],"Prayer Wheel":6,"Eternal Feather":16,"Art of War":[8],"Whetstone":["Strike_B","Ball Lightning"],"Kunai":[7],"Smiling Mask":125,"obtain_stats":[{"Regal Pillow":25,"Calipers":40,"SacredBark":34,"Oddly Smooth Stone":43,"Eternal Feather":46,"Runic Capacitor":19,"Whetstone":26,"Smiling Mask":44,"White Beast Statue":7,"OrangePellets":46,"Emotion Chip":14,"CaptainsWheel":54,"Bronze Scales":19,"Prayer Wheel":30,"Coffee Dripper":17,"Bag of Marbles":23,"Art of War":37,"Kunai":45,"Cracked Core":0,"FossilizedHelix":42},{"Regal Pillow":13,"Calipers":23,"SacredBark":19,"Oddly Smooth Stone":24,"Eternal Feather":25,"Runic Capacitor":10,"Whetstone":13,"Smiling Mask":24,"White Beast Statue":4,"OrangePellets":25,"Emotion Chip":8,"CaptainsWheel":29,"Bronze Scales":10,"Prayer Wheel":17,"Coffee Dripper":9,"Bag of Marbles":12,"Art of War":21,"Kunai":25,"Cracked Core":0,"FossilizedHelix":24},{"Regal Pillow":59,"Calipers":105,"SacredBark":86,"Oddly Smooth Stone":110,"Eternal Feather":118,"Runic Capacitor":46,"Whetstone":59,"Smiling Mask":110,"White Beast Statue":12,"OrangePellets":118,"Emotion Chip":27,"CaptainsWheel":147,"Bronze Scales":46,"Prayer Wheel":74,"Coffee Dripper":42,"Bag of Marbles":55,"Art of War":94,"Kunai":118,"Cracked Core":0,"FossilizedHelix":110}]},"card_choices":[{"not_picked":["Hologram","White Noise"],"picked":"Compile Driver","floor":1.0},{"not_picked":["Compile Driver","Stack"],"picked":"Auto Shields","floor":2.0},{"not_picked":["Chaos","Hologram"],"picked":"BootSequence","floor":4.0},{"not_picked":["Reboot","White Noise"],"picked":"Seek","floor":7.0},{"not_picked":["Heatsinks","Redo","Gash"],"picked":"SKIP","floor":11.0},{"not_picked":["Coolheaded","Hologram"],"picked":"Ball Lightning","floor":12.0},{"not_picked":["Blizzard","Rebound"],"picked":"Defragment","floor":13.0},{"not_picked":["Sweeping Beam","Skim"],"picked":"Glacier","floor":14.0},{"not_picked":["Seek","Meteor Strike"],"picked":"Multi-Cast","floor":16.0},{"not_picked":["Leap","Rebound","Redo"],"picked":"SKIP","floor":18.0},{"not_picked":["Rebound","Compile Driver"],"picked":"Go for the Eyes+1","floor":20.0},{"not_picked":["Hyperbeam","Stack+1"],"picked":"Lockon","floor":23.0},{"not_picked":["Beam Cell","Sweeping Beam+1"],"picked":"Doom and Gloom","floor":25.0},{"not_picked":["Force Field+1","Gash","Recycle"],"picked":"SKIP","floor":27.0},{"not_picked":["Auto Shields","Turbo"],"picked":"Compile Driver","floor":28.0},{"not_picked":["Blizzard+1","Stack"],"picked":"Conserve Battery+1","floor":29.0},{"not_picked":["Auto Shields","Consume"],"picked":"Core Surge","floor":30.0},{"not_picked":["Undo","Compile Driver"],"picked":"Hologram","floor":31.0},{"not_picked":["Gash","Conserve Battery+1","Force Field+1"],"picked":"SKIP","floor":31.0},{"not_picked":["Machine Learning","Core Surge"],"picked":"Biased Cognition","floor":33.0},{"not_picked":["Hologram+1","Recycle"],"picked":"Chaos+1","floor":35.0},{"not_picked":["Rebound","Barrage+1","Gash+1"],"picked":"SKIP","floor":35.0},{"not_picked":["Streamline+1","Skim+1"],"picked":"Coolheaded+1","floor":36.0},{"not_picked":["Turbo+1","Reprogram+1"],"picked":"Hologram+1","floor":36.0},{"not_picked":["Conserve Battery","Streamline+1","Compile Driver+1"],"picked":"SKIP","floor":38.0},{"not_picked":["Coolheaded","Skim+1","Ball Lightning"],"picked":"SKIP","floor":38.0},{"not_picked":["Conserve Battery","Ball Lightning+1","Steam+1"],"picked":"SKIP","floor":40.0},{"not_picked":["Beam Cell+1","Sweeping Beam"],"picked":"Buffer","floor":42.0},{"not_picked":["Go for the Eyes","Leap+1","Cold Snap"],"picked":"SKIP","floor":45.0},{"not_picked":["Consume","Auto Shields"],"picked":"Aggregate+1","floor":47.0},{"not_picked":["Genetic Algorithm","Barrage+1","Doom and Gloom+1"],"picked":"SKIP","floor":47.0},{"not_picked":["Doom and Gloom+1","Auto Shields+1"],"picked":"Compile Driver+1","floor":48.0},{"not_picked":["Force Field+1","Reprogram+1","Turbo"],"picked":"SKIP","floor":48.0},{"not_picked":["Hologram","Stack","Gash"],"picked":"SKIP","floor":54.0}],"player_experience":528037,"relics_obtained":[{"floor":7.0,"key":"White Beast Statue"},{"floor":14.0,"key":"Emotion Chip"},{"floor":23.0,"key":"Bag of Marbles"},{"floor":25.0,"key":"Regal Pillow"},{"floor":26.0,"key":"Whetstone"},{"floor":30.0,"key":"Prayer Wheel"},{"floor":37.0,"key":"Art of War"},{"floor":40.0,"key":"Calipers"},{"floor":42.0,"key":"FossilizedHelix"},{"floor":43.0,"key":"Oddly Smooth Stone"},{"floor":44.0,"key":"Smiling Mask"},{"floor":45.0,"key":"Kunai"},{"floor":54.0,"key":"CaptainsWheel"}],"event_choices":[{"cards_removed":["Defend_B"],"damage_healed":0.0,"max_hp_gain":0.0,"max_hp_loss":0.0,"gold_gain":0.0,"event_name":"Golden Wing","player_choice":"Card Removal","floor":3.0,"gold_loss":0.0,"damage_taken":7.0},{"damage_healed":0.0,"max_hp_gain":0.0,"max_hp_loss":0.0,"gold_gain":100.0,"event_name":"Golden Shrine","player_choice":"Pray","floor":5.0,"gold_loss":0.0,"damage_taken":0.0},{"damage_healed":22.0,"max_hp_gain":0.0,"max_hp_loss":0.0,"gold_gain":0.0,"event_name":"The Library","player_choice":"Heal","floor":21.0,"gold_loss":0.0,"damage_taken":0.0},{"damage_healed":0.0,"max_hp_gain":0.0,"max_hp_loss":0.0,"gold_gain":99.0,"event_name":"Nest","player_choice":"Stole From Cult","floor":22.0,"gold_loss":0.0,"damage_taken":0.0},{"cards_removed":["Strike_B"],"damage_healed":0.0,"max_hp_gain":0.0,"max_hp_loss":0.0,"gold_gain":0.0,"event_name":"Beggar","player_choice":"Gave Gold","floor":24.0,"gold_loss":75.0,"damage_taken":0.0},{"damage_healed":0.0,"max_hp_gain":0.0,"max_hp_loss":0.0,"gold_gain":0.0,"event_name":"Tomb of Lord Red Mask","player_choice":"Ignored","floor":39.0,"gold_loss":0.0,"damage_taken":0.0},{"damage_healed":0.0,"max_hp_gain":0.0,"max_hp_loss":0.0,"gold_gain":0.0,"event_name":"Mysterious Sphere","player_choice":"Fight","floor":42.0,"gold_loss":0.0,"damage_taken":0.0}],"is_beta":true,"boss_relics":[{"not_picked":["Nuclear Battery","Ectoplasm"],"picked":"Coffee Dripper"},{"not_picked":["Inserter","Sozu"],"picked":"SacredBark"}],"items_purged_floors":[10,46,53],"is_endless":false,"potions_floor_spawned":[4,11,12,13,14,16,18,20,23,25,27,28,29,30,31,33,35,36,38,40,42,45,47,48,54],"ascension_level":11}}