{"host":"37dk0reb6x0du8wx","time":1609590587,"event":{"mods":["BaseMod","Colored Map","DeckTracker","Minty Spire (QoL Compilation)","Quick Restart","StSLib","The Dragon Tamer"],"gold_per_floor":[119,194,194,194,209,209,18,18,18,18,18,54,54,67,67,193,193,217,230,230,255,73,73,73,73,150,150,150,174,195,68,68,68,68],"floor_reached":33,"playtime":939,"items_purged":["Strike_G","Decay"],"score":306,"play_id":"661cc338-c001-4dd0-8cab-989468fab8ff","local_time":"20210102212947","is_ascension_mode":true,"campfire_choices":[{"floor":6,"key":"REST"},{"data":"Poisoned Stab","floor":11,"key":"SMITH"},{"data":"Poisoned Stab","floor":15,"key":"SMITH"},{"data":"Poisoned Stab","floor":23,"key":"SMITH"},{"floor":32,"key":"REST"}],"circlet_count":0,"master_deck":["Strike_G","Strike_G","Strike_G","Defend_G","Defend_G","Defend_G","Defend_G","Defend_G","Survivor","Neutralize","Poisoned Stab+1","Poisoned Stab+1","Parasite","Poisoned Stab","Footwork","CurseOfTheBell","Poisoned Stab+1","Deflect","Writhe","Poisoned Stab+1","Noxious Fumes","Bandage Up"],"relics":["Ring of the Snake","NeowsBlessing","Golden Idol","DollysMirror","Blue Candle","Ninja Scroll","Calling Bell","Lantern","Eternal Feather","Thread and Needle","Bag of Preparation","Membership Card","Strawberry","Matryoshka"],"acts_visited":["Exordium","TheCity"],"potions_floor_usage":[18,18,27,33,33],"damage_taken":[{"damage":0,"enemies":"Cultist","floor":1,"turns":1},{"damage":0,"enemies":"2 Louse","floor":5,"turns":1},{"damage":0,"enemies":"Lagavulin","floor":12,"turns":1},{"damage":0,"enemies":"Jaw Worm","floor":14,"turns":2},{"damage":20,"enemies":"The Guardian","floor":16,"turns":10},{"damage":10,"enemies":"2 Thieves","floor":18,"turns":5},{"damage":0,"enemies":"Shell Parasite","floor":19,"turns":5},{"damage":10,"enemies":"Shelled Parasite and Fungi","floor":21,"turns":7},{"damage":0,"enemies":"Snecko","floor":27,"turns":1},{"damage":31,"enemies":"Sentry and Sphere","floor":29,"turns":6},{"damage":13,"enemies":"Centurion and Healer","floor":30,"turns":9},{"damage":67,"enemies":"Automaton","floor":33,"turns":6}],"seed_played":"-5654798130278195900","potions_obtained":[{"floor":5,"key":"SmokeBomb"},{"floor":12,"key":"Swift Potion"},{"floor":14,"key":"SkillPotion"},{"floor":19,"key":"DuplicationPotion"},{"floor":21,"key":"Fire Potion"}],"is_trial":false,"path_per_floor":["M","?","?","?","M","R","$","?","T","$","R","E","?","M","R","B",null,"M","M","?","M","$","R","?","?","T","M","?","M","M","$","R","B"],"character_chosen":"THE_SILENT","items_purchased":["Poisoned Stab","DollysMirror","Membership Card","Noxious Fumes","Bandage Up"],"campfire_rested":2,"item_purchase_floors":[7,7,22,31,31],"current_hp_per_floor":[70,59,64,46,46,68,68,75,75,75,75,75,75,75,75,55,75,65,65,65,55,55,64,71,71,71,71,71,40,27,27,63,0,0],"gold":68,"neow_bonus":"THREE_ENEMY_KILL","is_daily":false,"chose_seed":false,"campfire_upgraded":3,"win_rate":0.0,"timestamp":1609590587,"path_taken":["M","?","?","?","?","R","$","?","T","$","R","E","?","?","R","BOSS","M","M","?","?","$","R","?","?","T","M","?","?","M","$","R","BOSS"],"items_purchased_type":["Card","Relic","Relic","Card","Card"],"build_version":"2020-12-22","purchased_purges":2,"victory":false,"max_hp_per_floor":[70,70,75,75,75,75,75,75,75,75,75,75,75,75,75,75,75,75,75,75,75,75,75,82,82,82,82,82,82,82,82,82,82,82],"card_choices":[{"not_picked":["Bane","Dodge and Roll"],"picked":"Deflect","floor":1},{"not_picked":["Acrobatics","Outmaneuver","Bane"],"picked":"SKIP","floor":5},{"not_picked":["Glass Knife","Expertise"],"picked":"Poisoned Stab","floor":12},{"not_picked":["Dash","Backflip"],"picked":"Footwork","floor":14},{"not_picked":["Quick Slash","Footwork+1"],"picked":"Poisoned Stab","floor":18},{"not_picked":["Dash","Predator"],"picked":"Deflect","floor":19},{"not_picked":["Backstab","Riddle With Holes","Acrobatics"],"picked":"SKIP","floor":21},{"not_picked":["PiercingWail","Bane+1"],"picked":"Poisoned Stab+1","floor":29},{"not_picked":["Backflip","Backstab","Die Die Die"],"picked":"SKIP","floor":30}],"player_experience":122942,"relics_obtained":[{"floor":9,"key":"Blue Candle"},{"floor":12,"key":"Ninja Scroll"},{"floor":17,"key":"Lantern"},{"floor":17,"key":"Eternal Feather"},{"floor":17,"key":"Thread and Needle"},{"floor":26,"key":"Matryoshka"}],"event_choices":[{"damage_healed":0,"gold_gain":75,"player_choice":"Gather Gold","damage_taken":11,"max_hp_gain":0,"max_hp_loss":0,"event_name":"World of Goop","floor":2,"gold_loss":0},{"damage_healed":0,"gold_gain":0,"player_choice":"Donut","damage_taken":0,"max_hp_gain":5,"max_hp_loss":0,"event_name":"Big Fish","floor":3,"gold_loss":0},{"damage_healed":0,"gold_gain":0,"player_choice":"Take Damage","damage_taken":18,"relics_obtained":["Golden Idol"],"max_hp_gain":0,"max_hp_loss":0,"event_name":"Golden Idol","floor":4,"gold_loss":0},{"damage_healed":18,"gold_gain":0,"player_choice":"Healed and dodged fight","damage_taken":0,"max_hp_gain":0,"max_hp_loss":0,"event_name":"Mushrooms","floor":8,"gold_loss":0,"cards_obtained":["Parasite"]},{"cards_removed":["Strike_G"],"damage_healed":0,"gold_gain":0,"player_choice":"Purged","damage_taken":0,"max_hp_gain":0,"max_hp_loss":0,"event_name":"Purifier","floor":13,"gold_loss":0},{"cards_removed":["Deflect"],"damage_healed":0,"gold_gain":0,"player_choice":"Gave Card","damage_taken":0,"relics_obtained":["Bag of Preparation"],"max_hp_gain":0,"max_hp_loss":0,"event_name":"WeMeetAgain","floor":20,"gold_loss":0},{"damage_healed":0,"gold_gain":0,"player_choice":"Opened","damage_taken":0,"relics_obtained":["Strawberry"],"max_hp_gain":0,"max_hp_loss":0,"event_name":"The Mausoleum","floor":24,"gold_loss":0,"cards_obtained":["Writhe"]},{"damage_healed":0,"gold_gain":0,"player_choice":"Ignored","damage_taken":0,"max_hp_gain":0,"max_hp_loss":0,"event_name":"Vampires","floor":25,"gold_loss":0},{"damage_healed":0,"gold_gain":0,"player_choice":"Cursed","damage_taken":0,"max_hp_gain":0,"max_hp_loss":0,"event_name":"Wheel of Change","floor":28,"gold_loss":0,"cards_obtained":["Decay"]}],"is_beta":false,"boss_relics":[{"not_picked":["Runic Pyramid","Snecko Eye"],"picked":"Calling Bell"}],"items_purged_floors":[22,31],"is_endless":false,"potions_floor_spawned":[5,12,14,19,21,27],"killed_by":"Automaton","ascension_level":1}}