{"host":"f3lzm6xlopaexs3q","time":1609606875,"event":{"mods":["AchievementEnabler","BaseMod","Card Forge","Curses Come First","DeckTracker","Minty Spire (QoL Compilation)","StSLib"],"gold_per_floor":[210,229,229,229,1,1,29,29,29,54,54,85,103,103,103,232,232,257,271,271,296,296,340,340,350,350,350,382,382,408,165,165,260,260,274,293,293,343,361,361,391,78,104,104,118,143,156,0,0,0],"floor_reached":51,"playtime":2046,"items_purged":["Regret","Metallicize"],"score":1276,"play_id":"56053392-0549-4f71-ae41-51c9afda26e6","local_time":"20210102180115","is_ascension_mode":true,"campfire_choices":[{"data":"Barricade","floor":6,"key":"SMITH"},{"data":"Entrench","floor":15,"key":"SMITH"},{"data":"Juggernaut","floor":27,"key":"SMITH"},{"data":"Impervious","floor":32,"key":"SMITH"},{"data":"Ghostly Armor","floor":40,"key":"SMITH"},{"floor":49,"key":"DIG"}],"circlet_count":0,"master_deck":["Juggernaut+1","Impervious+1","Entrench+1","Barricade+1","Body Slam+1","Ghostly Armor+1","Flame Barrier+1","Shrug It Off+1","Body Slam+1","Ghostly Armor","Impervious+1","Shrug It Off","Shrug It Off","Battle Trance+1","Madness","Madness+1"],"relics":["Burning Blood","Hammer of Thor","Seething Fire","Anvil of the Gods","Blood Vial","Orichalcum","Whetstone","Bloody Idol","Matryoshka","Happy Flower","Sozu","Omamori","Bronze Scales","HornCleat","Boot","MutagenicStrength","Incense Burner","ClockworkSouvenir","Calling Bell","Oddly Smooth Stone","Frozen Egg 2","Champion Belt","Thread and Needle","InkBottle","Shovel","War Paint","Lantern","Self Forming Clay","Red Mask","Red Skull"],"acts_visited":["Exordium","TheCity","TheBeyond"],"potions_floor_usage":[23,23],"damage_taken":[{"damage":9,"enemies":"2 Louse","floor":1,"turns":4},{"damage":0,"enemies":"Small Slimes","floor":2,"turns":4},{"damage":0,"enemies":"Gremlin Nob","floor":7,"turns":4},{"damage":0,"enemies":"Cultist","floor":10,"turns":3},{"damage":0,"enemies":"Lagavulin","floor":12,"turns":5},{"damage":0,"enemies":"Blue Slaver","floor":13,"turns":1},{"damage":0,"enemies":"Slime Boss","floor":16,"turns":6},{"damage":0,"enemies":"Spheric Guardian","floor":18,"turns":3},{"damage":0,"enemies":"3 Byrds","floor":19,"turns":2},{"damage":0,"enemies":"Snake Plant","floor":21,"turns":2},{"damage":8,"enemies":"Gremlin Leader","floor":23,"turns":3},{"damage":0,"enemies":"Shelled Parasite and Fungi","floor":25,"turns":3},{"damage":0,"enemies":"Book of Stabbing","floor":28,"turns":3},{"damage":0,"enemies":"Gremlin Leader","floor":30,"turns":3},{"damage":0,"enemies":"Collector","floor":33,"turns":4},{"damage":0,"enemies":"3 Darklings","floor":35,"turns":4},{"damage":0,"enemies":"Orb Walker","floor":36,"turns":4},{"damage":8,"enemies":"2 Orb Walkers","floor":38,"turns":3},{"damage":0,"enemies":"3 Darklings","floor":39,"turns":3},{"damage":0,"enemies":"Giant Head","floor":41,"turns":5},{"damage":0,"enemies":"Transient","floor":45,"turns":3},{"damage":0,"enemies":"Nemesis","floor":46,"turns":5},{"damage":0,"enemies":"Maw","floor":47,"turns":3},{"damage":0,"enemies":"Time Eater","floor":50,"turns":5}],"seed_played":"-3321522648496202710","potions_obtained":[{"floor":2,"key":"LiquidBronze"},{"floor":7,"key":"Weak Potion"},{"floor":10,"key":"Weak Potion"},{"floor":16,"key":"SneckoOil"}],"is_trial":false,"path_per_floor":["M","M","$","?","$","R","E","?","T","M","?","E","M","?","R","B",null,"M","M","?","M","?","E","?","M","T","R","E","?","E","$","R","B",null,"M","M","?","?","M","R","E","$","T","$","M","E","M","?","R","B",null],"character_chosen":"IRONCLAD","items_purchased":["Orichalcum","ClockworkSouvenir","Shovel"],"campfire_rested":0,"item_purchase_floors":[5,31,42],"current_hp_per_floor":[77,80,80,80,80,80,80,60,60,68,80,80,80,64,64,72,80,80,80,80,80,80,78,78,80,80,80,80,80,80,80,80,80,80,80,80,70,75,80,80,80,80,80,80,80,80,80,80,80,80],"gold":0,"neow_bonus":"HUNDRED_GOLD","is_daily":false,"chose_seed":false,"campfire_upgraded":5,"win_rate":0.0,"timestamp":1609606875,"path_taken":["M","M","$","?","$","R","E","?","T","M","?","E","?","?","R","BOSS","M","M","?","M","?","E","?","?","T","R","E","?","E","$","R","BOSS","M","M","?","?","M","R","E","$","T","?","?","E","M","?","R","BOSS"],"items_purchased_type":["Relic","Relic","Relic"],"build_version":"2020-12-22","purchased_purges":2,"victory":true,"max_hp_per_floor":[80,80,80,80,80,80,80,80,80,80,80,80,80,80,80,80,80,80,80,80,80,80,80,80,80,80,80,80,80,80,80,80,80,80,80,80,80,80,80,80,80,80,80,80,80,80,80,80,80,80],"card_choices":[{"not_picked":["Iron Wave","True Grit"],"picked":"Shrug It Off","floor":1},{"not_picked":["Heavy Blade","Headbutt"],"picked":"Seeing Red","floor":2},{"not_picked":["Sword Boomerang","Pommel Strike","Uppercut"],"picked":"SKIP","floor":7},{"not_picked":["Body Slam","Bloodletting","Clash"],"picked":"SKIP","floor":10},{"not_picked":["Pummel","Sword Boomerang","Perfected Strike"],"picked":"SKIP","floor":12},{"not_picked":["Warcry","Battle Trance","Pommel Strike"],"picked":"SKIP","floor":13},{"not_picked":["Perfected Strike","Spot Weakness","Carnage"],"picked":"SKIP","floor":18},{"not_picked":["Rupture","Flame Barrier","Battle Trance"],"picked":"SKIP","floor":19},{"not_picked":["Pommel Strike+1","Sword Boomerang","Body Slam"],"picked":"SKIP","floor":21},{"not_picked":["Headbutt","Burning Pact","Wild Strike"],"picked":"SKIP","floor":23},{"not_picked":["Wild Strike+1","Thunderclap+1"],"picked":"Battle Trance+1","floor":25},{"not_picked":["Intimidate+1","Shockwave","Shrug It Off"],"picked":"SKIP","floor":28},{"not_picked":["Rupture+1","Searing Blow+1","Heavy Blade+1"],"picked":"SKIP","floor":30},{"not_picked":["Shockwave+1","Seeing Red+1","Metallicize+1"],"picked":"SKIP","floor":35},{"not_picked":["Ghostly Armor","Clothesline","Sword Boomerang"],"picked":"SKIP","floor":36},{"not_picked":["Shockwave","Thunderclap+1","Warcry+1"],"picked":"SKIP","floor":39},{"not_picked":["Sever Soul","Blood for Blood","Twin Strike+1"],"picked":"SKIP","floor":41},{"not_picked":["Carnage+1","Blood for Blood+1","Seeing Red"],"picked":"SKIP","floor":45},{"not_picked":["Infernal Blade+1","Flex","Demon Form+1"],"picked":"SKIP","floor":46},{"not_picked":["Pommel Strike+1","Wild Strike","Dual Wield+1"],"picked":"SKIP","floor":47}],"player_experience":15165,"relics_obtained":[{"floor":7,"key":"Whetstone"},{"floor":9,"key":"Matryoshka"},{"floor":12,"key":"Happy Flower"},{"floor":23,"key":"Omamori"},{"floor":26,"key":"Bronze Scales"},{"floor":26,"key":"HornCleat"},{"floor":28,"key":"Boot"},{"floor":30,"key":"Incense Burner"},{"floor":34,"key":"Oddly Smooth Stone"},{"floor":34,"key":"Frozen Egg 2"},{"floor":34,"key":"Champion Belt"},{"floor":38,"key":"Thread and Needle"},{"floor":41,"key":"InkBottle"},{"floor":43,"key":"War Paint"},{"floor":43,"key":"Lantern"},{"floor":46,"key":"Self Forming Clay"},{"floor":49,"key":"Red Skull"}],"event_choices":[{"damage_healed":0,"gold_gain":0,"player_choice":"Box","damage_taken":0,"relics_obtained":["Blood Vial"],"max_hp_gain":0,"max_hp_loss":0,"event_name":"Big Fish","floor":4,"gold_loss":0,"cards_obtained":["Regret"]},{"damage_healed":0,"gold_gain":0,"player_choice":"Take Damage","damage_taken":20,"relics_obtained":["Golden Idol"],"max_hp_gain":0,"max_hp_loss":0,"event_name":"Golden Idol","floor":8,"gold_loss":0},{"cards_removed":["Seeing Red"],"damage_healed":12,"gold_gain":0,"player_choice":"Offered Uncommon","damage_taken":0,"max_hp_gain":0,"max_hp_loss":0,"event_name":"Bonfire Elementals","floor":11,"gold_loss":0},{"damage_healed":0,"gold_gain":0,"player_choice":"Entered Light","damage_taken":16,"max_hp_gain":0,"max_hp_loss":0,"event_name":"Shining Light","floor":14,"gold_loss":0,"cards_upgraded":["Shrug It Off","Flame Barrier"]},{"damage_healed":0,"gold_gain":0,"player_choice":"Ignored","damage_taken":0,"max_hp_gain":0,"max_hp_loss":0,"event_name":"Beggar","floor":20,"gold_loss":0},{"damage_healed":0,"gold_gain":0,"player_choice":"Ignored","damage_taken":0,"max_hp_gain":0,"max_hp_loss":0,"event_name":"Vampires","floor":22,"gold_loss":0},{"damage_healed":0,"gold_gain":0,"player_choice":"Gave Idol","damage_taken":0,"relics_obtained":["Bloody Idol"],"max_hp_gain":0,"max_hp_loss":0,"event_name":"Forgotten Altar","floor":24,"relics_lost":["Golden Idol"],"gold_loss":0},{"damage_healed":0,"gold_gain":0,"player_choice":"Inject Mutagens","damage_taken":0,"relics_obtained":["MutagenicStrength"],"max_hp_gain":0,"max_hp_loss":0,"event_name":"Drug Dealer","floor":29,"gold_loss":0},{"damage_healed":0,"gold_gain":0,"player_choice":"Embrace Madness","damage_taken":10,"max_hp_gain":0,"max_hp_loss":0,"event_name":"Winding Halls","floor":37,"gold_loss":0,"cards_obtained":["Madness","Madness"]},{"damage_healed":0,"gold_gain":0,"player_choice":"Fight","damage_taken":0,"max_hp_gain":0,"max_hp_loss":0,"event_name":"Mysterious Sphere","floor":38,"gold_loss":0},{"damage_healed":0,"gold_gain":0,"player_choice":"Paid","damage_taken":0,"relics_obtained":["Red Mask"],"max_hp_gain":0,"max_hp_loss":0,"event_name":"Tomb of Lord Red Mask","floor":48,"gold_loss":156}],"is_beta":false,"boss_relics":[{"not_picked":["Coffee Dripper","Fusion Hammer"],"picked":"Sozu"},{"not_picked":["Mark of Pain","Runic Cube"],"picked":"Calling Bell"}],"items_purged_floors":[5,31],"is_endless":false,"potions_floor_spawned":[2,7,10,16,19,25,30,33,35,38,39,45],"ascension_level":1}}