{"host":"gzsdmyo07u314vug","time":1609573539,"event":{"mods":["2.2 Compatiblity","BaseMod","Downfall","GifTheSpireLib","Minty Spire (QoL Compilation)","Quick Restart","Rare Cards Sparkle","Relic Stats","Replay The Spire","Shop Mod","StSLib","The Bug Knight","The Construct","The Elementalist","The Servant 0.9.4","Unceasing Turn Reminder","everything is the same but u backflip on backflip","slay the spire mod where everything is the same but ironclad has a cowboy hat","vexMod"],"gold_per_floor":[111,127,56,70,88,88,188,188,215,228,228,40,40,78,78,208,208,226,226,265,26,26,26,44,44,44,57,10,10,60,100,100,100,100],"floor_reached":33,"playtime":1596,"items_purged":["Strike_B"],"score":367,"play_id":"56418173-6af6-45be-a183-648852a06625","local_time":"20210102044539","is_ascension_mode":true,"campfire_choices":[{"data":"Zap","floor":6,"key":"SMITH"},{"data":"Dualcast","floor":8,"key":"SMITH"},{"data":"Biased Cognition","floor":11,"key":"SMITH"},{"floor":15,"key":"REST"},{"floor":23,"key":"REST"},{"data":"Apotheosis","floor":25,"key":"SMITH"},{"floor":32,"key":"REST"}],"circlet_count":0,"master_deck":["AscendersBane","Strike_B","Strike_B","Strike_B","Defend_B","Defend_B","Defend_B","Defend_B","Zap+1","Dualcast+1","Biased Cognition+1","Go for the Eyes","Ball Lightning","BootSequence","Gash","Rebound","Beam Cell","HandOfGreed","ReplayTheSpireMod:System Scan","Machine Learning","Leap","Skim","Apotheosis+1","Hologram","Shame","White Noise","Gash"],"relics":["Cracked Core","Replay:Baseball","Golden Idol","construct:ClawGrip","Nilry\u0027s Codex","Tiny Chest","Dream Catcher"],"acts_visited":["Exordium","TheCity"],"potions_floor_usage":[5,16,27,27,33,33],"damage_taken":[{"damage":7,"enemies":"Jaw Worm","floor":1,"turns":2},{"damage":0,"enemies":"Cultist","floor":2,"turns":3},{"damage":0,"enemies":"Small Slimes","floor":4,"turns":3},{"damage":13,"enemies":"Exordium Thugs","floor":5,"turns":4},{"damage":0,"enemies":"Large Slime","floor":10,"turns":4},{"damage":4,"enemies":"3 Louse","floor":14,"turns":2},{"damage":6,"enemies":"Fading Forest","floor":16,"turns":11},{"damage":20,"enemies":"Shell Parasite","floor":18,"turns":5},{"damage":6,"enemies":"Chosen","floor":20,"turns":4},{"damage":22,"enemies":"Snake Plant","floor":24,"turns":4},{"damage":3,"enemies":"Snecko","floor":27,"turns":3},{"damage":11,"enemies":"Centurion and Healer","floor":31,"turns":5},{"damage":52,"enemies":"Automaton","floor":33,"turns":8}],"seed_played":"-4811882296468402967","potions_obtained":[{"floor":2,"key":"Swift Potion"},{"floor":10,"key":"AttackPotion"},{"floor":20,"key":"Regen Potion"},{"floor":24,"key":"Explosive Potion"},{"floor":27,"key":"SpeedPotion"},{"floor":31,"key":"Guardian:BlockOnCardUsePotion"}],"is_trial":false,"path_per_floor":["M","M","$","M","M","R","?","R","T","M","R","$","?","M","R","B",null,"M","?","M","$","?","R","M","R","T","M","$","?","?","M","R","B"],"character_chosen":"DEFECT","items_purchased":["BootSequence","HandOfGreed","Apotheosis","Hologram"],"campfire_rested":3,"item_purchase_floors":[3,12,21,28],"current_hp_per_floor":[61,61,61,61,48,48,48,48,48,48,48,48,30,26,48,50,69,49,49,43,43,27,49,27,27,27,33,33,33,33,22,44,0,0],"gold":100,"neow_bonus":"ONE_RANDOM_RARE_CARD","is_daily":false,"chose_seed":false,"campfire_upgraded":4,"win_rate":0.0,"timestamp":1609573539,"path_taken":["M","M","$","M","M","R","?","R","T","M","R","$","?","M","R","BOSS","M","?","M","$","?","R","?","R","T","M","$","?","?","?","R","BOSS"],"items_purchased_type":["Card","Card","Card","Card"],"build_version":"2020-12-22","purchased_purges":1,"victory":false,"max_hp_per_floor":[75,75,75,75,75,75,75,75,75,75,75,75,75,75,75,75,75,75,75,75,75,75,75,75,75,75,75,75,75,75,75,75,75,75],"relic_stats":{"Dream Catcher":1,"counters":[13,58],"Golden Idol":48,"Tiny Chest":0,"obtain_stats":[{"Replay:Baseball":9,"construct:ClawGrip":17,"Dream Catcher":29,"Golden Idol":13,"Nilry\u0027s Codex":22,"Tiny Chest":26,"Cracked Core":0},{"Replay:Baseball":4,"construct:ClawGrip":7,"Dream Catcher":11,"Golden Idol":5,"Nilry\u0027s Codex":9,"Tiny Chest":10,"Cracked Core":0},{"Replay:Baseball":12,"construct:ClawGrip":29,"Dream Catcher":45,"Golden Idol":16,"Nilry\u0027s Codex":38,"Tiny Chest":42,"Cracked Core":0}]},"card_choices":[{"not_picked":["Beam Cell","Compile Driver"],"picked":"Go for the Eyes","floor":1},{"not_picked":["Undo","BasicCrystalCard"],"picked":"Ball Lightning","floor":2},{"not_picked":["Darkness","Steam"],"picked":"Gash","floor":4},{"not_picked":["Conserve Battery","Barrage"],"picked":"Rebound","floor":5},{"not_picked":["Reprogram","Undo"],"picked":"Beam Cell","floor":10},{"not_picked":["Streamline","Stack"],"picked":"ReplayTheSpireMod:System Scan","floor":14},{"not_picked":["Fission","Amplify"],"picked":"Machine Learning","floor":16},{"not_picked":["BasicCrystalCard","Coolheaded"],"picked":"Leap","floor":18},{"not_picked":["Leap","Blizzard"],"picked":"Skim","floor":20},{"not_picked":["Barrage+1","Coolheaded","Chill"],"picked":"SKIP","floor":24},{"not_picked":["Crystallizer","Skim","Turbo"],"picked":"SKIP","floor":27},{"not_picked":["Loop","Streamline+1"],"picked":"White Noise","floor":31},{"not_picked":["BasicCrystalCard","Mirror Shield"],"picked":"Gash","floor":32}],"player_experience":631609,"relics_obtained":[{"floor":9,"key":"Replay:Baseball"},{"floor":22,"key":"Nilry\u0027s Codex"},{"floor":26,"key":"Tiny Chest"}],"event_choices":[{"damage_healed":0,"gold_gain":100,"player_choice":"Gold","damage_taken":0,"max_hp_gain":0,"max_hp_loss":0,"event_name":"Wheel of Change","floor":7,"gold_loss":0},{"damage_healed":0,"gold_gain":0,"player_choice":"Take Damage","damage_taken":18,"relics_obtained":["Golden Idol"],"max_hp_gain":0,"max_hp_loss":0,"event_name":"Golden Idol","floor":13,"gold_loss":0},{"damage_healed":0,"gold_gain":0,"player_choice":"Obtained Book","damage_taken":16,"max_hp_gain":0,"max_hp_loss":0,"event_name":"Cursed Tome","floor":22,"gold_loss":0},{"damage_healed":0,"gold_gain":0,"player_choice":"Stole Relic","damage_taken":0,"relics_obtained":["Dream Catcher"],"max_hp_gain":0,"max_hp_loss":0,"event_name":"Addict","floor":29,"gold_loss":0,"cards_obtained":["Shame"]}],"is_beta":false,"boss_relics":[{"not_picked":["vexMod:MegatonBomb","vexMod:CursedCompass"],"picked":"construct:ClawGrip"}],"items_purged_floors":[21],"is_endless":false,"potions_floor_spawned":[2,10,20,24,27,31],"killed_by":"Automaton","ascension_level":11}}