{"host":"d8hh7rr4yzitjeuj","time":1609603525,"event":{"mods":["2.2 Compatiblity","AchievementEnabler","BaseMod","CapriCore","Colored Map","Colored Powertips","Highlight Path","Keyboard Shortcuts","Minty Spire (QoL Compilation)","Permanent Neow","Quick Restart","StSLib","SuperFastMode"],"gold_per_floor":[116,129,141,141,141,172,172,194,194,206,206,293,305,159,159,235,235,245,257,93,93,8,8,35,35,62,96,96,123,133,133,133],"floor_reached":31,"playtime":568,"items_purged":["Regret"],"score":678,"play_id":"0ed92750-ea42-4df8-8cab-4b4c4ae66792","local_time":"20210103010525","is_ascension_mode":true,"campfire_choices":[{"data":"Whirlwind","floor":7.0,"key":"SMITH"},{"data":"Flex","floor":13.0,"key":"SMITH"},{"data":"True Grit","floor":15.0,"key":"SMITH"},{"data":"Bloodletting","floor":23,"key":"SMITH"},{"data":"Demon Form","floor":25,"key":"SMITH"},{"data":"Burning Pact","floor":28,"key":"SMITH"}],"circlet_count":0,"master_deck":["AscendersBane","Strike_R","Strike_R","Strike_R","Strike_R","Strike_R","Defend_R","Defend_R","Defend_R","Defend_R","Bash","Whirlwind+1","Battle Trance","True Grit+1","Shrug It Off","Bloodletting+1","Flex+1","Burning Pact+1","Demon Form+1","Shrug It Off","Body Slam","Body Slam"],"relics":["Burning Blood","Akabeko","Pear","Orichalcum","Ancient Tea Set","Odd Mushroom","Paper Frog","MawBank","Snecko Eye","Bag of Marbles","Gremlin Horn","Boot","MealTicket","Regal Pillow","Potion Belt"],"acts_visited":["Exordium","TheCity"],"potions_floor_usage":[18,24,29],"damage_taken":[{"damage":2.0,"enemies":"2 Louse","floor":1.0,"turns":3.0},{"damage":12.0,"enemies":"Jaw Worm","floor":2.0,"turns":2.0},{"damage":5.0,"enemies":"Small Slimes","floor":3.0,"turns":3.0},{"damage":24.0,"enemies":"Gremlin Nob","floor":6.0,"turns":4.0},{"damage":0.0,"enemies":"The Mushroom Lair","floor":8.0,"turns":1.0},{"damage":0.0,"enemies":"Looter","floor":10.0,"turns":1.0},{"damage":50.0,"enemies":"The Guardian","floor":16.0,"turns":11.0},{"damage":17,"enemies":"2 Thieves","floor":18,"turns":3},{"damage":20,"enemies":"3 Byrds","floor":19,"turns":4},{"damage":0,"enemies":"Slavers","floor":24,"turns":1},{"damage":0,"enemies":"Gremlin Leader","floor":27,"turns":1},{"damage":34,"enemies":"Book of Stabbing","floor":29,"turns":4},{"damage":19,"enemies":"Snake Plant","floor":30,"turns":4},{"damage":18,"enemies":"Colosseum Slavers","floor":31,"turns":2}],"seed_played":"-4715386112327707045","potions_obtained":[{"floor":1.0,"key":"Fruit Juice"},{"floor":6.0,"key":"Explosive Potion"},{"floor":8.0,"key":"Energy Potion"},{"floor":18,"key":"FearPotion"},{"floor":19,"key":"Regen Potion"}],"is_trial":false,"path_per_floor":["M","M","M","?","?","E","R","?","T","M","T","?","R","$","R","B",null,"M","M","$","?","?","R","E","R","T","E","R","E","M","?"],"character_chosen":"IRONCLAD","items_purchased":["Burning Pact","Bag of Marbles"],"campfire_rested":0,"item_purchase_floors":[14,20],"current_hp_per_floor":[72,66,67,77,72,54,54,65,65,71,71,60,60,60,60,16,72,61,47,47,47,47,47,53,53,53,59,59,31,18,0,0],"gold":133,"neow_bonus":"RANDOM_COMMON_RELIC","is_daily":false,"chose_seed":false,"campfire_upgraded":6,"win_rate":0.0,"timestamp":1609603525,"path_taken":["M","M","M","?","?","E","R","?","T","M","?","?","R","?","R","BOSS","M","M","$","?","?","R","E","R","T","E","R","E","?","?"],"items_purchased_type":["Card","Relic"],"build_version":"2020-12-22","purchased_purges":1,"victory":false,"max_hp_per_floor":[75,75,75,85,85,85,85,90,90,90,90,90,90,90,90,90,90,90,90,90,90,90,90,90,90,90,90,90,90,90,90,90],"card_choices":[{"not_picked":["Havoc","True Grit"],"picked":"Whirlwind","floor":1.0},{"not_picked":["Pummel","Wild Strike"],"picked":"Battle Trance","floor":2.0},{"not_picked":["Blood for Blood","Iron Wave"],"picked":"True Grit","floor":3.0},{"not_picked":["Anger","Wild Strike"],"picked":"Shrug It Off","floor":6.0},{"not_picked":["Clash","Headbutt"],"picked":"Bloodletting","floor":8.0},{"not_picked":["Headbutt","Armaments"],"picked":"Flex","floor":10.0},{"not_picked":["Corruption","Immolate"],"picked":"Demon Form","floor":16.0},{"not_picked":["Pummel","Havoc"],"picked":"Shrug It Off","floor":18},{"not_picked":["Metallicize","Rage","Pommel Strike"],"picked":"SKIP","floor":19},{"not_picked":["Rage","Body Slam","Carnage"],"picked":"SKIP","floor":24},{"not_picked":["Rage","Body Slam","Carnage"],"picked":"SKIP","floor":24},{"not_picked":["Uppercut","Anger","True Grit"],"picked":"SKIP","floor":27},{"not_picked":["Uppercut","Anger","True Grit"],"picked":"SKIP","floor":27},{"not_picked":["Hemokinesis","Demon Form"],"picked":"Body Slam","floor":29},{"not_picked":["Inflame","Fire Breathing"],"picked":"Body Slam","floor":30}],"player_experience":1396537,"relics_obtained":[{"floor":6.0,"key":"Ancient Tea Set"},{"floor":8.0,"key":"Odd Mushroom"},{"floor":9.0,"key":"Paper Frog"},{"floor":11.0,"key":"MawBank"},{"floor":24,"key":"Boot"},{"floor":26,"key":"MealTicket"},{"floor":27,"key":"Regal Pillow"},{"floor":29,"key":"Potion Belt"}],"event_choices":[{"damage_healed":0.0,"max_hp_gain":0.0,"max_hp_loss":0.0,"gold_gain":0.0,"event_name":"Big Fish","player_choice":"Box","floor":4.0,"gold_loss":0.0,"damage_taken":0.0,"relics_obtained":["Pear"],"cards_obtained":["Regret"]},{"damage_healed":0.0,"max_hp_gain":0.0,"max_hp_loss":0.0,"gold_gain":0.0,"event_name":"Scrap Ooze","player_choice":"Success","floor":5.0,"gold_loss":0.0,"damage_taken":5.0,"relics_obtained":["Orichalcum"]},{"damage_healed":0.0,"max_hp_gain":0.0,"max_hp_loss":0.0,"gold_gain":0.0,"event_name":"Mushrooms","player_choice":"Fought Mushrooms","floor":8.0,"gold_loss":0.0,"damage_taken":0.0},{"damage_healed":0.0,"max_hp_gain":0.0,"max_hp_loss":0.0,"gold_gain":75.0,"event_name":"World of Goop","player_choice":"Gather Gold","floor":12.0,"gold_loss":0.0,"damage_taken":11.0},{"damage_healed":0,"gold_gain":0,"player_choice":"Ignored","damage_taken":0,"max_hp_gain":0,"max_hp_loss":0,"event_name":"Ghosts","floor":21,"gold_loss":0},{"damage_healed":0,"gold_gain":0,"player_choice":"Obtained Relic","damage_taken":0,"relics_obtained":["Gremlin Horn"],"max_hp_gain":0,"max_hp_loss":0,"event_name":"Addict","floor":22,"gold_loss":85},{"damage_healed":0,"gold_gain":0,"player_choice":"Fight","damage_taken":0,"max_hp_gain":0,"max_hp_loss":0,"event_name":"Colosseum","floor":31,"gold_loss":0}],"is_beta":false,"boss_relics":[{"not_picked":["SacredBark","Tiny House"],"picked":"Snecko Eye"}],"items_purged_floors":[14],"is_endless":false,"potions_floor_spawned":[1,6,8,18,19],"killed_by":"Colosseum Slavers","ascension_level":20}}