{"host":"sav7uxregyirlf69","time":1609554509,"event":{"mods":["AchievementEnabler","BaseMod","Colored Map","DeckTracker","Keyboard Shortcuts","Minty Spire (QoL Compilation)","READ ME - Guardian Mod","StSLib","SuperFastMode"],"gold_per_floor":[111,121,131,62,37,37,49,6,6,16,46,57,69,69,69,69,69],"floor_reached":16,"playtime":310,"items_purged":[],"score":208,"play_id":"38cfa126-1f0b-460e-a0cc-5bf9cc29f06d","local_time":"20210102112829","is_ascension_mode":true,"campfire_choices":[{"data":"Body Slam","floor":6,"key":"SMITH"},{"data":"Evolve","floor":15,"key":"SMITH"}],"circlet_count":0,"master_deck":["AscendersBane","Strike_R","Strike_R","Strike_R","Strike_R","Strike_R","Defend_R","Defend_R","Defend_R","Defend_R","Bash","Twin Strike","Wild Strike","Shrug It Off","Body Slam+1","Second Wind","Evolve+1","Sword Boomerang+1","Impervious"],"relics":["Burning Blood","Pantograph","Molten Egg 2","Bottled Tornado"],"acts_visited":["Exordium"],"potions_floor_usage":[12,16,16],"damage_taken":[{"damage":19,"enemies":"Jaw Worm","floor":1,"turns":4},{"damage":6,"enemies":"Cultist","floor":2,"turns":3},{"damage":8,"enemies":"2 Louse","floor":3,"turns":2},{"damage":9,"enemies":"Exordium Thugs","floor":7,"turns":7},{"damage":4,"enemies":"Large Slime","floor":10,"turns":6},{"damage":26,"enemies":"3 Sentries","floor":11,"turns":9},{"damage":21,"enemies":"Lots of Slimes","floor":12,"turns":5},{"damage":6,"enemies":"2 Fungi Beasts","floor":13,"turns":4},{"damage":52,"enemies":"The Guardian","floor":16,"turns":6}],"seed_played":"-7375337929755829465","potions_obtained":[{"floor":2,"key":"DuplicationPotion"},{"floor":10,"key":"SkillPotion"},{"floor":12,"key":"LiquidMemories"}],"is_trial":false,"path_per_floor":["M","M","M","?","$","R","M","$","T","M","E","M","M","?","R","B"],"character_chosen":"IRONCLAD","items_purchased":["Body Slam","Evolve"],"campfire_rested":0,"item_purchase_floors":[5,8],"current_hp_per_floor":[62,62,60,60,60,60,57,57,57,59,39,24,24,24,24,0,0],"gold":69,"neow_bonus":"TEN_PERCENT_HP_BONUS","is_daily":false,"chose_seed":false,"campfire_upgraded":2,"win_rate":0.0,"timestamp":1609554509,"path_taken":["M","M","M","?","$","R","?","?","T","?","E","M","M","?","R","BOSS"],"items_purchased_type":["Card","Card"],"build_version":"2020-12-22","purchased_purges":0,"victory":false,"max_hp_per_floor":[82,82,82,82,82,82,82,82,82,82,82,82,82,82,82,82,82],"card_choices":[{"not_picked":["Clash","Clothesline"],"picked":"Twin Strike","floor":1},{"not_picked":["Whirlwind","Infernal Blade"],"picked":"Wild Strike","floor":2},{"not_picked":["Havoc","Thunderclap"],"picked":"Shrug It Off","floor":3},{"not_picked":["Ghostly Armor","Disarm"],"picked":"Second Wind","floor":7},{"not_picked":["Intimidate","Sword Boomerang+1","Iron Wave+1"],"picked":"SKIP","floor":10},{"not_picked":["Thunderclap+1","Clothesline+1","Headbutt+1"],"picked":"SKIP","floor":11},{"not_picked":["Thunderclap+1","Clothesline+1","Headbutt+1"],"picked":"SKIP","floor":11},{"not_picked":["Bloodletting","Warcry","Inflame"],"picked":"SKIP","floor":12},{"not_picked":["Evolve","Corruption"],"picked":"Sword Boomerang+1","floor":13}],"player_experience":1105403,"relics_obtained":[{"floor":9,"key":"Molten Egg 2"},{"floor":11,"key":"Bottled Tornado"}],"event_choices":[{"damage_healed":0,"gold_gain":0,"player_choice":"Paid Gold","damage_taken":0,"relics_obtained":["Pantograph"],"max_hp_gain":0,"max_hp_loss":0,"event_name":"WeMeetAgain","floor":4,"gold_loss":69},{"damage_healed":0,"gold_gain":0,"player_choice":"1 cards matched","damage_taken":0,"max_hp_gain":0,"max_hp_loss":0,"event_name":"Match and Keep!","floor":14,"gold_loss":0,"cards_obtained":["Impervious"]}],"is_beta":false,"boss_relics":[],"items_purged_floors":[],"is_endless":false,"potions_floor_spawned":[2,10,12,13],"killed_by":"The Guardian","ascension_level":20}}