{"host":"g76rhe4j5kh9hdf9","time":1609546049,"event":{"mods":["Act Like it!","BaseMod","Better Third Choice","GifTheSpireLib","Minty Spire (QoL Compilation)","Relic Stats","Spicy Shops","StSLib","TheSwordswoman"],"gold_per_floor":[113,82,100,100,100,100,120,120,143,153,181,45,65,65,65,65,65],"floor_reached":16,"playtime":1075,"items_purged":["Injury"],"score":105,"play_id":"87bd59e6-cf8a-417e-b9d7-58f4c7f84ca5","local_time":"20210101160729","is_ascension_mode":true,"campfire_choices":[{"data":"blazmod:FlashRock","floor":6,"key":"SMITH"},{"data":"blazmod:DevilDivine","floor":8,"key":"SMITH"},{"data":"blazmod:Quickdraw","floor":15,"key":"SMITH"}],"circlet_count":0,"master_deck":["blazmod:Strike","blazmod:Strike","blazmod:Defend","blazmod:Defend","blazmod:Defend","blazmod:Defend","blazmod:ButterflyEffect","blazmod:Kyokasuigetsu","blazmod:Observant+1","blazmod:FlashRock+1","blazmod:MindAtPeace","blazmod:DevilDivine+1","blazmod:UnderPurifyingWaters","blazmod:Quickdraw+1"],"relics":["blazmod:Venustas","NeowsBlessing","betterThird:SlimedRelic","Strawberry","Juzu Bracelet","Medical Kit"],"acts_visited":["Exordium"],"potions_floor_usage":[11],"damage_taken":[{"damage":0,"enemies":"Cultist","floor":1,"turns":1},{"damage":0,"enemies":"Jaw Worm","floor":3,"turns":1},{"damage":0,"enemies":"2 Louse","floor":7,"turns":1},{"damage":0,"enemies":"Lots of Slimes","floor":10,"turns":7},{"damage":1,"enemies":"3 Sentries","floor":11,"turns":12},{"damage":1,"enemies":"Large Slime","floor":13,"turns":9},{"damage":38,"enemies":"Slime Boss","floor":16,"turns":6}],"seed_played":"265205246161806106","potions_obtained":[{"floor":7,"key":"SpeedPotion"},{"floor":10,"key":"ColorlessPotion"}],"is_trial":false,"path_per_floor":["M","?","M","?","?","R","M","R","T","M","E","$","M","?","R","B"],"character_chosen":"THE_SWORDSWOMAN","items_purchased":["Medical Kit"],"campfire_rested":0,"item_purchase_floors":[12],"current_hp_per_floor":[40,29,29,27,27,27,27,27,34,34,33,33,32,32,32,0,0],"gold":65,"neow_bonus":"THREE_ENEMY_KILL","is_daily":false,"chose_seed":false,"campfire_upgraded":3,"win_rate":0.0,"timestamp":1609546049,"path_taken":["M","?","M","?","?","R","M","R","T","?","E","$","M","?","R","BOSS"],"items_purchased_type":["Relic"],"build_version":"2020-12-22","purchased_purges":1,"victory":false,"max_hp_per_floor":[40,40,40,40,40,40,40,40,47,47,47,47,47,47,47,47,47],"relic_stats":{"counters":[7,37],"Juzu Bracelet":0,"Medical Kit":[0],"obtain_stats":[{"blazmod:Venustas":0,"NeowsBlessing":0,"betterThird:SlimedRelic":2,"Strawberry":9,"Juzu Bracelet":11,"Medical Kit":12},{"blazmod:Venustas":0,"NeowsBlessing":0,"betterThird:SlimedRelic":1,"Strawberry":3,"Juzu Bracelet":5,"Medical Kit":5},{"blazmod:Venustas":0,"NeowsBlessing":0,"betterThird:SlimedRelic":1,"Strawberry":3,"Juzu Bracelet":22,"Medical Kit":22}]},"card_choices":[{"not_picked":["blazmod:Crosscut","blazmod:BeTheBlade"],"picked":"blazmod:Observant","floor":1},{"not_picked":["blazmod:SidewaySolace","blazmod:HarmonyComplete"],"picked":"blazmod:FlashRock","floor":3},{"not_picked":["blazmod:FlashRock","blazmod:TrueOfHeart"],"picked":"blazmod:DevilDivine","floor":7},{"not_picked":["blazmod:ButterFlutter","blazmod:BoulderFlash"],"picked":"blazmod:UnderPurifyingWaters","floor":10},{"not_picked":["blazmod:FlashRock","blazmod:SidewaySolace"],"picked":"blazmod:Quickdraw","floor":11},{"not_picked":["blazmod:MentalFocus","blazmod:Trasient","blazmod:PhysicalEndurance"],"picked":"SKIP","floor":13}],"player_experience":461975,"relics_obtained":[{"floor":9,"key":"Strawberry"},{"floor":11,"key":"Juzu Bracelet"}],"event_choices":[{"damage_healed":0,"gold_gain":0,"player_choice":"Slimed","damage_taken":11,"max_hp_gain":0,"max_hp_loss":0,"event_name":"betterThird:BetterGoop","floor":2,"gold_loss":31},{"damage_healed":0,"gold_gain":0,"cards_transformed":["blazmod:Strike"],"player_choice":"Transformed","damage_taken":0,"max_hp_gain":0,"max_hp_loss":0,"event_name":"Transmorgrifier","floor":5,"gold_loss":0,"cards_obtained":["blazmod:MindAtPeace"]},{"damage_healed":0,"gold_gain":0,"player_choice":"0 cards matched","damage_taken":0,"max_hp_gain":0,"max_hp_loss":0,"event_name":"Match and Keep!","floor":14,"gold_loss":0,"cards_obtained":[]}],"is_beta":false,"boss_relics":[],"items_purged_floors":[12],"is_endless":false,"potions_floor_spawned":[7,10],"killed_by":"Slime Boss","ascension_level":1}}