{"host":"emut9mh212kd9b86","time":1609599878,"event":{"mods":["ATMod(°¢èªMod)","Act Like it!","BaseMod","Better Vampires","Downfall","Koishi","KomeijiMod","Minty Spire (QoL Compilation)","MostiFishMod","Shop Mod","Spicy Shops","StSLib","TestMod","Waifu the Spire","noobMod","¡¾ÒÅÎï¿¨ÅÆ¡¿REMEMod"],"gold_per_floor":[349,371,371,471,497,545,570,614,499,529,580,430,479,505,524,642,642,642,668,689,689,721,721,721,806,837,266,320,351,462,501,531,648,666,666,693,716,746,25,25,25,62,88,88,25,68,91,91,116,175],"floor_reached":51,"playtime":2041,"items_purged":["Koishi:BasicStrike","Koishi:BasicStrike","MostiFishMod:FrostNova","Koishi:BasicStrike"],"score":1643,"play_id":"b796e4ef-24f9-42e1-8981-ed9b36fa9228","local_time":"20210102230438","is_ascension_mode":true,"campfire_choices":[{"floor":1,"key":"RECALL"},{"data":"AT_BodySlamDance","floor":12,"key":"SMITH"},{"data":"Koishi:MentalBreakdown","floor":18,"key":"SMITH"},{"data":"Koishi:JumpScare","floor":23,"key":"SMITH"},{"data":"MostiFishMod:WinterMarkForm","floor":35,"key":"SMITH"},{"data":"Koishi:HauntingSlash","floor":40,"key":"SMITH"},{"data":"Koishi:Provoke","floor":44,"key":"SMITH"}],"circlet_count":0,"master_deck":["Koishi:BasicStrike","Koishi:BasicDefend","Koishi:BasicDefend","Koishi:BasicDefend","Koishi:BasicDefend","Koishi:Provoke+1","Koishi:HauntingSlash+1","AT_BodySlamDance+1","Koishi:MentalBreakdown+1","Koishi:JumpScare+1","Koishi:RacingHeart+1","MostiFishMod:WinterMarkForm+1"],"relics":["Koishi:ImaginaryFriend","testmod-TestBox","ice","DaveBox","AT_ATBox","REME_ComplimentaryCards","testmod-Acrobat","FeatherPendant","downfall:ShatteredFragment","Nunchaku","testmod-IndustrialRevolution","Vajra","MerchantsRug","Ornamental Fan","Koishi:BloodstainedWhiteRose","downfall:HeartBlessingRed","downfall:HeartBlessingGreen","Tiny Chest","testmod-Fanaticism","Singing Bowl","Mercury Hourglass","AT_BladeRuinedKing","Oddly Smooth Stone","CeramicFish","AT_ChloranthyRing","MutagenicStrength","testmod-LifeArmor","FrostBlade","AT_BellowingDragoncrestRing","testmod-IntensifyImprint","Bottled Tornado","Juzu Bracelet","Omamori","AT_BellDemon","REME_ArchaeologicalTools"],"acts_visited":["Exordium","TheCity","TheBeyond"],"potions_floor_usage":[27,31],"damage_taken":[{"damage":12,"enemies":"Jaw Worm","floor":2,"turns":3},{"damage":0,"enemies":"Cultist","floor":5,"turns":2},{"damage":0,"enemies":"Lagavulin","floor":6,"turns":3},{"damage":10,"enemies":"3 Sentries","floor":8,"turns":3},{"damage":0,"enemies":"downfall:FleeingMerchant","floor":9,"turns":5},{"damage":0,"enemies":"Small Slimes","floor":10,"turns":2},{"damage":0,"enemies":"Lagavulin","floor":11,"turns":2},{"damage":0,"enemies":"3 Sentries","floor":13,"turns":3},{"damage":0,"enemies":"Blue Slaver","floor":14,"turns":2},{"damage":0,"enemies":"3 Louse","floor":15,"turns":2},{"damage":0,"enemies":"downfall:Defect","floor":16,"turns":1},{"damage":0,"enemies":"3 Byrds","floor":19,"turns":1},{"damage":0,"enemies":"Chosen","floor":20,"turns":2},{"damage":18,"enemies":"Centurion and Healer","floor":22,"turns":2},{"damage":0,"enemies":"Snecko","floor":26,"turns":2},{"damage":22,"enemies":"Slavers","floor":28,"turns":3},{"damage":16,"enemies":"Snake Plant","floor":29,"turns":2},{"damage":20,"enemies":"downfall:Augmenter","floor":30,"turns":2},{"damage":22,"enemies":"Gremlin Leader","floor":31,"turns":2},{"damage":0,"enemies":"Cultist and Chosen","floor":32,"turns":2},{"damage":2,"enemies":"downfall:Silent","floor":33,"turns":2},{"damage":6,"enemies":"3 Shapes","floor":36,"turns":2},{"damage":0,"enemies":"Orb Walker","floor":37,"turns":1},{"damage":26,"enemies":"4 Shapes","floor":38,"turns":2},{"damage":0,"enemies":"Reptomancer","floor":42,"turns":2},{"damage":0,"enemies":"Transient","floor":43,"turns":1},{"damage":0,"enemies":"Giant Head","floor":46,"turns":2},{"damage":0,"enemies":"Maw","floor":49,"turns":1},{"damage":0,"enemies":"downfall:Ironclad","floor":50,"turns":1}],"seed_played":"-1712172253591142173","potions_obtained":[{"floor":8,"key":"AttackPotion"},{"floor":11,"key":"BlessingOfTheForge"},{"floor":13,"key":"EssenceOfSteel"},{"floor":14,"key":"AttackPotion"},{"floor":31,"key":"testmod-SpacePotion"},{"floor":33,"key":"SteroidPotion"},{"floor":36,"key":"ColorlessPotion"},{"floor":42,"key":"EssenceOfSteel"},{"floor":43,"key":"hexamod:EctoCoolerPotion"},{"floor":46,"key":"Ancient Potion"}],"is_trial":false,"path_per_floor":["R","M","?","?","M","E","T","E","$","M","E","R","E","M","M","B",null,"R","M","M","T","M","R","T","?","M","$","E","M","?","E","M","B",null,"R","M","M","M","$","R","T","E","M","R","$","E","T","?","M","B",null],"character_chosen":"KOISHI","items_purchased":["MerchantsRug","Ornamental Fan","AT_BladeRuinedKing","Oddly Smooth Stone","CeramicFish","testmod-SpacePotion","AT_BellowingDragoncrestRing","testmod-IntensifyImprint","Ying"],"campfire_rested":0,"item_purchase_floors":[9,9,27,27,27,27,39,39,39],"current_hp_per_floor":[54,44,35,35,36,38,38,29,33,39,45,45,49,54,54,54,54,54,54,54,54,56,56,56,50,58,58,60,60,60,62,64,66,66,66,66,70,71,71,71,71,74,76,76,76,78,78,78,80,80],"gold":175,"neow_bonus":"TWO_FIFTY_GOLD","is_daily":false,"chose_seed":false,"campfire_upgraded":6,"win_rate":0.0,"timestamp":1609599878,"path_taken":["R","M","?","?","?","E","T","E","$","M","E","R","E","M","M","BOSS","R","M","M","?","M","R","T","?","M","$","E","M","?","E","M","BOSS","R","M","M","M","$","R","T","E","M","R","$","E","?","?","M","BOSS"],"items_purchased_type":["Relic","Relic","Relic","Relic","Relic","Potion","Relic","Relic","Relic"],"build_version":"2020-12-22","purchased_purges":4,"victory":true,"max_hp_per_floor":[54,54,54,54,54,54,54,54,54,54,54,54,54,54,54,54,54,54,54,54,54,56,56,56,56,58,58,60,60,60,62,64,66,66,66,68,70,72,72,72,72,74,76,76,76,78,78,78,80,80],"card_choices":[{"not_picked":["Koishi:Jaunt","Koishi:HeartfeltFancy","Koishi:Prune"],"picked":"SKIP","floor":2},{"not_picked":["Koishi:Jaunt","Koishi:FleetingPhantom","Koishi:Prune"],"picked":"SKIP","floor":5},{"not_picked":["Koishi:FidgetySnatcher","Koishi:Catatonia","Koishi:RuptureMind"],"picked":"SKIP","floor":6},{"not_picked":["Koishi:MassHysteria","Koishi:FidgetySnatcher","Koishi:PhilosophyOfTheDespised"],"picked":"SKIP","floor":8},{"not_picked":["Koishi:FourthEye","Koishi:StingingMind"],"picked":"Koishi:JumpScare","floor":9},{"not_picked":["Koishi:DNAsFlaw","Koishi:UnconsciousUrges","Koishi:SpiritedAway"],"picked":"SKIP","floor":10},{"not_picked":["Koishi:CatchAndRose","Koishi:BloodcurdlingScream","Koishi:GrowingPain"],"picked":"SKIP","floor":11},{"not_picked":["Koishi:EmbryosDream","Koishi:UnansweredLove","Koishi:DNAsFlaw"],"picked":"SKIP","floor":13},{"not_picked":["Koishi:PhantomStrike","Koishi:Possession","Koishi:BloodcurdlingScream"],"picked":"SKIP","floor":14},{"not_picked":["Koishi:Vanish","Koishi:SpiritedAway","Koishi:Prune"],"picked":"SKIP","floor":15},{"not_picked":["Koishi:FourthEye","Koishi:UnansweredLove+1","Koishi:PhantomBarrier"],"picked":"SKIP","floor":19},{"not_picked":["Koishi:RacingHeart","Koishi:CatchAndRose","Koishi:SpiritedAway"],"picked":"SKIP","floor":20},{"not_picked":["Koishi:Prune","Koishi:UnansweredLove+1","Koishi:ReflexRadar"],"picked":"Singing Bowl","floor":22},{"not_picked":["Koishi:BloodcurdlingScream+1","Koishi:SuperEgo","Koishi:UnconsciousUprising+1"],"picked":"Singing Bowl","floor":26},{"not_picked":["Koishi:RorschachInDanmaku","Koishi:UnansweredLove","Koishi:SubconsciousSweep"],"picked":"Singing Bowl","floor":28},{"not_picked":["Koishi:RoseHell","Koishi:SubterraneanRose"],"picked":"Koishi:RacingHeart+1","floor":29},{"not_picked":["Koishi:MindNumbingTerror","Koishi:HeartStoppingHorror","Koishi:UnconsciousUrges"],"picked":"Singing Bowl","floor":31},{"not_picked":["Koishi:MindNumbingTerror","Koishi:Catatonia","Koishi:StingingMind"],"picked":"Singing Bowl","floor":32},{"not_picked":["Koishi:MentalBreakdown","Koishi:Heartbroken","Koishi:ImGoingToCallYouNow"],"picked":"Singing Bowl","floor":33},{"not_picked":["Koishi:SpiritedAway+1","Koishi:HeartfeltFancy+1","Koishi:Jaunt+1"],"picked":"Singing Bowl","floor":36},{"not_picked":["Koishi:Bloodlust","Koishi:Jaunt","Koishi:UnconsciousUprising+1"],"picked":"Singing Bowl","floor":37},{"not_picked":["Koishi:DanmakuParanoia","Koishi:EmbersOfLove","Koishi:Jaunt"],"picked":"Singing Bowl","floor":38},{"not_picked":["Koishi:SpiritedAway","Koishi:JumpScare+1","Koishi:VengefulSpirit"],"picked":"Singing Bowl","floor":42},{"not_picked":["Koishi:UnansweredLove+1","Koishi:ImGoingToCallYouNow","Koishi:MassHysteria+1"],"picked":"Singing Bowl","floor":43},{"not_picked":["Koishi:FourthEye+1","Koishi:DreadfulBlow+1","Koishi:ReflexRadar+1"],"picked":"Singing Bowl","floor":46},{"not_picked":["Koishi:PhantomBarrier+1","Koishi:MassHysteria","Koishi:Catatonia+1"],"picked":"Singing Bowl","floor":49}],"player_experience":426514,"relics_obtained":[{"floor":6,"key":"Nunchaku"},{"floor":7,"key":"testmod-IndustrialRevolution"},{"floor":8,"key":"Vajra"},{"floor":11,"key":"Koishi:BloodstainedWhiteRose"},{"floor":13,"key":"Tiny Chest"},{"floor":21,"key":"Singing Bowl"},{"floor":24,"key":"Mercury Hourglass"},{"floor":28,"key":"AT_ChloranthyRing"},{"floor":30,"key":"MutagenicStrength"},{"floor":31,"key":"testmod-LifeArmor"},{"floor":41,"key":"Bottled Tornado"},{"floor":42,"key":"Juzu Bracelet"},{"floor":46,"key":"Omamori"},{"floor":47,"key":"AT_BellDemon"},{"floor":49,"key":"REME_ArchaeologicalTools"}],"event_choices":[],"is_beta":false,"boss_relics":[{"not_picked":["ExusiaiGun","testmod-HarvestTotem"],"picked":"testmod-Fanaticism"},{"not_picked":["EE1DDrone","BloodWine"],"picked":"FrostBlade"}],"items_purged_floors":[9,27,39,45],"is_endless":false,"potions_floor_spawned":[8,11,13,14,16,19,22,31,33,36,42,43,46],"ascension_level":8}}