{"host":"88sw61cmk1203zgj","time":1609552786,"event":{"mods":["BaseMod","Minty Spire (QoL Compilation)"],"gold_per_floor":[117,132,151,151,151,182,182,196,196,212,212,245,245,270,270,366,366,382,396,396,44,44,74,74,84,84,84,84,84,84,102,102,201,201,213,213,227,227,227],"floor_reached":38,"playtime":2620,"items_purged":["Strike_R+1"],"score":664,"play_id":"a1e1abd0-74e8-4baf-9633-8f7977ebc755","local_time":"20210101205946","is_ascension_mode":true,"campfire_choices":[{"data":"Seeing Red","floor":7.0,"key":"SMITH"},{"data":"Shrug It Off","floor":13,"key":"SMITH"},{"floor":15,"key":"REST"},{"data":"Brutality","floor":24,"key":"SMITH"},{"data":"Shockwave","floor":27,"key":"SMITH"},{"data":"RitualDagger","floor":29,"key":"SMITH"},{"floor":32,"key":"REST"}],"circlet_count":0,"master_deck":["AscendersBane","Strike_R+1","Strike_R+1","Strike_R+1","Strike_R+1","Defend_R+1","Defend_R+1","Defend_R+1","Defend_R+1","Bash","Shrug It Off+1","Cleave","Hemokinesis+1","Seeing Red+1","Anger","Battle Trance","Disarm","Brutality+1","Thunderclap+1","True Grit","Shockwave+1","RitualDagger+1","Ghostly","Ghostly","Ghostly","Ghostly","Ghostly","Berserk"],"relics":["Runic Cube","HornCleat","Orichalcum","Juzu Bracelet","Meat on the Bone","PreservedInsect","Philosopher\u0027s Stone","Membership Card","Shuriken","Darkstone Periapt","Singing Bowl","Potion Belt","Black Star"],"acts_visited":["Exordium","TheCity","TheBeyond"],"potions_floor_usage":[10,12,16,33,38],"damage_taken":[{"damage":1.0,"enemies":"Cultist","floor":1.0,"turns":3.0},{"damage":12.0,"enemies":"2 Louse","floor":2.0,"turns":5.0},{"damage":0.0,"enemies":"Small Slimes","floor":3.0,"turns":3.0},{"damage":14.0,"enemies":"Gremlin Nob","floor":6.0,"turns":4.0},{"damage":10.0,"enemies":"Exordium Wildlife","floor":8.0,"turns":3.0},{"damage":5,"enemies":"Blue Slaver","floor":10,"turns":3},{"damage":16,"enemies":"Lagavulin","floor":12,"turns":5},{"damage":15,"enemies":"Gremlin Nob","floor":14,"turns":4},{"damage":15,"enemies":"Slime Boss","floor":16,"turns":7},{"damage":8,"enemies":"3 Byrds","floor":18,"turns":5},{"damage":27,"enemies":"2 Thieves","floor":19,"turns":3},{"damage":11,"enemies":"Book of Stabbing","floor":23,"turns":4},{"damage":11,"enemies":"3 Cultists","floor":25,"turns":6},{"damage":15,"enemies":"Chosen and Byrds","floor":31,"turns":6},{"damage":32,"enemies":"Automaton","floor":33,"turns":8},{"damage":3,"enemies":"Orb Walker","floor":35,"turns":3},{"damage":25,"enemies":"3 Darklings","floor":37,"turns":9},{"damage":38,"enemies":"Writhing Mass","floor":38,"turns":6}],"seed_played":"-3602827564892775019","potions_obtained":[{"floor":2.0,"key":"BloodPotion"},{"floor":6.0,"key":"Energy Potion"},{"floor":10,"key":"GamblersBrew"},{"floor":12,"key":"ElixirPotion"},{"floor":14,"key":"DistilledChaos"},{"floor":23,"key":"FearPotion"},{"floor":31,"key":"PowerPotion"},{"floor":35,"key":"Block Potion"}],"is_trial":false,"path_per_floor":["M","M","M","T","?","E","R","M","T","M","?","E","R","E","R","B",null,"M","M","?","$","?","E","R","M","T","R","?","R","?","M","R","B",null,"M","?","M","M"],"character_chosen":"IRONCLAD","items_purchased":["Membership Card","Shuriken","Shockwave"],"campfire_rested":2,"item_purchase_floors":[21,21,21],"current_hp_per_floor":[71,59,59,59,59,45,45,35,35,46,46,30,30,27,51,48,72,64,49,49,49,49,52,52,55,55,55,49,49,42,29,42,22,39,38,38,27,0,0],"gold":227,"neow_bonus":"BOSS_RELIC","is_daily":false,"chose_seed":false,"campfire_upgraded":5,"win_rate":0.0,"timestamp":1609552786,"path_taken":["M","M","M","?","?","E","R","?","T","M","?","E","R","E","R","BOSS","M","M","?","$","?","E","R","M","T","R","?","R","?","M","R","BOSS","M","?","M","M"],"items_purchased_type":["Relic","Relic","Card"],"build_version":"2020-12-22","purchased_purges":1,"victory":false,"max_hp_per_floor":[80,80,80,80,80,80,80,80,80,80,80,80,80,80,80,80,80,80,80,80,80,80,82,82,84,84,84,84,84,42,44,44,44,44,46,46,48,48,48],"card_choices":[{"not_picked":["Havoc","Warcry"],"picked":"Shrug It Off","floor":1.0},{"not_picked":["Shrug It Off","Clothesline"],"picked":"Cleave","floor":2.0},{"not_picked":["Intimidate","Wild Strike"],"picked":"Hemokinesis","floor":3.0},{"not_picked":["Evolve","Double Tap"],"picked":"Seeing Red","floor":6.0},{"not_picked":["Cleave","Iron Wave"],"picked":"Anger","floor":8.0},{"not_picked":["Twin Strike","Wild Strike"],"picked":"Battle Trance","floor":10},{"not_picked":["Clash","Havoc"],"picked":"Disarm","floor":12},{"not_picked":["Second Wind","Reaper","Heavy Blade"],"picked":"SKIP","floor":14},{"not_picked":["Exhume","Fiend Fire"],"picked":"Brutality","floor":16},{"not_picked":["Havoc","Dropkick"],"picked":"Thunderclap+1","floor":18},{"not_picked":["Blood for Blood","Hemokinesis"],"picked":"True Grit","floor":19},{"not_picked":["Metallicize","Anger","Thunderclap+1"],"picked":"Singing Bowl","floor":23},{"not_picked":["Feel No Pain","Searing Blow+1","Shockwave"],"picked":"Singing Bowl","floor":25},{"not_picked":["Twin Strike","Heavy Blade","Sword Boomerang"],"picked":"Singing Bowl","floor":31},{"not_picked":["Limit Break","Immolate"],"picked":"Berserk","floor":33},{"not_picked":["Warcry","Iron Wave","Havoc"],"picked":"Singing Bowl","floor":35},{"not_picked":["Wild Strike","Body Slam+1","Warcry"],"picked":"Singing Bowl","floor":37}],"player_experience":1439420,"relics_obtained":[{"floor":4.0,"key":"HornCleat"},{"floor":6.0,"key":"Orichalcum"},{"floor":9.0,"key":"Juzu Bracelet"},{"floor":12,"key":"Meat on the Bone"},{"floor":14,"key":"PreservedInsect"},{"floor":23,"key":"Singing Bowl"},{"floor":26,"key":"Potion Belt"}],"event_choices":[{"damage_healed":0.0,"max_hp_gain":0.0,"max_hp_loss":0.0,"gold_gain":0.0,"event_name":"Upgrade Shrine","player_choice":"Upgraded","floor":5.0,"gold_loss":0.0,"damage_taken":0.0,"cards_upgraded":["Hemokinesis"]},{"damage_healed":0,"gold_gain":0,"player_choice":"Ignored","damage_taken":0,"max_hp_gain":0,"max_hp_loss":0,"event_name":"Liars Game","floor":11,"gold_loss":0},{"damage_healed":0,"gold_gain":0,"player_choice":"Simplicity","damage_taken":0,"max_hp_gain":0,"max_hp_loss":0,"event_name":"Back to Basics","floor":20,"gold_loss":0,"cards_upgraded":["Strike_R","Strike_R","Strike_R","Strike_R","Strike_R","Defend_R","Defend_R","Defend_R","Defend_R"]},{"damage_healed":0,"gold_gain":0,"player_choice":"Gave Potion","damage_taken":0,"relics_obtained":["Darkstone Periapt"],"max_hp_gain":0,"max_hp_loss":0,"event_name":"WeMeetAgain","floor":22,"gold_loss":0},{"damage_healed":0,"gold_gain":0,"player_choice":"Joined the Cult","damage_taken":6,"max_hp_gain":0,"max_hp_loss":0,"event_name":"Nest","floor":28,"gold_loss":0,"cards_obtained":["RitualDagger"]},{"damage_healed":0,"gold_gain":0,"player_choice":"Became a Ghost","damage_taken":0,"max_hp_gain":0,"max_hp_loss":42,"event_name":"Ghosts","floor":30,"gold_loss":0,"cards_obtained":["Ghostly","Ghostly","Ghostly","Ghostly","Ghostly"]},{"damage_healed":0,"gold_gain":0,"player_choice":"Ignored","damage_taken":0,"max_hp_gain":0,"max_hp_loss":0,"event_name":"NoteForYourself","floor":36,"gold_loss":0}],"is_beta":false,"boss_relics":[{"not_picked":["Fusion Hammer","SacredBark"],"picked":"Philosopher\u0027s Stone"},{"not_picked":["Coffee Dripper","Pandora\u0027s Box"],"picked":"Black Star"}],"items_purged_floors":[21],"is_endless":false,"potions_floor_spawned":[2,6,10,12,14,23,31,35],"killed_by":"Writhing Mass","ascension_level":11}}