{"host":"dl7h25vjpuplx29g","time":1609559853,"event":{"mods":["BaseMod","Colored Map","Minty Spire (QoL Compilation)"],"gold_per_floor":[115,129,139,150,168,197,197,207,207,157,176,54,54,84,84,157,157,172,172,87,102,115,115,115],"floor_reached":23,"playtime":1566,"items_purged":["Strike_B"],"score":349,"play_id":"726d832b-f4e7-43a3-857c-454ba4f02aca","local_time":"20210102125733","is_ascension_mode":true,"campfire_choices":[{"data":"Sunder","floor":7.0,"key":"SMITH"},{"data":"Defragment","floor":13.0,"key":"SMITH"},{"data":"White Noise","floor":15.0,"key":"SMITH"}],"circlet_count":0,"master_deck":["AscendersBane","Strike_B","Defend_B","Defend_B","Defend_B","Zap","Dualcast","Redo","Chill","Melter","Go for the Eyes","Defragment+1","Ball Lightning","Ball Lightning","Sunder+1","White Noise+1","Cold Snap","Coolheaded","All For One","Creative AI","Conserve Battery","Turbo","Conserve Battery+1"],"relics":["Cracked Core","Mummified Hand","Question Card","Blue Candle","Cursed Key","Frozen Egg 2"],"acts_visited":["Exordium","TheCity"],"potions_floor_usage":[21,22],"damage_taken":[{"damage":0.0,"enemies":"Cultist","floor":1.0,"turns":4.0},{"damage":0.0,"enemies":"2 Louse","floor":2.0,"turns":1.0},{"damage":4.0,"enemies":"Jaw Worm","floor":3.0,"turns":4.0},{"damage":0.0,"enemies":"Large Slime","floor":4.0,"turns":4.0},{"damage":8.0,"enemies":"3 Louse","floor":5.0,"turns":2.0},{"damage":15.0,"enemies":"Lagavulin","floor":6.0,"turns":4.0},{"damage":0.0,"enemies":"2 Fungi Beasts","floor":8.0,"turns":3.0},{"damage":6.0,"enemies":"Looter","floor":11.0,"turns":2.0},{"damage":11.0,"enemies":"3 Sentries","floor":14.0,"turns":5.0},{"damage":17.0,"enemies":"The Guardian","floor":16.0,"turns":7.0},{"damage":8.0,"enemies":"Shell Parasite","floor":18.0,"turns":4.0},{"damage":6,"enemies":"2 Thieves","floor":21,"turns":2},{"damage":19,"enemies":"Snake Plant","floor":22,"turns":4},{"damage":20,"enemies":"Slavers","floor":23,"turns":1}],"seed_played":"3190126744263118461","potions_obtained":[{"floor":2.0,"key":"FearPotion"},{"floor":4.0,"key":"DuplicationPotion"},{"floor":11.0,"key":"Ancient Potion"},{"floor":16.0,"key":"FocusPotion"},{"floor":18.0,"key":"LiquidMemories"},{"floor":21,"key":"Block Potion"}],"is_trial":false,"path_per_floor":["M","M","M","M","M","E","R","M","T","?","M","$","R","E","R","B",null,"M","?","?","M","M","E"],"character_chosen":"DEFECT","items_purchased":["Coolheaded"],"campfire_rested":0,"item_purchase_floors":[12],"current_hp_per_floor":[64,64,60,60,52,37,37,37,37,37,31,31,31,20,20,3,49,41,41,41,35,16,0,0],"gold":115,"neow_bonus":"TRANSFORM_TWO_CARDS","is_daily":false,"chose_seed":false,"campfire_upgraded":3,"win_rate":0.0,"timestamp":1609559853,"path_taken":["M","M","M","M","?","E","R","M","T","?","M","?","R","E","R","BOSS","M","?","?","M","M","E"],"items_purchased_type":["Card"],"build_version":"2020-12-22","purchased_purges":1,"victory":false,"max_hp_per_floor":[64,64,64,64,64,64,64,64,64,64,64,64,64,64,64,64,64,64,64,64,64,64,64,64],"card_choices":[{"not_picked":["Barrage","Sweeping Beam"],"picked":"Melter","floor":1.0},{"not_picked":["Conserve Battery","Redo"],"picked":"Go for the Eyes","floor":2.0},{"not_picked":["Steam","Sweeping Beam"],"picked":"Defragment","floor":3.0},{"not_picked":["BootSequence","Reboot"],"picked":"Ball Lightning","floor":4.0},{"not_picked":["Sweeping Beam","White Noise"],"picked":"Ball Lightning","floor":5.0},{"not_picked":["Streamline","Coolheaded"],"picked":"Sunder","floor":6.0},{"not_picked":["Melter","Skim"],"picked":"White Noise","floor":8.0},{"not_picked":["Blizzard","Hologram","Redo"],"picked":"Cold Snap","floor":11.0},{"not_picked":["Streamline","Self Repair","Rebound"],"picked":"All For One","floor":14.0},{"not_picked":["Core Surge","Fission","Machine Learning"],"picked":"Creative AI","floor":16.0},{"not_picked":["Heatsinks","Rip and Tear","Beam Cell"],"picked":"Conserve Battery","floor":18.0},{"not_picked":["Hologram","Rebound","Conserve Battery"],"picked":"Turbo","floor":21},{"not_picked":["Steam","Reinforced Body","Coolheaded"],"picked":"Conserve Battery+1","floor":22}],"player_experience":1446741,"relics_obtained":[{"floor":6.0,"key":"Mummified Hand"},{"floor":9.0,"key":"Question Card"},{"floor":14.0,"key":"Blue Candle"}],"event_choices":[{"cards_removed":["Strike_B"],"damage_healed":0.0,"max_hp_gain":0.0,"max_hp_loss":0.0,"gold_gain":0.0,"event_name":"The Cleric","player_choice":"Card Removal","floor":10.0,"gold_loss":50.0,"damage_taken":0.0},{"damage_healed":0.0,"max_hp_gain":0.0,"max_hp_loss":0.0,"gold_gain":0.0,"event_name":"Vampires","player_choice":"Ignored","floor":19.0,"gold_loss":0.0,"damage_taken":0.0},{"damage_healed":0.0,"max_hp_gain":0.0,"max_hp_loss":0.0,"gold_gain":0.0,"event_name":"Addict","player_choice":"Obtained Relic","floor":20.0,"gold_loss":85.0,"damage_taken":0.0,"relics_obtained":["Frozen Egg 2"]}],"is_beta":false,"boss_relics":[{"not_picked":["Busted Crown","Pandora\u0027s Box"],"picked":"Cursed Key"}],"items_purged_floors":[12],"is_endless":false,"potions_floor_spawned":[2,4,11,16,18,21],"killed_by":"Slavers","ascension_level":14}}