{"host":"j1mbkraw8apv6ejx","time":1609595864,"event":{"mods":["Aspiration","BaseMod","Colored Map","Colored Powertips","DeckTracker","Highlight Path","Hubris","Infinite Spire","Minty Spire (QoL Compilation)","Quick Restart","Random Character Button","Relic Sorter","Replay The Spire","StSLib","SuperFastMode","Synergy Search","The Cursed","The Disciple","The Jungle","The Runesmith"],"gold_per_floor":[115,126,142,161,173,173,173,173,188,216,216,216,246,259,293,293,293,448,448,460,460,460,460,492,492,512,544,567,567,567,28,58,92,109,123,123,274,274,289,308,308,308],"floor_reached":41,"playtime":2905,"items_purged":[],"score":766,"play_id":"7f876845-0149-4489-80f6-f9598a3e4245","local_time":"20210102145744","daily_mods":["SealedDeck","Specialized","Heirloom","Time Dilation","DeadlyEvents","Elite Swarm"],"is_ascension_mode":false,"campfire_choices":[{"data":"Die Die Die","floor":6,"key":"SMITH"},{"data":"Die Die Die","floor":12,"key":"SMITH"},{"data":"Hidden Blade","floor":25,"key":"SMITH"},{"data":"Tactician","floor":36,"key":"SMITH"}],"circlet_count":0,"master_deck":["Die Die Die+1","Die Die Die+1","Die Die Die","Die Die Die","Die Die Die+1","Backflip","Dagger Throw","Quick Slash","Blade Dance","Finisher","Blade Dance","Hidden Blade+1","Underhanded Strike","Slice","Tactician+1","Blade Dance","Accuracy","Underhanded Strike","Corpse Explosion","hubris:SlightOfHand+1","infinitespire:Collect+1","infinitespire:Neurotoxin+1","Expertise+1","infinitespire:Neurotoxin+1","Tactician+1"],"relics":["Ring of the Serpent","BranchBurnRelic","hubris:Spice","hubris:MobiusCoin","hubris:64BitClover","hubris:MedicalManual","Toxic Egg 2","SlaversCollar","aspiration:HiddenCompartment","ReplayTheSpireMod:Shallot","Anchor","infinitespire:Lucky Rock","infinitespire:Bottled Soul","infinitespire:Magic Flask","Replay:Bottled Steam"],"acts_visited":["Exordium","Exordium","TheBeyond"],"potions_floor_usage":[4,14,24,34,37,41],"damage_taken":[{"damage":0,"enemies":"Cultist","floor":1,"turns":1},{"damage":0,"enemies":"2 Louse","floor":2,"turns":1},{"damage":0,"enemies":"Small Slimes","floor":3,"turns":1},{"damage":0,"enemies":"Exordium Wildlife","floor":4,"turns":1},{"damage":0,"enemies":"3 Louse","floor":5,"turns":1},{"damage":0,"enemies":"2 Fungi Beasts","floor":9,"turns":1},{"damage":0,"enemies":"Gremlin Nob","floor":10,"turns":1},{"damage":0,"enemies":"3 Sentries","floor":13,"turns":2},{"damage":4,"enemies":"Exordium Thugs","floor":14,"turns":2},{"damage":0,"enemies":"Lagavulin","floor":15,"turns":1},{"damage":0,"enemies":"Slime Boss","floor":18,"turns":2},{"damage":4,"enemies":"theJungle:MUSHROOMGANG","floor":20,"turns":1},{"damage":0,"enemies":"theJungle:Cassacara","floor":24,"turns":2},{"damage":5,"enemies":"theJungle:5_Spyders","floor":26,"turns":3},{"damage":0,"enemies":"theJungle:2_Phrogs","floor":27,"turns":2},{"damage":0,"enemies":"theJungle:Cassacara","floor":32,"turns":2},{"damage":0,"enemies":"Nightmare","floor":33,"turns":2},{"damage":0,"enemies":"theJungle:SlimyTreeVines","floor":34,"turns":2},{"damage":0,"enemies":"theJungle:2_Snecko_Cultists","floor":35,"turns":2},{"damage":24,"enemies":"theJungle:TotemBoss","floor":37,"turns":3},{"damage":0,"enemies":"Orb Walker","floor":39,"turns":2},{"damage":7,"enemies":"3 Darklings","floor":40,"turns":2},{"damage":4,"enemies":"infinitespire:Three Voidlings","floor":41,"turns":2},{"damage":75,"enemies":"Nightmare_Alpha","floor":41,"turns":4}],"seed_played":"201630003102143558","potions_obtained":[{"floor":2,"key":"LiquidMemories"},{"floor":4,"key":"Weak Potion"},{"floor":13,"key":"Swift Potion"},{"floor":15,"key":"BlessingOfTheForge"},{"floor":18,"key":"SteroidPotion"},{"floor":24,"key":"Fruit Juice"},{"floor":27,"key":"Dexterity Potion"},{"floor":35,"key":"Poison Potion"}],"is_trial":true,"path_per_floor":["M","M","M","M","M","R","PTL","PTL","M","E","T","R","E","M","E","?","R_BF","B",null,"M","AVR","?","?","E","R","M","E","T","PTL","PTL","$","E","NM","M","M","R","B",null,"M","M","?"],"character_chosen":"THE_SILENT","items_purchased":["infinitespire:Bottled Soul","hubris:Spice"],"campfire_rested":0,"item_purchase_floors":[31,31],"current_hp_per_floor":[70,70,70,70,70,70,70,70,70,78,78,78,78,74,74,74,74,78,78,74,74,55,55,60,60,67,67,67,67,67,75,75,75,75,75,75,60,83,83,75,0,0],"gold":308,"neow_bonus":"","is_daily":false,"chose_seed":false,"campfire_upgraded":4,"win_rate":0.0,"timestamp":1609595864,"path_taken":["M","?","M","M","M","R","PTL","PTL","M","E","T","R","E","M","E","?","R_BF","BOSS","M","AVR","?","?","?","R","?","E","T","PTL","PTL","?","?","NM","M","M","R","BOSS","M","M","?"],"items_purchased_type":["Relic","Relic"],"build_version":"2020-12-22","purchased_purges":0,"victory":false,"max_hp_per_floor":[70,70,70,70,70,70,70,70,70,78,78,78,78,78,78,78,78,78,78,78,78,78,78,83,83,83,83,83,83,83,91,91,91,91,91,91,83,83,83,75,75,75],"card_choices":[{"not_picked":["Bane","Poisoned Stab"],"picked":"Blade Dance","floor":1},{"not_picked":["hubris:Counter","Hidden Blade","Backflip"],"picked":"SKIP","floor":2},{"not_picked":["Endless Agony","Hidden Blade","Flying Knee"],"picked":"SKIP","floor":3},{"not_picked":["Slice","ReplayTheSpireMod:Speed Training","Sucker Punch"],"picked":"SKIP","floor":4},{"not_picked":["Quick Slash","Blur","Crippling Poison"],"picked":"SKIP","floor":5},{"not_picked":["Blur","Predator"],"picked":"Accuracy","floor":9},{"not_picked":["After Image","Wraith Form v2","Envenom"],"picked":"SKIP","floor":10},{"not_picked":["Wraith Form v2","Venomology","Unload"],"picked":"SKIP","floor":13},{"not_picked":["Distraction","Deflect"],"picked":"Underhanded Strike","floor":14},{"not_picked":["A Thousand Cuts","Doppelganger"],"picked":"Corpse Explosion","floor":15},{"not_picked":["Dodge and Roll+1","Choke"],"picked":"hubris:SlightOfHand+1","floor":20},{"not_picked":["infinitespire:FinalStrike","infinitespire:Gouge"],"picked":"infinitespire:Collect","floor":22},{"not_picked":["ReplayTheSpireMod:Necrosis+1","ReplayTheSpireMod:From All Sides"],"picked":"infinitespire:Neurotoxin+1","floor":24},{"not_picked":["Deadly Poison+1","Sucker Punch"],"picked":"Expertise+1","floor":26},{"not_picked":["Burst+1","Wraith Form v2","Glass Knife"],"picked":"SKIP","floor":27},{"not_picked":["Grand Finale","Malaise+1","ReplayTheSpireMod:From All Sides"],"picked":"SKIP","floor":32},{"not_picked":["After Image","aspiration:Lunge"],"picked":"infinitespire:Neurotoxin+1","floor":33},{"not_picked":["ReplayTheSpireMod:Scrap Shanks","Bane","Dagger Spray"],"picked":"SKIP","floor":34},{"not_picked":["Dodge and Roll+1","Deadly Poison+1","Underhanded Strike"],"picked":"SKIP","floor":35},{"not_picked":["PiercingWail+1","Backflip+1"],"picked":"Tactician+1","floor":39},{"not_picked":["ReplayTheSpireMod:Speed Training+1","Sucker Punch+1"],"picked":"hubris:SpiceAddiction","floor":40}],"player_experience":146995,"relics_obtained":[{"floor":10,"key":"hubris:Spice"},{"floor":11,"key":"hubris:MobiusCoin"},{"floor":13,"key":"hubris:64BitClover"},{"floor":15,"key":"hubris:MedicalManual"},{"floor":24,"key":"ReplayTheSpireMod:Shallot"},{"floor":27,"key":"Anchor"},{"floor":28,"key":"infinitespire:Lucky Rock"},{"floor":32,"key":"infinitespire:Magic Flask"},{"floor":33,"key":"Replay:Bottled Steam"},{"floor":37,"key":"hubris:Spice"}],"event_choices":[{"cards_removed":["Injury"],"damage_healed":0,"gold_gain":0,"player_choice":"Purged","damage_taken":0,"max_hp_gain":0,"max_hp_loss":0,"event_name":"Purifier","floor":23,"gold_loss":0}],"is_beta":false,"boss_relics":[{"not_picked":["Runesmith:UraniumAnvil","hubris:Backtick"],"picked":"SlaversCollar"},{"not_picked":["hubris:Spice","hubris:Spice"],"picked":"Ring of the Serpent"}],"items_purged_floors":[],"is_endless":true,"potions_floor_spawned":[2,4,13,15,18,20,24,27,35],"killed_by":"Nightmare_Alpha","ascension_level":0}}