{"host":"baymyijz6sxaqj5s","time":1609600536,"event":{"mods":["AchievementEnabler","BaseMod","Colored Map","Colored Powertips","DeckTracker","Highlight Path","KOR Keyword Fix","Keyboard Shortcuts","Minty Spire (QoL Compilation)","Quick Restart","StSLib","SuperFastMode"],"gold_per_floor":[114,126,126,144,164,164,164,164,211,211,226,293,343,393,393,496,496,511,492,642,320,370,370,420,420,420,68,138,243,243,258,258,357,357,369,93,143,156,206,206,221,221,221,221,233,21,71,135,135,135],"floor_reached":51,"playtime":1407,"items_purged":["Strike_R","Strike_R","Strike_R"],"score":796,"play_id":"1380f2e7-9d65-4a7e-954d-bfd78abbcbe1","local_time":"20210103001536","is_ascension_mode":true,"campfire_choices":[{"data":"Shrug It Off","floor":6,"key":"SMITH"},{"data":"Shrug It Off","floor":8,"key":"SMITH"},{"data":"Impervious","floor":10,"key":"SMITH"},{"floor":15,"key":"REST"},{"data":"Body Slam","floor":23,"key":"SMITH"},{"floor":25,"key":"REST"},{"data":"Seeing Red","floor":30,"key":"SMITH"},{"data":"Demon Form","floor":32,"key":"SMITH"},{"data":"Heavy Blade","floor":40,"key":"SMITH"},{"data":"Discovery","floor":42,"key":"SMITH"},{"data":"Armaments","floor":44,"key":"SMITH"},{"floor":49,"key":"REST"}],"circlet_count":0,"master_deck":["Strike_R","Defend_R+1","Defend_R+1","Defend_R","Defend_R","Bash","Shrug It Off+1","Ghostly Armor+1","Shrug It Off+1","Impervious+1","Sword Boomerang","Demon Form+1","Body Slam+1","Seeing Red+1","Thunderclap+1","Cleave","Impervious","Armaments+1","Heavy Blade+1","Inflame","Discovery+1","Heavy Blade+1","Madness","Madness","Enlightenment","Offering"],"relics":["Burning Blood","SsserpentHead","Red Skull","Runic Pyramid","Shuriken","Letter Opener","Gremlin Horn","Omamori","Philosopher\u0027s Stone","Strawberry","Bottled Lightning"],"acts_visited":["Exordium","TheCity","TheBeyond"],"potions_floor_usage":[16,16,18,31,33,45,45,48,50],"damage_taken":[{"damage":8,"enemies":"Jaw Worm","floor":1,"turns":4},{"damage":6,"enemies":"Cultist","floor":2,"turns":4},{"damage":6,"enemies":"2 Louse","floor":4,"turns":2},{"damage":4,"enemies":"Looter","floor":5,"turns":3},{"damage":3,"enemies":"Exordium Thugs","floor":11,"turns":9},{"damage":21,"enemies":"Large Slime","floor":12,"turns":12},{"damage":30,"enemies":"Slime Boss","floor":16,"turns":11},{"damage":0,"enemies":"3 Byrds","floor":18,"turns":5},{"damage":14,"enemies":"2 Thieves","floor":19,"turns":4},{"damage":0,"enemies":"Snake Plant","floor":28,"turns":4},{"damage":7,"enemies":"Chosen and Byrds","floor":31,"turns":6},{"damage":43,"enemies":"Collector","floor":33,"turns":9},{"damage":11,"enemies":"Orb Walker","floor":35,"turns":4},{"damage":7,"enemies":"3 Shapes","floor":38,"turns":4},{"damage":0,"enemies":"Jaw Worm Horde","floor":41,"turns":4},{"damage":35,"enemies":"Writhing Mass","floor":45,"turns":7},{"damage":32,"enemies":"Spire Growth","floor":48,"turns":5},{"damage":17,"enemies":"Awakened One","floor":50,"turns":9}],"seed_played":"-7691756134047314965","potions_obtained":[{"floor":2,"key":"ElixirPotion"},{"floor":4,"key":"CultistPotion"},{"floor":16,"key":"LiquidBronze"},{"floor":19,"key":"GamblersBrew"},{"floor":24,"key":"LiquidBronze"},{"floor":24,"key":"SpeedPotion"},{"floor":31,"key":"Block Potion"},{"floor":33,"key":"Weak Potion"},{"floor":38,"key":"CultistPotion"}],"is_trial":false,"path_per_floor":["M","M","?","M","M","R","?","R","T","R","M","M","?","?","R","B",null,"M","M","?","$","?","R","?","R","T","$","M","T","R","M","R","B",null,"M","$","?","M","?","R","M","R","T","R","M","$","?","M","R","B",null],"character_chosen":"IRONCLAD","items_purchased":["Seeing Red","Shuriken","Gremlin Horn","Strawberry","Heavy Blade","Inflame","BloodPotion","Enlightenment"],"campfire_rested":3,"item_purchase_floors":[21,21,27,36,36,36,46,46],"current_hp_per_floor":[86,86,68,68,70,70,70,70,70,70,73,58,58,63,90,66,93,93,85,85,85,67,67,67,96,96,96,98,98,98,97,97,60,98,93,100,100,99,86,86,92,92,92,92,63,63,63,58,89,78],"gold":135,"neow_bonus":"TEN_PERCENT_HP_BONUS","is_daily":false,"chose_seed":false,"campfire_upgraded":9,"win_rate":0.0,"timestamp":1609600536,"path_taken":["M","M","?","M","M","R","?","R","T","R","M","?","?","?","R","BOSS","M","M","?","?","?","R","?","R","T","$","?","?","R","M","R","BOSS","M","$","?","M","?","R","M","R","T","R","M","?","?","?","R","BOSS"],"items_purchased_type":["Card","Relic","Relic","Relic","Card","Card","Potion","Card"],"build_version":"2020-12-22","purchased_purges":3,"victory":true,"max_hp_per_floor":[88,88,88,88,88,88,88,88,88,88,88,88,88,93,93,93,93,93,93,93,93,98,98,98,98,98,98,98,98,98,98,98,98,98,98,105,105,105,105,105,105,105,105,105,105,105,105,105,105,105],"card_choices":[{"not_picked":["Cleave","Wild Strike"],"picked":"Shrug It Off","floor":1},{"not_picked":["Intimidate","Sword Boomerang"],"picked":"Ghostly Armor","floor":2},{"not_picked":["Clothesline","Armaments"],"picked":"Shrug It Off","floor":4},{"not_picked":["Havoc","Sword Boomerang"],"picked":"Impervious","floor":5},{"not_picked":["Iron Wave","Searing Blow","Fire Breathing"],"picked":"SKIP","floor":11},{"not_picked":["Searing Blow","Hemokinesis"],"picked":"Sword Boomerang","floor":12},{"not_picked":["Brutality","Fiend Fire"],"picked":"Demon Form","floor":16},{"not_picked":["True Grit+1","Clothesline"],"picked":"Body Slam","floor":18},{"not_picked":["Pommel Strike","Clothesline","Blood for Blood"],"picked":"SKIP","floor":19},{"not_picked":["Clothesline","Sword Boomerang"],"picked":"Thunderclap+1","floor":28},{"not_picked":["Searing Blow","Reckless Charge"],"picked":"Cleave","floor":31},{"not_picked":["Demon Form","Juggernaut"],"picked":"Impervious","floor":33},{"not_picked":["Infernal Blade+1","Wild Strike"],"picked":"Armaments","floor":35},{"not_picked":["Finesse","Mind Blast"],"picked":"Discovery","floor":37},{"not_picked":["Power Through+1","Headbutt+1"],"picked":"Heavy Blade+1","floor":38},{"not_picked":["Thunderclap","Clash","Warcry"],"picked":"SKIP","floor":41},{"not_picked":["Pommel Strike","Sword Boomerang","Twin Strike"],"picked":"SKIP","floor":45},{"not_picked":["Heavy Blade+1","Shrug It Off+1"],"picked":"Offering","floor":48}],"player_experience":293751,"relics_obtained":[{"floor":9,"key":"Red Skull"},{"floor":26,"key":"Letter Opener"},{"floor":29,"key":"Omamori"},{"floor":43,"key":"Bottled Lightning"}],"event_choices":[{"damage_healed":0,"gold_gain":0,"player_choice":"Entered Light","damage_taken":18,"max_hp_gain":0,"max_hp_loss":0,"event_name":"Shining Light","floor":3,"gold_loss":0,"cards_upgraded":["Defend_R","Defend_R"]},{"damage_healed":0,"gold_gain":0,"player_choice":"Trade","damage_taken":0,"relics_obtained":["SsserpentHead"],"max_hp_gain":0,"max_hp_loss":0,"event_name":"FaceTrader","floor":7,"gold_loss":0},{"damage_healed":0,"gold_gain":0,"player_choice":"Grow","damage_taken":0,"max_hp_gain":0,"max_hp_loss":0,"event_name":"Living Wall","floor":13,"gold_loss":0,"cards_upgraded":["Ghostly Armor"]},{"damage_healed":0,"gold_gain":0,"player_choice":"Donut","damage_taken":0,"max_hp_gain":5,"max_hp_loss":0,"event_name":"Big Fish","floor":14,"gold_loss":0},{"damage_healed":0,"gold_gain":100,"player_choice":"Pray","damage_taken":0,"max_hp_gain":0,"max_hp_loss":0,"event_name":"Golden Shrine","floor":20,"gold_loss":0},{"damage_healed":0,"gold_gain":0,"player_choice":"Shed Blood","damage_taken":23,"max_hp_gain":5,"max_hp_loss":0,"event_name":"Forgotten Altar","floor":22,"gold_loss":0},{"damage_healed":0,"gold_gain":0,"player_choice":"Got Potions","damage_taken":0,"max_hp_gain":0,"max_hp_loss":0,"event_name":"Lab","floor":24,"gold_loss":0},{"damage_healed":0,"gold_gain":0,"player_choice":"Memory 1","damage_taken":0,"max_hp_gain":0,"max_hp_loss":0,"event_name":"SensoryStone","floor":37,"gold_loss":0},{"damage_healed":0,"gold_gain":0,"player_choice":"Embrace Madness","damage_taken":13,"max_hp_gain":0,"max_hp_loss":0,"event_name":"Winding Halls","floor":39,"gold_loss":0,"cards_obtained":["Madness","Madness"]},{"cards_removed":["Strike_R"],"damage_healed":0,"gold_gain":0,"player_choice":"Purged","damage_taken":0,"max_hp_gain":0,"max_hp_loss":0,"event_name":"Purifier","floor":47,"gold_loss":0}],"is_beta":false,"boss_relics":[{"not_picked":["Velvet Choker","Runic Dome"],"picked":"Runic Pyramid"},{"not_picked":["Snecko Eye","Pandora\u0027s Box"],"picked":"Philosopher\u0027s Stone"}],"items_purged_floors":[21,27,46],"is_endless":false,"potions_floor_spawned":[2,4,16,19,31,33,38],"ascension_level":2}}