{"host":"dlskvfecb6rtl9z1","time":1609551158,"event":{"mods":["2.2 Compatiblity","AchievementEnabler","Aspiration","BaseMod","Better Third Choice","Colored Map","Colored Powertips","Downfall","Duelist Mod","Hermit","Hubris","Infinite Spire","KinomotoSakuraMod(????)","Koishi","Marisa????????","Minty Spire (QoL Compilation)","Remilia??????","Replay The Spire","Shop Mod","StSLib","Td1madao Mod","The Administrix","The Bug Knight","The Construct","The Cursed","The Disciple","The Hierophant","The Jungle","The Mystic","The Necromancer","The Runesmith","The Senshi","The Servant 0.9.4"],"gold_per_floor":[213,223,223,279,289,319,339,369,392,403,418,27,52,65,65,162,162,182,182,182,196,208,208,240,254,254,279,315,315,347,347,347,499,499,583,258,258,258,63,63,108,170,170,231,231,279,279,279,279,305,305],"floor_reached":50,"playtime":4317,"items_purged":["Defend_P","Defend_P","Defend_P"],"score":885,"play_id":"ff25a945-4b99-46d2-94c8-1cf00037c30b","local_time":"20210102033238","is_ascension_mode":true,"campfire_choices":[{"floor":15.0,"key":"REST"},{"data":"Evaluate","floor":23.0,"key":"SMITH"},{"data":"Evaluate","floor":29.0,"key":"SMITH"},{"data":"Vigilance","floor":32.0,"key":"SMITH"},{"data":"Consecrate","floor":40,"key":"SMITH"},{"data":"Evaluate","floor":45,"key":"SMITH"},{"data":"FlurryOfBlows","floor":47,"key":"SMITH"},{"floor":49,"key":"REST"}],"circlet_count":0,"master_deck":["Strike_P","Strike_P","Strike_P","Strike_P","Eruption","Vigilance+1","Consecrate+1","Vengeance+1","Conclude+1","InnerPeace+1","FlurryOfBlows+1","Evaluate+1","Vault+1","Evaluate+1","SashWhip+1","Vault+1","TalkToTheHand+1","CrushJoints+1","DeusExMachina+1","Halt+1","Study+1","Evaluate+1","Replay:Vibes+1","Parasite","FearNoEvil"],"relics":["PureWater","hubris:SlimyHat","Happy Flower","Pear","infinitespire:Lucky Rock","Golden Egg","Guide Book","Smiling Mask","Philosopher\u0027s Stone","Boot","Meat on the Bone","Replay:Bandana","Painkiller Herb","infinitespire:EvilPickle","Replay:Bronze Core","Replay:Ringing Soul","hubris:Icosahedron","HandDrill","Pocketwatch","Mirror"],"acts_visited":["Exordium","TheCity","TheBeyond"],"potions_floor_usage":[50],"damage_taken":[{"damage":2.0,"enemies":"Cultist","floor":1.0,"turns":3.0},{"damage":9.0,"enemies":"Small Slimes","floor":2.0,"turns":3.0},{"damage":4.0,"enemies":"Jaw Worm","floor":5.0,"turns":4.0},{"damage":13.0,"enemies":"Lagavulin","floor":6.0,"turns":5.0},{"damage":8.0,"enemies":"Blue Slaver","floor":7.0,"turns":2.0},{"damage":0.0,"enemies":"Gremlin Nob","floor":8.0,"turns":2.0},{"damage":13.0,"enemies":"Large Slime","floor":10.0,"turns":3.0},{"damage":7.0,"enemies":"Exordium Wildlife","floor":11.0,"turns":3.0},{"damage":5.0,"enemies":"Lagavulin","floor":13.0,"turns":4.0},{"damage":0.0,"enemies":"Blue Slaver","floor":14.0,"turns":2.0},{"damage":20.0,"enemies":"The Guardian","floor":16.0,"turns":9.0},{"damage":33.0,"enemies":"2 Thieves","floor":18.0,"turns":4.0},{"damage":0.0,"enemies":"Spheric Guardian","floor":21.0,"turns":3.0},{"damage":20.0,"enemies":"Snake Plant","floor":22.0,"turns":5.0},{"damage":17.0,"enemies":"Gremlin Leader","floor":24.0,"turns":5.0},{"damage":10.0,"enemies":"Shelled Parasite and Fungi","floor":25.0,"turns":4.0},{"damage":0.0,"enemies":"Slavers","floor":27.0,"turns":4.0},{"damage":16.0,"enemies":"Cultist and Chosen","floor":28.0,"turns":3.0},{"damage":1.0,"enemies":"Centurion and Healer","floor":30.0,"turns":5.0},{"damage":9.0,"enemies":"Pondfish","floor":33.0,"turns":9.0},{"damage":0,"enemies":"3 Darklings","floor":35,"turns":5},{"damage":0,"enemies":"Orb Walker","floor":41,"turns":3},{"damage":0,"enemies":"Reptomancer","floor":42,"turns":4},{"damage":24,"enemies":"3 Darklings","floor":44,"turns":4},{"damage":29,"enemies":"Writhing Mass","floor":46,"turns":5},{"damage":111,"enemies":"Awakened One","floor":50,"turns":9}],"seed_played":"-6960746190480432583","potions_obtained":[{"floor":1.0,"key":"SneckoOil"},{"floor":2.0,"key":"sneckomod:MuddlingPotion"},{"floor":4.0,"key":"Flashbang"},{"floor":6.0,"key":"Block Potion"},{"floor":8.0,"key":"StancePotion"},{"floor":13.0,"key":"Flashbang"},{"floor":14.0,"key":"Swift Potion"},{"floor":21.0,"key":"Adrenaline Potion"},{"floor":22.0,"key":"Energy Potion"},{"floor":28.0,"key":"Regen Potion"},{"floor":30.0,"key":"Fire Potion"},{"floor":41,"key":"FairyPotion"}],"is_trial":false,"path_per_floor":["M","M","?","?","M","E","M","E","T","M","M","$","E","M","R","B",null,"M","?","?","M","M","R","E","M","T","E","M","R","M","AVR","T","B",null,"?","T","?","?","T","T","?","E","T","?","T","?","T","AVR","T","B"],"character_chosen":"WATCHER","items_purchased":["Golden Egg","Guide Book","Study","Replay:Ringing Soul","HandDrill"],"campfire_rested":2,"item_purchase_floors":[12,12,36,36,39],"current_hp_per_floor":[70,61,61,43,39,26,18,28,28,15,8,8,3,3,27,7,82,49,57,57,57,37,37,20,10,10,22,18,18,29,29,29,47,82,82,82,82,78,78,78,81,81,81,60,60,46,46,46,72,0,0],"gold":305,"neow_bonus":"HUNDRED_GOLD","is_daily":false,"chose_seed":false,"campfire_upgraded":6,"win_rate":0.0,"timestamp":1609551158,"path_taken":["M","M","?","?","M","E","M","E","T","M","M","?","E","?","R","BOSS","M","?","?","?","M","R","E","M","T","E","M","R","M","AVR","T","BOSS","?","T","?","?","T","T","?","E","T","?","T","?","T","AVR","T","BOSS"],"items_purchased_type":["Relic","Relic","Card","Relic","Relic"],"build_version":"2020-12-22","purchased_purges":3,"victory":false,"max_hp_per_floor":[72,72,72,72,72,72,72,82,82,82,82,82,82,82,82,82,82,82,82,82,82,82,82,82,82,82,82,82,82,82,82,82,82,82,82,82,82,78,78,78,81,81,81,84,84,87,87,87,87,87,87],"card_choices":[{"not_picked":["Replay:ManipulateFuture","EmptyFist"],"picked":"Consecrate","floor":1.0},{"not_picked":["Worship","Replay:BluntJabs"],"picked":"Vengeance","floor":2.0},{"not_picked":["Halt","MentalFortress"],"picked":"Conclude","floor":4.0},{"not_picked":["Sanctity","Halt"],"picked":"InnerPeace","floor":5.0},{"not_picked":["DeceiveReality","Meditate"],"picked":"FlurryOfBlows","floor":6.0},{"not_picked":["FollowUp","Prostrate","Wallop"],"picked":"SKIP","floor":7.0},{"not_picked":["ThirdEye","Establishment","Replay:DivineShield"],"picked":"SKIP","floor":8.0},{"not_picked":["CrushJoints","JustLucky","ThirdEye"],"picked":"SKIP","floor":10.0},{"not_picked":["JustLucky","Study"],"picked":"Evaluate","floor":11.0},{"not_picked":["Scrawl","ThirdEye","Replay:DivineShield"],"picked":"SKIP","floor":13.0},{"not_picked":["Replay:Hum","Prostrate","Swivel"],"picked":"SKIP","floor":14.0},{"not_picked":["ConjureBlade","Replay:LoomingThreat"],"picked":"Vault","floor":16.0},{"not_picked":["SashWhip","BowlingBash+1"],"picked":"Evaluate","floor":18.0},{"not_picked":["ClearTheMind","CrushJoints","EmptyMind"],"picked":"SKIP","floor":21.0},{"not_picked":["Wallop","Consecrate"],"picked":"SashWhip+1","floor":22.0},{"not_picked":["Replay:Cycle","SignatureMove"],"picked":"Vault","floor":24.0},{"not_picked":["CarveReality","Replay:AtTheReady"],"picked":"TalkToTheHand+1","floor":25.0},{"not_picked":["EmptyBody","Meditate","Weave"],"picked":"SKIP","floor":27.0},{"not_picked":["Prostrate","EmptyFist"],"picked":"CrushJoints+1","floor":28.0},{"not_picked":["ClearTheMind","ThirdEye","EmptyFist"],"picked":"SKIP","floor":30.0},{"not_picked":["Ragnarok","MasterReality"],"picked":"DeusExMachina","floor":33.0},{"not_picked":["CarveReality+1","PathToVictory+1"],"picked":"Halt+1","floor":35},{"not_picked":["ThirdEye","ReachHeaven"],"picked":"Evaluate","floor":41},{"not_picked":["ClearTheMind+1","EmptyBody+1","Replay:LoomingThreat"],"picked":"SKIP","floor":42},{"not_picked":["Halt","SashWhip"],"picked":"Replay:Vibes+1","floor":44},{"not_picked":["CrushJoints","ClearTheMind"],"picked":"FearNoEvil","floor":46}],"player_experience":106106,"relics_obtained":[{"floor":4.0,"key":"hubris:SlimyHat"},{"floor":6.0,"key":"Happy Flower"},{"floor":8.0,"key":"Pear"},{"floor":9.0,"key":"infinitespire:Lucky Rock"},{"floor":13.0,"key":"Smiling Mask"},{"floor":24.0,"key":"Boot"},{"floor":26.0,"key":"Meat on the Bone"},{"floor":27.0,"key":"Replay:Bandana"},{"floor":42,"key":"Pocketwatch"},{"floor":43,"key":"Mirror"}],"event_choices":[{"damage_healed":0.0,"max_hp_gain":0.0,"max_hp_loss":0.0,"gold_gain":0.0,"event_name":"Living Wall","player_choice":"Grow","floor":3.0,"gold_loss":0.0,"damage_taken":0.0,"cards_upgraded":["Vengeance"]},{"cards_removed":["Defend_P"],"damage_healed":0.0,"max_hp_gain":0.0,"max_hp_loss":0.0,"gold_gain":0.0,"event_name":"Bonfire Elementals","player_choice":"Offered Basic","floor":20.0,"gold_loss":0.0,"damage_taken":0.0},{"damage_healed":0,"gold_gain":0,"player_choice":"Max HP","damage_taken":0,"max_hp_gain":0,"max_hp_loss":4,"event_name":"Winding Halls","floor":38,"gold_loss":0}],"is_beta":false,"boss_relics":[{"not_picked":["Empty Cage","Ring of Chaos"],"picked":"Philosopher\u0027s Stone"},{"not_picked":["hubris:HollowSoul","construct:WeddingRing"],"picked":"Replay:Bronze Core"}],"items_purged_floors":[36,39,48],"is_endless":false,"potions_floor_spawned":[1,2,6,8,13,14,21,22,28,30,41],"killed_by":"Awakened One","ascension_level":2}}