{"host":"640uue19m79c7wbt","time":1609620615,"event":{"mods":["BaseMod","Colored Map","Googly Eyes","Highlight Path","Minty Spire (QoL Compilation)","Quick Restart","StSLib"],"gold_per_floor":[111,61,61,37,47,80,99,125,148,148,148,159,194,208,208,310,310,323,343,53,63,77,77,109,109,132,132,132,166,177,15,15,120,120,135,148,148,167,167,167,202,152,177,177,177],"floor_reached":44,"playtime":2275,"items_purged":["Strike_G","Strike_G","Parasite"],"score":677,"play_id":"c6bbbcf8-e9d1-4af8-a716-50d7e13c7268","local_time":"20210102155015","is_ascension_mode":true,"campfire_choices":[{"floor":10.0,"key":"REST"},{"floor":15.0,"key":"REST"},{"floor":23.0,"key":"REST"},{"floor":28.0,"key":"REST"},{"floor":32.0,"key":"REST"},{"floor":40.0,"key":"REST"}],"circlet_count":0,"master_deck":["Strike_G","Strike_G","Defend_G","Defend_G","Defend_G+1","Defend_G","Defend_G+1","Survivor","Neutralize","Dagger Throw","PiercingWail","Blade Dance","Tools of the Trade","Underhanded Strike","Escape Plan","Corpse Explosion","Wraith Form v2","Backstab","Adrenaline","CurseOfTheBell","Dagger Spray+1","Catalyst+1","Dagger Spray+1","Accuracy","Corpse Explosion","Underhanded Strike+1","Tactician","Eviscerate+1","Burst","Cloak And Dagger+1","Underhanded Strike+1","Crippling Poison+1","Reflex+1"],"relics":["Ring of the Snake","NeowsBlessing","Regal Pillow","Smiling Mask","Snake Skull","Tingsha","War Paint","Calling Bell","Orichalcum","Molten Egg 2","WingedGreaves","Bottled Lightning","Pantograph","Enchiridion","Bronze Scales","Ginger","Blue Candle","Lantern","Nunchaku"],"acts_visited":["Exordium","TheCity","TheBeyond"],"potions_floor_usage":[],"damage_taken":[{"damage":0.0,"enemies":"Jaw Worm","floor":1.0,"turns":1.0},{"damage":0.0,"enemies":"2 Louse","floor":5.0,"turns":1.0},{"damage":0.0,"enemies":"Gremlin Nob","floor":6.0,"turns":1.0},{"damage":0.0,"enemies":"Cultist","floor":7.0,"turns":4.0},{"damage":28.0,"enemies":"Lagavulin","floor":8.0,"turns":6.0},{"damage":6.0,"enemies":"2 Fungi Beasts","floor":12.0,"turns":3.0},{"damage":25.0,"enemies":"3 Sentries","floor":13.0,"turns":3.0},{"damage":8.0,"enemies":"Looter","floor":14.0,"turns":2.0},{"damage":18.0,"enemies":"Hexaghost","floor":16.0,"turns":8.0},{"damage":7.0,"enemies":"Shell Parasite","floor":18.0,"turns":6.0},{"damage":14.0,"enemies":"2 Thieves","floor":19.0,"turns":2.0},{"damage":17.0,"enemies":"Centurion and Healer","floor":21.0,"turns":4.0},{"damage":10.0,"enemies":"Snecko","floor":22.0,"turns":6.0},{"damage":12.0,"enemies":"Gremlin Leader","floor":24.0,"turns":7.0},{"damage":29.0,"enemies":"Book of Stabbing","floor":29.0,"turns":5.0},{"damage":4.0,"enemies":"Cultist and Chosen","floor":30.0,"turns":3.0},{"damage":82.0,"enemies":"Automaton","floor":33.0,"turns":10.0},{"damage":0.0,"enemies":"3 Darklings","floor":35.0,"turns":2.0},{"damage":9.0,"enemies":"Orb Walker","floor":36.0,"turns":3.0},{"damage":10.0,"enemies":"Writhing Mass","floor":38.0,"turns":5.0},{"damage":49.0,"enemies":"Nemesis","floor":41.0,"turns":5.0},{"damage":29,"enemies":"Reptomancer","floor":44,"turns":4}],"seed_played":"-3000821254215418434","potions_obtained":[{"floor":5.0,"key":"Energy Potion"},{"floor":6.0,"key":"Ancient Potion"},{"floor":8.0,"key":"ColorlessPotion"},{"floor":13.0,"key":"LiquidBronze"},{"floor":14.0,"key":"SkillPotion"},{"floor":19.0,"key":"FearPotion"},{"floor":24.0,"key":"Block Potion"},{"floor":27.0,"key":"Regen Potion"},{"floor":29.0,"key":"Regen Potion"},{"floor":30.0,"key":"Swift Potion"},{"floor":36.0,"key":"Fire Potion"},{"floor":38.0,"key":"BlessingOfTheForge"}],"is_trial":false,"path_per_floor":["M","?","?","$","M","E","M","E","T","R","T","M","E","M","R","B",null,"M","M","$","M","M","R","E","?","T","?","R","E","M","$","R","B",null,"M","M","T","M","?","R","E","$","T","E"],"character_chosen":"THE_SILENT","items_purchased":["PiercingWail","Bottled Lightning","Tactician","Eviscerate+1"],"campfire_rested":6,"item_purchase_floors":[4,20,31,31],"current_hp_per_floor":[63,63,68,68,68,68,68,40,40,75,75,69,44,36,73,55,70,63,49,49,32,22,59,47,31,31,31,68,51,47,47,75,4,57,57,48,48,38,38,75,26,26,26,0,0],"gold":177,"neow_bonus":"THREE_ENEMY_KILL","is_daily":false,"chose_seed":false,"campfire_upgraded":0,"win_rate":0.0,"timestamp":1609620615,"path_taken":["M","?","?","?","M","E","M","E","T","R","?","M","E","?","R","BOSS","M","M","$","M","M","R","E","?","T","?","R","E","M","$","R","BOSS","M","M","?","M","?","R","E","$","T","E"],"items_purchased_type":["Card","Relic","Card","Card"],"build_version":"2020-12-22","purchased_purges":3,"victory":false,"max_hp_per_floor":[70,70,75,75,75,75,75,75,75,75,75,75,75,75,75,75,75,75,75,75,75,75,75,75,75,75,75,75,75,75,75,75,75,75,75,75,75,75,75,75,75,72,72,72,72],"card_choices":[{"not_picked":["Endless Agony","Flying Knee"],"picked":"Dagger Throw","floor":1.0},{"not_picked":["Slice","PiercingWail"],"picked":"Blade Dance","floor":5.0},{"not_picked":["Flechettes","Bane"],"picked":"Tools of the Trade","floor":6.0},{"not_picked":["Cloak And Dagger","Escape Plan"],"picked":"Underhanded Strike","floor":7.0},{"not_picked":["All Out Attack","Prepared"],"picked":"Escape Plan","floor":8.0},{"not_picked":["Acrobatics","Backflip"],"picked":"Corpse Explosion","floor":12.0},{"not_picked":["Cloak And Dagger","Backflip"],"picked":"Wraith Form v2","floor":13.0},{"not_picked":["Setup","Blade Dance"],"picked":"Backstab","floor":14.0},{"not_picked":["Burst","Tools of the Trade"],"picked":"Adrenaline","floor":16.0},{"not_picked":["Leg Sweep","PiercingWail+1"],"picked":"Dagger Spray+1","floor":18.0},{"not_picked":["Bane+1","Dagger Spray+1"],"picked":"Catalyst+1","floor":19.0},{"not_picked":["Prepared","Outmaneuver","PiercingWail"],"picked":"SKIP","floor":21.0},{"not_picked":["Slice+1","Dagger Throw+1"],"picked":"Dagger Spray+1","floor":22.0},{"not_picked":["Eviscerate+1","Deadly Poison"],"picked":"Accuracy","floor":24.0},{"not_picked":["PiercingWail","Quick Slash+1"],"picked":"Corpse Explosion","floor":29.0},{"not_picked":["Prepared","Footwork"],"picked":"Underhanded Strike+1","floor":30.0},{"not_picked":["Wraith Form v2","Storm of Steel"],"picked":"Burst","floor":33.0},{"not_picked":["Catalyst","Terror"],"picked":"Cloak And Dagger+1","floor":35.0},{"not_picked":["Cloak And Dagger+1","Noxious Fumes"],"picked":"Underhanded Strike+1","floor":36.0},{"not_picked":["Predator+1","PiercingWail"],"picked":"Crippling Poison+1","floor":38.0},{"not_picked":["Deflect+1","Outmaneuver"],"picked":"Reflex+1","floor":41.0}],"player_experience":554640,"relics_obtained":[{"floor":6.0,"key":"Regal Pillow"},{"floor":8.0,"key":"Smiling Mask"},{"floor":9.0,"key":"Snake Skull"},{"floor":11.0,"key":"Tingsha"},{"floor":13.0,"key":"War Paint"},{"floor":17.0,"key":"Orichalcum"},{"floor":17.0,"key":"Molten Egg 2"},{"floor":17.0,"key":"WingedGreaves"},{"floor":24.0,"key":"Pantograph"},{"floor":25.0,"key":"Enchiridion"},{"floor":26.0,"key":"Bronze Scales"},{"floor":29.0,"key":"Ginger"},{"floor":37.0,"key":"Blue Candle"},{"floor":41.0,"key":"Lantern"},{"floor":43.0,"key":"Nunchaku"}],"event_choices":[{"cards_removed":["Strike_G"],"damage_healed":0.0,"max_hp_gain":0.0,"max_hp_loss":0.0,"gold_gain":0.0,"event_name":"The Cleric","player_choice":"Card Removal","floor":2.0,"gold_loss":50.0,"damage_taken":0.0},{"damage_healed":0.0,"max_hp_gain":5.0,"max_hp_loss":0.0,"gold_gain":0.0,"event_name":"Big Fish","player_choice":"Donut","floor":3.0,"gold_loss":0.0,"damage_taken":0.0},{"damage_healed":0.0,"max_hp_gain":0.0,"max_hp_loss":0.0,"gold_gain":0.0,"event_name":"Cursed Tome","player_choice":"Obtained Book","floor":25.0,"gold_loss":0.0,"damage_taken":16.0},{"damage_healed":0.0,"max_hp_gain":0.0,"max_hp_loss":0.0,"gold_gain":0.0,"event_name":"Lab","player_choice":"Got Potions","floor":27.0,"gold_loss":0.0,"damage_taken":0.0},{"damage_healed":0.0,"max_hp_gain":0.0,"max_hp_loss":0.0,"gold_gain":0.0,"event_name":"SecretPortal","player_choice":"Ignored","floor":39.0,"gold_loss":0.0,"damage_taken":0.0}],"is_beta":false,"boss_relics":[{"not_picked":["Philosopher\u0027s Stone","Fusion Hammer"],"picked":"Calling Bell"},{"not_picked":["Pandora\u0027s Box","Snecko Eye","Runic Pyramid"]}],"items_purged_floors":[20,31,42],"is_endless":false,"potions_floor_spawned":[5,6,8,13,14,19,24,29,30,36,38],"killed_by":"Reptomancer","ascension_level":6}}