{"host":"Rich","time":1609624814,"event":{"mods":["AchievementEnabler","BaseMod","Highlight Path","Minty Spire (QoL Compilation)","Relic Stats"],"gold_per_floor":[111,386,399,410,7,7,7],"floor_reached":6,"playtime":181,"items_purged":["Regret"],"score":72,"play_id":"4e4fa0aa-eb48-43e0-9429-ba73acc98e29","local_time":"20210102170014","is_ascension_mode":true,"campfire_choices":[],"circlet_count":0,"master_deck":["AscendersBane","Strike_P","Strike_P","Strike_P","Strike_P","Defend_P","Defend_P","Defend_P","Defend_P","Eruption","Vigilance","PathToVictory","FlurryOfBlows","FearNoEvil","FlurryOfBlows"],"relics":["PureWater","Lantern","Mummified Hand"],"acts_visited":["Exordium"],"potions_floor_usage":[6],"damage_taken":[{"damage":0,"enemies":"2 Louse","floor":1,"turns":3},{"damage":3,"enemies":"Cultist","floor":3,"turns":3},{"damage":12,"enemies":"Small Slimes","floor":4,"turns":3},{"damage":52,"enemies":"Lagavulin","floor":6,"turns":7}],"seed_played":"9206667119212141004","potions_obtained":[{"floor":1,"key":"BlessingOfTheForge"},{"floor":4,"key":"SteroidPotion"}],"is_trial":false,"path_per_floor":["M","?","M","M","$","E"],"character_chosen":"WATCHER","items_purchased":["Mummified Hand","FlurryOfBlows"],"campfire_rested":0,"item_purchase_floors":[5,5],"current_hp_per_floor":[61,61,58,46,46,0,0],"gold":7,"neow_bonus":"RANDOM_COMMON_RELIC","is_daily":false,"chose_seed":false,"campfire_upgraded":0,"win_rate":0.0,"timestamp":1609624814,"path_taken":["M","?","M","?","$","E"],"items_purchased_type":["Relic","Card"],"build_version":"2020-12-18","purchased_purges":1,"victory":false,"max_hp_per_floor":[68,68,68,68,68,68,68],"relic_stats":{"counters":[4,16],"Mummified Hand":[0],"obtain_stats":[{"Lantern":0,"Mummified Hand":5,"PureWater":0},{"Lantern":0,"Mummified Hand":3,"PureWater":0},{"Lantern":0,"Mummified Hand":9,"PureWater":0}]},"card_choices":[{"not_picked":["JustLucky","Prostrate"],"picked":"PathToVictory","floor":1},{"not_picked":["FlyingSleeves","Perseverance"],"picked":"FlurryOfBlows","floor":3},{"not_picked":["Evaluate","Consecrate"],"picked":"FearNoEvil","floor":4}],"player_experience":1954265,"relics_obtained":[],"event_choices":[{"damage_healed":0,"gold_gain":275,"player_choice":"Desecrate","damage_taken":0,"max_hp_gain":0,"max_hp_loss":0,"event_name":"Golden Shrine","floor":2,"gold_loss":0,"cards_obtained":["Regret"]}],"is_beta":true,"boss_relics":[],"items_purged_floors":[5],"is_endless":false,"potions_floor_spawned":[1,4],"killed_by":"Lagavulin","ascension_level":20}}