{"host":"c59zqhrgluvxuu0k","time":1609547969,"event":{"mods":["BaseMod","Better Altar","Better Third Choice","BetterRewards","Colored Map","Colored Powertips","Curses Come First","Downfall","Duelist Mod","Friendly Minions","Hermit","Hubris","Minty Spire (QoL Compilation)","Replay The Spire","Shop Mod","Spicy Shops","StSLib","The Administrix","The Blackbeard","The Cursed","The Death Knight","The Dragon Tamer","The Druid","The Jungle","The Marked","The Runesmith","The Wild Card"],"gold_per_floor":[116,130,130,141,141,141,141],"floor_reached":6,"playtime":580,"items_purged":[],"score":36,"play_id":"71e2062e-1478-4195-9e7a-50f3a87b1a8c","local_time":"20210101173929","is_ascension_mode":false,"campfire_choices":[],"circlet_count":0,"master_deck":["DeathKnight:Strike_DeathKnight","DeathKnight:Strike_DeathKnight","DeathKnight:Strike_DeathKnight","DeathKnight:Strike_DeathKnight","DeathKnight:Strike_DeathKnight","DeathKnight:Defend_DeathKnight","DeathKnight:Defend_DeathKnight","DeathKnight:Defend_DeathKnight","DeathKnight:Defend_DeathKnight","DeathKnight:Defend_DeathKnight","DeathKnight:RuneTap","DeathKnight:RuneStrike","theWildCard:CallToAdventure","Guardian:CurlUp","DeathKnight:BloodTap","DeathKnight:BloodBoil","theWildCard:Odin","DeathKnight:BloodEchoes","Echo Form+1"],"relics":["DeathKnight:BrokenRuneblade","DeathKnight:LightbringersTabard","Garlic"],"acts_visited":["Exordium"],"potions_floor_usage":[],"damage_taken":[{"damage":1.0,"enemies":"Cultist","floor":1.0,"turns":4.0},{"damage":2.0,"enemies":"2 Louse","floor":2.0,"turns":3.0},{"damage":0.0,"enemies":"Small Slimes","floor":4.0,"turns":3.0},{"damage":50,"enemies":"Gremlin Nob","floor":6,"turns":5}],"seed_played":"2508854200547893596","potions_obtained":[],"is_trial":false,"path_per_floor":["M","M","?","M","?","E"],"character_chosen":"DEATH_KNIGHT","items_purchased":[],"campfire_rested":0,"item_purchase_floors":[],"current_hp_per_floor":[74,72,72,72,45,0,0],"gold":141,"neow_bonus":"ONE_RARE_RELIC","is_daily":false,"chose_seed":false,"campfire_upgraded":0,"win_rate":0.0,"timestamp":1609547969,"path_taken":["M","?","?","M","?","E"],"items_purchased_type":[],"build_version":"2020-12-22","purchased_purges":0,"victory":false,"max_hp_per_floor":[75,75,75,75,75,75,75],"card_choices":[{"not_picked":["DeathKnight:DeathCoil","DeathKnight:Marrowrend"],"picked":"DeathKnight:BloodTap","floor":1.0},{"not_picked":["DeathKnight:ScourgeStrike","DeathKnight:RaiseAlly"],"picked":"DeathKnight:BloodBoil","floor":2.0},{"not_picked":["DeathKnight:BloodPact","DeathKnight:HornOfWinter"],"picked":"DeathKnight:BloodEchoes","floor":4.0}],"player_experience":2215139,"relics_obtained":[],"event_choices":[],"is_beta":false,"boss_relics":[],"items_purged_floors":[],"is_endless":false,"potions_floor_spawned":[],"killed_by":"Gremlin Nob","ascension_level":0}}