{"host":"i0s8vbixp24k5aul","time":1609591820,"event":{"mods":["2.2 Compatiblity","Act Like it!","Aspiration","BaseMod","Better Note","Better Third Choice","Better Vampires","BetterUpgradePreview","Colorless Booster Pack","Dota2Spire","GifTheSpireLib","Halation","Hermit","Hubris","Jedi Mod","Minty Spire (QoL Compilation)","Optimize The Spire","StSLib","The Construct","The Disciple","TheWitcher","vexMod","??????REMEMod"],"gold_per_floor":[113,113,113,15,15,15,46,46,73,103,103,134,153,153,153,256,256,266,266,280,294,121,152,152,180,180,455,455,455],"floor_reached":28,"playtime":3481,"items_purged":["Regret"],"score":435,"play_id":"14c05d18-ebe5-4ae7-8302-444b8afb6b45","local_time":"20210102155020","is_ascension_mode":true,"campfire_choices":[{"data":"PatternShift","floor":6,"key":"SMITH"},{"data":"Goo","floor":15,"key":"SMITH"},{"floor":24,"key":"REST"}],"circlet_count":0,"master_deck":["Strike_Br","Strike_Br","Strike_Br","Defend_Br","Defend_Br","Defend_Br","Defend_Br","SecondHand","PatternShift+1","construct:MetalShell","LockedAnchor","HandsUpC","ShortSighted","ExoVibe","Moderato","HandsUpB","Goo+11","RageCommand","Recurrance","ExoVibe","ExoVibe","Forethought","Echoward","Regret"],"relics":["Chronometer","REME_ComplimentaryCards","NeowsBlessing","Dota2Spire:MantaStyle","aspiration:ArtOfWarUpgrade","Dota2Spire:EchoSabre","Dota2Spire:BlackKingBar","aspiration:StickyExplosives_weak","construct:WeddingRing","Tiny Chest","Ancient Tea Set","Frozen Egg 2"],"acts_visited":["Exordium","TheCity"],"potions_floor_usage":[12,16,23,28,28],"damage_taken":[{"damage":0,"enemies":"Jaw Worm","floor":1,"turns":1},{"damage":0,"enemies":"3 Sentries","floor":7,"turns":2},{"damage":0,"enemies":"Lagavulin","floor":10,"turns":1},{"damage":2,"enemies":"Gremlin Nob","floor":12,"turns":6},{"damage":3,"enemies":"2 Louse","floor":13,"turns":6},{"damage":4,"enemies":"Hexaghost","floor":16,"turns":11},{"damage":23,"enemies":"3 Byrds","floor":18,"turns":4},{"damage":2,"enemies":"Chosen","floor":20,"turns":2},{"damage":4,"enemies":"Centurion and Healer","floor":21,"turns":4},{"damage":28,"enemies":"Gremlin Leader","floor":23,"turns":5},{"damage":22,"enemies":"REME_1_Revenger","floor":25,"turns":7},{"damage":13,"enemies":"Chosen and Byrds","floor":28,"turns":4}],"seed_played":"-394060166985846034","potions_obtained":[{"floor":1,"key":"jedi:StrikingPotion"},{"floor":12,"key":"jedi:tentaclejuice"},{"floor":13,"key":"construct:ShiftPotion"},{"floor":20,"key":"Energy Potion"},{"floor":21,"key":"SteroidPotion"}],"is_trial":false,"path_per_floor":["M","?","?","$","$","R","E","R","T","E","R","E","M","?","R","B",null,"M","?","M","M","$","E","R","E","T","?","M"],"character_chosen":"CHRONO_CLASS","items_purchased":["HandsUpC","ShortSighted","Forethought"],"campfire_rested":1,"item_purchase_floors":[4,4,22],"current_hp_per_floor":[65,58,58,58,58,58,64,64,64,64,64,62,65,65,65,65,65,42,42,40,42,42,14,33,11,11,11,0,0],"gold":455,"neow_bonus":"THREE_ENEMY_KILL","is_daily":false,"chose_seed":false,"campfire_upgraded":2,"win_rate":0.0,"timestamp":1609591820,"path_taken":["M","?","?","?","$","R","E","R","T","E","R","E","M","?","R","BOSS","M","?","?","?","$","E","R","E","T","?","?"],"items_purchased_type":["Card","Card","Card"],"build_version":"2020-12-22","purchased_purges":1,"victory":false,"max_hp_per_floor":[65,65,65,65,65,65,65,65,65,65,65,65,65,65,65,65,65,65,65,65,65,65,65,65,65,65,65,65,65],"card_choices":[{"not_picked":["Tempo","LockedBlood"],"picked":"LockedAnchor","floor":1},{"not_picked":["BeatsPerMinute","LockedWarPaint"],"picked":"Tempo","floor":7},{"not_picked":["Engulf","WatchCommand"],"picked":"ExoVibe","floor":10},{"not_picked":["BlueShift","PrimeTime"],"picked":"HandsUpB","floor":12},{"not_picked":["WakeUpCall","LockedScales"],"picked":"Goo","floor":13},{"not_picked":["Echonomics","OverTime"],"picked":"RageCommand","floor":16},{"not_picked":["BiteCommand","LockedBlood+1"],"picked":"Recurrance","floor":18},{"not_picked":["LockedTornado","ReapSow"],"picked":"ExoVibe","floor":20},{"not_picked":["LockedMedicine","Backlash"],"picked":"ExoVibe","floor":21},{"not_picked":["EscortCommand","BlueShift+1"],"picked":"Echoward","floor":23},{"not_picked":["Cuckoo","CrunchTime","LockedMedicine+1"],"picked":"SKIP","floor":25}],"player_experience":779415,"relics_obtained":[{"floor":7,"key":"Art of War"},{"floor":9,"key":"Dota2Spire:EchoSabre"},{"floor":10,"key":"Dota2Spire:BlackKingBar"},{"floor":12,"key":"aspiration:StickyExplosives_weak"},{"floor":23,"key":"Tiny Chest"},{"floor":25,"key":"Ancient Tea Set"},{"floor":26,"key":"Frozen Egg 2"}],"event_choices":[{"cards_removed":["Strike_Br"],"damage_healed":0,"gold_gain":0,"player_choice":"Card Removal","damage_taken":7,"max_hp_gain":0,"max_hp_loss":0,"event_name":"Golden Wing","floor":2,"gold_loss":0},{"damage_healed":0,"gold_gain":0,"player_choice":"Box","damage_taken":0,"relics_obtained":["Dota2Spire:MantaStyle"],"max_hp_gain":0,"max_hp_loss":0,"event_name":"Big Fish","floor":3,"gold_loss":0,"cards_obtained":["Regret"]},{"cards_removed":["PatternShift"],"damage_healed":0,"gold_gain":0,"player_choice":"Give","damage_taken":0,"max_hp_gain":0,"max_hp_loss":0,"event_name":"betterNote:BetterNote","floor":19,"gold_loss":0,"cards_obtained":["None"]},{"damage_healed":0,"gold_gain":275,"player_choice":"Desecrate","damage_taken":0,"max_hp_gain":0,"max_hp_loss":0,"event_name":"Golden Shrine","floor":27,"gold_loss":0,"cards_obtained":["Regret"]}],"is_beta":false,"boss_relics":[{"not_picked":["Dota2Spire:Bloodstone","REME_ChargedStone"],"picked":"construct:WeddingRing"}],"items_purged_floors":[22],"is_endless":false,"potions_floor_spawned":[1,12,13,20,21],"killed_by":"Chosen and Byrds","ascension_level":2}}