{"host":"xazfs2cmso1lkipw","time":1609608308,"event":{"mods":["AchievementEnabler","Arknights The Spire","BaseMod","Bestiary","Better Third Choice","BetterRewards","Clockwork Mod","Colored Map","Colored Powertips","Highlight Path","Infinite Spire","Minty Spire (QoL Compilation)","Quick Restart","Railgun Mod","Rare Cards Sparkle","Relic Stats","Replay The Spire","Shop Mod","StSLib","The Marked"],"gold_per_floor":[118,137,147,162,218,218,233,233,257,287,305,323,65,91,91,194,194,205,12,22,22,37,37,37,48,48,65,65,83,182,182,182,182,182],"floor_reached":33,"playtime":1919,"items_purged":[],"score":261,"play_id":"36c4fb1a-e908-4f7c-94e6-b8479ad05a47","local_time":"20210103012508","is_ascension_mode":false,"campfire_choices":[{"data":"Sword Boomerang","floor":6,"key":"SMITH"},{"floor":8,"key":"REST"},{"floor":15,"key":"REST"},{"floor":23,"key":"REST"},{"floor":28,"key":"REST"},{"floor":32,"key":"REST"}],"circlet_count":0,"master_deck":["Strike_R","Strike_R","Strike_R","Strike_R","Strike_R","Defend_R","Defend_R","Defend_R","Defend_R","Bash","Thunderclap","Second Wind","Feel No Pain","Sword Boomerang+1","Perfected Strike","Anger","Armaments","Anger","Bludgeon","ReplayTheSpireMod:Stacked","Dropkick","Intimidate","Clothesline","Offering","Life Link+1","Dark Shackles","Fire Breathing+1","Warcry","Whirlwind","Necronomicurse","Double Tap","ReplayTheSpireMod:Strike From Hell+1","Sever Soul","Iron Wave"],"relics":["Burning Blood","NeowsBlessing","Replay:Baseball","Happy Flower","ReplayTheSpireMod:TigerMarble","infinitespire:Satchel","Oddly Smooth Stone","Honey Jar","Necronomicon","Replay:Wax Seal"],"acts_visited":["Exordium","TheCity"],"potions_floor_usage":[16,16,16,33,33,33],"damage_taken":[{"damage":0,"enemies":"2 Louse","floor":1,"turns":1},{"damage":0,"enemies":"Cultist","floor":2,"turns":1},{"damage":0,"enemies":"Small Slimes","floor":3,"turns":1},{"damage":14,"enemies":"Blue Slaver","floor":4,"turns":4},{"damage":16,"enemies":"Exordium Wildlife","floor":7,"turns":5},{"damage":27,"enemies":"3 Sentries","floor":10,"turns":6},{"damage":10,"enemies":"Looter","floor":11,"turns":3},{"damage":20,"enemies":"Exordium Thugs","floor":12,"turns":4},{"damage":15,"enemies":"Lagavulin","floor":14,"turns":5},{"damage":58,"enemies":"Fading Forest","floor":16,"turns":11},{"damage":6,"enemies":"3 Byrds","floor":18,"turns":6},{"damage":31,"enemies":"2 Thieves","floor":20,"turns":4},{"damage":30,"enemies":"Snake Plant","floor":22,"turns":3},{"damage":18,"enemies":"Shelled Parasite and Fungi","floor":25,"turns":4},{"damage":27,"enemies":"Cultist and Chosen","floor":27,"turns":4},{"damage":10,"enemies":"Sentry and Sphere","floor":29,"turns":3},{"damage":48,"enemies":"Champ","floor":33,"turns":8}],"seed_played":"-8768065412688663726","potions_obtained":[{"floor":4,"key":"SpeedPotion"},{"floor":5,"key":"Strength Potion"},{"floor":7,"key":"Adrenaline Potion"},{"floor":12,"key":"Swift Potion"},{"floor":20,"key":"Block Potion"},{"floor":25,"key":"LiquidBronze"}],"is_trial":false,"path_per_floor":["M","M","M","M","?","R","M","R","T","E","M","M","$","E","R","B",null,"M","$","M","?","M","R","?","M","T","M","R","M","?","?","R","B"],"character_chosen":"IRONCLAD","items_purchased":["infinitespire:Satchel","Dropkick","Intimidate","Dark Shackles","Fire Breathing+1","Warcry"],"campfire_rested":5,"item_purchase_floors":[13,13,13,19,19,19],"current_hp_per_floor":[80,80,80,72,52,52,42,66,66,45,41,27,27,18,42,10,80,80,80,55,39,15,39,39,27,27,14,38,34,34,22,46,0,0],"gold":182,"neow_bonus":"THREE_ENEMY_KILL","is_daily":false,"chose_seed":false,"campfire_upgraded":1,"win_rate":0.0,"timestamp":1609608308,"path_taken":["M","M","M","M","?","R","M","R","T","E","M","?","$","E","R","BOSS","M","?","M","?","M","R","?","M","T","?","R","M","?","?","R","BOSS"],"items_purchased_type":["Relic","Card","Card","Card","Card","Card"],"build_version":"2020-12-22","purchased_purges":0,"victory":false,"max_hp_per_floor":[80,80,80,80,80,80,80,80,80,80,80,80,80,80,80,80,80,80,80,80,80,80,80,80,80,80,80,80,80,80,80,80,80,80],"relic_stats":{"Happy Flower":[20],"counters":[17,73],"Necronomicon":[18],"obtain_stats":[{"Replay:Baseball":5,"NeowsBlessing":0,"Happy Flower":9,"infinitespire:Satchel":13,"Oddly Smooth Stone":14,"Honey Jar":17,"ReplayTheSpireMod:TigerMarble":10,"Necronomicon":21,"Replay:Wax Seal":26,"Burning Blood":0},{"Replay:Baseball":4,"NeowsBlessing":0,"Happy Flower":5,"infinitespire:Satchel":8,"Oddly Smooth Stone":9,"Honey Jar":10,"ReplayTheSpireMod:TigerMarble":6,"Necronomicon":12,"Replay:Wax Seal":14,"Burning Blood":0},{"Replay:Baseball":7,"NeowsBlessing":0,"Happy Flower":12,"infinitespire:Satchel":25,"Oddly Smooth Stone":30,"Honey Jar":41,"ReplayTheSpireMod:TigerMarble":18,"Necronomicon":51,"Replay:Wax Seal":58,"Burning Blood":0}],"Burning Blood":78},"card_choices":[{"not_picked":["Blood for Blood","Life Link"],"picked":"Thunderclap","floor":1},{"not_picked":["ReplayTheSpireMod:Stacked","Perfected Strike"],"picked":"Second Wind","floor":2},{"not_picked":["Body Slam","Flame Barrier"],"picked":"Feel No Pain","floor":3},{"not_picked":["Flex","Brutality"],"picked":"Sword Boomerang","floor":4},{"not_picked":["ReplayTheSpireMod:Corrosion Curse","Shrug It Off"],"picked":"Perfected Strike","floor":5},{"not_picked":["Perfected Strike","Iron Wave"],"picked":"Anger","floor":5},{"not_picked":["Sever Soul","True Grit"],"picked":"Armaments","floor":7},{"not_picked":["Carnage","Shockwave"],"picked":"Anger","floor":10},{"not_picked":["Armaments","Dropkick"],"picked":"Bludgeon","floor":11},{"not_picked":["Perfected Strike","Armaments"],"picked":"ReplayTheSpireMod:Stacked","floor":12},{"not_picked":["Perfected Strike","Twin Strike"],"picked":"Clothesline","floor":14},{"not_picked":["Impervious","Fiend Fire"],"picked":"Offering","floor":16},{"not_picked":["Clothesline","Headbutt","Anger"],"picked":"Life Link+1","floor":18},{"not_picked":["Flex+1","Perfected Strike+1","Pommel Strike+1"],"picked":"Whirlwind","floor":20},{"not_picked":["Run Through","Sword Boomerang+1","Blood for Blood"],"picked":"Double Tap","floor":22},{"not_picked":["Thunderclap","Body Slam","Perfected Strike"],"picked":"ReplayTheSpireMod:Strike From Hell+1","floor":25},{"not_picked":["Whirlwind","ReplayTheSpireMod:LeadingStrike","Headbutt+1"],"picked":"Sever Soul","floor":27},{"not_picked":["Run Through","ReplayTheSpireMod:Strike From Hell+1","Twin Strike"],"picked":"Iron Wave","floor":29}],"player_experience":7103,"relics_obtained":[{"floor":5,"key":"Replay:Baseball"},{"floor":9,"key":"Happy Flower"},{"floor":10,"key":"ReplayTheSpireMod:TigerMarble"},{"floor":14,"key":"Oddly Smooth Stone"},{"floor":21,"key":"Necronomicon"},{"floor":26,"key":"Replay:Wax Seal"}],"event_choices":[{"damage_healed":0,"gold_gain":0,"player_choice":"Obtained Book","damage_taken":16,"max_hp_gain":0,"max_hp_loss":0,"event_name":"Cursed Tome","floor":21,"gold_loss":0},{"damage_healed":0,"gold_gain":0,"player_choice":"Ignored","damage_taken":0,"max_hp_gain":0,"max_hp_loss":0,"event_name":"Ghosts","floor":24,"gold_loss":0},{"damage_healed":0,"gold_gain":99,"player_choice":"Steal","damage_taken":0,"max_hp_gain":0,"max_hp_loss":0,"event_name":"betterThird:BetterNest","floor":30,"gold_loss":0},{"damage_healed":0,"gold_gain":0,"player_choice":"POTION ","damage_taken":12,"max_hp_gain":0,"max_hp_loss":0,"event_name":"Knowing Skull","floor":31,"potions_obtained":["Reflective Coating"],"gold_loss":0,"cards_obtained":[]}],"is_beta":false,"boss_relics":[{"not_picked":["Runic Pyramid","ReplayTheSpireMod:DimensionalGlitch"],"picked":"Honey Jar"}],"items_purged_floors":[],"is_endless":false,"potions_floor_spawned":[4,7,12,20,25],"killed_by":"Champ","ascension_level":0}}