{"host":"dlskvfecb6rtl9z1","time":1609608929,"event":{"mods":["2.2 Compatiblity","AchievementEnabler","Aspiration","BaseMod","Better Third Choice","Colored Map","Colored Powertips","Downfall","Duelist Mod","Hermit","Hubris","Infinite Spire","KinomotoSakuraMod(????)","Koishi","Marisa????????","Minty Spire (QoL Compilation)","Remilia??????","Replay The Spire","Shop Mod","StSLib","Td1madao Mod","The Administrix","The Bug Knight","The Construct","The Cursed","The Disciple","The Hierophant","The Jungle","The Mystic","The Necromancer","The Runesmith","The Senshi","The Servant 0.9.4"],"gold_per_floor":[115,128,108,124,49,82,82,116,197,212,223,223,243,259,259,259,259],"floor_reached":16,"playtime":905,"items_purged":["Strike_R"],"score":137,"play_id":"034ab1a0-5471-47f9-8ff7-e25fe074ac96","local_time":"20210102193529","is_ascension_mode":true,"campfire_choices":[{"data":"Whirlwind","floor":7,"key":"SMITH"},{"data":"Cleave","floor":12,"key":"SMITH"},{"data":"Shrug It Off","floor":15,"key":"SMITH"}],"circlet_count":0,"master_deck":["Strike_R","Strike_R","Strike_R","Strike_R","Defend_R","Defend_R","Defend_R","Defend_R","Bash+1","Cleave+1","Whirlwind+1","Battle Trance","Shrug It Off+1"],"relics":["Burning Blood","Potion Belt","infinitespire:WardingShard","Garlic"],"acts_visited":["Exordium"],"potions_floor_usage":[8,8,16],"damage_taken":[{"damage":12,"enemies":"Jaw Worm","floor":1,"turns":3},{"damage":1,"enemies":"Cultist","floor":2,"turns":3},{"damage":0,"enemies":"Small Slimes","floor":4,"turns":3},{"damage":35,"enemies":"3 Sentries","floor":6,"turns":4},{"damage":37,"enemies":"Lagavulin","floor":8,"turns":7},{"damage":0,"enemies":"3 Louse","floor":10,"turns":1},{"damage":0,"enemies":"Lots of Slimes","floor":11,"turns":1},{"damage":0,"enemies":"2 Fungi Beasts","floor":13,"turns":3},{"damage":20,"enemies":"Large Slime","floor":14,"turns":4},{"damage":41,"enemies":"The Guardian","floor":16,"turns":13}],"seed_played":"9212236017884365615","potions_obtained":[{"floor":3,"key":"SmokeBomb"},{"floor":4,"key":"Weak Potion"},{"floor":8,"key":"BloodPotion"},{"floor":11,"key":"champ:CounterPotion"},{"floor":13,"key":"LiquidMemories"}],"is_trial":false,"path_per_floor":["M","M","?","M","$","E","R","E","T","M","M","R","M","M","R","B"],"character_chosen":"IRONCLAD","items_purchased":[],"campfire_rested":0,"item_purchase_floors":[],"current_hp_per_floor":[74,79,79,80,80,51,51,36,36,42,48,48,54,40,40,0,0],"gold":259,"neow_bonus":"UPGRADE_CARD","is_daily":false,"chose_seed":false,"campfire_upgraded":3,"win_rate":0.0,"timestamp":1609608929,"path_taken":["M","M","?","M","?","E","R","E","T","M","M","R","M","?","R","BOSS"],"items_purchased_type":[],"build_version":"2020-12-22","purchased_purges":1,"victory":false,"max_hp_per_floor":[80,80,80,80,80,80,80,80,80,80,80,80,80,80,80,80,80],"card_choices":[{"not_picked":["Flex","Massacre"],"picked":"Cleave","floor":1},{"not_picked":["Flex","True Grit"],"picked":"Whirlwind","floor":2},{"not_picked":["Whirlwind","Second Wind"],"picked":"Battle Trance","floor":4},{"not_picked":["Havoc","Spot Weakness"],"picked":"Shrug It Off","floor":6},{"not_picked":["Run Through","Barricade","Body Slam"],"picked":"SKIP","floor":8},{"not_picked":["Searing Blow","Reckless Charge","Replay:Undeath\u0027s Touch"],"picked":"SKIP","floor":10},{"not_picked":["Dropkick","Clothesline","Thunderclap"],"picked":"SKIP","floor":11},{"not_picked":["Searing Blow","Corruption","Combust"],"picked":"SKIP","floor":13},{"not_picked":["Disarm","Cleave","Pommel Strike"],"picked":"SKIP","floor":14}],"player_experience":114412,"relics_obtained":[{"floor":6,"key":"Potion Belt"},{"floor":8,"key":"infinitespire:WardingShard"},{"floor":9,"key":"Garlic"}],"event_choices":[{"damage_healed":0,"gold_gain":0,"player_choice":"Bought 1 Potion","damage_taken":0,"max_hp_gain":0,"max_hp_loss":0,"event_name":"The Woman in Blue","floor":3,"gold_loss":0}],"is_beta":false,"boss_relics":[],"items_purged_floors":[5],"is_endless":false,"potions_floor_spawned":[4,8,11,13],"killed_by":"The Guardian","ascension_level":4}}