{"host":"n900smz9wr3yo27a","time":1609604903,"event":{"mods":["Arknights The Spire","BaseMod","CapriCore","GungeonMod","Hermit","Koishi","Lobotomy","Marisa£¨Ùöéë¡¡Øª×âÞÞ£©","Minty Spire (QoL Compilation)","Prisma Mod","Replay The Spire","StSLib","Td1madao Mod","The Animator","The Bug Knight","The Cursed","The Dragon Tamer","The Gatherer","The Hierophant","The Immortal","The Jungle","The Necromancer","The Poker Player","The Runesmith","WarShipGirlsR/??á´Ò³R mod"],"gold_per_floor":[110,70,70,86,96,121,141,172,195,212,222,236,256,256,256,353,353,373,57,57,7,18,35,35,35,35,35,35,66,76,76,76,91,91,91,91,91],"floor_reached":35,"playtime":1609,"items_purged":["Languid","Delirium"],"score":391,"play_id":"4eb7d6a4-a3a3-485f-9f8f-0d9d0fe7b526","local_time":"20210103012823","is_ascension_mode":false,"metric_token":1631,"campfire_choices":[{"data":"DTMod:RecklessFlurry","floor":15,"key":"SMITH"},{"floor":24,"key":"REST"},{"floor":27,"key":"REST"},{"floor":31,"key":"REST"},{"floor":34,"key":"RECALL"}],"dtmod_dragon_data":[1,56,0,-1,8,0],"circlet_count":0,"master_deck":["DTMod:Strike","DTMod:Strike","DTMod:DoubleHit+1","DTMod:TargetDefense+1","DTMod:TargetDefense+1","DTMod:TargetDefense","DTMod:SwitchingTactic","DTMod:DarkBreath+1","DTMod:Punisher+1","DTMod:Conduct+1","DTMod:RecklessFlurry+1","DTMod:QuickFly","DTMod:ShadowImage+1","DTMod:FlameSlash","DTMod:FlameSlash","DTMod:BuildUp","DTMod:QuickFly","DTMod:ShieldDrain","DTMod:QuickFly","DTMod:Threaten","DTMod:TauntingStrike","Amnesia","DTMod:TriAttack","Doubt","DTMod:BreakAttack+1","DTMod:Hide","DTMod:GearUp","DTMod:MagicField"],"relics":["Astrolabe","TungstenRod","War Paint","Toy Ornithopter","Replay:Ancient Bell","Bronze Scales","Replay:WaspNest","Torii","Membership Card","Ornamental Fan","DemoMod:JetPack","DemoMod:GlassGuonStoneRelic"],"acts_visited":["Exordium","TheCity"],"potions_floor_usage":[6,8,18,23,23,29,32],"damage_taken":[{"damage":6,"enemies":"2 Louse","floor":1,"turns":2},{"damage":8,"enemies":"Jaw Worm","floor":4,"turns":2},{"damage":0,"enemies":"Cultist","floor":5,"turns":2},{"damage":0,"enemies":"Lagavulin","floor":6,"turns":4},{"damage":5,"enemies":"Looter","floor":7,"turns":2},{"damage":0,"enemies":"Gremlin Nob","floor":8,"turns":3},{"damage":0,"enemies":"2 Fungi Beasts","floor":10,"turns":3},{"damage":10,"enemies":"Large Slime","floor":11,"turns":3},{"damage":0,"enemies":"Exordium Thugs","floor":12,"turns":3},{"damage":0,"enemies":"3 Louse","floor":13,"turns":2},{"damage":0,"enemies":"Hexaghost","floor":16,"turns":9},{"damage":0,"enemies":"Shell Parasite","floor":18,"turns":6},{"damage":13,"enemies":"2 Thieves","floor":22,"turns":4},{"damage":0,"enemies":"3 Cultists","floor":23,"turns":5},{"damage":22,"enemies":"Gremlin Leader","floor":29,"turns":11},{"damage":18,"enemies":"Shelled Parasite and Fungi","floor":30,"turns":5},{"damage":14,"enemies":"Colosseum Slavers","floor":32,"turns":5},{"damage":6,"enemies":"Chosen and Byrds","floor":33,"turns":9},{"damage":0,"enemies":"Automaton","floor":35,"turns":1}],"seed_played":"8295439390032802442","potions_obtained":[{"floor":1,"key":"LifebloodPotion"},{"floor":4,"key":"Languid Potion"},{"floor":6,"key":"SteroidPotion"},{"floor":7,"key":"Languid Potion"},{"floor":11,"key":"Elixir"},{"floor":20,"key":"DuplicationPotion"},{"floor":20,"key":"DemoMod:BlankPotion"},{"floor":23,"key":"Dexterity Potion"},{"floor":30,"key":"ColorlessPotion"}],"is_trial":false,"path_per_floor":["M","?","?","M","M","E","M","E","T","M","M","M","M","?","R","B",null,"M","$","?","$","M","M","R","PTL","PTL","R","T","E","M","R","?","M","R","B"],"character_chosen":"THE_DT","items_purchased":["Membership Card","Ornamental Fan"],"campfire_rested":3,"item_purchase_floors":[19,19],"current_hp_per_floor":[39,39,30,22,22,22,17,17,17,17,7,7,7,45,45,45,45,45,45,45,45,32,42,45,45,45,45,45,23,5,18,9,3,3,3,3,3],"gold":91,"neow_bonus":"BOSS_RELIC","is_daily":false,"chose_seed":false,"campfire_upgraded":1,"win_rate":0.0,"timestamp":1609604903,"path_taken":["M","?","?","M","M","E","M","E","T","M","?","M","M","?","R","BOSS","M","$","?","$","M","M","R","PTL","PTL","R","T","E","?","R","?","M","R","BOSS"],"items_purchased_type":["Relic","Relic"],"build_version":"2020-12-22","purchased_purges":2,"victory":false,"max_hp_per_floor":[45,45,45,45,45,45,45,45,45,45,45,45,45,45,45,45,45,45,45,45,45,45,45,45,45,45,45,45,45,45,45,45,45,45,45,45,45],"card_choices":[{"not_picked":["DTMod:BreakAttack","DTMod:GhostSkin"],"picked":"DTMod:RecklessFlurry","floor":1},{"not_picked":[],"picked":"DTMod:QuickFly","floor":2},{"not_picked":[],"picked":"DTMod:ShadowImage","floor":2},{"not_picked":["DTMod:MasterPlan","DTMod:RecklessFlurry"],"picked":"DTMod:FlameSlash","floor":4},{"not_picked":["DTMod:Weaken","DTMod:MaximumCharge"],"picked":"DTMod:FlameSlash","floor":5},{"not_picked":["DTMod:Weaken","DTMod:Feint"],"picked":"DTMod:BuildUp","floor":6},{"not_picked":["DTMod:BizarreTactic","DTMod:FlameSlash"],"picked":"DTMod:QuickFly","floor":7},{"not_picked":["DTMod:BreakAttack","DTMod:Feint"],"picked":"DTMod:ShieldDrain","floor":8},{"not_picked":["DTMod:ForkedFire","DTMod:Cover"],"picked":"DTMod:QuickFly","floor":10},{"not_picked":["DTMod:FlameSlash","DTMod:BizarreTactic"],"picked":"DTMod:Threaten","floor":11},{"not_picked":["DTMod:CleansingStrike","DTMod:MagicField","DTMod:BuildUp"],"picked":"SKIP","floor":12},{"not_picked":["DTMod:Coolant","DTMod:Haste"],"picked":"DTMod:TauntingStrike","floor":13},{"not_picked":["DTMod:Inferno","DTMod:LightShield"],"picked":"DTMod:TriAttack","floor":16},{"not_picked":["hermit:ImpendingDoom","animator:Curse_Greed"],"picked":"Delirium","floor":17},{"not_picked":["Parasite","ReplayTheSpireMod:Restless Dread"],"picked":"Doubt","floor":17},{"not_picked":["Pain","Replay:Sluggish"],"picked":"Languid","floor":17},{"not_picked":["DTMod:Haste","DTMod:Multitask"],"picked":"DTMod:BreakAttack+1","floor":18},{"not_picked":["DTMod:QuickFly","DTMod:FlameSlash"],"picked":"DTMod:Hide","floor":22},{"not_picked":["DTMod:BizarreTactic","DTMod:QuickFly","DTMod:Weaken"],"picked":"SKIP","floor":23},{"not_picked":["DTMod:DarkBreath","DTMod:MasterPlan+1"],"picked":"DTMod:GearUp","floor":29},{"not_picked":["DTMod:SneakAttack","DTMod:ComboAttack","DTMod:MasterPlan"],"picked":"SKIP","floor":30},{"not_picked":["DTMod:Observe","DTMod:FlameSlash"],"picked":"DTMod:MagicField","floor":33}],"player_experience":758522,"relics_obtained":[{"floor":6,"key":"TungstenRod"},{"floor":8,"key":"War Paint"},{"floor":9,"key":"Toy Ornithopter"},{"floor":29,"key":"DemoMod:JetPack"}],"event_choices":[{"damage_healed":0,"gold_gain":0,"player_choice":"Entered Light","damage_taken":9,"max_hp_gain":0,"max_hp_loss":0,"event_name":"Shining Light","floor":3,"gold_loss":0,"cards_upgraded":["DTMod:ShadowImage","DTMod:DoubleHit"]},{"damage_healed":0,"gold_gain":0,"player_choice":"Got Potions","damage_taken":0,"max_hp_gain":0,"max_hp_loss":0,"event_name":"Lab","floor":20,"gold_loss":0},{"damage_healed":0,"gold_gain":0,"player_choice":"Fight","damage_taken":0,"max_hp_gain":0,"max_hp_loss":0,"event_name":"Colosseum","floor":32,"gold_loss":0},{"damage_healed":0,"gold_gain":0,"player_choice":"Fled From Nobs","damage_taken":0,"max_hp_gain":0,"max_hp_loss":0,"event_name":"Colosseum","floor":32,"gold_loss":0}],"is_beta":false,"boss_relics":[{"not_picked":["Coffee Dripper","Snecko Heart"],"picked":"Replay:Ancient Bell"},{"not_picked":["Art of War","Blue Doll"],"picked":"Bronze Scales"},{"not_picked":["HornCleat","Replay:Bottled Eggs"],"picked":"Replay:WaspNest"},{"not_picked":["Ice Cream","Replay:Multitool"],"picked":"Torii"}],"items_purged_floors":[19,21],"is_endless":false,"potions_floor_spawned":[1,4,6,7,11,23,30],"killed_by":"Automaton","ascension_level":0}}