{"host":"pfy6u49v5s5r680p","time":1609587468,"event":{"mods":["BaseMod","Colored Map","DeckTracker","Highlight Path","Keyboard Shortcuts","Minty Spire (QoL Compilation)","Permanent Neow","Quick Restart","StSLib","SuperFastMode","everything is the same but u backflip on backflip"],"gold_per_floor":[115,130,143,154,7,7,35,35,35,53,73,73,73,8,8,8,8],"floor_reached":16,"playtime":560,"items_purged":["Strike_P"],"score":128,"play_id":"2ba0f878-a30c-40dc-bcc1-b44e165fc9bc","local_time":"20210102203748","is_ascension_mode":true,"campfire_choices":[{"data":"Eruption","floor":6.0,"key":"SMITH"},{"data":"Vigilance","floor":8.0,"key":"SMITH"},{"data":"PathToVictory","floor":15,"key":"SMITH"}],"circlet_count":0,"master_deck":["Strike_P","Strike_P","Strike_P","Defend_P","Defend_P","Defend_P","Defend_P","Eruption+1","Vigilance+1","PathToVictory+1"],"relics":["SacredBark","Membership Card","Calipers","Ornamental Fan","Golden Idol"],"acts_visited":["Exordium"],"potions_floor_usage":[16],"damage_taken":[{"damage":6.0,"enemies":"2 Louse","floor":1.0,"turns":2.0},{"damage":4.0,"enemies":"Small Slimes","floor":2.0,"turns":4.0},{"damage":12.0,"enemies":"Cultist","floor":3.0,"turns":3.0},{"damage":16.0,"enemies":"Large Slime","floor":4.0,"turns":7.0},{"damage":32.0,"enemies":"3 Sentries","floor":7.0,"turns":7.0},{"damage":1.0,"enemies":"Looter","floor":10.0,"turns":3.0},{"damage":15.0,"enemies":"3 Louse","floor":11.0,"turns":4.0},{"damage":26,"enemies":"Hexaghost","floor":16,"turns":9}],"seed_played":"-746195062435784235","potions_obtained":[{"floor":1.0,"key":"PowerPotion"},{"floor":3.0,"key":"Regen Potion"},{"floor":4.0,"key":"Swift Potion"},{"floor":11.0,"key":"AttackPotion"}],"is_trial":false,"path_per_floor":["M","M","M","M","$","R","E","R","T","M","M","?","?","$","R","B"],"character_chosen":"WATCHER","items_purchased":["Membership Card","PathToVictory"],"campfire_rested":0,"item_purchase_floors":[5,14],"current_hp_per_floor":[66,62,50,34,34,34,42,42,42,41,26,26,26,26,26,0,0],"gold":8,"neow_bonus":"BOSS_RELIC","is_daily":false,"chose_seed":false,"campfire_upgraded":3,"win_rate":0.0,"timestamp":1609587468,"path_taken":["M","M","M","M","$","R","E","R","T","M","M","?","?","$","R","BOSS"],"items_purchased_type":["Relic","Card"],"build_version":"2020-12-22","purchased_purges":1,"victory":false,"max_hp_per_floor":[72,72,72,72,72,72,72,72,72,72,72,67,67,67,67,67,67],"card_choices":[{"not_picked":["JustLucky","Weave","Pray"],"picked":"SKIP","floor":1.0},{"not_picked":["Pray","FlurryOfBlows","Halt"],"picked":"SKIP","floor":2.0},{"not_picked":["TalkToTheHand","Crescendo","BowlingBash"],"picked":"SKIP","floor":3.0},{"not_picked":["EmptyFist","Worship","Collect"],"picked":"SKIP","floor":4.0},{"not_picked":["Wish","Wallop","ThirdEye"],"picked":"SKIP","floor":7.0},{"not_picked":["CutThroughFate","Consecrate","ThirdEye"],"picked":"SKIP","floor":10.0},{"not_picked":["PathToVictory","JustLucky","EmptyBody"],"picked":"SKIP","floor":11.0}],"player_experience":120993,"relics_obtained":[{"floor":7.0,"key":"Calipers"},{"floor":9.0,"key":"Ornamental Fan"}],"event_choices":[{"damage_healed":0.0,"max_hp_gain":0.0,"max_hp_loss":5.0,"gold_gain":0.0,"event_name":"Golden Idol","player_choice":"Lose Max HP","floor":12.0,"gold_loss":0.0,"damage_taken":0.0,"relics_obtained":["Golden Idol"]},{"damage_healed":0,"gold_gain":0,"player_choice":"Searched \u00271\u0027 times","damage_taken":0,"max_hp_gain":0,"max_hp_loss":0,"event_name":"Dead Adventurer","floor":13,"gold_loss":0}],"is_beta":false,"boss_relics":[],"items_purged_floors":[14],"is_endless":false,"potions_floor_spawned":[1,3,4,11],"killed_by":"Hexaghost","ascension_level":5}}