{"host":"k0hp5rzz2oj0nliz","time":1609575889,"event":{"mods":["BaseMod","Colored Powertips","Minty Spire (QoL Compilation)","MostiFishMod","StSLib","The Servant 0.9.4","noobMod"],"gold_per_floor":[114,64,74,74,93,93,110,110,110,127,127,143,143,160,160,258,258,277,277,312,108,125,125,141,416,416,124,143,68,68,80,80,183,183,194,194,211,222,222,222,235,251,251,265,285,285,285,507,507,507],"floor_reached":51,"playtime":3248,"items_purged":["Regret"],"score":843,"play_id":"309fbfab-7f31-442b-b93f-b8e2ec3beda7","local_time":"20210102162449","is_ascension_mode":false,"campfire_choices":[{"data":"Starlight","floor":6,"key":"SMITH"},{"data":"Rearm","floor":8,"key":"SMITH"},{"data":"Ricochet","floor":11,"key":"SMITH"},{"data":"Barrier","floor":15,"key":"SMITH"},{"data":"SurpressingFire","floor":23,"key":"SMITH"},{"data":"Rearm","floor":30,"key":"SMITH"},{"data":"MostiFishMod:SephirahHod","floor":32,"key":"SMITH"},{"data":"MostiFishMod:ButterFly","floor":40,"key":"SMITH"},{"data":"ReturningBlade","floor":46,"key":"SMITH"},{"data":"ReturningBlade+1","floor":49,"key":"SMITH"}],"circlet_count":0,"master_deck":["Strike_S","Defend_S","Defend_S","KidneyShot","Exchange","Starlight+1","Barrier+1","DualDimension","Rearm+1","Rearm","Ricochet","KillingDoll","MostiFishMod:SephirahHod+1","Alleviate","SurpressingFire+1","SurpressingFire+1","Potential","Rearm+1","Contraction","ShatteredReality+1","ReturningBlade+2","Dilation","Rearm","MostiFishMod:ButterFly+1","InstantArmor","Contraction+1","GearUp+1","Collapse+1","Contraction","SilverBlades+1","Madness","Madness"],"relics":["Uniform","DaveBox","ice","NeowsBlessing","SynthV:TestCard","Ying","Shuriken","MostiFishMod:Hod","Red Mask","Medical Kit","Thread and Needle","MealTicket","Frozen Eye","Empty Cage","Strawberry"],"acts_visited":["Exordium","TheCity","TheBeyond"],"potions_floor_usage":[],"damage_taken":[{"damage":0,"enemies":"Small Slimes","floor":1,"turns":1},{"damage":0,"enemies":"2 Louse","floor":3,"turns":1},{"damage":0,"enemies":"Cultist","floor":5,"turns":1},{"damage":0,"enemies":"3 Louse","floor":7,"turns":5},{"damage":0,"enemies":"Exordium Wildlife","floor":10,"turns":4},{"damage":7,"enemies":"Gremlin Gang","floor":12,"turns":4},{"damage":0,"enemies":"2 Fungi Beasts","floor":14,"turns":3},{"damage":119,"enemies":"Hexaghost","floor":16,"turns":21},{"damage":0,"enemies":"Chosen","floor":18,"turns":1},{"damage":0,"enemies":"Masked Bandits","floor":20,"turns":2},{"damage":0,"enemies":"2 Thieves","floor":22,"turns":1},{"damage":0,"enemies":"Centurion and Healer","floor":24,"turns":2},{"damage":0,"enemies":"Snake Plant","floor":28,"turns":2},{"damage":0,"enemies":"Shelled Parasite and Fungi","floor":31,"turns":3},{"damage":0,"enemies":"Automaton","floor":33,"turns":4},{"damage":0,"enemies":"Orb Walker","floor":35,"turns":3},{"damage":20,"enemies":"3 Shapes","floor":37,"turns":1},{"damage":0,"enemies":"3 Darklings","floor":38,"turns":2},{"damage":0,"enemies":"Writhing Mass","floor":41,"turns":2},{"damage":0,"enemies":"Spire Growth","floor":42,"turns":3},{"damage":0,"enemies":"4 Shapes","floor":44,"turns":2},{"damage":0,"enemies":"Maw","floor":45,"turns":4},{"damage":0,"enemies":"Awakened One","floor":50,"turns":6}],"seed_played":"-152352842973725547","potions_obtained":[{"floor":18,"key":"Block Potion"},{"floor":28,"key":"FearPotion"},{"floor":37,"key":"Weak Potion"}],"is_trial":false,"path_per_floor":["M","?","M","?","M","R","M","R","T","M","R","M","?","M","R","B",null,"M","?","?","$","M","R","M","?","T","$","M","$","R","M","R","B",null,"M","?","M","M","?","R","M","M","T","M","M","R","?","?","R","B",null],"character_chosen":"THE_SERVANT","items_purchased":["Potential","Medical Kit","MealTicket","Frozen Eye"],"campfire_rested":0,"item_purchase_floors":[21,21,27,27],"current_hp_per_floor":[65,65,65,58,58,58,58,58,58,58,58,51,51,51,51,67,75,75,75,75,75,75,75,75,75,75,75,75,79,79,79,79,79,85,85,85,69,73,73,73,77,81,88,88,92,92,78,78,78,82],"gold":507,"neow_bonus":"THREE_ENEMY_KILL","is_daily":false,"chose_seed":false,"campfire_upgraded":10,"win_rate":0.0,"timestamp":1609575889,"path_taken":["M","?","M","?","M","R","M","R","T","M","R","M","?","M","R","BOSS","M","?","?","?","M","R","?","?","T","$","M","$","R","M","R","BOSS","M","?","M","M","?","R","M","?","T","M","M","R","?","?","R","BOSS"],"items_purchased_type":["Card","Relic","Relic","Relic"],"build_version":"2020-12-22","purchased_purges":1,"victory":true,"max_hp_per_floor":[65,65,65,65,65,65,65,65,65,65,65,65,65,65,65,75,75,75,75,75,75,75,75,76,76,76,76,79,79,79,82,82,85,85,87,87,95,96,96,96,97,98,105,109,112,112,112,112,112,121],"card_choices":[{"not_picked":["Alleviate","Unruled"],"picked":"Starlight","floor":1},{"not_picked":["DoubleEdge","Potential","Read","BottledTime"],"picked":"Barrier","floor":3},{"not_picked":["Comet","SilverBlades","Replace","Potential"],"picked":"DualDimension","floor":5},{"not_picked":["DualDimension","Desolation","Spin","Advance"],"picked":"Rearm","floor":7},{"not_picked":["BestPractice","TimeWarp","Sabotage","InstantArmor"],"picked":"Ricochet","floor":10},{"not_picked":["Ricochet","Rewind","Barrier","Sabotage"],"picked":"Rearm","floor":12},{"not_picked":["Revamp","FastForward","Defy","GearUp"],"picked":"Ricochet","floor":14},{"not_picked":["MurderousAura","Duplication","LightFlow","TheWorld"],"picked":"KillingDoll","floor":16},{"not_picked":["Defy","Rearm","Collapse","Ricochet"],"picked":"Alleviate","floor":18},{"not_picked":["Read+1","Snipe","Ricochet","Unruled"],"picked":"SurpressingFire+1","floor":20},{"not_picked":["Replace","Advance","Potential","Unruled+1"],"picked":"Rearm","floor":22},{"not_picked":["LightFlow","Rearm","FastForward","Foresight"],"picked":"Contraction","floor":24},{"not_picked":["DoubleEdge+1","ShiftingGears+1","Alleviate","Starlight"],"picked":"ShatteredReality+1","floor":28},{"not_picked":["BottledTime+1","Alleviate","Spin+1","KillingDoll"],"picked":"ReturningBlade","floor":31},{"not_picked":["FloweringNight","Solidify","TheWorld","PendulumOfEternity"],"picked":"Dilation","floor":33},{"not_picked":["Potential","Ricochet+1","Contraction","Defy+1"],"picked":"Rearm","floor":35},{"not_picked":["Impatience","Blind","MostiFishMod:MusicBox","Dramatic Entrance"],"picked":"MostiFishMod:ButterFly","floor":36},{"not_picked":["TimeWarp+1","MoonPhase","Unruled","Alleviate+1"],"picked":"InstantArmor","floor":37},{"not_picked":["Foresight","MoonPhase","Revamp","Spin"],"picked":"Contraction+1","floor":38},{"not_picked":["Defy+1","Rearm","Alleviate+1","SurpressingFire+1"],"picked":"GearUp+1","floor":41},{"not_picked":["Spin","DoubleEdge","Ricochet+1","Replace"],"picked":"Collapse+1","floor":42},{"not_picked":["Comet+1","Ricochet+1","DualDimension","Replace+1"],"picked":"Contraction","floor":44},{"not_picked":["Starlight","Moonlight","TimeWarp+1","SurpressingFire+1"],"picked":"SilverBlades+1","floor":45}],"player_experience":177391,"relics_obtained":[{"floor":1,"key":"SynthV:TestCard"},{"floor":9,"key":"Shuriken"},{"floor":20,"key":"Red Mask"},{"floor":26,"key":"Thread and Needle"},{"floor":43,"key":"Strawberry"}],"event_choices":[{"cards_removed":["Strike_S"],"damage_healed":0,"gold_gain":0,"player_choice":"Card Removal","damage_taken":0,"max_hp_gain":0,"max_hp_loss":0,"event_name":"The Cleric","floor":2,"gold_loss":50},{"cards_removed":["Strike_S"],"damage_healed":0,"gold_gain":0,"player_choice":"Card Removal","damage_taken":7,"max_hp_gain":0,"max_hp_loss":0,"event_name":"Golden Wing","floor":4,"gold_loss":0},{"cards_removed":["Defend_S"],"damage_healed":0,"gold_gain":0,"player_choice":"Purged","damage_taken":0,"max_hp_gain":0,"max_hp_loss":0,"event_name":"Purifier","floor":13,"gold_loss":0},{"damage_healed":0,"gold_gain":0,"player_choice":"Read","damage_taken":0,"max_hp_gain":0,"max_hp_loss":0,"event_name":"The Library","floor":19,"gold_loss":0,"cards_obtained":["SurpressingFire"]},{"damage_healed":0,"gold_gain":0,"player_choice":"Fought Bandits","damage_taken":0,"max_hp_gain":0,"max_hp_loss":0,"event_name":"Masked Bandits","floor":20,"gold_loss":0},{"damage_healed":0,"gold_gain":275,"player_choice":"Desecrate","damage_taken":0,"max_hp_gain":0,"max_hp_loss":0,"event_name":"Golden Shrine","floor":25,"gold_loss":0,"cards_obtained":["Regret"]},{"damage_healed":0,"gold_gain":0,"player_choice":"Memory 1","damage_taken":0,"max_hp_gain":0,"max_hp_loss":0,"event_name":"SensoryStone","floor":36,"gold_loss":0},{"cards_removed":["Ricochet"],"damage_healed":0,"gold_gain":0,"player_choice":"Removed Attack","damage_taken":0,"max_hp_gain":0,"max_hp_loss":0,"event_name":"Falling","floor":39,"gold_loss":0},{"damage_healed":0,"gold_gain":0,"player_choice":"Embrace Madness","damage_taken":14,"max_hp_gain":0,"max_hp_loss":0,"event_name":"Winding Halls","floor":47,"gold_loss":0,"cards_obtained":["Madness","Madness"]},{"damage_healed":0,"gold_gain":222,"player_choice":"Wore Mask","damage_taken":0,"max_hp_gain":0,"max_hp_loss":0,"event_name":"Tomb of Lord Red Mask","floor":48,"gold_loss":0}],"is_beta":false,"boss_relics":[{"not_picked":["RhineCircuit","StoneMask"],"picked":"MostiFishMod:Hod"},{"not_picked":["OneHitWonderSystem","Snecko Eye"],"picked":"Empty Cage"}],"items_purged_floors":[29],"is_endless":false,"potions_floor_spawned":[12,14,18,28,37,42,44],"ascension_level":0}}