{"host":"cwp0xoxch9uxtnfk","time":1609598012,"event":{"mods":["AchievementEnabler","BaseMod","Bestiary","Colored Map","Colored Powertips","DeckTracker","Highlight Path","Minty Spire (QoL Compilation)","Rare Cards Sparkle","Relic Sorter","Relic Stats"],"gold_per_floor":[109,9,21,96,109,137,153,185,185,204,204,235,245,261,261,361,361,375,375,375,394,406,406,417,243,243,261,271,119,138,138,138,233,233,246,246,260,260,260,260,260,260,260,273,291,301,301,318,318,318,318,318,146,172,172],"floor_reached":56,"playtime":7121,"items_purged":["Strike_G","Strike_G","Strike_G"],"score":1150,"play_id":"8a191de7-b5b8-4ad7-bb79-8a7b54e22fb9","local_time":"20210102143332","is_ascension_mode":false,"campfire_choices":[{"floor":11.0,"key":"REST"},{"floor":15.0,"key":"RECALL"},{"floor":23.0,"key":"REST"},{"floor":32.0,"key":"REST"},{"data":"Phantasmal Killer","floor":40.0,"key":"SMITH"},{"data":"After Image","floor":42.0,"key":"SMITH"},{"data":"Infinite Blades","floor":47,"key":"SMITH"},{"floor":49,"key":"REST"},{"data":"Glass Knife","floor":52,"key":"SMITH"}],"circlet_count":0,"master_deck":["Strike_G","Strike_G","Defend_G","Defend_G+1","Defend_G+1","Defend_G","Defend_G","Survivor","Neutralize","Die Die Die","Quick Slash","Acrobatics","Underhanded Strike","Footwork","Noxious Fumes","Flying Knee","After Image+1","Backstab","Glass Knife+1","Infinite Blades+1","Corpse Explosion","Leg Sweep+1","Writhe","Bane+1","Underhanded Strike+1","Deflect+1","Footwork","Blur","Escape Plan+1","Phantasmal Killer+1","Dagger Throw+1","Backflip+1","Escape Plan+1","Deadly Poison+1","Backflip+1","Prepared+1","Envenom"],"relics":["Ring of the Snake","PreservedInsect","Incense Burner","Kunai","Meat on the Bone","Philosopher\u0027s Stone","War Paint","Lantern","TungstenRod","SlaversCollar","Toxic Egg 2","Bag of Marbles"],"acts_visited":["Exordium","TheCity","TheBeyond","TheEnding"],"potions_floor_usage":[45,55,55,55],"damage_taken":[{"damage":0.0,"enemies":"Small Slimes","floor":1.0,"turns":2.0},{"damage":0.0,"enemies":"2 Louse","floor":3.0,"turns":3.0},{"damage":1.0,"enemies":"Jaw Worm","floor":5.0,"turns":4.0},{"damage":15.0,"enemies":"3 Sentries","floor":6.0,"turns":9.0},{"damage":5.0,"enemies":"Blue Slaver","floor":7.0,"turns":4.0},{"damage":25.0,"enemies":"Lagavulin","floor":8.0,"turns":7.0},{"damage":7.0,"enemies":"Large Slime","floor":10.0,"turns":6.0},{"damage":2.0,"enemies":"Gremlin Nob","floor":12.0,"turns":5.0},{"damage":0.0,"enemies":"Looter","floor":13.0,"turns":3.0},{"damage":4.0,"enemies":"2 Fungi Beasts","floor":14.0,"turns":2.0},{"damage":8.0,"enemies":"The Guardian","floor":16.0,"turns":10.0},{"damage":14.0,"enemies":"Spheric Guardian","floor":18.0,"turns":4.0},{"damage":12.0,"enemies":"2 Thieves","floor":21.0,"turns":4.0},{"damage":8.0,"enemies":"Centurion and Healer","floor":22.0,"turns":6.0},{"damage":1.0,"enemies":"Snecko","floor":24.0,"turns":5.0},{"damage":8.0,"enemies":"Sentry and Sphere","floor":27.0,"turns":6.0},{"damage":0.0,"enemies":"Centurion and Healer","floor":28.0,"turns":5.0},{"damage":0.0,"enemies":"Cultist and Chosen","floor":30.0,"turns":7.0},{"damage":19.0,"enemies":"Automaton","floor":33.0,"turns":11.0},{"damage":10.0,"enemies":"Orb Walker","floor":35.0,"turns":3.0},{"damage":0.0,"enemies":"3 Shapes","floor":37.0,"turns":5.0},{"damage":3,"enemies":"Writhing Mass","floor":44,"turns":7},{"damage":0,"enemies":"4 Shapes","floor":45,"turns":6},{"damage":2,"enemies":"Maw","floor":46,"turns":9},{"damage":6,"enemies":"Sphere and 2 Shapes","floor":48,"turns":4},{"damage":26,"enemies":"Donu and Deca","floor":50,"turns":8},{"damage":25,"enemies":"Shield and Spear","floor":54,"turns":7},{"damage":28,"enemies":"The Heart","floor":55,"turns":14}],"seed_played":"-8938803167787003448","potions_obtained":[{"floor":3.0,"key":"Dexterity Potion"},{"floor":8.0,"key":"GamblersBrew"},{"floor":12.0,"key":"CunningPotion"},{"floor":13.0,"key":"FearPotion"},{"floor":14.0,"key":"Weak Potion"},{"floor":22.0,"key":"DuplicationPotion"},{"floor":28.0,"key":"Explosive Potion"},{"floor":33.0,"key":"Regen Potion"},{"floor":37.0,"key":"DuplicationPotion"},{"floor":45,"key":"GhostInAJar"}],"is_trial":false,"path_per_floor":["M","$","M","?","M","E","M","E","T","M","R","E","M","M","R","B",null,"M","?","?","M","M","R","M","$","T","M","M","$","M","T","R","B",null,"M","?","M","?","?","R","?","R","T","M","M","M","R","M","R","B",null,"R","$","E","B",null],"character_chosen":"THE_SILENT","items_purchased":["Acrobatics","Footwork","Lantern","Prepared+1"],"campfire_rested":4,"item_purchase_floors":[2,25,29,53],"current_hp_per_floor":[70,70,70,59,58,43,38,13,13,6,27,25,37,45,45,37,70,56,56,56,44,36,57,56,56,56,48,48,48,48,48,69,50,70,60,60,60,60,60,60,60,60,60,57,66,64,64,58,66,40,66,66,66,41,25],"gold":172,"neow_bonus":"ONE_RANDOM_RARE_CARD","is_daily":false,"chose_seed":false,"campfire_upgraded":4,"win_rate":0.0,"timestamp":1609598012,"path_taken":["M","$","M","?","M","E","M","E","T","M","R","E","M","M","R","BOSS","M","?","?","M","M","R","M","$","T","M","M","$","M","?","R","BOSS","M","?","M","?","?","R","?","R","T","M","?","M","R","M","R","BOSS","R","$","E","BOSS"],"items_purchased_type":["Card","Card","Relic","Card"],"build_version":"2020-12-22","purchased_purges":3,"victory":true,"max_hp_per_floor":[70,70,70,70,70,70,70,70,70,70,70,70,70,70,70,70,70,70,70,70,70,70,70,70,70,70,70,70,70,70,70,70,70,70,70,70,70,70,70,70,66,66,66,66,66,66,66,66,66,66,66,66,66,66,66],"relic_stats":{"counters":[28,166],"PreservedInsect":117,"Kunai":[62],"War Paint":["Defend_G","Defend_G"],"obtain_stats":[{"SlaversCollar":34,"Lantern":29,"Philosopher\u0027s Stone":17,"PreservedInsect":6,"Incense Burner":8,"Bag of Marbles":54,"Kunai":9,"War Paint":19,"Toxic Egg 2":43,"TungstenRod":31,"Ring of the Snake":0,"Meat on the Bone":12},{"SlaversCollar":19,"Lantern":17,"Philosopher\u0027s Stone":11,"PreservedInsect":4,"Incense Burner":6,"Bag of Marbles":27,"Kunai":6,"War Paint":12,"Toxic Egg 2":21,"TungstenRod":18,"Ring of the Snake":0,"Meat on the Bone":8},{"SlaversCollar":103,"Lantern":85,"Philosopher\u0027s Stone":55,"PreservedInsect":18,"Incense Burner":29,"Bag of Marbles":152,"Kunai":29,"War Paint":59,"Toxic Egg 2":111,"TungstenRod":92,"Ring of the Snake":0,"Meat on the Bone":40}],"TungstenRod":24,"Ring of the Snake":[56],"Meat on the Bone":36},"card_choices":[{"not_picked":["Dodge and Roll","Skewer"],"picked":"Quick Slash","floor":1.0},{"not_picked":["Flying Knee","Blade Dance"],"picked":"Underhanded Strike","floor":3.0},{"not_picked":["Leg Sweep","Backflip"],"picked":"Footwork","floor":5.0},{"not_picked":["Flying Knee","Distraction"],"picked":"Noxious Fumes","floor":6.0},{"not_picked":["Underhanded Strike","Dodge and Roll"],"picked":"Flying Knee","floor":7.0},{"not_picked":["Riddle With Holes","Outmaneuver"],"picked":"After Image","floor":8.0},{"not_picked":["Finisher","Acrobatics"],"picked":"Dagger Spray","floor":10.0},{"not_picked":["Flying Knee","Endless Agony"],"picked":"Backstab","floor":12.0},{"not_picked":["Outmaneuver","Prepared"],"picked":"Glass Knife","floor":13.0},{"not_picked":["Heel Hook","Blur"],"picked":"Infinite Blades","floor":14.0},{"not_picked":["Envenom","Die Die Die"],"picked":"Corpse Explosion","floor":16.0},{"not_picked":["Footwork","Blade Dance"],"picked":"Leg Sweep+1","floor":18.0},{"not_picked":["Dodge and Roll+1","Slice"],"picked":"Bane+1","floor":21.0},{"not_picked":["Choke","Eviscerate"],"picked":"Underhanded Strike+1","floor":22.0},{"not_picked":["Underhanded Strike","Sucker Punch"],"picked":"Deflect+1","floor":24.0},{"not_picked":["Deflect","Slice","Outmaneuver+1"],"picked":"SKIP","floor":27.0},{"not_picked":["Reflex+1","Deflect"],"picked":"Blur","floor":28.0},{"not_picked":["Dash+1","Outmaneuver"],"picked":"Escape Plan+1","floor":30.0},{"not_picked":["Bullet Time","Venomology"],"picked":"Phantasmal Killer","floor":33.0},{"not_picked":["Acrobatics","Flying Knee+1"],"picked":"Dagger Throw+1","floor":35.0},{"not_picked":["Dodge and Roll","Deflect"],"picked":"Backflip+1","floor":37.0},{"not_picked":["Bane","Blade Dance+1"],"picked":"Escape Plan+1","floor":44},{"not_picked":["Acrobatics+1","Choke+1"],"picked":"Deadly Poison+1","floor":45},{"not_picked":["Deadly Poison+1","Bane","Choke+1"],"picked":"SKIP","floor":46},{"not_picked":["Crippling Poison+1","Outmaneuver+1"],"picked":"Backflip+1","floor":48},{"not_picked":["Endless Agony+1","Dodge and Roll+1"],"picked":"Envenom","floor":54}],"player_experience":123193,"relics_obtained":[{"floor":6.0,"key":"PreservedInsect"},{"floor":8.0,"key":"Incense Burner"},{"floor":9.0,"key":"Kunai"},{"floor":12.0,"key":"Meat on the Bone"},{"floor":31.0,"key":"TungstenRod"},{"floor":43,"key":"Toxic Egg 2"},{"floor":54,"key":"Bag of Marbles"}],"event_choices":[{"damage_healed":0.0,"max_hp_gain":0.0,"max_hp_loss":0.0,"gold_gain":75.0,"event_name":"World of Goop","player_choice":"Gather Gold","floor":4.0,"gold_loss":0.0,"damage_taken":11.0},{"damage_healed":0.0,"max_hp_gain":0.0,"max_hp_loss":0.0,"gold_gain":0.0,"event_name":"The Mausoleum","player_choice":"Opened","floor":19.0,"gold_loss":0.0,"damage_taken":0.0,"relics_obtained":["War Paint"],"cards_obtained":["Writhe"]},{"damage_healed":0.0,"max_hp_gain":0.0,"max_hp_loss":0.0,"gold_gain":0.0,"event_name":"Ghosts","player_choice":"Ignored","floor":20.0,"gold_loss":0.0,"damage_taken":0.0},{"cards_removed":["Dagger Spray"],"damage_healed":0.0,"max_hp_gain":0.0,"max_hp_loss":0.0,"gold_gain":0.0,"event_name":"Falling","player_choice":"Removed Attack","floor":36.0,"gold_loss":0.0,"damage_taken":0.0},{"damage_healed":0.0,"max_hp_gain":0.0,"max_hp_loss":0.0,"gold_gain":0.0,"event_name":"SensoryStone","player_choice":"Memory 1","floor":38.0,"gold_loss":0.0,"damage_taken":0.0},{"damage_healed":0.0,"max_hp_gain":0.0,"max_hp_loss":0.0,"gold_gain":0.0,"event_name":"Mysterious Sphere","player_choice":"Ignored","floor":39.0,"gold_loss":0.0,"damage_taken":0.0},{"damage_healed":0.0,"max_hp_gain":0.0,"max_hp_loss":4.0,"gold_gain":0.0,"event_name":"Winding Halls","player_choice":"Max HP","floor":41.0,"gold_loss":0.0,"damage_taken":0.0}],"is_beta":false,"boss_relics":[{"not_picked":["Velvet Choker","Runic Dome"],"picked":"Philosopher\u0027s Stone"},{"not_picked":["Calling Bell","Busted Crown"],"picked":"SlaversCollar"}],"items_purged_floors":[2,25,53],"is_endless":false,"potions_floor_spawned":[3,8,12,13,14,22,28,33,37,45],"ascension_level":0}}