{"host":"nqsrckqog5ia9mbo","time":1609625525,"event":{"mods":["AchievementEnabler","BaseMod","Colored Map","Highlight Path","Minty Spire (QoL Compilation)"],"gold_per_floor":[18,38,56,73,89,89,118,141,164,182,259,279,279,307,307,412,412,426,525,525,539,550,550,550,550],"floor_reached":24,"playtime":1552,"items_purged":[],"score":252,"play_id":"2383e9ac-59a5-4ec2-aad5-4defc7e8c565","local_time":"20210102231205","is_ascension_mode":true,"campfire_choices":[{"data":"Flex","floor":6,"key":"SMITH"},{"data":"Pummel","floor":13,"key":"SMITH"},{"data":"Spot Weakness","floor":15,"key":"SMITH"},{"data":"Clash","floor":23,"key":"SMITH"}],"circlet_count":0,"master_deck":["Strike_R","Strike_R","Strike_R","Strike_R","Strike_R","Defend_R","Defend_R","Defend_R","Bash","Body Slam","Flex+1","Pummel+1","Clash+1","Seeing Red","Spot Weakness+1"],"relics":["Burning Blood","TungstenRod","FossilizedHelix","Odd Mushroom","Boot","Blood Vial","Snecko Eye"],"acts_visited":["Exordium","TheCity"],"potions_floor_usage":[7,16,16,22,24,24],"damage_taken":[{"damage":3,"enemies":"2 Louse","floor":1,"turns":3},{"damage":6,"enemies":"Jaw Worm","floor":2,"turns":5},{"damage":4,"enemies":"Small Slimes","floor":3,"turns":5},{"damage":11,"enemies":"Red Slaver","floor":4,"turns":5},{"damage":6,"enemies":"3 Louse","floor":5,"turns":4},{"damage":25,"enemies":"3 Sentries","floor":7,"turns":7},{"damage":11,"enemies":"The Mushroom Lair","floor":8,"turns":4},{"damage":0,"enemies":"Blue Slaver","floor":10,"turns":2},{"damage":0,"enemies":"Exordium Thugs","floor":12,"turns":2},{"damage":6,"enemies":"Gremlin Nob","floor":14,"turns":4},{"damage":59,"enemies":"Hexaghost","floor":16,"turns":10},{"damage":0,"enemies":"Spheric Guardian","floor":18,"turns":3},{"damage":33,"enemies":"3 Byrds","floor":21,"turns":7},{"damage":0,"enemies":"3 Cultists","floor":22,"turns":4},{"damage":63,"enemies":"Book of Stabbing","floor":24,"turns":5}],"seed_played":"-2629929747142961284","potions_obtained":[{"floor":1,"key":"SpeedPotion"},{"floor":3,"key":"PowerPotion"},{"floor":4,"key":"EssenceOfSteel"},{"floor":5,"key":"ColorlessPotion"},{"floor":14,"key":"Energy Potion"},{"floor":16,"key":"Swift Potion"},{"floor":18,"key":"SneckoOil"}],"is_trial":false,"path_per_floor":["M","M","M","M","M","R","E","?","T","M","?","M","R","E","R","B",null,"M","?","?","M","M","R","E"],"character_chosen":"IRONCLAD","items_purchased":[],"campfire_rested":0,"item_purchase_floors":[],"current_hp_per_floor":[80,80,80,75,75,75,56,51,51,57,57,63,63,63,63,12,80,80,80,80,53,61,61,0,0],"gold":550,"neow_bonus":"ONE_RARE_RELIC","is_daily":false,"chose_seed":false,"campfire_upgraded":4,"win_rate":0.0,"timestamp":1609625525,"path_taken":["M","M","M","M","M","R","E","?","T","M","?","M","R","E","R","BOSS","M","?","?","M","?","R","E"],"items_purchased_type":[],"build_version":"2020-12-22","purchased_purges":0,"victory":false,"max_hp_per_floor":[80,80,80,80,80,80,80,80,80,80,80,80,80,80,80,80,80,80,80,80,80,80,80,80,80],"card_choices":[{"not_picked":["Thunderclap","Havoc"],"picked":"Body Slam","floor":1},{"not_picked":["Headbutt","Dual Wield"],"picked":"Flex","floor":2},{"not_picked":["Rampage","Body Slam","Havoc"],"picked":"SKIP","floor":3},{"not_picked":["Juggernaut","Body Slam"],"picked":"Pummel","floor":4},{"not_picked":["Shockwave","Combust"],"picked":"Clash","floor":5},{"not_picked":["Thunderclap","Cleave"],"picked":"Seeing Red","floor":7},{"not_picked":["Anger","Wild Strike","Dark Embrace"],"picked":"SKIP","floor":10},{"not_picked":["Clash","Sword Boomerang"],"picked":"Spot Weakness","floor":12},{"not_picked":["Warcry","Infernal Blade","Barricade"],"picked":"SKIP","floor":14},{"not_picked":["Pommel Strike","Thunderclap+1","Evolve"],"picked":"SKIP","floor":18},{"not_picked":["Flame Barrier","True Grit","Headbutt"],"picked":"SKIP","floor":21},{"not_picked":["Havoc","Dropkick","Combust"],"picked":"SKIP","floor":22}],"player_experience":95055,"relics_obtained":[{"floor":7,"key":"FossilizedHelix"},{"floor":8,"key":"Odd Mushroom"},{"floor":9,"key":"Boot"},{"floor":14,"key":"Blood Vial"}],"event_choices":[{"damage_healed":0,"gold_gain":0,"player_choice":"Fought Mushrooms","damage_taken":0,"max_hp_gain":0,"max_hp_loss":0,"event_name":"Mushrooms","floor":8,"gold_loss":0},{"damage_healed":0,"gold_gain":77,"player_choice":"Gained Gold","damage_taken":0,"max_hp_gain":0,"max_hp_loss":0,"event_name":"Golden Wing","floor":11,"gold_loss":0},{"damage_healed":0,"gold_gain":99,"player_choice":"Stole From Cult","damage_taken":0,"max_hp_gain":0,"max_hp_loss":0,"event_name":"Nest","floor":19,"gold_loss":0},{"cards_removed":["Defend_R"],"damage_healed":0,"gold_gain":0,"player_choice":"Purged","damage_taken":0,"max_hp_gain":0,"max_hp_loss":0,"event_name":"Purifier","floor":20,"gold_loss":0}],"is_beta":false,"boss_relics":[{"not_picked":["Sozu","Calling Bell"],"picked":"Snecko Eye"}],"items_purged_floors":[],"is_endless":false,"potions_floor_spawned":[1,3,4,5,14,16,18],"killed_by":"Book of Stabbing","ascension_level":4}}