{"host":"2v1wccdd5g2xowsh","time":1609577374,"event":{"mods":["BaseMod","Downfall","Hermit","Minty Spire (QoL Compilation)","StSLib","SuperFastMode","The Bug Knight","The Cursed"],"gold_per_floor":[115,129,129,142,142,168,185,260,260,260,260,2,33,208,208,208,208],"floor_reached":16,"playtime":649,"items_purged":["Regret"],"score":124,"play_id":"6665d6c7-33b4-4754-84fa-3e0303efcafa","local_time":"20210102164934","is_ascension_mode":true,"campfire_choices":[{"floor":11,"key":"REST"},{"floor":15,"key":"REST"}],"circlet_count":0,"master_deck":["Strike_B","Strike_B+1","Strike_B","Strike_B","Defend_B","Defend_B","Defend_B","Defend_B","Zap+1","Dualcast+1","Undo","Rebound","Double Energy","Reboot","Turbo","Stack","Go for the Eyes","Doubt"],"relics":["Cracked Core","Juzu Bracelet","White Beast Statue","Unceasing Top","Orichalcum","Mummified Hand"],"acts_visited":["Exordium"],"potions_floor_usage":[6,6],"damage_taken":[{"damage":1,"enemies":"2 Louse","floor":1,"turns":2},{"damage":1,"enemies":"Small Slimes","floor":2,"turns":4},{"damage":4,"enemies":"Jaw Worm","floor":4,"turns":3},{"damage":10,"enemies":"Gremlin Nob","floor":6,"turns":4},{"damage":7,"enemies":"2 Fungi Beasts","floor":7,"turns":2},{"damage":41,"enemies":"Lagavulin","floor":13,"turns":7},{"damage":30,"enemies":"Hexaghost","floor":16,"turns":11}],"seed_played":"-1833380817926035611","potions_obtained":[{"floor":2,"key":"SkillPotion"},{"floor":4,"key":"FocusPotion"},{"floor":13,"key":"Energy Potion"}],"is_trial":false,"path_per_floor":["M","M","?","M","?","E","M","?","T","?","R","$","E","?","R","B"],"character_chosen":"DEFECT","items_purchased":["Orichalcum","Stack"],"campfire_rested":2,"item_purchase_floors":[12,12],"current_hp_per_floor":[67,66,66,62,44,34,27,16,16,16,42,42,1,1,27,0,0],"gold":208,"neow_bonus":"TWENTY_PERCENT_HP_BONUS","is_daily":false,"chose_seed":false,"campfire_upgraded":0,"win_rate":0.0,"timestamp":1609577374,"path_taken":["M","M","?","M","?","E","M","?","T","?","R","?","E","?","R","BOSS"],"items_purchased_type":["Relic","Card"],"build_version":"2020-12-22","purchased_purges":1,"victory":false,"max_hp_per_floor":[89,89,89,89,89,89,89,89,89,89,89,89,89,89,89,89,89],"card_choices":[{"not_picked":["Beam Cell","Force Field"],"picked":"Undo","floor":1},{"not_picked":["Redo","Coolheaded"],"picked":"Rebound","floor":2},{"not_picked":["Redo","Barrage"],"picked":"Double Energy","floor":4},{"not_picked":["Coolheaded","Compile Driver"],"picked":"Reboot","floor":6},{"not_picked":["Redo","Blizzard"],"picked":"Turbo","floor":7},{"not_picked":["Redo","Streamline"],"picked":"Go for the Eyes","floor":13}],"player_experience":272854,"relics_obtained":[{"floor":6,"key":"Juzu Bracelet"},{"floor":9,"key":"White Beast Statue"},{"floor":13,"key":"Mummified Hand"}],"event_choices":[{"damage_healed":0,"gold_gain":0,"player_choice":"Grow","damage_taken":0,"max_hp_gain":0,"max_hp_loss":0,"event_name":"Living Wall","floor":3,"gold_loss":0,"cards_upgraded":["Zap"]},{"damage_healed":0,"gold_gain":0,"player_choice":"Entered Light","damage_taken":18,"max_hp_gain":0,"max_hp_loss":0,"event_name":"Shining Light","floor":5,"gold_loss":0,"cards_upgraded":["Dualcast","Strike_B"]},{"damage_healed":0,"gold_gain":75,"player_choice":"Gather Gold","damage_taken":11,"max_hp_gain":0,"max_hp_loss":0,"event_name":"World of Goop","floor":8,"gold_loss":0},{"damage_healed":0,"gold_gain":0,"player_choice":"Box","damage_taken":0,"relics_obtained":["Unceasing Top"],"max_hp_gain":0,"max_hp_loss":0,"event_name":"Big Fish","floor":10,"gold_loss":0,"cards_obtained":["Regret"]},{"damage_healed":0,"gold_gain":175,"player_choice":"AGREE","damage_taken":0,"max_hp_gain":0,"max_hp_loss":0,"event_name":"Liars Game","floor":14,"gold_loss":0,"cards_obtained":["Doubt"]}],"is_beta":false,"boss_relics":[],"items_purged_floors":[12],"is_endless":false,"potions_floor_spawned":[2,4,13],"killed_by":"Hexaghost","ascension_level":3}}