{"host":"a3oe3gstxz77c7qu","time":1609614621,"event":{"mods":["2.2 Compatiblity","Act Like it!","BaseMod","Bestiary","Better Altar","Better Match","Better Note","Better Skull","Better Third Choice","Block Reminder","Curses Come First","Custom Start","Friendly Minions","GifTheSpireLib","Infinite Spire","Lobotomy","LobotomyExtend","Minty Spire (QoL Compilation)","Permanent Neow","Quick Restart","Relic Stats","Replay The Spire","StSLib","Uncapped","Wandering Minibosses"],"gold_per_floor":[113,113,128,128,147,147,147,147,222,222,241,241,256,291,291,386,386,404,422,422,437,437,437,466,466,491,518,529,548,548,558,558,662,662,679,699,799,819,830,830,855,855,880,892,892,892,905,0,0,0,0],"floor_reached":52,"playtime":2753,"items_purged":[],"score":1186,"play_id":"1b073b6a-088f-4e2d-96ce-debc17dcf811","local_time":"20210102191021","is_ascension_mode":true,"campfire_choices":[],"circlet_count":0,"master_deck":["SpecialBullet","SpecialBullet","SpecialBullet","SpecialBullet","SpecialBullet","SpecialBullet","SpecialBullet","SpecialBullet","InformationCode","CentralCode","SecurityCode","Strike_P","Strike_G","Dazed","Dazed","ReplayTheSpireMod:Chaos Vortex+1","MagicBullet+1","GreenStem","DisciplinaryCode","Christmas","Twilight+1","BlueStar","Amita","ScreamingWedge","Woodsman","RecordCode","ReplayTheSpireMod:Doomed","ReplayTheSpireMod:Restless Dread","Scarecrow","CENSORED_ego","CherryBlossom+1","Amita+1"],"relics":["CogitoBucket","RabbitCall","LetterFromLob","Replay:Kaleidoscope","Replay:Accelerometer","MagicBullet_r","Pantograph","Replay:Rubber Ducky","Replay:Grab Bag","Fusion Hammer","ReplayTheSpireMod:Onyx Gauntlets","Ring of Chaos","Snecko Eye","SkinProphecy","Smiling Mask","Pen Nib","Onion Ring","AspirationHeart","Replay:Ancient Bell","Nunchaku","Quantum Egg","Turnip","infinitespire:EmpoweringShard","Replay:Mystery Machine","Red Mask"],"acts_visited":["Exordium","TheCity","TheBeyond"],"potions_floor_usage":[50,50,50,50],"damage_taken":[{"damage":0.0,"enemies":"Jaw Worm","floor":1.0,"turns":3.0},{"damage":6.0,"enemies":"2 Louse","floor":3.0,"turns":2.0},{"damage":5.0,"enemies":"infinitespire:Voidling","floor":5.0,"turns":3.0},{"damage":0.0,"enemies":"3 Louse","floor":11.0,"turns":2.0},{"damage":0.0,"enemies":"Exordium Thugs","floor":13.0,"turns":2.0},{"damage":11.0,"enemies":"Lagavulin","floor":14.0,"turns":4.0},{"damage":0.0,"enemies":"The Guardian","floor":16.0,"turns":9.0},{"damage":0.0,"enemies":"Spheric Guardian","floor":18.0,"turns":2.0},{"damage":20.0,"enemies":"2 Thieves","floor":19.0,"turns":1.0},{"damage":0.0,"enemies":"Snecko","floor":21.0,"turns":2.0},{"damage":0.0,"enemies":"Slavers","floor":24.0,"turns":2.0},{"damage":0.0,"enemies":"Nightmare","floor":27.0,"turns":4.0},{"damage":0.0,"enemies":"Shelled Parasite and Fungi","floor":28.0,"turns":2.0},{"damage":0.0,"enemies":"Cultist and Chosen","floor":29.0,"turns":2.0},{"damage":20.0,"enemies":"Snake Plant","floor":31.0,"turns":1.0},{"damage":0.0,"enemies":"Collector","floor":33.0,"turns":3.0},{"damage":0.0,"enemies":"3 Shapes","floor":35.0,"turns":3.0},{"damage":0.0,"enemies":"Orb Walker","floor":36.0,"turns":1.0},{"damage":0,"enemies":"Jaw Worm Horde","floor":38,"turns":1},{"damage":0,"enemies":"Maw","floor":39,"turns":3},{"damage":20,"enemies":"Nemesis","floor":41,"turns":1},{"damage":0,"enemies":"3 Darklings","floor":44,"turns":1},{"damage":0,"enemies":"Transient","floor":47,"turns":3},{"damage":169,"enemies":"FixerMidnight","floor":50,"turns":4}],"seed_played":"-2425728401178663485","potions_obtained":[{"floor":3.0,"key":"GamblersBrew"},{"floor":13.0,"key":"AttackPotion"},{"floor":22.0,"key":"Fruit Juice"},{"floor":22.0,"key":"BlessingOfTheForge"},{"floor":22.0,"key":"Ancient Potion"},{"floor":29.0,"key":"Toxic Potion"},{"floor":31.0,"key":"PowerPotion"},{"floor":35.0,"key":"SteroidPotion"},{"floor":38,"key":"infinitespire:BlackPotion"}],"is_trial":false,"path_per_floor":["M","?","M","?","M","R","T","E","T","R","M","R","M","E","R","B",null,"M","M","?","M","?","R","E","R","T","NM","M","M","R","M","R","B",null,"M","M","?","M","M","R","E","R","T","M","R","?","M","?","R","B",null,null],"character_chosen":"Angela","items_purchased":[],"campfire_rested":0,"item_purchase_floors":[],"current_hp_per_floor":[84,84,84,62,70,70,70,70,70,70,78,78,84,81,81,84,84,88,72,72,79,84,84,91,91,91,87,100,110,110,104,104,125,125,131,135,135,137,139,139,135,135,135,143,143,143,145,145,290,151,151],"gold":0,"neow_bonus":"TWENTY_PERCENT_HP_BONUS","is_daily":false,"chose_seed":false,"campfire_upgraded":0,"win_rate":0.0,"timestamp":1609614621,"path_taken":["M","?","M","?","M","R","?","E","T","R","M","R","M","E","R","BOSS","M","M","?","?","?","R","E","R","T","NM","M","M","R","?","R","BOSS","M","M","?","M","?","R","E","R","T","M","R","?","M","?","R","BOSS"],"items_purchased_type":[],"build_version":"2020-12-22","purchased_purges":0,"victory":true,"max_hp_per_floor":[84,84,84,84,84,84,84,84,84,84,84,84,84,84,84,84,84,88,90,90,92,97,97,99,99,99,101,115,117,117,123,123,125,125,131,135,135,137,139,139,141,141,141,143,143,143,145,145,290,292,292],"relic_stats":{"Nunchaku":[4],"counters":[27,64],"Pantograph":34,"Snecko Eye":[71,75,82,71],"Pen Nib":[7],"Turnip":[3],"Smiling Mask":0,"obtain_stats":[{"RabbitCall":0,"Replay:Accelerometer":7,"SkinProphecy":18,"Replay:Mystery Machine":43,"Smiling Mask":24,"Replay:Rubber Ducky":14,"CogitoBucket":0,"Nunchaku":34,"Pantograph":9,"Fusion Hammer":17,"Red Mask":48,"MagicBullet_r":8,"Replay:Grab Bag":17,"Quantum Egg":34,"AspirationHeart":28,"Ring of Chaos":17,"Pen Nib":26,"Replay:Ancient Bell":34,"Replay:Kaleidoscope":2,"Snecko Eye":17,"Onion Ring":27,"Turnip":34,"LetterFromLob":1,"infinitespire:EmpoweringShard":41,"ReplayTheSpireMod:Onyx Gauntlets":17},{"RabbitCall":0,"Replay:Accelerometer":3,"SkinProphecy":9,"Replay:Mystery Machine":24,"Smiling Mask":12,"Replay:Rubber Ducky":6,"CogitoBucket":0,"Nunchaku":18,"Pantograph":3,"Fusion Hammer":7,"Red Mask":26,"MagicBullet_r":3,"Replay:Grab Bag":7,"Quantum Egg":18,"AspirationHeart":15,"Ring of Chaos":7,"Pen Nib":12,"Replay:Ancient Bell":18,"Replay:Kaleidoscope":1,"Snecko Eye":7,"Onion Ring":13,"Turnip":18,"LetterFromLob":1,"infinitespire:EmpoweringShard":24,"ReplayTheSpireMod:Onyx Gauntlets":7},{"RabbitCall":0,"Replay:Accelerometer":8,"SkinProphecy":28,"Replay:Mystery Machine":56,"Smiling Mask":33,"Replay:Rubber Ducky":16,"CogitoBucket":0,"Nunchaku":46,"Pantograph":8,"Fusion Hammer":25,"Red Mask":60,"MagicBullet_r":8,"Replay:Grab Bag":25,"Quantum Egg":46,"AspirationHeart":40,"Ring of Chaos":25,"Pen Nib":33,"Replay:Ancient Bell":46,"Replay:Kaleidoscope":3,"Snecko Eye":25,"Onion Ring":37,"Turnip":46,"LetterFromLob":3,"infinitespire:EmpoweringShard":56,"ReplayTheSpireMod:Onyx Gauntlets":25}]},"card_choices":[{"not_picked":["InTheNameOfLoveAndHate"],"picked":"Ecstasy","floor":1.0},{"not_picked":["Beak"],"picked":"GoldRush","floor":3.0},{"not_picked":["infinitespire:Execution","infinitespire:UltimateForm"],"picked":"ReplayTheSpireMod:Chaos Vortex","floor":4.0},{"not_picked":["RapturousDream"],"picked":"MagicBullet","floor":5.0},{"not_picked":["Ecstasy"],"picked":"GreenStem","floor":11.0},{"not_picked":["InTheNameOfLoveAndHate"],"picked":"Christmas","floor":13.0},{"not_picked":["Justitia","Loneliness"],"picked":"SKIP","floor":14.0},{"not_picked":["Adoration"],"picked":"Twilight","floor":16.0},{"not_picked":["OSAHOGD","Freischutz"],"picked":"BlueStar","floor":18.0},{"not_picked":["Diffraction","CUTE"],"picked":"SKIP","floor":18.0},{"not_picked":["Hornet","BlueScar"],"picked":"SKIP","floor":19.0},{"not_picked":["BearPaw"],"picked":"Amita","floor":21.0},{"not_picked":["Beak","BloodyDesire"],"picked":"SKIP","floor":24.0},{"not_picked":["GrinderMk4"],"picked":"ScreamingWedge","floor":27.0},{"not_picked":["CUTE+1","Pleasure"],"picked":"SKIP","floor":28.0},{"not_picked":["Beak","CUTE+1"],"picked":"SKIP","floor":29.0},{"not_picked":["VoidDream","Laetitia"],"picked":"Woodsman","floor":31.0},{"not_picked":["BlackSwan_ego+1","Wingbeat"],"picked":"SKIP","floor":31.0},{"not_picked":["Writhe"],"picked":"Spreading Infection","floor":34.0},{"not_picked":["Delirium"],"picked":"ReplayTheSpireMod:Doomed","floor":34.0},{"not_picked":["Amnesia"],"picked":"ReplayTheSpireMod:Restless Dread","floor":34.0},{"not_picked":["LittleHelper","PunishingBird"],"picked":"Scarecrow","floor":35.0},{"not_picked":["SomewhereSpear","Lantern"],"picked":"SKIP","floor":35.0},{"not_picked":["CherryBlossom"],"picked":"CENSORED_ego","floor":36},{"not_picked":["Moonlight+1"],"picked":"CherryBlossom+1","floor":38},{"not_picked":["TodaysExpression","SomewhereSpear+1"],"picked":"SKIP","floor":39},{"not_picked":["GrinderMk4","Tough+1"],"picked":"SKIP","floor":41},{"not_picked":["Galaxy+1","DaCapo"],"picked":"SKIP","floor":41},{"not_picked":["BlackSwan_ego+1","Soda+1"],"picked":"SKIP","floor":44},{"not_picked":["Beak+1","CUTE+1"],"picked":"SKIP","floor":44},{"not_picked":["Hornet"],"picked":"Amita+1","floor":47},{"not_picked":["Tough","TodaysExpression+1"],"picked":"SKIP","floor":47}],"player_experience":702353,"relics_obtained":[{"floor":1.0,"key":"LetterFromLob"},{"floor":2.0,"key":"Replay:Kaleidoscope"},{"floor":7.0,"key":"Replay:Accelerometer"},{"floor":9.0,"key":"Pantograph"},{"floor":14.0,"key":"Replay:Rubber Ducky"},{"floor":24.0,"key":"Smiling Mask"},{"floor":26.0,"key":"Pen Nib"},{"floor":27.0,"key":"Onion Ring"},{"floor":41,"key":"infinitespire:EmpoweringShard"},{"floor":43,"key":"Replay:Mystery Machine"}],"event_choices":[{"damage_healed":0.0,"max_hp_gain":0.0,"max_hp_loss":0.0,"gold_gain":0.0,"event_name":"Upgrade Shrine","player_choice":"Upgraded","floor":20.0,"gold_loss":0.0,"damage_taken":0.0,"cards_upgraded":["Twilight"]},{"damage_healed":0.0,"max_hp_gain":0.0,"max_hp_loss":0.0,"gold_gain":0.0,"event_name":"Lab","player_choice":"Got Potions","floor":22.0,"gold_loss":0.0,"damage_taken":0.0},{"damage_healed":0,"gold_gain":100,"player_choice":"Pray","damage_taken":0,"max_hp_gain":0,"max_hp_loss":0,"event_name":"Golden Shrine","floor":37,"gold_loss":0},{"damage_healed":0,"gold_gain":0,"player_choice":"Memory 1","damage_taken":0,"max_hp_gain":0,"max_hp_loss":0,"event_name":"SensoryStone","floor":46,"gold_loss":0},{"damage_healed":0,"gold_gain":0,"player_choice":"Paid","damage_taken":0,"relics_obtained":["Red Mask"],"max_hp_gain":0,"max_hp_loss":0,"event_name":"Tomb of Lord Red Mask","floor":48,"gold_loss":905}],"is_beta":false,"boss_relics":[{"not_picked":["Velvet Choker","Philosopher\u0027s Stone"],"picked":"Replay:Grab Bag"},{"not_picked":["Abe\u0027s Treasure","ReplayTheSpireMod:DimensionalGlitch"],"picked":"Fusion Hammer"},{"not_picked":["Ectoplasm","Painkiller Herb"],"picked":"ReplayTheSpireMod:Onyx Gauntlets"},{"not_picked":["Runic Pyramid","ReplayTheSpireMod:SealedPack"],"picked":"Ring of Chaos"},{"not_picked":["SlaversCollar","Kintsugi"],"picked":"Snecko Eye"},{"not_picked":["Honey Jar","Sozu"],"picked":"Replay:Ancient Bell"},{"not_picked":["Ancient Tea Set","Centennial Puzzle"],"picked":"Nunchaku"},{"not_picked":["Mercury Hourglass","Replay:Bottled Flurry"],"picked":"Quantum Egg"},{"not_picked":["CaptainsWheel","Replay:Towering Pillar of Hats"],"picked":"Turnip"}],"items_purged_floors":[],"is_endless":false,"potions_floor_spawned":[3,13,29,31,35,38,47],"ascension_level":5}}