{"host":"df48i9djcn92c5sx","time":1609589361,"event":{"mods":["BaseMod","Downfall","Marisa（F雨　魔理沙）","Minty Spire (QoL Compilation)","READ ME - Guardian Mod","READ ME - Snecko Mod","Reimu（博丽灵梦）","Remilia（蕾米莉亚）","Replay The Spire","Shop Mod","StSLib","The Jungle","The Servant 0.9.4"],"gold_per_floor":[99,110,125,38,38,38,109,127,127,139,139,139,126,158,196,300,300,300,348,386,430,430,40,85,119,44,71,122,122,142,142],"floor_reached":30,"playtime":1408,"items_purged":[],"score":328,"play_id":"9d4c7e04-4cee-41e8-afb3-57e9ce738f86","local_time":"20210102200921","is_ascension_mode":true,"campfire_choices":[{"data":"SoulSculpture","floor":1.0,"key":"SMITH"},{"data":"Ricochet","floor":6.0,"key":"SMITH"},{"data":"Moonlight","floor":12.0,"key":"SMITH"},{"data":"PendulumOfEternity","floor":18.0,"key":"SMITH"},{"data":"SilverBlades","floor":26.0,"key":"SMITH"},{"data":"Barrier","floor":29,"key":"SMITH"}],"circlet_count":0,"master_deck":["Strike_S","Strike_S+1","Strike_S","Strike_S","Defend_S","Defend_S+1","Defend_S","Defend_S","KidneyShot","Exchange","SoulSculpture+1","BottledTime","Ricochet+1","Dilation+1","Moonlight+1","PendulumOfEternity+1","Starlight","SilverMatrix","FanOfKnives+1","SilverBlades+1","Sunlight","MurderousAura","Barrier+1","Contraction"],"relics":["Uniform","Pantograph","YidongShenshe:ReiMu","Replay:Bandana","Empty Cage","Replay:Bottled Snecko","downfall:HeartBlessingGreen","Toy Ornithopter"],"acts_visited":["Exordium","TheCity"],"potions_floor_usage":[28,30],"damage_taken":[{"damage":0.0,"enemies":"2 Louse","floor":2.0,"turns":2.0},{"damage":0.0,"enemies":"Jaw Worm","floor":3.0,"turns":4.0},{"damage":0.0,"enemies":"downfall:FleeingMerchant","floor":4.0,"turns":4.0},{"damage":0.0,"enemies":"Cultist","floor":8.0,"turns":2.0},{"damage":8.0,"enemies":"Lots of Slimes","floor":10.0,"turns":3.0},{"damage":2.0,"enemies":"Blue Slaver","floor":13.0,"turns":3.0},{"damage":2.0,"enemies":"Gremlin Nob","floor":14.0,"turns":4.0},{"damage":5.0,"enemies":"Exordium Thugs","floor":15.0,"turns":3.0},{"damage":27.0,"enemies":"downfall:Silent","floor":16.0,"turns":24.0},{"damage":0.0,"enemies":"3 Byrds","floor":19.0,"turns":4.0},{"damage":28.0,"enemies":"Snecko","floor":20.0,"turns":6.0},{"damage":7.0,"enemies":"Sentry and Sphere","floor":21.0,"turns":3.0},{"damage":0.0,"enemies":"downfall:FleeingMerchant","floor":23.0,"turns":4.0},{"damage":12.0,"enemies":"Centurion and Healer","floor":25.0,"turns":4.0},{"damage":0.0,"enemies":"Chosen and Byrds","floor":27.0,"turns":2.0},{"damage":5,"enemies":"Gremlin Leader","floor":28,"turns":8},{"damage":53,"enemies":"Slavers","floor":30,"turns":3}],"seed_played":"396965008182411134","potions_obtained":[{"floor":2.0,"key":"Dexterity Potion"},{"floor":8.0,"key":"Cursed Concoction"},{"floor":10.0,"key":"Elixir"},{"floor":15.0,"key":"ZuzhouPotion:ReiMu"},{"floor":16.0,"key":"CultistPotion"},{"floor":19.0,"key":"BlessingOfTheForge"},{"floor":21.0,"key":"Block Potion"},{"floor":25.0,"key":"Energy Potion"}],"is_trial":false,"path_per_floor":["R","M","M","$","?","R","T","M","?","M","?","R","M","E","M","B",null,"R","M","M","M","?","$","T","M","R","M","E","R","E"],"character_chosen":"THE_SERVANT","items_purchased":["Moonlight","MurderousAura","Replay:Bottled Snecko"],"campfire_rested":0,"item_purchase_floors":[4,23,23],"current_hp_per_floor":[59,59,59,59,59,59,59,59,59,51,51,51,54,52,47,38,58,58,63,40,38,65,65,65,53,53,53,48,48,0,0],"gold":142,"neow_bonus":"ONE_RANDOM_RARE_CARD","is_daily":false,"chose_seed":false,"campfire_upgraded":6,"win_rate":0.0,"timestamp":1609589361,"path_taken":["R","M","M","$","?","R","T","M","?","M","?","R","M","E","M","BOSS","R","M","M","M","?","?","T","M","R","M","E","R","E"],"items_purchased_type":["Card","Card","Relic"],"build_version":"2020-12-22","purchased_purges":0,"victory":false,"max_hp_per_floor":[65,65,65,65,65,65,65,65,65,65,65,65,65,65,65,65,65,65,65,65,65,65,65,65,65,65,65,65,65,65,65],"card_choices":[{"not_picked":["Deadline","ShatteredReality"],"picked":"BottledTime","floor":2.0},{"not_picked":["Defy","Replace"],"picked":"Ricochet","floor":3.0},{"not_picked":["Unruled","DoubleEdge"],"picked":"Dilation","floor":4.0},{"not_picked":["Alleviate","TimeWarp","DoubleEdge"],"picked":"SKIP","floor":8.0},{"not_picked":["TimeWarp","Potential"],"picked":"SpecialFormula","floor":10.0},{"not_picked":["ShatteredReality","Alleviate"],"picked":"PendulumOfEternity","floor":13.0},{"not_picked":["Moonlight","Desolation","Spin"],"picked":"SKIP","floor":14.0},{"not_picked":["ShatteredReality","Replace"],"picked":"Starlight","floor":15.0},{"not_picked":["KillingDoll","Initiator"],"picked":"SilverMatrix","floor":16.0},{"not_picked":["Reset","Rewind","Defy"],"picked":"SKIP","floor":19.0},{"not_picked":["Replace","ShatteredReality"],"picked":"FanOfKnives+1","floor":20.0},{"not_picked":["Rewind","DoubleEdge"],"picked":"SilverBlades","floor":21.0},{"not_picked":["Spin","Defy"],"picked":"Sunlight","floor":23.0},{"not_picked":["Hightail+1","Revamp"],"picked":"Barrier","floor":25.0},{"not_picked":["BottledTime+1","Rewind","Replace+1"],"picked":"SKIP","floor":27.0},{"not_picked":["ShatteredReality","Replace+1"],"picked":"Contraction","floor":28}],"player_experience":1387878,"relics_obtained":[{"floor":7.0,"key":"Pantograph"},{"floor":14.0,"key":"Replay:Bandana"},{"floor":28,"key":"Toy Ornithopter"}],"event_choices":[{"damage_healed":0.0,"max_hp_gain":0.0,"max_hp_loss":0.0,"gold_gain":0.0,"event_name":"yidonshenshe","player_choice":"带走神社","floor":11.0,"gold_loss":0.0,"damage_taken":0.0,"relics_obtained":["YidongShenshe:ReiMu"],"cards_obtained":["Poor:ReiMu"]},{"cards_removed":["SpecialFormula"],"damage_healed":27.0,"max_hp_gain":0.0,"max_hp_loss":0.0,"gold_gain":0.0,"event_name":"Bonfire Elementals","player_choice":"Offered Uncommon","floor":22.0,"gold_loss":0.0,"damage_taken":0.0}],"is_beta":false,"boss_relics":[{"not_picked":["Tiny House","MysterySword"],"picked":"Empty Cage"}],"items_purged_floors":[],"is_endless":false,"potions_floor_spawned":[2,8,10,15,16,19,21,25],"killed_by":"Slavers","ascension_level":6}}