{"host":"n900smz9wr3yo27a","time":1609595050,"event":{"mods":["Arknights The Spire","BaseMod","CapriCore","GungeonMod","Hermit","Koishi","Lobotomy","Marisa£¨Ùöéë¡¡Øª×âÞÞ£©","Minty Spire (QoL Compilation)","Prisma Mod","Replay The Spire","StSLib","Td1madao Mod","The Animator","The Bug Knight","The Cursed","The Dragon Tamer","The Gatherer","The Hierophant","The Immortal","The Jungle","The Necromancer","The Poker Player","The Runesmith","WarShipGirlsR/??á´Ò³R mod"],"gold_per_floor":[117,192,142,63,238,238,238,238,238,262,262,276,276,290,290,290,290],"floor_reached":16,"playtime":361,"items_purged":[],"score":88,"play_id":"71ff692b-1821-4067-bc50-4e285fe47179","local_time":"20210102224410","is_ascension_mode":false,"campfire_choices":[{"data":"hermit:Determination","floor":7,"key":"SMITH"},{"data":"hermit:Headshot","floor":11,"key":"SMITH"},{"data":"hermit:WideOpen","floor":13,"key":"SMITH"},{"data":"hermit:RoundhouseKick","floor":15,"key":"SMITH"}],"circlet_count":0,"master_deck":["hermit:Strike_Hermit","hermit:Strike_Hermit","hermit:Strike_Hermit","hermit:Strike_Hermit","hermit:Defend_Hermit","hermit:Defend_Hermit","hermit:Defend_Hermit","hermit:Snapshot","hermit:Covet","hermit:Headshot+1","hermit:Determination+1","Doubt","Injury","Regret","hermit:WideOpen+1","hermit:Glare","hermit:RoundhouseKick+1"],"relics":["hermit:Momento","Gremlin Food","Golden Idol","DemoMod:WhiteGuonStone","DemoMod:RingOfEthereal"],"acts_visited":["Exordium"],"potions_floor_usage":[16,16,16],"damage_taken":[{"damage":5,"enemies":"Cultist","floor":1,"turns":4},{"damage":0,"enemies":"2 Louse","floor":10,"turns":2},{"damage":6,"enemies":"Jaw Worm","floor":12,"turns":4},{"damage":5,"enemies":"Blue Slaver","floor":14,"turns":3},{"damage":48,"enemies":"The Guardian","floor":16,"turns":10}],"seed_played":"-5120943698337293446","potions_obtained":[{"floor":10,"key":"AttackPotion"},{"floor":12,"key":"SkillPotion"}],"is_trial":false,"path_per_floor":["M","?","?","$","?","?","R","?","T","M","R","M","R","M","R","B"],"character_chosen":"HERMIT","items_purchased":["hermit:Determination"],"campfire_rested":0,"item_purchase_floors":[4],"current_hp_per_floor":[70,59,59,59,59,59,59,59,59,59,59,53,53,48,48,0,0],"gold":290,"neow_bonus":"RANDOM_COMMON_RELIC","is_daily":false,"chose_seed":false,"campfire_upgraded":4,"win_rate":0.0,"timestamp":1609595050,"path_taken":["M","?","?","?","?","?","R","?","T","M","R","?","R","M","R","BOSS"],"items_purchased_type":["Card"],"build_version":"2020-12-22","purchased_purges":0,"victory":false,"max_hp_per_floor":[75,75,75,75,75,75,75,75,75,75,75,75,75,75,75,75,75],"card_choices":[{"not_picked":["hermit:LowProfile","hermit:LuckOfTheDraw"],"picked":"hermit:Headshot","floor":1},{"not_picked":["hermit:HoleUp","hermit:SprayPray"],"picked":"hermit:WideOpen","floor":10},{"not_picked":["hermit:LoneWolf","hermit:Coalescence"],"picked":"hermit:Glare","floor":12},{"not_picked":["hermit:Coalescence","hermit:Roulette"],"picked":"hermit:RoundhouseKick","floor":14}],"player_experience":750516,"relics_obtained":[{"floor":9,"key":"DemoMod:RingOfEthereal"}],"event_choices":[{"damage_healed":0,"gold_gain":75,"player_choice":"Gather Gold","damage_taken":11,"max_hp_gain":0,"max_hp_loss":0,"event_name":"World of Goop","floor":2,"gold_loss":0},{"cards_removed":["hermit:Defend_Hermit"],"damage_healed":0,"gold_gain":0,"player_choice":"Card Removal","damage_taken":0,"max_hp_gain":0,"max_hp_loss":0,"event_name":"The Cleric","floor":3,"gold_loss":50},{"damage_healed":0,"gold_gain":175,"player_choice":"AGREE","damage_taken":0,"max_hp_gain":0,"max_hp_loss":0,"event_name":"Liars Game","floor":5,"gold_loss":0,"cards_obtained":["Doubt"]},{"damage_healed":0,"gold_gain":0,"player_choice":"Take Wound","damage_taken":0,"relics_obtained":["Golden Idol"],"max_hp_gain":0,"max_hp_loss":0,"event_name":"Golden Idol","floor":6,"gold_loss":0,"cards_obtained":["Injury"]},{"damage_healed":0,"gold_gain":0,"player_choice":"Box","damage_taken":0,"relics_obtained":["DemoMod:WhiteGuonStone"],"max_hp_gain":0,"max_hp_loss":0,"event_name":"Big Fish","floor":8,"gold_loss":0,"cards_obtained":["Regret"]}],"is_beta":false,"boss_relics":[],"items_purged_floors":[],"is_endless":false,"potions_floor_spawned":[10,12],"killed_by":"The Guardian","ascension_level":0}}