{"host":"hnrafgucdht3qvsp","time":1609547523,"event":{"mods":["BaseMod","Colored Map","Minty Spire (QoL Compilation)","Relic Stats","StSLib"],"gold_per_floor":[112,62,75,91,91,91,125,125,125,125,135,154,183,194,194,296,296,315,326,326,251,325,356,356,366,416,416,416,427,445,472,472,577,577,587,512,512,528,528,528,562,562,562,562,578,4,20,50,50,50,50,50,5,40,40],"floor_reached":56,"playtime":3125,"items_purged":["Strike_B+1","Strike_B+1"],"score":1427,"play_id":"4c15fcfe-2a5b-42f0-a37c-14a8e2c73993","local_time":"20210101193203","is_ascension_mode":true,"campfire_choices":[{"data":"Dualcast","floor":6,"key":"SMITH"},{"data":"Consume","floor":8,"key":"SMITH"},{"data":"Sweeping Beam","floor":10,"key":"SMITH"},{"data":"Go for the Eyes","floor":15,"key":"SMITH"},{"data":"Buffer","floor":24,"key":"SMITH"},{"data":"Capacitor","floor":27,"key":"SMITH"},{"data":"Loop","floor":32,"key":"SMITH"},{"data":"Seek","floor":40,"key":"SMITH"},{"floor":44,"key":"RECALL"},{"data":"Double Energy","floor":49,"key":"SMITH"},{"data":"Defragment","floor":52,"key":"SMITH"}],"circlet_count":0,"master_deck":["Strike_B+1","Defend_B+1","Defend_B+1","Defend_B+1","Defend_B+1","Zap","Dualcast+1","Sweeping Beam+1","Cold Snap","Ball Lightning","Consume+1","Glacier","Buffer+1","Go for the Eyes+1","Electrodynamics","Loop+1","Cold Snap+1","Core Surge","Capacitor+1","Capacitor+1","Self Repair+1","Electrodynamics","Seek+1","Consume+1","Coolheaded+1","Loop","Double Energy+1","Defragment+1","Redo"],"relics":["FrozenCore","Question Card","Art of War","Nuclear Battery","Matryoshka","Mango","Pantograph","Lantern","Du-Vu Doll","StoneCalendar","Orichalcum","PreservedInsect","Bird Faced Urn","Sling","Thread and Needle","Boot"],"acts_visited":["Exordium","TheCity","TheBeyond","TheEnding"],"potions_floor_usage":[13,31,48,50,55,55,55],"damage_taken":[{"damage":1,"enemies":"Cultist","floor":1,"turns":3},{"damage":0,"enemies":"2 Louse","floor":3,"turns":2},{"damage":5,"enemies":"Jaw Worm","floor":4,"turns":2},{"damage":17,"enemies":"3 Sentries","floor":7,"turns":5},{"damage":0,"enemies":"3 Louse","floor":11,"turns":3},{"damage":6,"enemies":"Blue Slaver","floor":12,"turns":3},{"damage":10,"enemies":"Gremlin Nob","floor":13,"turns":3},{"damage":0,"enemies":"Large Slime","floor":14,"turns":7},{"damage":1,"enemies":"The Guardian","floor":16,"turns":13},{"damage":0,"enemies":"Shell Parasite","floor":18,"turns":6},{"damage":25,"enemies":"Chosen","floor":19,"turns":5},{"damage":31,"enemies":"Book of Stabbing","floor":23,"turns":8},{"damage":0,"enemies":"Snecko","floor":25,"turns":5},{"damage":2,"enemies":"Cultist and Chosen","floor":29,"turns":5},{"damage":18,"enemies":"Snake Plant","floor":30,"turns":4},{"damage":16,"enemies":"Gremlin Leader","floor":31,"turns":4},{"damage":12,"enemies":"Collector","floor":33,"turns":8},{"damage":15,"enemies":"3 Shapes","floor":35,"turns":5},{"damage":10,"enemies":"Orb Walker","floor":38,"turns":5},{"damage":5,"enemies":"Reptomancer","floor":41,"turns":6},{"damage":0,"enemies":"Sphere and 2 Shapes","floor":45,"turns":4},{"damage":0,"enemies":"Transient","floor":47,"turns":5},{"damage":1,"enemies":"Nemesis","floor":48,"turns":5},{"damage":0,"enemies":"Time Eater","floor":50,"turns":17},{"damage":71,"enemies":"Shield and Spear","floor":54,"turns":7},{"damage":56,"enemies":"The Heart","floor":55,"turns":14}],"seed_played":"6855151445648629350","potions_obtained":[{"floor":4,"key":"PotionOfCapacity"},{"floor":7,"key":"Strength Potion"},{"floor":29,"key":"LiquidBronze"},{"floor":30,"key":"Ancient Potion"},{"floor":31,"key":"Swift Potion"},{"floor":45,"key":"Block Potion"},{"floor":48,"key":"FocusPotion"},{"floor":54,"key":"Explosive Potion"}],"is_trial":false,"path_per_floor":["M","$","M","M","?","R","E","R","T","R","M","M","E","M","R","B",null,"M","M","?","?","T","E","R","M","T","R","?","M","M","E","R","B",null,"M","$","?","M","?","R","E","?","T","R","M","$","M","E","R","B",null,"R","$","E","B",null],"character_chosen":"DEFECT","items_purchased":["FocusPotion","Bird Faced Urn","Loop","Sling","Redo"],"campfire_rested":0,"item_purchase_floors":[2,46,46,46,53],"current_hp_per_floor":[81,81,81,76,81,81,64,64,64,64,64,58,48,48,48,47,87,87,62,62,62,62,45,45,45,45,45,45,43,25,19,19,42,101,96,96,96,96,96,96,101,96,96,96,96,96,96,96,96,96,96,96,96,51,48],"gold":40,"neow_bonus":"TEN_PERCENT_HP_BONUS","is_daily":false,"chose_seed":false,"campfire_upgraded":10,"win_rate":0.0,"timestamp":1609547523,"path_taken":["M","?","M","M","?","R","E","R","T","R","M","M","E","M","R","BOSS","M","M","?","?","?","E","R","M","T","R","?","M","M","E","R","BOSS","M","$","?","M","?","R","E","?","T","R","M","$","M","E","R","BOSS","R","$","E","BOSS"],"items_purchased_type":["Potion","Relic","Card","Relic","Card"],"build_version":"2020-12-22","purchased_purges":2,"victory":true,"max_hp_per_floor":[82,82,82,82,87,87,87,87,87,87,87,87,87,87,87,87,87,87,87,87,87,87,101,101,101,101,101,101,101,101,101,101,101,101,101,101,101,101,101,101,101,96,96,96,96,96,96,96,96,96,96,96,96,96,96],"relic_stats":{"counters":[26,152],"Pantograph":50,"Bird Faced Urn":[35],"StoneCalendar":[106],"PreservedInsect":115,"Art of War":[34],"Orichalcum":[96],"Question Card":21,"Boot":[1],"obtain_stats":[{"Lantern":26,"Mango":23,"StoneCalendar":41,"Thread and Needle":48,"PreservedInsect":43,"Orichalcum":43,"Question Card":7,"Sling":46,"Boot":54,"Nuclear Battery":17,"FrozenCore":34,"Du-Vu Doll":31,"Matryoshka":22,"Pantograph":26,"Bird Faced Urn":46,"Art of War":13,"Cracked Core":0},{"Lantern":13,"Mango":12,"StoneCalendar":20,"Thread and Needle":23,"PreservedInsect":20,"Orichalcum":20,"Question Card":4,"Sling":21,"Boot":25,"Nuclear Battery":9,"FrozenCore":17,"Du-Vu Doll":16,"Matryoshka":11,"Pantograph":13,"Bird Faced Urn":21,"Art of War":7,"Cracked Core":0},{"Lantern":64,"Mango":59,"StoneCalendar":100,"Thread and Needle":114,"PreservedInsect":100,"Orichalcum":100,"Question Card":12,"Sling":104,"Boot":138,"Nuclear Battery":41,"FrozenCore":85,"Du-Vu Doll":77,"Matryoshka":51,"Pantograph":64,"Bird Faced Urn":104,"Art of War":21,"Cracked Core":0}],"FrozenCore":[27]},"card_choices":[{"not_picked":["Leap","Reprogram"],"picked":"Sweeping Beam","floor":1},{"not_picked":["Compile Driver","Beam Cell"],"picked":"Cold Snap","floor":3},{"not_picked":["Barrage","Leap"],"picked":"Ball Lightning","floor":4},{"not_picked":["Steam Power","Rebound"],"picked":"Consume","floor":7},{"not_picked":["Conserve Battery","Beam Cell","Undo","Rip and Tear"],"picked":"SKIP","floor":11},{"not_picked":["Go for the Eyes","Rebound","Ball Lightning"],"picked":"Glacier","floor":12},{"not_picked":["Self Repair","Streamline","Consume"],"picked":"Buffer","floor":13},{"not_picked":["Steam","Coolheaded","Leap"],"picked":"Go for the Eyes","floor":14},{"not_picked":["Seek","Echo Form","Fission"],"picked":"Electrodynamics","floor":16},{"not_picked":["Reinforced Body","Ball Lightning","Steam"],"picked":"Loop","floor":18},{"not_picked":["Ball Lightning+1","Turbo","Streamline"],"picked":"Cold Snap+1","floor":19},{"not_picked":["Go for the Eyes","Cold Snap","Beam Cell"],"picked":"Core Surge","floor":23},{"not_picked":["Skim","Cold Snap","Stack"],"picked":"Capacitor","floor":25},{"not_picked":["Stack","Loop","Turbo"],"picked":"Capacitor+1","floor":29},{"not_picked":["Redo+1","Auto Shields","Lockon"],"picked":"Self Repair+1","floor":30},{"not_picked":["Ball Lightning","Hologram+1","Undo+1"],"picked":"Electrodynamics","floor":31},{"not_picked":["Creative AI","Thunder Strike","Rainbow"],"picked":"Seek","floor":33},{"not_picked":["Chill","Go for the Eyes+1","Cold Snap+1"],"picked":"Consume+1","floor":35},{"not_picked":["Barrage+1","Leap+1","Compile Driver","Go for the Eyes"],"picked":"SKIP","floor":38},{"not_picked":["Barrage+1","Redo","Rebound"],"picked":"Coolheaded+1","floor":41},{"not_picked":["Rebound+1","Go for the Eyes","Leap","Reprogram+1"],"picked":"SKIP","floor":45},{"not_picked":["Conserve Battery+1","Aggregate","Streamline"],"picked":"Double Energy","floor":47},{"not_picked":["Machine Learning","Streamline","Ball Lightning+1"],"picked":"Defragment","floor":48},{"not_picked":["Sunder+1","Leap","Sweeping Beam+1","Compile Driver+1"],"picked":"SKIP","floor":54}],"player_experience":378064,"relics_obtained":[{"floor":7,"key":"Question Card"},{"floor":13,"key":"Art of War"},{"floor":22,"key":"Matryoshka"},{"floor":23,"key":"Mango"},{"floor":26,"key":"Pantograph"},{"floor":26,"key":"Lantern"},{"floor":31,"key":"Du-Vu Doll"},{"floor":41,"key":"StoneCalendar"},{"floor":43,"key":"Orichalcum"},{"floor":43,"key":"PreservedInsect"},{"floor":48,"key":"Thread and Needle"},{"floor":54,"key":"Boot"}],"event_choices":[{"damage_healed":0,"gold_gain":0,"player_choice":"Donut","damage_taken":0,"max_hp_gain":5,"max_hp_loss":0,"event_name":"Big Fish","floor":5,"gold_loss":0},{"damage_healed":0,"gold_gain":0,"player_choice":"Simplicity","damage_taken":0,"max_hp_gain":0,"max_hp_loss":0,"event_name":"Back to Basics","floor":20,"gold_loss":0,"cards_upgraded":["Strike_B","Strike_B","Strike_B","Strike_B","Defend_B","Defend_B","Defend_B","Defend_B"]},{"cards_removed":["Strike_B"],"damage_healed":0,"gold_gain":0,"player_choice":"Gave Gold","damage_taken":0,"max_hp_gain":0,"max_hp_loss":0,"event_name":"Beggar","floor":21,"gold_loss":75},{"damage_healed":0,"gold_gain":0,"player_choice":"Ignored","damage_taken":0,"max_hp_gain":0,"max_hp_loss":0,"event_name":"The Mausoleum","floor":28,"gold_loss":0},{"damage_healed":0,"gold_gain":0,"player_choice":"Ignored","damage_taken":0,"max_hp_gain":0,"max_hp_loss":0,"event_name":"Tomb of Lord Red Mask","floor":37,"gold_loss":0},{"damage_healed":0,"gold_gain":0,"player_choice":"Memory 1","damage_taken":0,"max_hp_gain":0,"max_hp_loss":0,"event_name":"SensoryStone","floor":39,"gold_loss":0},{"damage_healed":0,"gold_gain":0,"player_choice":"Max HP","damage_taken":0,"max_hp_gain":0,"max_hp_loss":5,"event_name":"Winding Halls","floor":42,"gold_loss":0}],"is_beta":false,"boss_relics":[{"not_picked":["Fusion Hammer","Calling Bell"],"picked":"Nuclear Battery"},{"not_picked":["Black Star","Astrolabe"],"picked":"FrozenCore"}],"items_purged_floors":[36,46],"is_endless":false,"potions_floor_spawned":[4,7,11,29,30,31,41,45,47,48,54],"ascension_level":3}}