{"host":"i0avyit1s6jb1siw","time":1609606235,"event":{"mods":["BaseMod","DeckTracker","Dota2Spire","Highlight Path","Minty Spire (QoL Compilation)","Quick Restart","Replay The Spire","StSLib","SuperFastMode"],"gold_per_floor":[113,124,139,159,159,84,84,84,139,139,139,39,66,31,31,41,41,119,119,135,135,135,135],"floor_reached":22,"playtime":307,"items_purged":["Strike_P","Defend_P"],"score":464,"play_id":"3a0d662d-08c9-4287-af89-59ff8d8a5ae4","local_time":"20210102175035","is_ascension_mode":true,"campfire_choices":[{"data":"Eruption","floor":7.0,"key":"SMITH"},{"data":"ForeignInfluence","floor":15.0,"key":"SMITH"},{"data":"Meditate","floor":17.0,"key":"SMITH"}],"circlet_count":0,"master_deck":["AscendersBane","Strike_P","Strike_P","Strike_P+1","Defend_P","Defend_P","Defend_P+1","Eruption+1","Vigilance","FlyingSleeves","Meditate+1","ForeignInfluence+1","Pot Of Greed","Pot Of Greed","Wallop","LessonLearned"],"relics":["PureWater","Thread and Needle","Dota2Spire:Satanic","Grinning Jar","Quantum Egg","SlaversCollar"],"acts_visited":["Exordium","TheCity"],"potions_floor_usage":[],"damage_taken":[{"damage":0.0,"enemies":"Small Slimes","floor":1.0,"turns":3.0},{"damage":9.0,"enemies":"Jaw Worm","floor":2.0,"turns":5.0},{"damage":3.0,"enemies":"2 Louse","floor":3.0,"turns":3.0},{"damage":0.0,"enemies":"Looter","floor":4.0,"turns":4.0},{"damage":11.0,"enemies":"Lagavulin","floor":13.0,"turns":3.0},{"damage":0.0,"enemies":"Red Slaver","floor":16.0,"turns":2.0},{"damage":0.0,"enemies":"Slime Boss","floor":18.0,"turns":3.0},{"damage":12.0,"enemies":"Shell Parasite","floor":20.0,"turns":3.0},{"damage":39,"enemies":"Chosen","floor":22,"turns":5}],"seed_played":"-5229036508980401738","potions_obtained":[{"floor":2.0,"key":"Dota2Spire:Clarity"},{"floor":4.0,"key":"Strength Potion"},{"floor":18.0,"key":"Fruit Juice"}],"is_trial":false,"path_per_floor":["M","M","M","M","?","$","R","T","T","PTL","PTL","$","E","?","R","M","R","B",null,"M","?","M"],"character_chosen":"WATCHER","items_purchased":[],"campfire_rested":0,"item_purchase_floors":[],"current_hp_per_floor":[61,52,49,49,44,44,44,44,44,44,44,44,33,50,50,50,50,50,64,52,33,0,0],"gold":135,"neow_bonus":"RANDOM_EVENT","is_daily":false,"chose_seed":false,"campfire_upgraded":3,"win_rate":0.0,"timestamp":1609606235,"path_taken":["M","M","M","M","?","$","R","?","T","PTL","PTL","$","E","?","R","M","R","BOSS","M","?","M"],"items_purchased_type":[],"build_version":"2020-12-22","purchased_purges":2,"victory":false,"max_hp_per_floor":[68,68,68,68,68,68,68,68,68,68,68,68,68,68,68,68,68,68,68,68,73,73,73],"card_choices":[{"not_picked":["Wireheading","JustLucky"],"picked":"FlyingSleeves","floor":1.0},{"not_picked":["JustLucky","ThirdEye","Replay:Hum"],"picked":"SKIP","floor":2.0},{"not_picked":["Replay:ManipulateFuture","EmptyBody"],"picked":"Meditate","floor":3.0},{"not_picked":["Evaluate","ThirdEye"],"picked":"ForeignInfluence","floor":4.0},{"not_picked":["Halt","Replay:Anticipation","JustLucky"],"picked":"SKIP","floor":13.0},{"not_picked":["FlurryOfBlows","Replay:Cycle"],"picked":"Wallop","floor":16.0},{"not_picked":["Scrawl","Establishment"],"picked":"LessonLearned","floor":18.0},{"not_picked":["FlyingSleeves+1","Consecrate","Weave"],"picked":"SKIP","floor":20.0}],"player_experience":2163953,"relics_obtained":[{"floor":8.0,"key":"Dota2Spire:Satanic"},{"floor":9.0,"key":"Grinning Jar"},{"floor":13.0,"key":"Quantum Egg"}],"event_choices":[{"damage_healed":0.0,"max_hp_gain":0.0,"max_hp_loss":0.0,"gold_gain":0.0,"event_name":"Scrap Ooze","player_choice":"Success","floor":5.0,"gold_loss":0.0,"damage_taken":5.0,"relics_obtained":["Thread and Needle"]},{"damage_healed":17.0,"max_hp_gain":0.0,"max_hp_loss":0.0,"gold_gain":0.0,"event_name":"The Cleric","player_choice":"Healed","floor":14.0,"gold_loss":35.0,"damage_taken":0.0},{"damage_healed":0.0,"max_hp_gain":5.0,"max_hp_loss":0.0,"gold_gain":0.0,"event_name":"Forgotten Altar","player_choice":"Shed Blood","floor":21.0,"gold_loss":0.0,"damage_taken":24.0}],"is_beta":false,"boss_relics":[{"not_picked":["Cursed Key","Busted Crown"],"picked":"SlaversCollar"}],"items_purged_floors":[6,12],"is_endless":false,"potions_floor_spawned":[2,4,18],"killed_by":"Chosen","ascension_level":20}}