{"host":"vmo6qas4tfa0p776","time":1609613997,"event":{"mods":["AchievementEnabler","BaseMod","Bestiary","Better Altar","Better Match","Better Note","Better Sensory Stone","Better Skull","Better Third Choice","Clawfect","Colored Map","Colored Powertips","Downfall","Googly Eyes","GungeonMod","Minty Spire (QoL Compilation)","Relic Stats","Robot Space Explorer","Spicy Shops","StSLib","Synergy Search","The Cursed","The Disciple","The Jungle","The Marked","Unceasing Turn Reminder","everything is the same but u backflip on backflip"],"gold_per_floor":[115,127,36,50,50,50,86,104,131,165,190,115,139,153,153,153,153],"floor_reached":16,"playtime":1691,"items_purged":[],"score":104,"play_id":"3221aaca-1956-4759-992f-39bc8d939125","local_time":"20210102135957","is_ascension_mode":false,"campfire_choices":[{"data":"HandsUpC","floor":6,"key":"SMITH"},{"floor":15,"key":"REST"}],"circlet_count":0,"master_deck":["Strike_Br","Strike_Br","Strike_Br","Strike_Br","Defend_Br","Defend_Br","Defend_Br","Defend_Br","SecondHand","PatternShift","LockedTornado","HandsUpC+1","LockedWarPaint","Allegro+1","LockedAnchor","LockedMedicine","ReapSow","LockedBell","BiteCommand","ResonantCall+1","LockedCalendar","LockedAnchor"],"relics":["Chronometer","Golden Idol","Odd Mushroom","DemoMod:Metronome","Omamori"],"acts_visited":["Exordium"],"potions_floor_usage":[8,10,10],"damage_taken":[{"damage":2,"enemies":"2 Louse","floor":1,"turns":5},{"damage":0,"enemies":"Small Slimes","floor":2,"turns":5},{"damage":0,"enemies":"Cultist","floor":4,"turns":3},{"damage":12,"enemies":"The Mushroom Lair","floor":7,"turns":4},{"damage":0,"enemies":"Gremlin Gang","floor":8,"turns":2},{"damage":4,"enemies":"Lagavulin","floor":10,"turns":5},{"damage":4,"enemies":"Blue Slaver","floor":11,"turns":3},{"damage":13,"enemies":"Large Slime","floor":13,"turns":6},{"damage":14,"enemies":"3 Louse","floor":14,"turns":4},{"damage":30,"enemies":"Slime Boss","floor":16,"turns":7}],"seed_played":"-7746764974141794725","potions_obtained":[{"floor":1,"key":"hexamod:EctoCoolerPotion"},{"floor":4,"key":"Explosive Potion"},{"floor":7,"key":"GamblersBrew"}],"is_trial":false,"path_per_floor":["M","M","$","M","?","R","?","M","T","E","M","?","M","M","R","B"],"character_chosen":"CHRONO_CLASS","items_purchased":["Tempo","LockedWarPaint"],"campfire_rested":1,"item_purchase_floors":[3,3],"current_hp_per_floor":[69,69,69,69,52,52,40,40,40,36,32,32,19,5,26,0,0],"gold":153,"neow_bonus":"TEN_PERCENT_HP_BONUS","is_daily":false,"chose_seed":false,"campfire_upgraded":1,"win_rate":0.0,"timestamp":1609613997,"path_taken":["M","M","$","M","?","R","?","M","T","E","M","?","?","M","R","BOSS"],"items_purchased_type":["Card","Card"],"build_version":"2020-12-22","purchased_purges":0,"victory":false,"max_hp_per_floor":[71,71,71,71,71,71,71,71,71,71,71,71,71,71,71,71,71],"relic_stats":{"counters":[10,44],"Golden Idol":31,"obtain_stats":[{"Chronometer":0,"Golden Idol":5,"DemoMod:Metronome":9,"DemoMod:GlassGuonStoneRelic":1,"Omamori":10,"Odd Mushroom":7},{"Chronometer":0,"Golden Idol":3,"DemoMod:Metronome":5,"DemoMod:GlassGuonStoneRelic":1,"Omamori":6,"Odd Mushroom":4},{"Chronometer":0,"Golden Idol":13,"DemoMod:Metronome":19,"DemoMod:GlassGuonStoneRelic":5,"Omamori":24,"Odd Mushroom":17}]},"card_choices":[{"not_picked":["CrunchTime","BiteCommand"],"picked":"LockedTornado","floor":1},{"not_picked":["BlueShift","TiringSlam"],"picked":"HandsUpC","floor":2},{"not_picked":["Analog","Echoward"],"picked":"LockedAnchor","floor":4},{"not_picked":["LockedAnchor","Recurrance"],"picked":"LockedMedicine","floor":7},{"not_picked":["LockedUrn","PrimeTime"],"picked":"ReapSow","floor":8},{"not_picked":["LockedScales","LockedMawBank"],"picked":"LockedBell","floor":10},{"not_picked":["HandsUpC","WindUp"],"picked":"BiteCommand","floor":11},{"not_picked":["TiringSlam+1","Cuckoo+1"],"picked":"ResonantCall+1","floor":12},{"not_picked":["LockedTurtyl","Echoward"],"picked":"LockedCalendar","floor":13},{"not_picked":["Goo","ExoVibe"],"picked":"LockedAnchor","floor":14}],"player_experience":237485,"relics_obtained":[{"floor":7,"key":"Odd Mushroom"},{"floor":9,"key":"DemoMod:Metronome"},{"floor":10,"key":"Omamori"}],"event_choices":[{"damage_healed":0,"gold_gain":0,"player_choice":"Take Damage","damage_taken":17,"relics_obtained":["Golden Idol"],"max_hp_gain":0,"max_hp_loss":0,"event_name":"Golden Idol","floor":5,"gold_loss":0},{"damage_healed":0,"gold_gain":0,"player_choice":"Fought Mushrooms","damage_taken":0,"max_hp_gain":0,"max_hp_loss":0,"event_name":"Mushrooms","floor":7,"gold_loss":0},{"damage_healed":0,"gold_gain":0,"player_choice":"2","damage_taken":0,"max_hp_gain":0,"max_hp_loss":0,"event_name":"betterMatch:BetterMatch","floor":12,"gold_loss":0,"cards_obtained":["betterMatch:UncommonCard"]}],"is_beta":false,"boss_relics":[],"items_purged_floors":[],"is_endless":false,"potions_floor_spawned":[1,4,7],"killed_by":"Slime Boss","ascension_level":0}}