{"host":"rmsq46plbpwfbxcc","time":1609563430,"event":{"mods":["AchievementEnabler","BaseMod","Colored Map","Colored Powertips","DeckTracker","KOR Keyword Fix","Minty Spire (QoL Compilation)","Permanent Neow","Quick Restart","SuperFastMode"],"gold_per_floor":[116,127,127,202,23,23,91,140,190,190,233,233,246,337,337,362,362],"floor_reached":16,"playtime":384,"items_purged":[],"score":127,"play_id":"eb08aace-6907-43e7-989d-7bf3a670f99b","local_time":"20210102135710","is_ascension_mode":true,"campfire_choices":[{"data":"HandOfGreed","floor":6,"key":"SMITH"},{"data":"Neutralize","floor":10,"key":"SMITH"},{"data":"Choke","floor":15,"key":"SMITH"}],"circlet_count":0,"master_deck":["Strike_G","Strike_G","Strike_G","Strike_G","Strike_G","Defend_G","Defend_G","Defend_G","Defend_G","Defend_G","Survivor","Neutralize+1","CurseOfTheBell","Escape Plan","Injury","HandOfGreed+1","Choke+1","Pain","Accuracy+1","Wraith Form v2+1"],"relics":["Calling Bell","Potion Belt","Frozen Egg 2","WingedGreaves","Golden Idol","Boot","Pen Nib","WarpedTongs","White Beast Statue"],"acts_visited":["Exordium"],"potions_floor_usage":[14,16,16],"damage_taken":[{"damage":6,"enemies":"Jaw Worm","floor":1,"turns":6},{"damage":0,"enemies":"Small Slimes","floor":2,"turns":4},{"damage":19,"enemies":"Gremlin Nob","floor":7,"turns":4},{"damage":0,"enemies":"Cultist","floor":8,"turns":2},{"damage":0,"enemies":"Large Slime","floor":11,"turns":4},{"damage":1,"enemies":"Blue Slaver","floor":13,"turns":3},{"damage":17,"enemies":"3 Sentries","floor":14,"turns":11},{"damage":16,"enemies":"Slime Boss","floor":16,"turns":5}],"seed_played":"-6803556612902300704","potions_obtained":[{"floor":1,"key":"Swift Potion"},{"floor":8,"key":"Block Potion"},{"floor":11,"key":"SkillPotion"},{"floor":14,"key":"SkillPotion"}],"is_trial":false,"path_per_floor":["M","M","?","?","$","R","E","M","T","R","M","?","M","E","R","B"],"character_chosen":"THE_SILENT","items_purchased":["HandOfGreed"],"campfire_rested":0,"item_purchase_floors":[5],"current_hp_per_floor":[64,64,64,53,53,53,34,34,34,34,34,34,33,16,16,0,0],"gold":362,"neow_bonus":"BOSS_RELIC","is_daily":false,"chose_seed":false,"campfire_upgraded":3,"win_rate":0.0,"timestamp":1609563430,"path_taken":["M","M","?","?","$","R","E","M","T","R","M","?","?","E","R","BOSS"],"items_purchased_type":["Card"],"build_version":"2020-12-22","purchased_purges":0,"victory":false,"max_hp_per_floor":[70,70,70,70,70,70,70,70,70,70,70,70,70,70,70,70,70],"card_choices":[{"not_picked":["Poisoned Stab","Sucker Punch","Underhanded Strike"],"picked":"SKIP","floor":1},{"not_picked":["Deflect","Expertise"],"picked":"Escape Plan","floor":2},{"not_picked":["Poisoned Stab","Bane"],"picked":"Choke","floor":7},{"not_picked":["Bane","Expertise","Dagger Throw"],"picked":"SKIP","floor":8},{"not_picked":["Poisoned Stab","Outmaneuver","Slice"],"picked":"SKIP","floor":11},{"not_picked":["Catalyst","Caltrops+1"],"picked":"Accuracy+1","floor":13},{"not_picked":["Dagger Spray","Backflip"],"picked":"Wraith Form v2+1","floor":14}],"player_experience":640446,"relics_obtained":[{"floor":0,"key":"Potion Belt"},{"floor":0,"key":"Frozen Egg 2"},{"floor":0,"key":"WingedGreaves"},{"floor":7,"key":"Boot"},{"floor":9,"key":"Pen Nib"},{"floor":14,"key":"White Beast Statue"}],"event_choices":[{"damage_healed":0,"gold_gain":0,"player_choice":"Take Wound","damage_taken":0,"relics_obtained":["Golden Idol"],"max_hp_gain":0,"max_hp_loss":0,"event_name":"Golden Idol","floor":3,"gold_loss":0,"cards_obtained":["Injury"]},{"damage_healed":0,"gold_gain":75,"player_choice":"Gather Gold","damage_taken":11,"max_hp_gain":0,"max_hp_loss":0,"event_name":"World of Goop","floor":4,"gold_loss":0},{"damage_healed":0,"gold_gain":0,"player_choice":"Rummage","damage_taken":0,"relics_obtained":["WarpedTongs"],"max_hp_gain":0,"max_hp_loss":0,"event_name":"Accursed Blacksmith","floor":12,"gold_loss":0,"cards_obtained":["Pain"]}],"is_beta":false,"boss_relics":[],"items_purged_floors":[],"is_endless":false,"potions_floor_spawned":[1,8,11,14],"killed_by":"Slime Boss","ascension_level":3}}