{"host":"3jjxuhjpio8e4zkv","time":1609612116,"event":{"mods":["BaseMod","Colored Map","Highlight Path","Minty Spire (QoL Compilation)","Permanent Neow","Relic Stats","StSLib"],"gold_per_floor":[118,128,45,45,45,45,45,45],"floor_reached":7,"playtime":182,"items_purged":[],"score":78,"play_id":"9007e753-794f-4d11-b2bd-81e53250f0fc","local_time":"20210102132836","is_ascension_mode":true,"campfire_choices":[{"floor":6,"key":"REST"}],"circlet_count":0,"master_deck":["AscendersBane","Strike_G","Strike_G","Strike_G","Defend_G","Defend_G","Defend_G","Defend_G","Survivor","Neutralize","Shame","Escape Plan","Tools of the Trade","Deadly Poison","Masterful Stab"],"relics":["Ring of the Snake","Ornamental Fan"],"acts_visited":["Exordium"],"potions_floor_usage":[],"damage_taken":[{"damage":0,"enemies":"2 Louse","floor":1,"turns":3},{"damage":3,"enemies":"Jaw Worm","floor":2,"turns":4},{"damage":53,"enemies":"Gremlin Nob","floor":7,"turns":4}],"seed_played":"4434820987738818852","potions_obtained":[],"is_trial":false,"path_per_floor":["M","M","$","?","?","R","E"],"character_chosen":"THE_SILENT","items_purchased":["Masterful Stab"],"campfire_rested":1,"item_purchase_floors":[3],"current_hp_per_floor":[59,56,56,49,23,42,0,0],"gold":45,"neow_bonus":"TRANSFORM_TWO_CARDS","is_daily":false,"chose_seed":false,"campfire_upgraded":0,"win_rate":0.0,"timestamp":1609612116,"path_taken":["M","M","$","?","?","R","E"],"items_purchased_type":["Card"],"build_version":"2020-12-22","purchased_purges":0,"victory":false,"max_hp_per_floor":[66,66,66,66,66,66,66,66],"relic_stats":{"counters":[3,11],"Ornamental Fan":[4],"obtain_stats":[{"Ornamental Fan":5,"Ring of the Snake":0},{"Ornamental Fan":2,"Ring of the Snake":0},{"Ornamental Fan":7,"Ring of the Snake":0}],"Ring of the Snake":[6]},"card_choices":[{"not_picked":["Acrobatics","Backflip"],"picked":"Deadly Poison","floor":1},{"not_picked":["Outmaneuver","Bane","Slice"],"picked":"SKIP","floor":2}],"player_experience":1175374,"relics_obtained":[],"event_choices":[{"cards_removed":["Strike_G"],"damage_healed":0,"gold_gain":0,"player_choice":"Card Removal","damage_taken":7,"max_hp_gain":0,"max_hp_loss":0,"event_name":"Golden Wing","floor":4,"gold_loss":0},{"damage_healed":0,"gold_gain":0,"player_choice":"Success","damage_taken":26,"relics_obtained":["Ornamental Fan"],"max_hp_gain":0,"max_hp_loss":0,"event_name":"Scrap Ooze","floor":5,"gold_loss":0}],"is_beta":false,"boss_relics":[],"items_purged_floors":[],"is_endless":false,"potions_floor_spawned":[],"killed_by":"Gremlin Nob","ascension_level":20}}