{"host":"baymyijz6sxaqj5s","time":1609610238,"event":{"mods":["AchievementEnabler","BaseMod","Colored Map","Colored Powertips","DeckTracker","Highlight Path","KOR Keyword Fix","Keyboard Shortcuts","Minty Spire (QoL Compilation)","Quick Restart","StSLib","SuperFastMode"],"gold_per_floor":[116,191,210,225,205,205,216,226,301,316,316,316,316,333,333,434,434,447,461,472,492,492,492,503,503,503,516,516,516],"floor_reached":28,"playtime":1100,"items_purged":[],"score":216,"play_id":"53a0fb12-b976-4cf9-b750-e2b23ee3f08f","local_time":"20210103025718","is_ascension_mode":false,"campfire_choices":[{"data":"Dualcast","floor":6,"key":"SMITH"},{"data":"Self Repair","floor":13,"key":"SMITH"},{"data":"Auto Shields","floor":15,"key":"SMITH"},{"data":"Steam","floor":23,"key":"SMITH"},{"data":"Buffer","floor":25,"key":"SMITH"}],"circlet_count":0,"master_deck":["Strike_B+1","Strike_B+1","Strike_B+1","Strike_B+1","Defend_B+1","Defend_B+1","Defend_B+1","Defend_B+1","Zap+1","Dualcast+1","Steam+1","Auto Shields+1","Self Repair+1","Stack","Electrodynamics","Leap","Buffer+1","Redo+1","Fusion+1","Hologram+1","Conserve Battery"],"relics":["Cracked Core","Blue Candle","SacredBark","Art of War"],"acts_visited":["Exordium","TheCity"],"potions_floor_usage":[16,19,19,20,28],"damage_taken":[{"damage":0,"enemies":"2 Louse","floor":1,"turns":2},{"damage":12,"enemies":"Small Slimes","floor":3,"turns":3},{"damage":0,"enemies":"Cultist","floor":4,"turns":4},{"damage":0,"enemies":"Exordium Wildlife","floor":7,"turns":3},{"damage":1,"enemies":"2 Fungi Beasts","floor":8,"turns":3},{"damage":16,"enemies":"Large Slime","floor":10,"turns":7},{"damage":2,"enemies":"Blue Slaver","floor":14,"turns":4},{"damage":26,"enemies":"Slime Boss","floor":16,"turns":8},{"damage":8,"enemies":"Chosen","floor":18,"turns":6},{"damage":0,"enemies":"2 Thieves","floor":19,"turns":4},{"damage":18,"enemies":"Shelled Parasite and Fungi","floor":20,"turns":12},{"damage":24,"enemies":"Snake Plant","floor":21,"turns":7},{"damage":0,"enemies":"Centurion and Healer","floor":24,"turns":9},{"damage":29,"enemies":"Cultist and Chosen","floor":27,"turns":10},{"damage":30,"enemies":"Colosseum Slavers","floor":28,"turns":5},{"damage":34,"enemies":"Colosseum Nobs","floor":28,"turns":5}],"seed_played":"2607230768839515289","potions_obtained":[{"floor":1,"key":"SteroidPotion"},{"floor":5,"key":"PowerPotion"},{"floor":7,"key":"LiquidMemories"},{"floor":16,"key":"ColorlessPotion"},{"floor":18,"key":"EssenceOfSteel"},{"floor":19,"key":"FocusPotion"}],"is_trial":false,"path_per_floor":["M","?","M","M","?","R","M","M","T","M","?","?","R","M","R","B",null,"M","M","M","M","?","R","M","R","T","M","?"],"character_chosen":"DEFECT","items_purchased":[],"campfire_rested":0,"item_purchase_floors":[],"current_hp_per_floor":[82,71,59,59,59,59,66,72,72,63,63,63,63,71,71,45,82,82,82,74,60,60,60,70,70,70,51,0,0],"gold":516,"neow_bonus":"TEN_PERCENT_HP_BONUS","is_daily":false,"chose_seed":false,"campfire_upgraded":5,"win_rate":0.0,"timestamp":1609610238,"path_taken":["M","?","M","M","?","R","?","M","T","M","?","?","R","M","R","BOSS","M","M","M","M","?","R","M","R","T","M","?"],"items_purchased_type":[],"build_version":"2020-12-22","purchased_purges":0,"victory":false,"max_hp_per_floor":[82,82,82,82,82,82,82,82,82,82,82,82,82,82,82,82,82,82,82,82,82,82,82,82,82,82,82,82,82],"card_choices":[{"not_picked":["Reprogram","Darkness"],"picked":"Steam","floor":1},{"not_picked":["Barrage","Melter"],"picked":"Auto Shields","floor":3},{"not_picked":["Force Field","Redo"],"picked":"Self Repair","floor":4},{"not_picked":["FTL","Go for the Eyes","Rebound"],"picked":"SKIP","floor":7},{"not_picked":["Turbo","Streamline"],"picked":"Stack","floor":8},{"not_picked":["Beam Cell","Cold Snap"],"picked":"Electrodynamics","floor":10},{"not_picked":["Fusion","FTL"],"picked":"Leap","floor":14},{"not_picked":["Thunder Strike","Creative AI"],"picked":"Buffer","floor":16},{"not_picked":["Reprogram+1","Go for the Eyes+1"],"picked":"Redo+1","floor":18},{"not_picked":["Streamline","Auto Shields","Redo"],"picked":"SKIP","floor":19},{"not_picked":["Stack","Tempest"],"picked":"Fusion+1","floor":20},{"not_picked":["Sweeping Beam","Stack+1"],"picked":"Hologram+1","floor":21},{"not_picked":["Redo","Gash"],"picked":"Conserve Battery","floor":24},{"not_picked":["Gash+1","Conserve Battery","Rip and Tear"],"picked":"SKIP","floor":27}],"player_experience":295160,"relics_obtained":[{"floor":9,"key":"Blue Candle"},{"floor":26,"key":"Art of War"}],"event_choices":[{"damage_healed":0,"gold_gain":75,"player_choice":"Gather Gold","damage_taken":11,"max_hp_gain":0,"max_hp_loss":0,"event_name":"World of Goop","floor":2,"gold_loss":0},{"damage_healed":0,"gold_gain":0,"player_choice":"Bought 1 Potion","damage_taken":0,"max_hp_gain":0,"max_hp_loss":0,"event_name":"The Woman in Blue","floor":5,"gold_loss":0},{"damage_healed":0,"gold_gain":0,"player_choice":"Ignored","damage_taken":0,"max_hp_gain":0,"max_hp_loss":0,"event_name":"Golden Idol","floor":11,"gold_loss":0},{"damage_healed":0,"gold_gain":0,"player_choice":"Grow","damage_taken":0,"max_hp_gain":0,"max_hp_loss":0,"event_name":"Living Wall","floor":12,"gold_loss":0,"cards_upgraded":["Zap"]},{"damage_healed":0,"gold_gain":0,"player_choice":"Simplicity","damage_taken":0,"max_hp_gain":0,"max_hp_loss":0,"event_name":"Back to Basics","floor":22,"gold_loss":0,"cards_upgraded":["Strike_B","Strike_B","Strike_B","Strike_B","Defend_B","Defend_B","Defend_B","Defend_B"]},{"damage_healed":0,"gold_gain":0,"player_choice":"Fight","damage_taken":0,"max_hp_gain":0,"max_hp_loss":0,"event_name":"Colosseum","floor":28,"gold_loss":0},{"damage_healed":0,"gold_gain":0,"player_choice":"Fought Nobs","damage_taken":0,"max_hp_gain":0,"max_hp_loss":0,"event_name":"Colosseum","floor":28,"gold_loss":0}],"is_beta":false,"boss_relics":[{"not_picked":["Ectoplasm","Velvet Choker"],"picked":"SacredBark"}],"items_purged_floors":[],"is_endless":false,"potions_floor_spawned":[1,7,10,16,18,19],"killed_by":"Colosseum Nobs","ascension_level":0}}