{"host":"bg8va46pgqgvtzim","time":1609599886,"event":{"mods":["BaseMod","Minty Spire (QoL Compilation)","Quick Restart","StSLib","SuperFastMode"],"gold_per_floor":[110,130,130,142,155,182,182,257,282,282,282,311,311,346,346,449,499,519,536,409,409,424,424,451,451,476,476,494,367,402,418,418,516,516,529,529,529,218,229,255,272,272,296,307,330,383,333,343,343,343,343,343,47,72,72],"floor_reached":56,"playtime":1715,"items_purged":["Strike_G","Strike_G","Strike_G","Sucker Punch","Masterful Stab"],"score":1385,"play_id":"368cd797-e8a2-4429-b423-ef9800703bb3","local_time":"20210102230446","is_ascension_mode":true,"campfire_choices":[{"data":"A Thousand Cuts","floor":7.0,"key":"SMITH"},{"floor":11.0,"key":"REST"},{"data":"Prepared","floor":13.0,"key":"SMITH"},{"data":"Malaise","floor":15.0,"key":"SMITH"},{"data":"Tactician","floor":23.0,"key":"SMITH"},{"data":"Expertise","floor":25.0,"key":"SMITH"},{"data":"Calculated Gamble","floor":32.0,"key":"SMITH"},{"data":"Impatience","floor":42.0,"key":"SMITH"},{"floor":49.0,"key":"RECALL"},{"data":"Acrobatics","floor":52.0,"key":"SMITH"}],"circlet_count":0,"master_deck":["Defend_G","Defend_G","Defend_G+1","Defend_G","Defend_G","Survivor","Neutralize","Heel Hook","Malaise+1","Underhanded Strike","A Thousand Cuts+1","Prepared+1","Expertise+1","Tactician+1","Reflex","Tools of the Trade","Calculated Gamble+1","Adrenaline","Panache","Impatience+1","Purity","Setup+1","Acrobatics+1","Acrobatics+1","Backflip"],"relics":["Ring of the Snake","Lantern","Blood Vial","Smiling Mask","Gremlin Horn","Question Card","Tiny House","Pear","Toy Ornithopter","Art of War","Regal Pillow","SlaversCollar","Shuriken","Akabeko","Bag of Preparation","DollysMirror","Vajra"],"acts_visited":["Exordium","TheCity","TheBeyond","TheEnding"],"potions_floor_usage":[55,55,55,55,55],"damage_taken":[{"damage":1.0,"enemies":"2 Louse","floor":1.0,"turns":6.0},{"damage":0.0,"enemies":"Small Slimes","floor":2.0,"turns":5.0},{"damage":4.0,"enemies":"Jaw Worm","floor":4.0,"turns":4.0},{"damage":0.0,"enemies":"Large Slime","floor":5.0,"turns":6.0},{"damage":20.0,"enemies":"3 Sentries","floor":6.0,"turns":12.0},{"damage":25.0,"enemies":"Gremlin Nob","floor":12.0,"turns":5.0},{"damage":2.0,"enemies":"3 Sentries","floor":14.0,"turns":5.0},{"damage":8.0,"enemies":"The Guardian","floor":16.0,"turns":14.0},{"damage":0.0,"enemies":"3 Byrds","floor":18.0,"turns":3.0},{"damage":0.0,"enemies":"Chosen","floor":19.0,"turns":6.0},{"damage":0.0,"enemies":"Centurion and Healer","floor":22.0,"turns":5.0},{"damage":1.0,"enemies":"Gremlin Leader","floor":24.0,"turns":5.0},{"damage":0.0,"enemies":"Snake Plant","floor":28.0,"turns":8.0},{"damage":1.0,"enemies":"Book of Stabbing","floor":30.0,"turns":7.0},{"damage":0.0,"enemies":"Cultist and Chosen","floor":31.0,"turns":4.0},{"damage":4.0,"enemies":"Collector","floor":33.0,"turns":10.0},{"damage":0.0,"enemies":"3 Darklings","floor":35.0,"turns":2.0},{"damage":0.0,"enemies":"3 Shapes","floor":39.0,"turns":1.0},{"damage":0.0,"enemies":"Reptomancer","floor":40.0,"turns":3.0},{"damage":14.0,"enemies":"Spire Growth","floor":41.0,"turns":6.0},{"damage":3.0,"enemies":"Transient","floor":44.0,"turns":5.0},{"damage":0.0,"enemies":"2 Orb Walkers","floor":46.0,"turns":1.0},{"damage":0.0,"enemies":"Sphere and 2 Shapes","floor":48.0,"turns":1.0},{"damage":15.0,"enemies":"Donu and Deca","floor":50.0,"turns":3.0},{"damage":0.0,"enemies":"Shield and Spear","floor":54.0,"turns":1.0},{"damage":0,"enemies":"The Heart","floor":55,"turns":4}],"seed_played":"-6761766657865472987","potions_obtained":[{"floor":4.0,"key":"DuplicationPotion"},{"floor":5.0,"key":"SkillPotion"},{"floor":14.0,"key":"Weak Potion"},{"floor":17.0,"key":"ColorlessPotion"},{"floor":18.0,"key":"PowerPotion"},{"floor":22.0,"key":"Swift Potion"},{"floor":35.0,"key":"CunningPotion"},{"floor":46.0,"key":"Energy Potion"}],"is_trial":false,"path_per_floor":["M","M","?","M","M","E","R","?","T","T","R","E","R","E","R","B",null,"M","M","$","?","M","R","E","R","T","?","M","$","E","M","R","B",null,"M","?","?","$","M","E","M","R","T","M","T","?","$","M","R","B",null,"R","$","E","B",null],"character_chosen":"THE_SILENT","items_purchased":["Tactician","Tools of the Trade","Shuriken","EntropicBrew","DollysMirror"],"campfire_rested":1,"item_purchase_floors":[20,29,38,53,53],"current_hp_per_floor":[62,62,50,46,46,26,26,15,15,15,33,10,10,10,10,4,68,68,68,68,78,78,78,77,77,77,77,78,78,77,78,78,74,78,78,78,68,68,70,77,64,64,64,63,63,65,65,67,67,54,78,78,78,78,78],"gold":72,"neow_bonus":"TRANSFORM_TWO_CARDS","is_daily":false,"chose_seed":false,"campfire_upgraded":8,"win_rate":0.0,"timestamp":1609599886,"path_taken":["M","M","?","M","M","E","R","?","T","?","R","E","R","E","R","BOSS","M","M","$","?","M","R","E","R","T","?","M","$","E","M","R","BOSS","M","?","?","$","M","E","M","R","T","M","?","?","$","M","R","BOSS","R","$","E","BOSS"],"items_purchased_type":["Card","Card","Relic","Potion","Relic"],"build_version":"2020-12-22","purchased_purges":5,"victory":true,"max_hp_per_floor":[63,63,63,63,63,63,63,63,63,63,63,63,63,63,63,63,68,68,68,68,78,78,78,78,78,78,78,78,78,78,78,78,78,78,78,78,78,78,78,78,78,78,78,78,78,78,78,78,78,78,78,78,78,78,78],"card_choices":[{"not_picked":["Slice","Bane"],"picked":"Sucker Punch","floor":1.0},{"not_picked":["Deflect","Riddle With Holes"],"picked":"Masterful Stab","floor":2.0},{"not_picked":["Distraction","Deadly Poison","Backflip"],"picked":"SKIP","floor":4.0},{"not_picked":["Concentrate","Escape Plan"],"picked":"Underhanded Strike","floor":5.0},{"not_picked":["Blade Dance","Poisoned Stab"],"picked":"A Thousand Cuts","floor":6.0},{"not_picked":["Outmaneuver","Phantasmal Killer"],"picked":"Prepared","floor":12.0},{"not_picked":["Cloak And Dagger","Prepared","Deflect","Malaise"],"picked":"SKIP","floor":14.0},{"not_picked":["Outmaneuver+1","Deadly Poison+1","Crippling Poison","Caltrops+1"],"picked":"SKIP","floor":18.0},{"not_picked":["Sucker Punch","Underhanded Strike","Backstab"],"picked":"Expertise","floor":19.0},{"not_picked":["Choke","Accuracy","Riddle With Holes","Dodge and Roll"],"picked":"SKIP","floor":22.0},{"not_picked":["Outmaneuver","Flying Knee","PiercingWail","Accuracy+1"],"picked":"SKIP","floor":24.0},{"not_picked":["Escape Plan","Infinite Blades+1","Finisher"],"picked":"Reflex","floor":28.0},{"not_picked":["Outmaneuver","Phantasmal Killer","PiercingWail","Infinite Blades"],"picked":"SKIP","floor":30.0},{"not_picked":["Quick Slash","Finisher","Outmaneuver+1"],"picked":"Calculated Gamble","floor":31.0},{"not_picked":["Phantasmal Killer","Grand Finale","Wraith Form v2"],"picked":"Adrenaline","floor":33.0},{"not_picked":["Poisoned Stab+1","Heel Hook+1","Backstab+1","Bane"],"picked":"SKIP","floor":35.0},{"not_picked":["Finesse","Discovery","Magnetism"],"picked":"Panache","floor":37.0},{"not_picked":["The Bomb","Swift Strike","Flash of Steel"],"picked":"Impatience","floor":37.0},{"not_picked":["Discovery","Secret Technique","Madness"],"picked":"Purity","floor":37.0},{"not_picked":["Cloak And Dagger+1","Finisher","Crippling Poison+1","Masterful Stab+1"],"picked":"SKIP","floor":39.0},{"not_picked":["Distraction","Deflect+1","Infinite Blades"],"picked":"Setup+1","floor":40.0},{"not_picked":["Deflect+1","Dagger Spray","Blade Dance","Bane+1"],"picked":"SKIP","floor":41.0},{"not_picked":["Deflect+1","Dagger Spray","Blade Dance","Bane+1"],"picked":"SKIP","floor":41.0},{"not_picked":["Endless Agony+1","Heel Hook+1","Sucker Punch"],"picked":"Acrobatics","floor":44.0},{"not_picked":["Accuracy","Cloak And Dagger","Deadly Poison+1","Poisoned Stab+1"],"picked":"SKIP","floor":48.0},{"not_picked":["Cloak And Dagger+1","Noxious Fumes","Underhanded Strike+1"],"picked":"Backflip","floor":54.0}],"player_experience":2221526,"relics_obtained":[{"floor":6.0,"key":"Blood Vial"},{"floor":9.0,"key":"Smiling Mask"},{"floor":10.0,"key":"Gremlin Horn"},{"floor":12.0,"key":"Question Card"},{"floor":24.0,"key":"Toy Ornithopter"},{"floor":26.0,"key":"Art of War"},{"floor":30.0,"key":"Regal Pillow"},{"floor":40.0,"key":"Akabeko"},{"floor":45.0,"key":"Bag of Preparation"},{"floor":54.0,"key":"Vajra"}],"event_choices":[{"damage_healed":0.0,"max_hp_gain":0.0,"max_hp_loss":0.0,"gold_gain":0.0,"event_name":"Scrap Ooze","player_choice":"Success","floor":3.0,"gold_loss":0.0,"damage_taken":12.0,"relics_obtained":["Lantern"]},{"damage_healed":0.0,"max_hp_gain":0.0,"max_hp_loss":0.0,"gold_gain":75.0,"event_name":"World of Goop","player_choice":"Gather Gold","floor":8.0,"gold_loss":0.0,"damage_taken":11.0},{"damage_healed":0.0,"max_hp_gain":0.0,"max_hp_loss":0.0,"gold_gain":0.0,"event_name":"The Mausoleum","player_choice":"Opened","floor":21.0,"gold_loss":0.0,"damage_taken":0.0,"relics_obtained":["Pear"]},{"damage_healed":0.0,"max_hp_gain":0.0,"max_hp_loss":0.0,"gold_gain":0.0,"event_name":"Ghosts","player_choice":"Ignored","floor":27.0,"gold_loss":0.0,"damage_taken":0.0},{"damage_healed":0.0,"max_hp_gain":0.0,"max_hp_loss":0.0,"gold_gain":0.0,"event_name":"Tomb of Lord Red Mask","player_choice":"Ignored","floor":36.0,"gold_loss":0.0,"damage_taken":0.0},{"damage_healed":0.0,"max_hp_gain":0.0,"max_hp_loss":0.0,"gold_gain":0.0,"event_name":"SensoryStone","player_choice":"Memory 3","floor":37.0,"gold_loss":0.0,"damage_taken":10.0},{"damage_healed":0.0,"max_hp_gain":0.0,"max_hp_loss":0.0,"gold_gain":0.0,"event_name":"Mysterious Sphere","player_choice":"Fight","floor":46.0,"gold_loss":0.0,"damage_taken":0.0}],"is_beta":false,"boss_relics":[{"not_picked":["Velvet Choker","Snecko Eye"],"picked":"Tiny House"},{"not_picked":["Runic Pyramid","Sozu"],"picked":"SlaversCollar"}],"items_purged_floors":[20,29,38,47,53],"is_endless":false,"potions_floor_spawned":[4,5,14,16,18,19,22,24,35,46],"ascension_level":1}}