{"host":"minbhrtlkaoly5f0","time":1609581527,"event":{"mods":["Act Like it!","BaseMod","Colored Map","Colored Powertips","Lobotomy","LobotomyExtend","Luminous","Minty Spire (QoL Compilation)","Quick Restart","StSLib"],"gold_per_floor":[116,128,128,128,228,262,262,275,275,166,210,210,210,69,69,188,188,203,128,141,141,90,108,99,104,130,124,124,124,124,147,147,227,227,243,262,262,262,262],"floor_reached":38,"playtime":1560,"items_purged":["Defend_R","Strike_R"],"score":384,"play_id":"fb95b476-0cc5-4155-973f-d872e4b1c02a","local_time":"20210102175847","is_ascension_mode":false,"campfire_choices":[{"floor":7,"key":"RECALL"},{"floor":13,"key":"REST"},{"floor":15,"key":"REST"},{"floor":28,"key":"REST"},{"floor":32,"key":"REST"}],"circlet_count":0,"master_deck":["Strike_R","Strike_R","Defend_R","Defend_R","Defend_R","Bash","VoidDream","Hemokinesis","Seeing Red","CherryBlossoms","Searing Blow","GreedKing","Bludgeon","Spot Weakness","CrumblingArmor","Uppercut","Dropkick","UniverseFragment","Demon Form","BlackSwan","Freischutz","Heavy Blade","Heavy Blade","Flex","Scarecrow","Feel No Pain","Flex","OSAHOGD","Rudolta","QueenOfHatred","Limit Break","DespairKnight","Searing Blow+1","PlagueDoctor"],"relics":["Burning Blood","CogitoBucket","LetterFromLob","Golden Idol","Meat on the Bone","Centennial Puzzle","MagicBullet_r","Fusion Hammer","TreeSap","Boot","AspirationHeart","Mark of Pain"],"acts_visited":["Exordium","TheCity","TheBeyond"],"potions_floor_usage":[25,27,33,33,38],"damage_taken":[{"damage":17,"enemies":"Small Slimes","floor":1,"turns":3},{"damage":8,"enemies":"Cultist","floor":2,"turns":3},{"damage":41,"enemies":"Lagavulin","floor":6,"turns":6},{"damage":13,"enemies":"Jaw Worm","floor":8,"turns":3},{"damage":17,"enemies":"Gremlin Nob","floor":11,"turns":4},{"damage":49,"enemies":"Hexaghost","floor":16,"turns":7},{"damage":30,"enemies":"Spheric Guardian","floor":18,"turns":3},{"damage":26,"enemies":"Shell Parasite","floor":20,"turns":4},{"damage":36,"enemies":"Cultist and Chosen","floor":23,"turns":4},{"damage":14,"enemies":"Shelled Parasite and Fungi","floor":24,"turns":2},{"damage":27,"enemies":"Centurion and Healer","floor":25,"turns":8},{"damage":22,"enemies":"3 Cultists","floor":27,"turns":4},{"damage":3,"enemies":"Snake Plant","floor":31,"turns":3},{"damage":45,"enemies":"Automaton","floor":33,"turns":5},{"damage":26,"enemies":"3 Darklings","floor":35,"turns":5},{"damage":26,"enemies":"Orb Walker","floor":36,"turns":3},{"damage":67,"enemies":"Mind Bloom Boss Battle","floor":38,"turns":3}],"seed_played":"-1628241317448964188","potions_obtained":[{"floor":2,"key":"FairyPotion"},{"floor":6,"key":"FearPotion"},{"floor":8,"key":"SneckoOil"},{"floor":16,"key":"LiquidBronze"},{"floor":20,"key":"SkillPotion"},{"floor":25,"key":"AttackPotion"},{"floor":27,"key":"SteroidPotion"},{"floor":29,"key":"Energy Potion"},{"floor":29,"key":"CultistPotion"},{"floor":35,"key":"LiquidBronze"},{"floor":36,"key":"SkillPotion"}],"is_trial":false,"path_per_floor":["M","M","?","?","?","E","R","M","T","$","E","?","R","$","R","B",null,"M","?","M","?","$","M","M","M","T","M","R","?","$","M","R","B",null,"M","M","?","?"],"character_chosen":"IRONCLAD","items_purchased":["Spot Weakness","Dropkick","Heavy Blade"],"campfire_rested":4,"item_purchase_floors":[10,14,22],"current_hp_per_floor":[69,67,67,79,79,44,44,49,49,49,50,24,48,48,72,41,80,56,56,47,47,47,29,33,45,45,55,82,82,82,85,90,63,90,74,54,54,0,0],"gold":262,"neow_bonus":"","is_daily":false,"chose_seed":false,"campfire_upgraded":0,"win_rate":0.0,"timestamp":1609581527,"path_taken":["M","M","?","?","?","E","R","?","T","$","E","?","R","$","R","BOSS","M","?","M","?","$","M","M","?","T","?","R","?","?","M","R","BOSS","M","M","?","?"],"items_purchased_type":["Card","Card","Card"],"build_version":"2020-12-22","purchased_purges":2,"victory":false,"max_hp_per_floor":[80,80,80,80,80,80,80,80,80,80,80,80,80,80,80,80,80,80,80,80,80,80,80,80,80,80,90,90,90,90,90,90,90,90,90,90,90,90,90],"card_choices":[{"not_picked":["UniverseFragment","MHz"],"picked":"VoidDream","floor":1},{"not_picked":["Carnage","Body Slam"],"picked":"Hemokinesis","floor":1},{"not_picked":["Wellcheers","UniverseFragment","Rudolta"],"picked":"Singing Bowl","floor":2},{"not_picked":["Wellcheers","Bloodbath"],"picked":"CrumblingArmor","floor":2},{"not_picked":["Sword Boomerang","Disarm"],"picked":"Seeing Red","floor":2},{"not_picked":["WallGazer","BeautyBeast","UniverseFragment"],"picked":"Singing Bowl","floor":6},{"not_picked":["Wellcheers","Rudolta"],"picked":"CherryBlossoms","floor":6},{"not_picked":["Anger","Power Through"],"picked":"Searing Blow","floor":6},{"not_picked":["MHz","MeatLantern","HappyTeddy"],"picked":"Singing Bowl","floor":8},{"not_picked":["Scorched","Alriune"],"picked":"GreedKing","floor":8},{"not_picked":["Heavy Blade","True Grit"],"picked":"Bludgeon","floor":8},{"not_picked":["Bloodbath","Murderer"],"picked":"CrumblingArmor","floor":11},{"not_picked":["Clothesline","Twin Strike"],"picked":"Uppercut","floor":11},{"not_picked":["MeatLantern","HeroicMonk","NakedNest"],"picked":"Singing Bowl","floor":16},{"not_picked":["PunishingBird","Alriune"],"picked":"UniverseFragment","floor":16},{"not_picked":["Impervious","Double Tap"],"picked":"Demon Form","floor":16},{"not_picked":["WallGazer","BeautyBeast"],"picked":"BlackSwan","floor":18},{"not_picked":["Pommel Strike","Headbutt","Dark Embrace"],"picked":"SKIP","floor":18},{"not_picked":["Pommel Strike","Headbutt","Dark Embrace"],"picked":"SKIP","floor":18},{"not_picked":["NothingThere","Scorched"],"picked":"Freischutz","floor":20},{"not_picked":["Impervious","Anger"],"picked":"Heavy Blade","floor":20},{"not_picked":["Murderer","PunishingBird","Scorched"],"picked":"Singing Bowl","floor":23},{"not_picked":["Thunderclap+1","Clash"],"picked":"Flex","floor":23},{"not_picked":["OSAHOGD","MHz"],"picked":"Scarecrow","floor":24},{"not_picked":["Blood for Blood+1","Iron Wave"],"picked":"Feel No Pain","floor":24},{"not_picked":["Body Slam","Power Through"],"picked":"Flex","floor":25},{"not_picked":["Alriune","GalaxyChild"],"picked":"OSAHOGD","floor":25},{"not_picked":["FieryBird","RedShoes","Murderer"],"picked":"Singing Bowl","floor":27},{"not_picked":["Headbutt","Clash","Spot Weakness"],"picked":"SKIP","floor":27},{"not_picked":["Headbutt","Clash","Spot Weakness"],"picked":"SKIP","floor":27},{"not_picked":["Bloodbath","FairyFestival"],"picked":"Rudolta","floor":31},{"not_picked":["Sever Soul","Headbutt","Armaments"],"picked":"SKIP","floor":31},{"not_picked":["Mercenary","LaLuna"],"picked":"QueenOfHatred","floor":33},{"not_picked":["Bludgeon","Fiend Fire"],"picked":"Limit Break","floor":33},{"not_picked":["Alriune","Variant"],"picked":"DespairKnight","floor":35},{"not_picked":["Headbutt+1","Sword Boomerang"],"picked":"Searing Blow+1","floor":35},{"not_picked":["RedShoes","Mercenary","LittlePrince"],"picked":"Singing Bowl","floor":36},{"not_picked":["RedShoes","LittleHelper"],"picked":"PlagueDoctor","floor":36},{"not_picked":["Pommel Strike+1","Rampage+1","Intimidate"],"picked":"SKIP","floor":36},{"not_picked":["Pommel Strike+1","Rampage+1","Intimidate"],"picked":"SKIP","floor":36}],"player_experience":11941,"relics_obtained":[{"floor":1,"key":"LetterFromLob"},{"floor":6,"key":"Meat on the Bone"},{"floor":11,"key":"Centennial Puzzle"},{"floor":26,"key":"Boot"}],"event_choices":[{"damage_healed":0,"gold_gain":0,"player_choice":"Take Wound","damage_taken":0,"relics_obtained":["Golden Idol"],"max_hp_gain":0,"max_hp_loss":0,"event_name":"Golden Idol","floor":3,"gold_loss":0,"cards_obtained":["Injury"]},{"damage_healed":0,"gold_gain":100,"player_choice":"Pray","damage_taken":0,"max_hp_gain":0,"max_hp_loss":0,"event_name":"Golden Shrine","floor":5,"gold_loss":0},{"cards_removed":["Injury"],"damage_healed":0,"gold_gain":0,"player_choice":"Gave Gold","damage_taken":0,"max_hp_gain":0,"max_hp_loss":0,"event_name":"Beggar","floor":19,"gold_loss":75},{"cards_removed":["Strike_R"],"damage_healed":0,"gold_gain":0,"player_choice":"Purged","damage_taken":0,"max_hp_gain":0,"max_hp_loss":0,"event_name":"Purifier","floor":21,"gold_loss":0},{"damage_healed":0,"gold_gain":0,"player_choice":"Got Potions","damage_taken":0,"max_hp_gain":0,"max_hp_loss":0,"event_name":"Lab","floor":29,"gold_loss":0},{"damage_healed":0,"gold_gain":0,"player_choice":"Ignored","damage_taken":0,"max_hp_gain":0,"max_hp_loss":0,"event_name":"Tomb of Lord Red Mask","floor":37,"gold_loss":0},{"damage_healed":0,"gold_gain":0,"player_choice":"Fight","damage_taken":0,"max_hp_gain":0,"max_hp_loss":0,"event_name":"MindBloom","floor":38,"gold_loss":0}],"is_beta":false,"boss_relics":[{"not_picked":["Sozu","Tiny House"],"picked":"Fusion Hammer"},{"not_picked":["Coffee Dripper","Empty Cage"],"picked":"Mark of Pain"}],"items_purged_floors":[10,14],"is_endless":false,"potions_floor_spawned":[2,6,8,16,18,20,25,27,31,35,36],"killed_by":"Mind Bloom Boss Battle","ascension_level":0}}