{"host":"mytek2nu1hrzdnew","time":1609603417,"event":{"mods":["Aspiration","BaseMod","Conspire","Evolution","GifTheSpireLib","Gold Saver","Hubris","Minty Spire (QoL Compilation)","Replay The Spire","StSLib","Stuff the Spire","Uncapped"],"gold_per_floor":[345,358,378,378,419,450,460,460,514,524,542,542,556,51,51,153,153,167,95,95,113,126,126,126,25,25,60,110,110,126,142,142,239,239,252,271,92,107,121,121,191,241,241,241,52,63,63,63],"floor_reached":47,"playtime":2956,"items_purged":["Defend_G","Defend_G","Dagger Throw"],"score":526,"play_id":"d8928ae8-064b-4809-a9aa-1d3833e15a1d","local_time":"20210102110337","is_ascension_mode":false,"campfire_choices":[{"floor":8,"key":"REST"},{"floor":12,"key":"REST"},{"floor":15,"key":"REST"},{"data":"Infinite Blades","floor":23,"key":"SMITH"},{"data":"StuffTheSpire:Incantation","floor":29,"key":"SMITH"},{"floor":32,"key":"REST"},{"floor":40,"key":"REST"},{"floor":44,"key":"REST"}],"circlet_count":0,"master_deck":["Dagger Throw+1","Dagger Throw","Dagger Throw","Defend_G","Defend_G","Defend_G","Survivor","Neutralize","Adrenaline","Cloak And Dagger+1","ReplayTheSpireMod:Shiv Toss","Hidden Blade","conspire:Banana","Prepared+1","Adrenaline","Malaise","StuffTheSpire:Fury","Accuracy","Infinite Blades+1","Cloak And Dagger","conspire:PoisonWeapons+1","StuffTheSpire:Incantation+1","Storm of Steel","ReplayTheSpireMod:Shiv Toss+1","Blade Dance","Prepared+1","Hidden Blade","ReplayTheSpireMod:Shiv Toss+1"],"relics":["Ring of the Snake","EVO:Axolotl","Replay:Rubber Ducky","Orichalcum","Blood Vial","Painkiller Herb","War Paint","SsserpentHead","aspiration:FetidBarrel","StuffTheSpire:EmeraldSignet","Black Star","aspiration:SneckoTail","ClockworkSouvenir"],"acts_visited":["Exordium","TheCity","TheBeyond"],"potions_floor_usage":[16,27,31,36,36,38,46,47],"damage_taken":[{"damage":0,"enemies":"Small Slimes","floor":1,"turns":2},{"damage":0,"enemies":"2 Louse","floor":2,"turns":2},{"damage":0,"enemies":"Jaw Worm","floor":3,"turns":2},{"damage":26,"enemies":"conspire:MimicChest","floor":5,"turns":6},{"damage":15,"enemies":"3 Sentries","floor":6,"turns":7},{"damage":4,"enemies":"Gremlin Gang","floor":7,"turns":4},{"damage":3,"enemies":"Red Slaver","floor":10,"turns":2},{"damage":1,"enemies":"2 Fungi Beasts","floor":11,"turns":2},{"damage":11,"enemies":"Exordium Thugs","floor":13,"turns":6},{"damage":37,"enemies":"Slime Boss","floor":16,"turns":9},{"damage":0,"enemies":"Chosen","floor":18,"turns":6},{"damage":11,"enemies":"Spheric Guardian","floor":21,"turns":4},{"damage":1,"enemies":"Centurion and Healer","floor":22,"turns":5},{"damage":39,"enemies":"Slavers","floor":27,"turns":5},{"damage":9,"enemies":"Snecko","floor":30,"turns":4},{"damage":0,"enemies":"Chosen and Byrds","floor":31,"turns":3},{"damage":10,"enemies":"hubris:MusketHawk","floor":33,"turns":6},{"damage":3,"enemies":"3 Shapes","floor":35,"turns":4},{"damage":30,"enemies":"3 Darklings","floor":36,"turns":5},{"damage":21,"enemies":"Maw","floor":38,"turns":6},{"damage":25,"enemies":"Writhing Mass","floor":39,"turns":5},{"damage":28,"enemies":"Sphere and 2 Shapes","floor":41,"turns":4},{"damage":48,"enemies":"Transient","floor":46,"turns":5},{"damage":11,"enemies":"Jaw Worm Horde","floor":47,"turns":1}],"seed_played":"8221928317450926103","potions_obtained":[{"floor":5,"key":"Dexterity Potion"},{"floor":6,"key":"LiquidMemories"},{"floor":16,"key":"Block Potion"},{"floor":18,"key":"Swift Potion"},{"floor":30,"key":"Adrenaline Potion"},{"floor":33,"key":"DistilledChaos"},{"floor":35,"key":"AttackPotion"},{"floor":36,"key":"Regen Potion"},{"floor":38,"key":"Block Potion"}],"is_trial":false,"path_per_floor":["M","M","M","?","?","E","M","R","T","M","M","R","M","$","R","B",null,"?","T","?","?","?","T","?","T","T","E","?","T","?","?","T","B",null,"?","?","T","?","?","T","?","?","T","T","T","?","?"],"character_chosen":"THE_SILENT","items_purchased":["Blood Vial","conspire:Banana","Prepared","Adrenaline","Accuracy","Cloak And Dagger","Blade Dance","ClockworkSouvenir","Hidden Blade"],"campfire_rested":6,"item_purchase_floors":[14,14,14,14,19,25,37,45,45],"current_hp_per_floor":[70,70,70,70,44,29,25,46,46,43,42,63,52,52,70,34,71,72,72,72,62,64,64,64,64,64,28,28,28,22,25,48,47,78,76,49,49,47,27,51,26,26,26,50,50,5,0,0],"gold":63,"neow_bonus":"UPGRADE_CARD","is_daily":false,"chose_seed":false,"campfire_upgraded":2,"win_rate":0.0,"timestamp":1609603417,"path_taken":["M","M","M","?","?","E","M","R","T","?","M","R","?","$","R","BOSS","?","T","?","?","?","T","?","?","T","E","?","T","?","?","T","BOSS","?","?","T","?","?","T","?","?","T","T","T","?","?"],"items_purchased_type":["Relic","Card","Card","Card","Card","Card","Card","Relic","Card"],"build_version":"2020-12-22","purchased_purges":3,"victory":false,"max_hp_per_floor":[70,70,70,70,70,70,70,70,70,70,70,70,70,70,70,71,71,72,72,72,73,74,74,74,74,74,75,75,75,76,77,77,78,78,79,80,80,81,82,82,83,83,83,83,83,84,84,84],"card_choices":[{"not_picked":["Finisher","StuffTheSpire:ClusterCrunch","Catalyst"],"picked":"SKIP","floor":1},{"not_picked":["ReplayTheSpireMod:Tripwire","Deadly Poison","Outmaneuver"],"picked":"SKIP","floor":2},{"not_picked":["Flying Knee","Finisher","Dagger Spray"],"picked":"SKIP","floor":3},{"not_picked":["PiercingWail","Draining Mist"],"picked":"Adrenaline","floor":6},{"not_picked":["Poisoned Stab","Dagger Throw","Acrobatics"],"picked":"SKIP","floor":7},{"not_picked":["StuffTheSpire:Python","Bouncing Flask"],"picked":"Cloak And Dagger","floor":10},{"not_picked":["Expertise","Calculated Gamble"],"picked":"ReplayTheSpireMod:Shiv Toss","floor":11},{"not_picked":["StuffTheSpire:ClusterCrunch","Sucker Punch"],"picked":"Hidden Blade","floor":13},{"not_picked":["ReplayTheSpireMod:From All Sides","ReplayTheSpireMod:Necrosis"],"picked":"Malaise","floor":16},{"not_picked":["StuffTheSpire:Sprint","StuffTheSpire:Python+1"],"picked":"StuffTheSpire:Fury","floor":18},{"not_picked":["StuffTheSpire:BumpUp+1","Dagger Spray","Choke"],"picked":"SKIP","floor":21},{"not_picked":["StuffTheSpire:ClusterCrunch","StuffTheSpire:Python"],"picked":"Infinite Blades","floor":22},{"not_picked":["Leg Sweep","ReplayTheSpireMod:From All Sides"],"picked":"conspire:PoisonWeapons+1","floor":27},{"not_picked":["ReplayTheSpireMod:Tripwire+1","Masterful Stab","StuffTheSpire:Fury+1"],"picked":"SKIP","floor":30},{"not_picked":["hubris:SlightOfHand","ReplayTheSpireMod:The Works","Flying Knee"],"picked":"SKIP","floor":31},{"not_picked":["Poison Darts","StuffTheSpire:FinalStruggle"],"picked":"Storm of Steel","floor":33},{"not_picked":["StuffTheSpire:Fury+1","Blade Dance"],"picked":"ReplayTheSpireMod:Shiv Toss+1","floor":35},{"not_picked":["Backflip+1","StuffTheSpire:Injection","ReplayTheSpireMod:Speed Training+1"],"picked":"SKIP","floor":36},{"not_picked":["ReplayTheSpireMod:Speed Training+1","Reflex"],"picked":"Prepared+1","floor":38},{"not_picked":["All Out Attack+1","ReplayTheSpireMod:Speed Training","Crippling Poison"],"picked":"SKIP","floor":39},{"not_picked":["StuffTheSpire:Injection","Masterful Stab+1","Dagger Spray+1"],"picked":"SKIP","floor":41},{"not_picked":["Backstab","PiercingWail+1"],"picked":"ReplayTheSpireMod:Shiv Toss+1","floor":46}],"player_experience":981088,"relics_obtained":[{"floor":6,"key":"Replay:Rubber Ducky"},{"floor":9,"key":"Orichalcum"},{"floor":26,"key":"aspiration:FetidBarrel"},{"floor":27,"key":"StuffTheSpire:EmeraldSignet"},{"floor":43,"key":"aspiration:SneckoTail"}],"event_choices":[{"damage_healed":0,"gold_gain":0,"player_choice":"Disagree","damage_taken":0,"max_hp_gain":0,"max_hp_loss":0,"event_name":"conspire:LoneGhost","floor":4,"gold_loss":0},{"damage_healed":0,"gold_gain":0,"player_choice":"Gave Potion","damage_taken":0,"relics_obtained":["War Paint"],"max_hp_gain":0,"max_hp_loss":0,"event_name":"WeMeetAgain","floor":20,"gold_loss":0},{"damage_healed":0,"gold_gain":0,"player_choice":"Trade","damage_taken":0,"relics_obtained":["SsserpentHead"],"max_hp_gain":0,"max_hp_loss":0,"event_name":"FaceTrader","floor":24,"gold_loss":0},{"damage_healed":0,"gold_gain":0,"cards_transformed":["Dagger Throw"],"player_choice":"Transformed","damage_taken":0,"max_hp_gain":0,"max_hp_loss":0,"event_name":"Transmorgrifier","floor":28,"gold_loss":0,"cards_obtained":["StuffTheSpire:Incantation"]},{"damage_healed":0,"gold_gain":0,"player_choice":"Leave","damage_taken":0,"max_hp_gain":0,"max_hp_loss":0,"event_name":"conspire:Investor","floor":42,"gold_loss":0}],"is_beta":false,"boss_relics":[{"not_picked":["Coffee Dripper","hubris:GrandSneckoEye"],"picked":"Painkiller Herb"},{"not_picked":["Replay:Ancient Bell","hubris:CrackedHourglass"],"picked":"Black Star"}],"items_purged_floors":[14,25,37],"is_endless":false,"potions_floor_spawned":[1,5,6,11,13,16,18,27,30,33,35,36,38],"killed_by":"Jaw Worm Horde","ascension_level":0}}