{"host":"p7j7o00jacnw7qzt","time":1609561916,"event":{"mods":["BaseMod","Colored Map","Colored Powertips","DeckTracker","Highlight Path","Minty Spire (QoL Compilation)","Relic Stats"],"gold_per_floor":[110,110,35,45,58,58,133,158,210,210,244,244,259,270,270,342,342,355,214,226,245,245,245,245,245,245],"floor_reached":25,"playtime":701,"items_purged":["Strike_R","Strike_R"],"score":422,"play_id":"90169652-8804-4294-a6b6-7802852b8427","local_time":"20210101233156","is_ascension_mode":true,"campfire_choices":[{"data":"Carnage","floor":6.0,"key":"SMITH"},{"floor":12.0,"key":"REST"},{"data":"True Grit","floor":15.0,"key":"SMITH"},{"floor":23,"key":"REST"}],"circlet_count":0,"master_deck":["AscendersBane","Strike_R","Strike_R","Strike_R","Defend_R","Defend_R","Defend_R","Defend_R","Bash","Carnage+1","Offering","True Grit+1","Impervious","Burning Pact","Evolve","Body Slam+1","Ghostly","Ghostly","Ghostly"],"relics":["Runic Cube","Art of War","Bag of Marbles","Blood Vial","MealTicket","Runic Dome","Enchiridion"],"acts_visited":["Exordium","TheCity"],"potions_floor_usage":[21],"damage_taken":[{"damage":3.0,"enemies":"2 Louse","floor":1.0,"turns":3.0},{"damage":1.0,"enemies":"Cultist","floor":4.0,"turns":3.0},{"damage":1.0,"enemies":"Small Slimes","floor":5.0,"turns":3.0},{"damage":21.0,"enemies":"Lagavulin","floor":8.0,"turns":4.0},{"damage":14.0,"enemies":"Gremlin Nob","floor":11.0,"turns":3.0},{"damage":6.0,"enemies":"Blue Slaver","floor":13.0,"turns":2.0},{"damage":0.0,"enemies":"Large Slime","floor":14.0,"turns":3.0},{"damage":19.0,"enemies":"Slime Boss","floor":16.0,"turns":7.0},{"damage":24,"enemies":"Shell Parasite","floor":18,"turns":3},{"damage":7,"enemies":"2 Thieves","floor":20,"turns":4},{"damage":15,"enemies":"Shelled Parasite and Fungi","floor":21,"turns":4},{"damage":45,"enemies":"Gremlin Leader","floor":25,"turns":4}],"seed_played":"8728625322577710376","potions_obtained":[{"floor":1.0,"key":"HeartOfIron"},{"floor":4.0,"key":"SneckoOil"},{"floor":11.0,"key":"Weak Potion"},{"floor":18,"key":"EssenceOfSteel"},{"floor":21,"key":"EssenceOfSteel"}],"is_trial":false,"path_per_floor":["M","?","$","M","M","R","?","E","T","?","E","R","M","M","R","B",null,"M","$","M","M","?","R","?","E"],"character_chosen":"IRONCLAD","items_purchased":["Evolve"],"campfire_rested":2,"item_purchase_floors":[19],"current_hp_per_floor":[65,65,65,64,63,63,52,31,31,31,19,41,37,39,39,22,62,40,55,50,37,16,38,37,0,0],"gold":245,"neow_bonus":"BOSS_RELIC","is_daily":false,"chose_seed":false,"campfire_upgraded":2,"win_rate":0.0,"timestamp":1609561916,"path_taken":["M","?","?","M","M","R","?","E","T","?","E","R","M","?","R","BOSS","M","$","M","M","?","R","?","E"],"items_purchased_type":["Card"],"build_version":"2020-12-22","purchased_purges":2,"victory":false,"max_hp_per_floor":[75,75,75,75,75,75,75,75,75,75,75,75,75,75,75,75,75,75,75,75,75,75,75,37,37,37],"relic_stats":{"Blood Vial":14,"counters":[12,43],"MealTicket":15,"Art of War":[1],"obtain_stats":[{"Blood Vial":9,"Runic Dome":17,"Enchiridion":22,"MealTicket":11,"Art of War":2,"Bag of Marbles":8,"Burning Blood":0,"Runic Cube":0},{"Blood Vial":4,"Runic Dome":8,"Enchiridion":11,"MealTicket":5,"Art of War":1,"Bag of Marbles":4,"Burning Blood":0,"Runic Cube":0},{"Blood Vial":13,"Runic Dome":28,"Enchiridion":39,"MealTicket":16,"Art of War":3,"Bag of Marbles":13,"Burning Blood":0,"Runic Cube":0}],"Runic Cube":[22]},"card_choices":[{"not_picked":["Twin Strike","Thunderclap","Headbutt"],"picked":"SKIP","floor":1.0},{"not_picked":["Sword Boomerang","Wild Strike"],"picked":"Carnage","floor":4.0},{"not_picked":["Armaments","Flame Barrier"],"picked":"Offering","floor":5.0},{"not_picked":["Clash","Flex","Twin Strike"],"picked":"SKIP","floor":8.0},{"not_picked":["Warcry","Sword Boomerang","Uppercut"],"picked":"SKIP","floor":11.0},{"not_picked":["Warcry","Sword Boomerang","Uppercut"],"picked":"SKIP","floor":11.0},{"not_picked":["Warcry","Sword Boomerang","Uppercut"],"picked":"SKIP","floor":11.0},{"not_picked":["Combust","Heavy Blade","Power Through"],"picked":"SKIP","floor":13.0},{"not_picked":["Heavy Blade","Anger"],"picked":"True Grit","floor":14.0},{"not_picked":["Demon Form","Double Tap"],"picked":"Impervious","floor":16.0},{"not_picked":["Clash","Combust"],"picked":"Burning Pact","floor":18},{"not_picked":["Cleave","True Grit"],"picked":"Body Slam+1","floor":20},{"not_picked":["Sever Soul","Iron Wave","Wild Strike"],"picked":"SKIP","floor":21}],"player_experience":919531,"relics_obtained":[{"floor":8.0,"key":"Bag of Marbles"},{"floor":9.0,"key":"Blood Vial"},{"floor":11.0,"key":"MealTicket"},{"floor":22,"key":"Enchiridion"}],"event_choices":[{"damage_healed":0.0,"max_hp_gain":0.0,"max_hp_loss":0.0,"gold_gain":0.0,"event_name":"WeMeetAgain","player_choice":"Gave Potion","floor":2.0,"gold_loss":0.0,"damage_taken":0.0,"relics_obtained":["Art of War"]},{"damage_healed":0.0,"max_hp_gain":0.0,"max_hp_loss":0.0,"gold_gain":75.0,"event_name":"World of Goop","player_choice":"Gather Gold","floor":7.0,"gold_loss":0.0,"damage_taken":11.0},{"damage_healed":0.0,"max_hp_gain":0.0,"max_hp_loss":0.0,"gold_gain":0.0,"event_name":"Liars Game","player_choice":"Ignored","floor":10.0,"gold_loss":0.0,"damage_taken":0.0},{"damage_healed":0,"gold_gain":0,"player_choice":"Obtained Book","damage_taken":21,"max_hp_gain":0,"max_hp_loss":0,"event_name":"Cursed Tome","floor":22,"gold_loss":0},{"damage_healed":0,"gold_gain":0,"player_choice":"Became a Ghost","damage_taken":0,"max_hp_gain":0,"max_hp_loss":38,"event_name":"Ghosts","floor":24,"gold_loss":0,"cards_obtained":["Ghostly","Ghostly","Ghostly"]}],"is_beta":false,"boss_relics":[{"not_picked":["Black Star","Pandora\u0027s Box"],"picked":"Runic Dome"}],"items_purged_floors":[3,19],"is_endless":false,"potions_floor_spawned":[1,4,11,18,21],"killed_by":"Gremlin Leader","ascension_level":20}}