{"host":"5wf60zc4jjt9ov65","time":1609611404,"event":{"mods":["AchievementEnabler","BaseMod","Beaked The Cultist","Better Altar","Better Match","Better Note","Better Sensory Stone","Better Skull","Better Third Choice","BetterRewards","Colored Map","Colored Powertips","Downfall","Googly Eyes","Halation","Highlight Path","Hubris","Infinite Spire","Minty Spire (QoL Compilation)","Permanent Neow","Quick Restart","Replay The Spire","StSLib","The Bug Knight","The Construct"],"gold_per_floor":[113,113,124,124,124,124,143,143,143,143,162,162,176,190,190,295,295,311,311,311,311,311,311,324,337,360,63,76,88,101,118,118,215,215,228,228,138,152,505,505,535,515,515,515,548,560,234,250,250,250],"floor_reached":51,"playtime":4146,"items_purged":["Voices"],"score":674,"play_id":"2f1ce363-0831-4aa4-96a1-fbc8bc07591d","local_time":"20210102131644","is_ascension_mode":false,"campfire_choices":[{"data":"Zap","floor":6.0,"key":"SMITH"},{"data":"Defragment","floor":8.0,"key":"SMITH"},{"data":"Aggregate","floor":10.0,"key":"SMITH"},{"data":"Dualcast","floor":12.0,"key":"SMITH"},{"data":"Fusion","floor":15.0,"key":"SMITH"},{"data":"Darkness","floor":23,"key":"SMITH"},{"data":"hubris:DoWhile","floor":32,"key":"SMITH"},{"data":"Hologram","floor":40,"key":"SMITH"},{"data":"hubris:Fate","floor":49,"key":"SMITH"}],"circlet_count":0,"master_deck":["Strike_B+1","Strike_B+1","Defend_B","Defend_B","Defend_B","Zap+1","Dualcast+1","Aggregate+1","Darkness+1","Defragment+1","Panic Button","Rainbow","Fusion+1","ReplayRNGCard","Barrage+1","ReplayTheSpireMod:Calculation Training","Hologram+1","Conserve Battery","hubris:DoWhile+1","FIFO Queue","Cold Snap+1","Electrodynamics","Self Repair","Redo+1","Tempest","hubris:Fate+1","ReplayTheSpireMod:Echoes of Time","Hologram+1"],"relics":["Cracked Core","hubris:Towel","hubris:MysteriousPyramids","Honey Jar","infinitespire:EmpoweringShard","halation:EternalFortune","hubris:BallOfYels","halation:Thesaurus","Geode","hubris:Backtick","beaked:MendingPlumage","Ring of Panic","Ring of Peace","Old Coin","Pen Nib","hubris:Potato","hubris:GlazedTorus","hubris:SphereOfDissonance","Replay:Wax Seal","Counterbalance"],"acts_visited":["Exordium","TheCity","TheBeyond"],"potions_floor_usage":[33,45,50,50],"damage_taken":[{"damage":0.0,"enemies":"2 Louse","floor":1.0,"turns":2.0},{"damage":0.0,"enemies":"Cultist","floor":3.0,"turns":3.0},{"damage":5.0,"enemies":"Small Slimes","floor":7.0,"turns":4.0},{"damage":11.0,"enemies":"Exordium Wildlife","floor":11.0,"turns":3.0},{"damage":0.0,"enemies":"3 Louse","floor":13.0,"turns":4.0},{"damage":3.0,"enemies":"Lots of Slimes","floor":14.0,"turns":4.0},{"damage":41.0,"enemies":"Fading Forest","floor":16.0,"turns":11.0},{"damage":3.0,"enemies":"Chosen","floor":18.0,"turns":4.0},{"damage":0,"enemies":"Spheric Guardian","floor":24,"turns":3},{"damage":0,"enemies":"3 Cultists","floor":25,"turns":5},{"damage":6,"enemies":"Snecko","floor":28,"turns":3},{"damage":2,"enemies":"Cultist and Chosen","floor":29,"turns":4},{"damage":0,"enemies":"Snake Plant","floor":30,"turns":2},{"damage":2,"enemies":"Chosen and Byrds","floor":31,"turns":3},{"damage":10,"enemies":"hubris:MusketHawk","floor":33,"turns":3},{"damage":22,"enemies":"3 Darklings","floor":35,"turns":2},{"damage":0,"enemies":"Orb Walker","floor":38,"turns":3},{"damage":8,"enemies":"2 Orb Walkers","floor":39,"turns":3},{"damage":8,"enemies":"Nemesis","floor":41,"turns":3},{"damage":9,"enemies":"Reptomancer","floor":45,"turns":3},{"damage":1,"enemies":"Writhing Mass","floor":46,"turns":3},{"damage":0,"enemies":"4 Shapes","floor":48,"turns":2},{"damage":92,"enemies":"Awakened One","floor":50,"turns":10}],"seed_played":"1534659155694046735","potions_obtained":[{"floor":7.0,"key":"BlessingOfTheForge"},{"floor":11.0,"key":"AttackPotion"},{"floor":28,"key":"EssenceOfDarkness"},{"floor":30,"key":"Strength Potion"},{"floor":31,"key":"FairyPotion"},{"floor":35,"key":"GamblersBrew"},{"floor":42,"key":"SpeedPotion"},{"floor":45,"key":"AttackPotion"}],"is_trial":false,"path_per_floor":["M","?","M","?","?","R","M","R","T","R","M","R","M","M","R","B",null,"M","?","T","?","?","R","M","M","T","$","M","M","M","M","R","B",null,"M","?","?","M","?","R","E","?","T","AVR","E","M","$","M","R","B",null],"character_chosen":"DEFECT","items_purchased":["hubris:BallOfYels","halation:Thesaurus","Replay:Wax Seal","Counterbalance"],"campfire_rested":0,"item_purchase_floors":[27,27,47,47],"current_hp_per_floor":[75,75,75,75,85,85,80,80,80,80,69,69,69,66,66,45,85,82,82,82,82,85,85,85,85,85,85,79,77,77,75,75,65,88,69,69,69,85,88,88,88,88,88,88,88,88,88,88,88,30],"gold":250,"neow_bonus":"ONE_RANDOM_RARE_CARD","is_daily":false,"chose_seed":false,"campfire_upgraded":9,"win_rate":0.0,"timestamp":1609611404,"path_taken":["M","?","M","?","?","R","M","R","T","R","?","R","M","M","R","BOSS","M","?","?","?","?","R","M","M","T","?","M","M","M","?","R","BOSS","M","?","?","?","?","R","E","?","T","AVR","E","M","$","?","R","BOSS"],"items_purchased_type":["Relic","Relic","Relic","Relic"],"build_version":"2020-12-22","purchased_purges":1,"victory":true,"max_hp_per_floor":[75,75,75,75,85,85,85,85,85,85,85,85,85,85,85,85,85,85,85,85,85,88,88,88,88,88,88,88,88,88,88,88,88,88,88,88,88,88,88,88,88,88,88,88,88,88,88,88,88,88],"card_choices":[{"not_picked":["Skim","Streamline"],"picked":"Aggregate","floor":1.0},{"not_picked":["Redo","Panic Button"],"picked":"Darkness","floor":3.0},{"not_picked":["Tempest","Redo"],"picked":"Defragment","floor":7.0},{"not_picked":["Gash","ReplayTheSpireMod:GoodbyeWorld"],"picked":"Panic Button","floor":11.0},{"not_picked":["BasicCrystalCard","Panic Button"],"picked":"Rainbow","floor":13.0},{"not_picked":["Doom and Gloom","Hello World"],"picked":"Fusion","floor":14.0},{"not_picked":["hubris:Prefetch","ReplayTheSpireMod:Omega Cannon"],"picked":"ReplayRNGCard","floor":16.0},{"not_picked":["Compile Driver","Beam Cell","Go for the Eyes+1"],"picked":"Barrage+1","floor":18.0},{"not_picked":["Static Discharge","Panic Button+1","Steam"],"picked":"ReplayTheSpireMod:Calculation Training","floor":24},{"not_picked":["Panic Button","ReplayTheSpireMod:Repulse","Go for the Eyes"],"picked":"Hologram","floor":25},{"not_picked":["Compile Driver+1","ReplayTheSpireMod:Calculation Training","ReplayTheSpireMod:GoodbyeWorld+1"],"picked":"Conserve Battery","floor":28},{"not_picked":["Storm","Static Discharge+1","Stack"],"picked":"hubris:DoWhile","floor":29},{"not_picked":["Chaos","Hologram","Go for the Eyes"],"picked":"FIFO Queue","floor":30},{"not_picked":["Redo","Go for the Eyes","Sweeping Beam+1"],"picked":"Cold Snap","floor":31},{"not_picked":["Rainbow","Reboot","hubris:Prefetch"],"picked":"Electrodynamics","floor":33},{"not_picked":["BasicCrystalCard+1","Genetic Algorithm","Chill+1"],"picked":"Self Repair","floor":35},{"not_picked":["Compile Driver+1","Hologram+1","Skim","Cold Snap+1"],"picked":"SKIP","floor":38},{"not_picked":["Melter","ReplayTheSpireMod:Repulse","Glacier"],"picked":"Redo+1","floor":39},{"not_picked":["Compile Driver","Melter","Consume"],"picked":"Tempest","floor":41},{"not_picked":["BasicCrystalCard","Skim","Sweeping Beam","Reprogram+1"],"picked":"SKIP","floor":45},{"not_picked":["Steam","BasicCrystalCard","Redo","Cold Snap"],"picked":"SKIP","floor":46},{"not_picked":["Coolheaded+1","Leap","Scrape"],"picked":"Hologram+1","floor":48}],"player_experience":5537,"relics_obtained":[{"floor":9.0,"key":"hubris:MysteriousPyramids"},{"floor":20.0,"key":"infinitespire:EmpoweringShard"},{"floor":26,"key":"Whetstone"},{"floor":36,"key":"Ring of Panic"},{"floor":36,"key":"Ring of Peace"},{"floor":39,"key":"Old Coin"},{"floor":41,"key":"Pen Nib"},{"floor":43,"key":"hubris:Potato"},{"floor":45,"key":"hubris:SphereOfDissonance"}],"event_choices":[{"cards_removed":["All For One"],"damage_healed":0.0,"max_hp_gain":10.0,"max_hp_loss":0.0,"gold_gain":0.0,"event_name":"Bonfire Elementals","player_choice":"Offered Rare","floor":5.0,"gold_loss":0.0,"damage_taken":0.0},{"cards_removed":["Strike_B"],"damage_healed":0.0,"max_hp_gain":0.0,"max_hp_loss":0.0,"gold_gain":0.0,"event_name":"Purifier","player_choice":"Purged","floor":19.0,"gold_loss":0.0,"damage_taken":0.0},{"cards_removed":["Barrage"],"damage_healed":0,"gold_gain":0,"player_choice":"Give","damage_taken":0,"max_hp_gain":0,"max_hp_loss":0,"event_name":"betterNote:BetterNote","floor":21,"gold_loss":0,"cards_obtained":["None"]},{"cards_removed":["Defend_B"],"damage_healed":0,"gold_gain":0,"player_choice":"Upgrade and Remove","damage_taken":0,"max_hp_gain":0,"max_hp_loss":0,"event_name":"Designer","floor":37,"gold_loss":90,"cards_upgraded":["Cold Snap"]},{"damage_healed":0,"gold_gain":0,"player_choice":"Fight","damage_taken":0,"max_hp_gain":0,"max_hp_loss":0,"event_name":"Mysterious Sphere","floor":39,"gold_loss":0},{"damage_healed":0,"gold_gain":0,"player_choice":"Bought 1 Potion","damage_taken":0,"max_hp_gain":0,"max_hp_loss":0,"event_name":"The Woman in Blue","floor":42,"gold_loss":0}],"is_beta":false,"boss_relics":[{"not_picked":["SacredBark","halation:MonkeysPaw"],"picked":"Honey Jar"},{"not_picked":["halation:HeavySnake","halation:Prosthetics"],"picked":"hubris:Backtick"}],"items_purged_floors":[44],"is_endless":false,"potions_floor_spawned":[7,11,28,30,31,35,45],"ascension_level":0}}