{"host":"kdt6w7ix8lwe69i9","time":1609605144,"event":{"mods":["Bartender","BaseMod","ChefMod","Downfall","Fiend Mod","Jorbs\u0027s Wanderer Trilogy","Minty Spire (QoL Compilation)","Reimu（博丽灵梦）","Robot Space Explorer","StSLib","The Caster","The Cursed","The Disciple","The Dragon Tamer","The Druid","The Elementalist","The Forsaken","The Gatherer","The Judge","The Marked","TheBandit"],"gold_per_floor":[367,379,22,36,36,36,65,65,65,65,65,83,116,116,116,189,189,199,199,47,47,42,69,58,58,58,258,238,238],"floor_reached":28,"playtime":3281,"items_purged":[],"score":244,"play_id":"a3e15e85-924b-4673-8a47-d3a78bc0db2e","local_time":"20210102113224","is_ascension_mode":false,"campfire_choices":[{"floor":6,"key":"REST"},{"data":"caster:SpontaneousCombustion","floor":10,"key":"SMITH"},{"floor":15,"key":"REST"},{"floor":25,"key":"REST"}],"circlet_count":0,"master_deck":["caster:Meteor","caster:DivertFocus+1","caster:strike+1","caster:strike","caster:strike","caster:strike","caster:defend","caster:defend","caster:defend","caster:defend","caster:defend","caster:FireWall","caster:Sleet","caster:ShivasGrace","caster:GlacialShield","caster:Surge","caster:SpontaneousCombustion+1","caster:LightningBolt","caster:Fira+1","caster:LordOfVermillion","caster:FireWall","Poor:ReiMu","caster:Inferno","caster:WallOfThorns","caster:FlashSpeed","caster:ManaOverflow","caster:FlashSpeed"],"relics":["caster:MagicBook","Bronze Scales","Du-Vu Doll","Meat on the Bone","White_Cape","YidongShenshe:ReiMu","theForsaken:PaleLantern","Vajra","MealTicket","Nloth\u0027s Gift","Toy Ornithopter","The Courier"],"acts_visited":["Exordium","TheCity"],"potions_floor_usage":[13,13,13,16,22,23,24],"damage_taken":[{"damage":1,"enemies":"Cultist","floor":1,"turns":4},{"damage":2,"enemies":"Small Slimes","floor":2,"turns":5},{"damage":1,"enemies":"Jaw Worm","floor":4,"turns":5},{"damage":12,"enemies":"Lagavulin","floor":7,"turns":7},{"damage":1,"enemies":"Looter","floor":12,"turns":3},{"damage":22,"enemies":"Gremlin Nob","floor":13,"turns":4},{"damage":23,"enemies":"Slime Boss","floor":16,"turns":10},{"damage":0,"enemies":"Chosen","floor":18,"turns":4},{"damage":14,"enemies":"Shell Parasite","floor":22,"turns":5},{"damage":36,"enemies":"Book of Stabbing","floor":23,"turns":5},{"damage":21,"enemies":"Centurion and Healer","floor":24,"turns":7},{"damage":34,"enemies":"3 Cultists","floor":28,"turns":5}],"seed_played":"-5836308931383907526","potions_obtained":[{"floor":2,"key":"ZuzhouPotion:ReiMu"},{"floor":4,"key":"PowerPotion"},{"floor":7,"key":"FearPotion"},{"floor":13,"key":"LiquidBronze"},{"floor":18,"key":"DuplicationPotion"},{"floor":22,"key":"GrandPatriotsElixir:ReiMu"},{"floor":23,"key":"DuplicationPotion"}],"is_trial":false,"path_per_floor":["M","M","$","M","?","R","E","?","T","R","?","M","E","?","R","B",null,"M","?","$","?","M","E","M","R","T","?","M"],"character_chosen":"THE_CASTER","items_purchased":["Bronze Scales","caster:ShivasGrace","caster:GlacialShield","caster:Surge","MealTicket"],"campfire_rested":3,"item_purchase_floors":[3,3,3,3,20],"current_hp_per_floor":[57,55,55,54,42,58,46,46,46,46,43,42,32,32,49,38,58,58,58,58,58,44,20,16,33,33,33,0,0],"gold":238,"neow_bonus":"TWO_FIFTY_GOLD","is_daily":false,"chose_seed":false,"campfire_upgraded":1,"win_rate":0.0,"timestamp":1609605144,"path_taken":["M","?","$","M","?","R","E","?","T","R","?","M","E","?","R","BOSS","M","?","$","?","?","E","M","R","T","?","M"],"items_purchased_type":["Relic","Card","Card","Card","Relic"],"build_version":"2020-12-22","purchased_purges":0,"victory":false,"max_hp_per_floor":[58,58,58,58,58,58,58,58,58,58,58,58,58,58,58,58,58,58,58,58,58,58,58,58,58,58,58,58,58],"card_choices":[{"not_picked":["caster:FlashFrost","caster:GlacialShield"],"picked":"caster:FireWall","floor":1},{"not_picked":["caster:Discharge","caster:MagicBarrier"],"picked":"caster:Sleet","floor":2},{"not_picked":["caster:LAZER","caster:MagicWeapon"],"picked":"caster:SpontaneousCombustion","floor":4},{"not_picked":["caster:MagicResonance","caster:LAZER"],"picked":"caster:LightningBolt","floor":7},{"not_picked":["caster:Fireball","caster:FlashFrost"],"picked":"caster:LordOfVermillion","floor":12},{"not_picked":["caster:FlashFrost","caster:Sandstorm"],"picked":"caster:FireWall","floor":13},{"not_picked":["caster:GateOfBabylon","caster:Ramuh"],"picked":"caster:Inferno","floor":16},{"not_picked":["caster:Discharge","caster:AlternatingCurrent"],"picked":"caster:WallOfThorns","floor":18},{"not_picked":["caster:MagicResonance+1","caster:BloodRitual"],"picked":"caster:FlashSpeed","floor":22},{"not_picked":["caster:Sandstorm","caster:ShortenedChant"],"picked":"caster:ManaOverflow","floor":23},{"not_picked":["caster:MagicWeapon","caster:Enfeeble"],"picked":"caster:FlashSpeed","floor":24}],"player_experience":1705550,"relics_obtained":[{"floor":7,"key":"Du-Vu Doll"},{"floor":9,"key":"Meat on the Bone"},{"floor":13,"key":"White_Cape"},{"floor":23,"key":"Toy Ornithopter"},{"floor":26,"key":"The Courier"}],"event_choices":[{"damage_healed":0,"gold_gain":0,"player_choice":"Entered Light","damage_taken":12,"max_hp_gain":0,"max_hp_loss":0,"event_name":"Shining Light","floor":5,"gold_loss":0,"cards_upgraded":["caster:DivertFocus","caster:strike"]},{"damage_healed":0,"gold_gain":0,"player_choice":"Success","damage_taken":3,"relics_obtained":["Choco_Feather"],"max_hp_gain":0,"max_hp_loss":0,"event_name":"Scrap Ooze","floor":11,"gold_loss":0},{"damage_healed":0,"gold_gain":0,"player_choice":"Take Tiny Shrine away","damage_taken":0,"relics_obtained":["YidongShenshe:ReiMu"],"max_hp_gain":0,"max_hp_loss":0,"event_name":"yidonshenshe","floor":14,"gold_loss":0,"cards_obtained":["Poor:ReiMu"]},{"damage_healed":0,"gold_gain":0,"player_choice":"Opened","damage_taken":0,"relics_obtained":["Vajra"],"max_hp_gain":0,"max_hp_loss":0,"event_name":"The Mausoleum","floor":19,"gold_loss":0},{"damage_healed":0,"gold_gain":0,"player_choice":"Traded Relic","damage_taken":0,"relics_obtained":["Nloth\u0027s Gift"],"max_hp_gain":0,"max_hp_loss":0,"event_name":"N\u0027loth","floor":21,"relics_lost":["Choco_Feather"],"gold_loss":0},{"damage_healed":0,"gold_gain":250,"player_choice":"Bet on Owner","damage_taken":0,"max_hp_gain":0,"max_hp_loss":0,"event_name":"The Joust","floor":27,"gold_loss":50}],"is_beta":false,"boss_relics":[{"not_picked":["Fiend:Scarf","Coffee Dripper"],"picked":"theForsaken:PaleLantern"}],"items_purged_floors":[],"is_endless":false,"potions_floor_spawned":[2,4,7,13,18,22,23],"killed_by":"3 Cultists","ascension_level":0}}