{"host":"minbhrtlkaoly5f0","time":1609583803,"event":{"mods":["Act Like it!","BaseMod","Colored Map","Colored Powertips","Lobotomy","LobotomyExtend","Luminous","Minty Spire (QoL Compilation)","Quick Restart","StSLib"],"gold_per_floor":[115,115,290,240,240,257,257,4,4,4,4,4,21,38,38,133,133,145,45,64,84,84,100,113,113,113],"floor_reached":25,"playtime":796,"items_purged":["Defend_R","Defend_R"],"score":193,"play_id":"ad10e6f4-0c9a-41bb-8d49-b4036b1745e1","local_time":"20210102183643","is_ascension_mode":false,"campfire_choices":[{"floor":7,"key":"RECALL"},{"floor":12,"key":"REST"},{"data":"Dark Embrace","floor":15,"key":"SMITH"}],"circlet_count":0,"master_deck":["Strike_R","Strike_R","Strike_R","Strike_R","Strike_R","Defend_R","Defend_R","Bash","Clash","Murderer","CrumblingArmor","Hemokinesis+1","Twin Strike+1","Limit Break+1","GreedKing","Dark Embrace+1","Thunderclap+1","Scarecrow","Berserk","DespairKnight","Hemokinesis+1","Reaper+1","SnowQueen","Perfected Strike+1","Bloodbath","Bloodletting+1","BlackSwan","Whirlwind+1"],"relics":["Black Blood","CogitoBucket","LetterFromLob","Molten Egg 2","MagicBullet_r","AspirationHeart"],"acts_visited":["Exordium","TheCity"],"potions_floor_usage":[16,16,21,25,25],"damage_taken":[{"damage":0,"enemies":"Small Slimes","floor":1,"turns":4},{"damage":7,"enemies":"2 Louse","floor":6,"turns":2},{"damage":6,"enemies":"Jaw Worm","floor":13,"turns":2},{"damage":20,"enemies":"Lots of Slimes","floor":14,"turns":4},{"damage":49,"enemies":"Hexaghost","floor":16,"turns":6},{"damage":18,"enemies":"2 Thieves","floor":18,"turns":4},{"damage":25,"enemies":"Chosen","floor":20,"turns":4},{"damage":83,"enemies":"Shelled Parasite and Fungi","floor":21,"turns":6},{"damage":10,"enemies":"Snake Plant","floor":23,"turns":2},{"damage":33,"enemies":"Centurion and Healer","floor":24,"turns":4},{"damage":69,"enemies":"Cultist and Chosen","floor":25,"turns":5}],"seed_played":"6781750002768717257","potions_obtained":[{"floor":1,"key":"Weak Potion"},{"floor":13,"key":"BlessingOfTheForge"},{"floor":18,"key":"Fire Potion"},{"floor":23,"key":"BloodPotion"},{"floor":24,"key":"HeartOfIron"}],"is_trial":false,"path_per_floor":["M","?","?","?","?","M","R","$","T","$","M","R","M","M","R","B",null,"M","$","M","M","?","M","M","M"],"character_chosen":"IRONCLAD","items_purchased":["Twin Strike+1","Limit Break"],"campfire_rested":1,"item_purchase_floors":[8,8],"current_hp_per_floor":[80,80,80,80,68,67,67,67,67,67,59,80,80,66,66,23,80,88,88,77,19,49,51,45,0,0],"gold":113,"neow_bonus":"","is_daily":false,"chose_seed":false,"campfire_upgraded":1,"win_rate":0.0,"timestamp":1609583803,"path_taken":["M","?","?","?","?","M","R","$","T","$","M","R","M","M","R","BOSS","M","$","?","M","?","M","M","M"],"items_purchased_type":["Card","Card"],"build_version":"2020-12-22","purchased_purges":2,"victory":false,"max_hp_per_floor":[80,80,80,80,80,80,80,80,80,80,80,80,80,80,80,80,80,90,90,90,90,90,90,90,90,90],"card_choices":[{"not_picked":["Heavy Blade","Metallicize"],"picked":"Clash","floor":1},{"not_picked":["LongBird","LaLuna","LittleHelper"],"picked":"Singing Bowl","floor":1},{"not_picked":["CherryBlossoms","PunishingBird"],"picked":"Murderer","floor":1},{"not_picked":["PunishingBird","OldLady"],"picked":"CrumblingArmor","floor":6},{"not_picked":["Corruption","Clothesline+1"],"picked":"Hemokinesis+1","floor":6},{"not_picked":["GalaxyChild","DreamingCurrent"],"picked":"GreedKing","floor":13},{"not_picked":["Pommel Strike+1","True Grit"],"picked":"Dark Embrace","floor":13},{"not_picked":["NothingThere","LaLuna","LittlePrince"],"picked":"Singing Bowl","floor":14},{"not_picked":["Twin Strike+1","Warcry"],"picked":"Thunderclap+1","floor":14},{"not_picked":["PunishingBird","ShyLook"],"picked":"Scarecrow","floor":16},{"not_picked":["Juggernaut","Corruption"],"picked":"Berserk","floor":16},{"not_picked":["Bloodbath","ShyLook"],"picked":"DespairKnight","floor":18},{"not_picked":["Armaments","Dual Wield"],"picked":"Hemokinesis+1","floor":18},{"not_picked":["ShyLook","WallGazer","VoidDream"],"picked":"Singing Bowl","floor":20},{"not_picked":["Clothesline+1","Cleave+1"],"picked":"Reaper+1","floor":20},{"not_picked":["PunishingBird","OSAHOGD"],"picked":"SnowQueen","floor":21},{"not_picked":["Iron Wave+1","Uppercut+1"],"picked":"Perfected Strike+1","floor":21},{"not_picked":["HeroicMonk","UniverseFragment","ShyLook"],"picked":"Singing Bowl","floor":23},{"not_picked":["Rudolta","PunishingBird"],"picked":"Bloodbath","floor":23},{"not_picked":["Perfected Strike+1","Clothesline+1"],"picked":"Bloodletting+1","floor":23},{"not_picked":["OldLady","Variant"],"picked":"BlackSwan","floor":24},{"not_picked":["Metallicize","Hemokinesis+1"],"picked":"Whirlwind+1","floor":24}],"player_experience":11941,"relics_obtained":[{"floor":1,"key":"LetterFromLob"}],"event_choices":[{"damage_healed":0,"gold_gain":175,"player_choice":"AGREE","damage_taken":0,"max_hp_gain":0,"max_hp_loss":0,"event_name":"Liars Game","floor":3,"gold_loss":0,"cards_obtained":["Doubt"]},{"cards_removed":["Doubt"],"damage_healed":0,"gold_gain":0,"player_choice":"Card Removal","damage_taken":0,"max_hp_gain":0,"max_hp_loss":0,"event_name":"The Cleric","floor":4,"gold_loss":50},{"damage_healed":0,"gold_gain":0,"player_choice":"Success","damage_taken":12,"relics_obtained":["Molten Egg 2"],"max_hp_gain":0,"max_hp_loss":0,"event_name":"Scrap Ooze","floor":5,"gold_loss":0},{"damage_healed":30,"gold_gain":0,"player_choice":"Heal","damage_taken":0,"max_hp_gain":0,"max_hp_loss":0,"event_name":"The Library","floor":22,"gold_loss":0}],"is_beta":false,"boss_relics":[{"not_picked":["Velvet Choker","Runic Dome"],"picked":"Black Blood"}],"items_purged_floors":[8,19],"is_endless":false,"potions_floor_spawned":[1,13,18,23,24],"killed_by":"Cultist and Chosen","ascension_level":0}}