{"host":"3xls0xm49ftugio7","time":1609618530,"event":{"mods":["2.2 Compatiblity","AchievementEnabler","Act Like it!","BaseMod","Colored Powertips","Downfall","GifTheSpireLib","Minty Spire (QoL Compilation)","Quick Restart","Relic Stats","StSLib","Waifu the Spire"],"gold_per_floor":[349,362,362,375,215,229,256,268,193,643,673,71,71,102,115,220,220,220,233,248,283,283,233,233,261,261,277,202,222,322,9,25,126,126,126,142,212,22,119,269,294,472,533,546,546,581,581,615,631,631],"floor_reached":51,"playtime":3633,"items_purged":["Slimebound:Icky","champ:Strike"],"score":1081,"play_id":"8e8e6497-4884-40a0-87e5-05cf5a84187b","local_time":"20210102221530","is_ascension_mode":true,"campfire_choices":[{"data":"champ:Execute","floor":1.0,"key":"SMITH"},{"data":"champ:Duel","floor":9.0,"key":"SMITH"},{"data":"Apotheosis","floor":13.0,"key":"SMITH"},{"data":"champ:StrikeOfGenius","floor":18.0,"key":"SMITH"},{"floor":26.0,"key":"RECALL"},{"floor":28,"key":"REST"},{"data":"champ:StrikeOfGenius","floor":35,"key":"SMITH"},{"data":"champ:DancingMaster","floor":45,"key":"SMITH"},{"data":"champ:CalledShot","floor":47,"key":"SMITH"}],"circlet_count":0,"master_deck":["champ:Strike","champ:Strike","champ:Strike+1","champ:Defend","champ:Defend","champ:Defend","champ:Defend","champ:Execute+1","champ:Taunt","champ:FanOfKnives","champ:FlashCut","champ:Duel+1","champ:RageSigil","champ:Circumvent","Slimebound:Icky","champ:BringItOn","Apotheosis+1","champ:AdrenalArmor","champ:EnragedBash+1","champ:StrikeOfGenius+1","champ:RageSigil","champ:Aggression+1","champ:Haymaker","champ:RageSigil+1","champ:ShieldSigil","champ:StanceDance+1","champ:DancingMaster+1","champ:DefensiveStyle","champ:DefensiveStyle+1","champ:StrikeOfGenius+1","champ:DefensiveStyle","champ:CalledShot+1","champ:GladiatorStyle","expansioncontent:Chronoboost","champ:VampiricStrike","champ:GladiatorStyle+1","champ:SwordSigil+1","champ:DefensiveStyle","champ:FocusedBerserking+1","champ:GladiatorStyle","champ:EnchantSword","champ:ViciousMockery+1"],"relics":["champ:ChampionCrown","downfall:ShatteredFragment","Potion Belt","downfall:HeartBlessingBlue","Mummified Hand","Lee\u0027s Waffle","Matryoshka","Runic Pyramid","Red Mask","MealTicket","Du-Vu Doll","Blood Vial","downfall:HeartBlessingRed","downfall:CloakOfManyFaces","CultistMask","FaceOfCleric","NlothsMask","GremlinMask","SsserpentHead","Guardian:BottledAnomaly","Coffee Dripper","champ:DuelingGlove","White Beast Statue","Whetstone","Blue Candle","PreservedInsect"],"acts_visited":["Exordium","TheCity","TheBeyond"],"potions_floor_usage":[40,40,43,43,48],"damage_taken":[{"damage":12.0,"enemies":"Jaw Worm","floor":2.0,"turns":3.0},{"damage":0.0,"enemies":"2 Louse","floor":4.0,"turns":2.0},{"damage":15.0,"enemies":"downfall:FleeingMerchant","floor":5.0,"turns":4.0},{"damage":7.0,"enemies":"Small Slimes","floor":6.0,"turns":2.0},{"damage":11.0,"enemies":"Exordium Wildlife","floor":8.0,"turns":4.0},{"damage":11.0,"enemies":"downfall:FleeingMerchant","floor":12.0,"turns":4.0},{"damage":9.0,"enemies":"Lagavulin","floor":14.0,"turns":6.0},{"damage":0.0,"enemies":"Blue Slaver","floor":15.0,"turns":3.0},{"damage":79.0,"enemies":"downfall:Silent","floor":16.0,"turns":12.0},{"damage":13.0,"enemies":"Shell Parasite","floor":19.0,"turns":6.0},{"damage":11.0,"enemies":"3 Byrds","floor":20.0,"turns":4.0},{"damage":37.0,"enemies":"Masked Bandits","floor":21.0,"turns":5.0},{"damage":38.0,"enemies":"Slavers","floor":25.0,"turns":6.0},{"damage":16.0,"enemies":"Sentry and Sphere","floor":27.0,"turns":3.0},{"damage":8,"enemies":"Centurion and Healer","floor":29,"turns":5},{"damage":33,"enemies":"downfall:FaceTrader","floor":30,"turns":6},{"damage":22,"enemies":"downfall:FleeingMerchant","floor":31,"turns":4},{"damage":8,"enemies":"Snake Plant","floor":32,"turns":3},{"damage":18,"enemies":"downfall:Watcher","floor":33,"turns":7},{"damage":10,"enemies":"3 Shapes","floor":36,"turns":5},{"damage":2,"enemies":"Orb Walker","floor":37,"turns":2},{"damage":26,"enemies":"downfall:FleeingMerchant","floor":38,"turns":4},{"damage":36,"enemies":"2 Orb Walkers","floor":39,"turns":5},{"damage":31,"enemies":"downfall:LadyInBlue","floor":40,"turns":4},{"damage":0,"enemies":"downfall:FleeingMerchant","floor":42,"turns":1},{"damage":11,"enemies":"Transient","floor":43,"turns":5},{"damage":61,"enemies":"Maw","floor":44,"turns":5},{"damage":24,"enemies":"Giant Head","floor":46,"turns":6},{"damage":48,"enemies":"Nemesis","floor":48,"turns":5},{"damage":36,"enemies":"4 Shapes","floor":49,"turns":4},{"damage":56,"enemies":"downfall:Defect","floor":50,"turns":5}],"seed_played":"1819261082690879437","potions_obtained":[{"floor":4.0,"key":"champ:CounterPotion"},{"floor":6.0,"key":"FearPotion"},{"floor":8.0,"key":"Fire Potion"},{"floor":15.0,"key":"Strength Potion"},{"floor":20.0,"key":"Swift Potion"},{"floor":29,"key":"EssenceOfSteel"},{"floor":32,"key":"FearPotion"},{"floor":33,"key":"hexamod:EctoCoolerPotion"},{"floor":39,"key":"SkillPotion"},{"floor":40,"key":"Fire Potion"},{"floor":40,"key":"EntropicBrew"},{"floor":40,"key":"EntropicBrew"},{"floor":43,"key":"Block Potion"},{"floor":44,"key":"champ:OpenerPotion"},{"floor":48,"key":"Strength Potion"}],"is_trial":false,"path_per_floor":["R","M","?","M","$","M","T","M","R","?","?","$","R","E","M","B",null,"R","M","M","?","?","?","T","E","R","M","R","M","?","$","M","B",null,"R","M","M","$","?","?","T","$","M","M","R","E","R","E","M","B",null],"character_chosen":"THE_CHAMP","items_purchased":["Potion Belt","Mummified Hand","Lee\u0027s Waffle","Apotheosis","champ:DefensiveStyle","Guardian:BottledAnomaly","champ:GladiatorStyle","expansioncontent:Chronoboost","champ:DefensiveStyle"],"campfire_rested":1,"item_purchase_floors":[5,12,12,12,31,31,38,38,42],"current_hp_per_floor":[81,74,47,47,42,38,38,32,42,42,42,98,98,98,98,51,86,86,80,74,48,48,83,83,56,56,47,76,78,68,77,80,78,95,95,90,93,100,74,84,84,102,108,68,68,99,99,103,107,113],"gold":631,"neow_bonus":"TWO_FIFTY_GOLD","is_daily":false,"chose_seed":false,"campfire_upgraded":7,"win_rate":0.0,"timestamp":1609618530,"path_taken":["R","M","?","M","$","M","T","M","R","?","?","$","R","E","M","BOSS","R","M","M","?","?","?","T","E","R","?","R","M","?","$","M","BOSS","R","M","?","$","?","?","T","$","?","M","R","E","R","E","M","BOSS"],"items_purchased_type":["Relic","Relic","Relic","Card","Card","Relic","Card","Card","Card"],"build_version":"2020-12-22","purchased_purges":2,"victory":true,"max_hp_per_floor":[81,81,81,81,81,81,81,81,91,91,91,98,98,98,98,98,98,98,98,98,98,98,98,98,98,98,98,98,98,98,99,100,101,101,101,102,103,104,105,106,106,107,108,109,109,110,110,111,112,113],"relic_stats":{"Blood Vial":32,"SsserpentHead":200,"Lee\u0027s Waffle":56,"FaceOfCleric":15,"counters":[31,140],"Mummified Hand":[128],"Blue Candle":[2],"MealTicket":40,"PreservedInsect":0,"Whetstone":["champ:EnragedBash","champ:Strike"],"obtain_stats":[{"champ:DuelingGlove":39,"champ:ChampionCrown":0,"GremlinMask":30,"Whetstone":41,"Blood Vial":25,"SsserpentHead":30,"Matryoshka":14,"FaceOfCleric":30,"downfall:HeartBlessingBlue":9,"Mummified Hand":12,"MealTicket":24,"Red Mask":21,"downfall:CloakOfManyFaces":30,"Guardian:BottledAnomaly":31,"Runic Pyramid":17,"Potion Belt":5,"Lee\u0027s Waffle":12,"downfall:ShatteredFragment":3,"downfall:HeartBlessingRed":28,"Blue Candle":46,"PreservedInsect":48,"White Beast Statue":40,"Du-Vu Doll":24,"CultistMask":30,"Coffee Dripper":34,"NlothsMask":30},{"champ:DuelingGlove":23,"champ:ChampionCrown":0,"GremlinMask":16,"Whetstone":24,"Blood Vial":13,"SsserpentHead":16,"Matryoshka":7,"FaceOfCleric":16,"downfall:HeartBlessingBlue":5,"Mummified Hand":6,"MealTicket":12,"Red Mask":12,"downfall:CloakOfManyFaces":16,"Guardian:BottledAnomaly":17,"Runic Pyramid":9,"Potion Belt":3,"Lee\u0027s Waffle":6,"downfall:ShatteredFragment":1,"downfall:HeartBlessingRed":14,"Blue Candle":28,"PreservedInsect":29,"White Beast Statue":24,"Du-Vu Doll":12,"CultistMask":16,"Coffee Dripper":19,"NlothsMask":16},{"champ:DuelingGlove":105,"champ:ChampionCrown":0,"GremlinMask":75,"Whetstone":109,"Blood Vial":61,"SsserpentHead":75,"Matryoshka":25,"FaceOfCleric":75,"downfall:HeartBlessingBlue":15,"Mummified Hand":19,"MealTicket":55,"Red Mask":55,"downfall:CloakOfManyFaces":75,"Guardian:BottledAnomaly":79,"Runic Pyramid":40,"Potion Belt":9,"Lee\u0027s Waffle":19,"downfall:ShatteredFragment":3,"downfall:HeartBlessingRed":64,"Blue Candle":126,"PreservedInsect":131,"White Beast Statue":109,"Du-Vu Doll":55,"CultistMask":75,"Coffee Dripper":89,"NlothsMask":75}]},"card_choices":[{"not_picked":["champ:GladiatorsShout","champ:BladeFlurry"],"picked":"champ:FanOfKnives","floor":2.0},{"not_picked":["champ:Backstep","champ:FocusedGladiator"],"picked":"champ:FlashCut","floor":4.0},{"not_picked":["champ:ViciousMockery","champ:Haymaker"],"picked":"champ:Duel","floor":5.0},{"not_picked":["champ:GutPunch","champ:FanOfKnives"],"picked":"champ:RageSigil","floor":6.0},{"not_picked":["champ:StanceDance","champ:PerfectedStrike"],"picked":"champ:Circumvent","floor":8.0},{"not_picked":["champ:Backstep","champ:BerserkersShout"],"picked":"champ:BringItOn","floor":12.0},{"not_picked":["champ:GladiatorsShout","champ:ShieldSigil"],"picked":"champ:AdrenalArmor","floor":14.0},{"not_picked":["champ:StanceDance","champ:RageSigil"],"picked":"champ:EnragedBash","floor":15.0},{"not_picked":["champ:HoldFirm","champ:MurderStrike"],"picked":"champ:StrikeOfGenius","floor":16.0},{"not_picked":["champ:ArenaPreparation","champ:Circumvent+1"],"picked":"champ:RageSigil","floor":19.0},{"not_picked":["champ:FalseCounter","champ:Aggression","champ:GutPunch"],"picked":"SKIP","floor":20.0},{"not_picked":["champ:FalseCounter","champ:Aggression","champ:GutPunch"],"picked":"SKIP","floor":20.0},{"not_picked":["champ:TornadoPunch","champ:FalseCounter"],"picked":"champ:Aggression+1","floor":21.0},{"not_picked":["champ:Circumvent","champ:GladiatorsShout+1"],"picked":"champ:Haymaker","floor":25.0},{"not_picked":["champ:TornadoPunch","champ:SkillfulDodge"],"picked":"champ:RageSigil+1","floor":27.0},{"not_picked":["champ:FalseCounter","champ:StanceDance"],"picked":"champ:ShieldSigil","floor":29},{"not_picked":["champ:AdrenalArmor","champ:PerfectedStrike+1"],"picked":"champ:StanceDance+1","floor":30},{"not_picked":["champ:FocusedGladiator","champ:ShieldSigil+1"],"picked":"champ:DancingMaster","floor":31},{"not_picked":["champ:GladiatorStyle","champ:Backstep"],"picked":"champ:DefensiveStyle+1","floor":32},{"not_picked":["champ:EnchantCrown","champ:IgnorePain"],"picked":"champ:StrikeOfGenius","floor":33},{"not_picked":["champ:DefensiveShout","champ:FanOfKnives+1"],"picked":"champ:DefensiveStyle","floor":36},{"not_picked":["champ:Haymaker+1","champ:AdrenalArmor","champ:GutPunch"],"picked":"SKIP","floor":37},{"not_picked":["champ:FocusedGladiator+1","champ:BerserkersShout"],"picked":"champ:CalledShot","floor":38},{"not_picked":["champ:DefensiveShout+1","champ:Haymaker+1"],"picked":"champ:VampiricStrike","floor":39},{"not_picked":["champ:CrookedStrike+1","champ:Circumvent+1"],"picked":"champ:GladiatorStyle+1","floor":40},{"not_picked":["champ:Backstep+1","champ:Shatter+1"],"picked":"champ:SwordSigil+1","floor":42},{"not_picked":["champ:EnGarde","champ:Control"],"picked":"champ:FocusedBerserking+1","floor":43},{"not_picked":["champ:BladeFlurry","champ:Circumvent","champ:FlashCut"],"picked":"SKIP","floor":44},{"not_picked":["champ:FightOn","champ:GladiatorsShout"],"picked":"champ:GladiatorStyle","floor":46},{"not_picked":["champ:DefensiveStyle+1","champ:DefensiveShout"],"picked":"champ:EnchantSword","floor":48},{"not_picked":["champ:DefensiveShout","champ:TornadoPunch+1"],"picked":"champ:ViciousMockery+1","floor":49}],"player_experience":855356,"relics_obtained":[{"floor":14.0,"key":"Matryoshka"},{"floor":21.0,"key":"Red Mask"},{"floor":24.0,"key":"MealTicket"},{"floor":24.0,"key":"Du-Vu Doll"},{"floor":25.0,"key":"Blood Vial"},{"floor":30,"key":"downfall:CloakOfManyFaces"},{"floor":39,"key":"champ:DuelingGlove"},{"floor":40,"key":"White Beast Statue"},{"floor":41,"key":"Whetstone"},{"floor":46,"key":"Blue Candle"},{"floor":48,"key":"PreservedInsect"}],"event_choices":[{"damage_healed":0.0,"max_hp_gain":0.0,"max_hp_loss":0.0,"gold_gain":0.0,"event_name":"Masked Bandits","player_choice":"Fought Bandits","floor":21.0,"gold_loss":0.0,"damage_taken":0.0},{"damage_healed":0,"gold_gain":0,"player_choice":"Fight","damage_taken":0,"max_hp_gain":0,"max_hp_loss":0,"event_name":"Mysterious Sphere","floor":39,"gold_loss":0}],"is_beta":false,"boss_relics":[{"not_picked":["Astrolabe","Calling Bell"],"picked":"Runic Pyramid"},{"not_picked":["Velvet Choker","Tiny House"],"picked":"Coffee Dripper"}],"items_purged_floors":[31,42],"is_endless":false,"potions_floor_spawned":[4,6,8,15,20,29,32,33,39,42,43,44,46,48,49],"ascension_level":5}}