{"host":"nqsrckqog5ia9mbo","time":1609546189,"event":{"mods":["AchievementEnabler","BaseMod","Colored Map","Highlight Path","Minty Spire (QoL Compilation)"],"gold_per_floor":[109,109,29,29,29,29,55,86,122,169,197,238,266,291,303,413,425,457,479,591,292,306,335,335,91,139,155,170,182,182,195,195,195,195],"floor_reached":33,"playtime":3188,"items_purged":["Strike_B","Strike_B"],"score":289,"play_id":"4217747f-3c97-47c7-8ce1-c9e0f1ba125f","local_time":"20210102010949","is_ascension_mode":false,"campfire_choices":[{"data":"Zap","floor":6,"key":"SMITH"},{"floor":15,"key":"REST"},{"floor":24,"key":"REST"},{"data":"Capacitor","floor":30,"key":"SMITH"},{"data":"Go for the Eyes","floor":32,"key":"SMITH"}],"circlet_count":0,"master_deck":["Strike_B","Strike_B","Defend_B+1","Zap+1","Dualcast+1","Sweeping Beam+1","Hologram+1","Cold Snap+1","Rip and Tear+1","Self Repair","Blizzard","Leap","Go for the Eyes","All For One","Capacitor+1","Cold Snap","Go for the Eyes+1","Chill","Stack+1"],"relics":["Astrolabe","MawBank","Blood Vial","Centennial Puzzle","Regal Pillow","Nuclear Battery","Nunchaku","Orichalcum","Toolbox","Dream Catcher"],"acts_visited":["Exordium","TheCity"],"potions_floor_usage":[23],"damage_taken":[{"damage":5,"enemies":"Small Slimes","floor":1,"turns":3},{"damage":3,"enemies":"3 Sentries","floor":7,"turns":5},{"damage":0,"enemies":"Cultist","floor":8,"turns":2},{"damage":12,"enemies":"Gremlin Nob","floor":10,"turns":3},{"damage":0,"enemies":"2 Louse","floor":11,"turns":2},{"damage":11,"enemies":"Lagavulin","floor":12,"turns":4},{"damage":2,"enemies":"Blue Slaver","floor":13,"turns":2},{"damage":10,"enemies":"Exordium Thugs","floor":14,"turns":2},{"damage":57,"enemies":"Hexaghost","floor":16,"turns":10},{"damage":1,"enemies":"Shell Parasite","floor":18,"turns":4},{"damage":18,"enemies":"2 Thieves","floor":19,"turns":3},{"damage":11,"enemies":"Chosen and Byrds","floor":22,"turns":7},{"damage":56,"enemies":"Gremlin Leader","floor":23,"turns":8},{"damage":9,"enemies":"Snake Plant","floor":27,"turns":4},{"damage":10,"enemies":"Sentry and Sphere","floor":28,"turns":4},{"damage":0,"enemies":"Shelled Parasite and Fungi","floor":29,"turns":6},{"damage":15,"enemies":"Cultist and Chosen","floor":31,"turns":6},{"damage":67,"enemies":"Champ","floor":33,"turns":13}],"seed_played":"946915733323124242","potions_obtained":[{"floor":1,"key":"Ancient Potion"},{"floor":10,"key":"Dexterity Potion"},{"floor":12,"key":"DistilledChaos"},{"floor":16,"key":"Strength Potion"},{"floor":28,"key":"GamblersBrew"},{"floor":29,"key":"SkillPotion"}],"is_trial":false,"path_per_floor":["M","?","$","?","?","R","E","M","T","E","M","E","M","M","R","B",null,"M","M","?","$","M","E","R","$","T","M","M","M","R","M","R","B"],"character_chosen":"DEFECT","items_purchased":["Rip and Tear","Capacitor","Nunchaku","Cold Snap","Toolbox"],"campfire_rested":2,"item_purchase_floors":[3,21,21,21,25],"current_hp_per_floor":[70,70,70,70,55,55,52,52,52,49,58,56,56,48,75,18,75,75,64,64,64,62,15,52,52,52,52,51,60,60,54,54,0,0],"gold":195,"neow_bonus":"BOSS_RELIC","is_daily":false,"chose_seed":false,"campfire_upgraded":3,"win_rate":0.0,"timestamp":1609546189,"path_taken":["M","?","$","?","?","R","E","M","T","E","M","E","M","M","R","BOSS","M","M","?","?","M","E","R","$","T","M","M","M","R","M","R","BOSS"],"items_purchased_type":["Card","Card","Relic","Card","Relic"],"build_version":"2020-12-22","purchased_purges":2,"victory":false,"max_hp_per_floor":[75,75,75,75,75,75,75,75,75,75,75,75,75,75,75,75,75,75,75,75,75,75,75,75,75,75,75,75,75,75,75,75,75,75],"card_choices":[{"not_picked":["Force Field","Cold Snap","Steam Power"],"picked":"SKIP","floor":1},{"not_picked":["Cold Snap","Gash","Sweeping Beam"],"picked":"SKIP","floor":7},{"not_picked":["Stack","Redo"],"picked":"Self Repair","floor":8},{"not_picked":["Beam Cell","Static Discharge","Buffer"],"picked":"SKIP","floor":10},{"not_picked":["Conserve Battery","Compile Driver"],"picked":"Blizzard","floor":11},{"not_picked":["Lockon","Rebound","Steam"],"picked":"SKIP","floor":12},{"not_picked":["Coolheaded","Steam"],"picked":"Leap","floor":13},{"not_picked":["Gash","Sweeping Beam"],"picked":"Go for the Eyes","floor":14},{"not_picked":["Biased Cognition","Seek"],"picked":"All For One","floor":16},{"not_picked":["Coolheaded","Streamline+1","Stack+1"],"picked":"SKIP","floor":18},{"not_picked":["Steam","Sweeping Beam","Consume"],"picked":"SKIP","floor":19},{"not_picked":["Steam Power","FTL"],"picked":"Go for the Eyes","floor":22},{"not_picked":["Melter","Genetic Algorithm","Steam"],"picked":"SKIP","floor":23},{"not_picked":["Scrape","Cold Snap","Hologram"],"picked":"SKIP","floor":27},{"not_picked":["Steam Power","Barrage"],"picked":"Chill","floor":28},{"not_picked":["Buffer","Streamline"],"picked":"Stack+1","floor":29},{"not_picked":["Loop","Leap","Conserve Battery"],"picked":"SKIP","floor":31}],"player_experience":63683,"relics_obtained":[{"floor":7,"key":"MawBank"},{"floor":9,"key":"Blood Vial"},{"floor":10,"key":"Centennial Puzzle"},{"floor":12,"key":"Regal Pillow"},{"floor":23,"key":"Orichalcum"},{"floor":26,"key":"Dream Catcher"}],"event_choices":[{"damage_healed":0,"gold_gain":0,"player_choice":"Bought 0 Potions","damage_taken":0,"max_hp_gain":0,"max_hp_loss":0,"event_name":"The Woman in Blue","floor":2,"gold_loss":0},{"damage_healed":0,"gold_gain":0,"player_choice":"Grow","damage_taken":0,"max_hp_gain":0,"max_hp_loss":0,"event_name":"Living Wall","floor":4,"gold_loss":0,"cards_upgraded":["Rip and Tear"]},{"damage_healed":0,"gold_gain":0,"player_choice":"Entered Light","damage_taken":15,"max_hp_gain":0,"max_hp_loss":0,"event_name":"Shining Light","floor":5,"gold_loss":0,"cards_upgraded":["Defend_B","Dualcast"]},{"damage_healed":0,"gold_gain":100,"player_choice":"Pray","damage_taken":0,"max_hp_gain":0,"max_hp_loss":0,"event_name":"Golden Shrine","floor":20,"gold_loss":0}],"is_beta":false,"boss_relics":[{"not_picked":["Cursed Key","Fusion Hammer"],"picked":"Nuclear Battery"}],"items_purged_floors":[21,25],"is_endless":false,"potions_floor_spawned":[1,10,12,16,18,28,29],"killed_by":"Champ","ascension_level":0}}