{"host":"idhn3x725u206pbu","time":1609555695,"event":{"mods":["AchievementEnabler","BaseMod","Bestiary","Better Altar","Better Match","Better Note","Better Sensory Stone","Better Skull","Better Third Choice","BetterRewards","Colored Map","Energized Spire","Hubris","Infinite Spire","Minty Spire (QoL Compilation)","Permanent Neow","Quick Restart","Relic Stats","Replay The Spire","Spicy Shops","StSLib","The Jungle","UnlockEverythingMod","¡¾ÒÅÎï¿¨ÅÆ¡¿REMEMod"],"gold_per_floor":[118,28,42,42,42,42,60,60,60,72,72,72,72,104,104,202,202,215,215,215,227,227,258,258,273,273,273,273,291,291,302,302,402,502,520,520,520],"floor_reached":36,"playtime":2169,"items_purged":[],"score":430,"play_id":"d80b0f0d-bfec-4e54-b106-7abfadd30655","local_time":"20210102104815","is_ascension_mode":false,"campfire_choices":[{"data":"True Grit","floor":6.0,"key":"SMITH"},{"data":"Whirlwind","floor":11.0,"key":"SMITH"},{"floor":15.0,"key":"REST"},{"floor":27.0,"key":"REST"},{"floor":30,"key":"RECALL"},{"floor":32,"key":"REST"}],"circlet_count":1,"master_deck":["Defend_R","Defend_R","Bash","Rampage+1","True Grit+1","Barricade+1","Whirlwind+1","Heavy Blade+1","Metallicize+1","Blood for Blood","Pommel Strike+1","J.A.X.","Injury","Armaments+1","Body Slam","hubris:Greed","Sword Boomerang+1","hubris:Greed","hubris:Greed"],"relics":["REME_ComplimentaryCards","energizedSpire:DecayingSkull","WingedGreaves","Lizard Tail","hubris:Metronome","hubris:Icosahedron","Circlet","Replay:Grab Bag","Fusion Hammer","energizedSpire:CursedPentagram","Kintsugi","Replay:Drink Me","Potion Belt","REME_PuzzleBoxRelic","energizedSpire:TabascoSauce","Unceasing Top","Replay:Wanted Poster","Prayer Wheel"],"acts_visited":["Exordium","TheCity","TheBeyond"],"potions_floor_usage":[],"damage_taken":[{"damage":0.0,"enemies":"2 Louse","floor":1.0,"turns":3.0},{"damage":3.0,"enemies":"Small Slimes","floor":3.0,"turns":3.0},{"damage":14.0,"enemies":"Jaw Worm","floor":7.0,"turns":4.0},{"damage":21.0,"enemies":"2 Fungi Beasts","floor":10.0,"turns":4.0},{"damage":14.0,"enemies":"Gremlin Nob","floor":14.0,"turns":3.0},{"damage":40.0,"enemies":"Hexaghost","floor":16.0,"turns":9.0},{"damage":13.0,"enemies":"2 Thieves","floor":18.0,"turns":2.0},{"damage":3.0,"enemies":"3 Byrds","floor":21.0,"turns":2.0},{"damage":6.0,"enemies":"Gremlin Leader","floor":23.0,"turns":4.0},{"damage":16.0,"enemies":"Cultist and Chosen","floor":25.0,"turns":3.0},{"damage":3,"enemies":"Centurion and Healer","floor":29,"turns":2},{"damage":3,"enemies":"Snake Plant","floor":31,"turns":3},{"damage":6,"enemies":"Collector","floor":33,"turns":5},{"damage":5,"enemies":"3 Darklings","floor":35,"turns":2},{"damage":9,"enemies":"Mind Bloom Boss Battle","floor":36,"turns":5}],"seed_played":"-7802428831141871957","potions_obtained":[{"floor":3.0,"key":"Venom Potion"},{"floor":7.0,"key":"Reflective Coating"},{"floor":10.0,"key":"DistilledChaos"},{"floor":16.0,"key":"Strength Potion"},{"floor":23.0,"key":"Explosive Potion"},{"floor":31,"key":"Death Potion"},{"floor":33,"key":"Explosive Potion"},{"floor":35,"key":"BloodPotion"}],"is_trial":false,"path_per_floor":["M","$","M","?","?","R","M","T","T","M","R","?","?","E","R","B",null,"M","?","?","M","?","E","AVR","M","T","R","?","M","R","M","R","B",null,"M","?"],"character_chosen":"IRONCLAD","items_purchased":["Rampage+1"],"campfire_rested":3,"item_purchase_floors":[2],"current_hp_per_floor":[80,80,77,77,77,77,63,63,63,42,42,35,35,21,45,20,60,47,47,60,57,57,51,51,35,35,53,53,50,50,47,60,54,60,56,47,47],"gold":520,"neow_bonus":"BOSS_RELIC","is_daily":false,"chose_seed":false,"campfire_upgraded":2,"win_rate":0.0,"timestamp":1609555695,"path_taken":["M","$","M","?","?","R","M","?","T","M","R","?","?","E","R","BOSS","M","?","?","M","?","E","AVR","?","T","R","?","M","R","M","R","BOSS","M","?"],"items_purchased_type":["Card"],"build_version":"2020-12-22","purchased_purges":0,"victory":false,"max_hp_per_floor":[80,80,80,80,80,80,80,80,80,80,80,80,80,80,80,80,60,60,60,60,60,60,60,60,60,60,60,60,60,60,60,60,60,60,61,61,61],"relic_stats":{"Lizard Tail":0,"counters":[15,54],"Prayer Wheel":0,"obtain_stats":[{"Potion Belt":23,"hubris:Metronome":9,"Dead Branch":14,"Replay:Grab Bag":17,"Circlet":0,"Burning Blood":0,"Replay:Wanted Poster":34,"BranchBurnRelic":15,"Lizard Tail":8,"hubris:Icosahedron":13,"energizedSpire:CursedPentagram":17,"energizedSpire:TabascoSauce":24,"Prayer Wheel":36,"WingedGreaves":5,"Fusion Hammer":17,"Kintsugi":17,"REME_PuzzleBoxRelic":24,"energizedSpire:DecayingSkull":0,"Replay:Drink Me":17,"Unceasing Top":26,"REME_ComplimentaryCards":0},{"Potion Belt":9,"hubris:Metronome":3,"Dead Branch":5,"Replay:Grab Bag":6,"Circlet":0,"Burning Blood":0,"Replay:Wanted Poster":13,"BranchBurnRelic":5,"Lizard Tail":3,"hubris:Icosahedron":4,"energizedSpire:CursedPentagram":6,"energizedSpire:TabascoSauce":9,"Prayer Wheel":15,"WingedGreaves":2,"Fusion Hammer":6,"Kintsugi":6,"REME_PuzzleBoxRelic":9,"energizedSpire:DecayingSkull":0,"Replay:Drink Me":6,"Unceasing Top":10,"REME_ComplimentaryCards":0},{"Potion Belt":34,"hubris:Metronome":10,"Dead Branch":17,"Replay:Grab Bag":26,"Circlet":0,"Burning Blood":0,"Replay:Wanted Poster":47,"BranchBurnRelic":17,"Lizard Tail":10,"hubris:Icosahedron":14,"energizedSpire:CursedPentagram":26,"energizedSpire:TabascoSauce":34,"Prayer Wheel":53,"WingedGreaves":6,"Fusion Hammer":26,"Kintsugi":26,"REME_PuzzleBoxRelic":34,"energizedSpire:DecayingSkull":0,"Replay:Drink Me":26,"Unceasing Top":37,"REME_ComplimentaryCards":0}],"Unceasing Top":[2]},"card_choices":[{"not_picked":["Havoc","Infernal Blade","Thunderclap"],"picked":"SKIP","floor":1.0},{"not_picked":["hubris:SharpeningStone","Replay:Undeath\u0027s Touch"],"picked":"True Grit","floor":3.0},{"not_picked":["Thunderclap","Clothesline","Ghostly Armor"],"picked":"SKIP","floor":7.0},{"not_picked":["Run Through","hubris:CleavingFinish"],"picked":"Whirlwind","floor":10.0},{"not_picked":["Blood for Blood","Pummel"],"picked":"ReplayTheSpireMod:Muscle Training","floor":14.0},{"not_picked":["Searing Blow","ReplayTheSpireMod:Strike From Hell+1"],"picked":"Heavy Blade+1","floor":18.0},{"not_picked":["Burning Pact+1","Replay:Undeath\u0027s Touch"],"picked":"Metallicize+1","floor":21.0},{"not_picked":["Burning Pact","ReplayTheSpireMod:Strike From Hell+1"],"picked":"Blood for Blood","floor":23.0},{"not_picked":["True Grit+1","Run Through"],"picked":"Pommel Strike+1","floor":25.0},{"not_picked":["Massacre","Pommel Strike"],"picked":"Armaments+1","floor":29},{"not_picked":["Replay:Many Hands","Havoc"],"picked":"Body Slam","floor":31},{"not_picked":["Inflame","Pommel Strike"],"picked":"Sword Boomerang+1","floor":35}],"player_experience":93558,"relics_obtained":[{"floor":5.0,"key":"WingedGreaves"},{"floor":8.0,"key":"Lizard Tail"},{"floor":9.0,"key":"hubris:Metronome"},{"floor":14.0,"key":"Dead Branch"},{"floor":23.0,"key":"Potion Belt"},{"floor":26.0,"key":"Unceasing Top"}],"event_choices":[{"damage_healed":0.0,"max_hp_gain":0.0,"max_hp_loss":0.0,"gold_gain":1.0,"event_name":"betterStone:BetterStone","player_choice":"4","floor":4.0,"gold_loss":0.0,"damage_taken":0.0,"cards_obtained":["Barricade"]},{"cards_removed":["Strike_R"],"damage_healed":0.0,"max_hp_gain":0.0,"max_hp_loss":0.0,"gold_gain":0.0,"event_name":"Golden Wing","player_choice":"Card Removal","floor":12.0,"gold_loss":0.0,"damage_taken":7.0},{"damage_healed":0.0,"max_hp_gain":0.0,"max_hp_loss":0.0,"gold_gain":0.0,"event_name":"Purifier","player_choice":"Ignored","floor":19.0,"gold_loss":0.0,"damage_taken":0.0},{"cards_removed":["ReplayTheSpireMod:Muscle Training"],"damage_healed":13.0,"max_hp_gain":0.0,"max_hp_loss":0.0,"gold_gain":0.0,"event_name":"Bonfire Elementals","player_choice":"Offered Uncommon","floor":20.0,"gold_loss":0.0,"damage_taken":0.0},{"cards_removed":["Rampage"],"damage_healed":0.0,"max_hp_gain":0.0,"max_hp_loss":0.0,"gold_gain":0.0,"event_name":"betterNote:BetterNote","player_choice":"Give","floor":22.0,"gold_loss":0.0,"damage_taken":0.0,"cards_obtained":["None"]},{"damage_healed":0,"gold_gain":0,"player_choice":"Obtain J.A.X.","damage_taken":0,"max_hp_gain":0,"max_hp_loss":0,"event_name":"Drug Dealer","floor":28,"gold_loss":0,"cards_obtained":["J.A.X."]},{"damage_healed":0,"gold_gain":0,"player_choice":"Fight","damage_taken":0,"max_hp_gain":0,"max_hp_loss":0,"event_name":"MindBloom","floor":36,"gold_loss":0}],"is_beta":false,"boss_relics":[{"not_picked":["ReplayTheSpireMod:DimensionalGlitch","Velvet Choker"],"picked":"Replay:Grab Bag"},{"not_picked":["energizedSpire:MagnifyingGlass","ReplayTheSpireMod:Onyx Gauntlets"],"picked":"Fusion Hammer"},{"not_picked":["energizedSpire:DeadBattery","energizedSpire:OgreHead"],"picked":"energizedSpire:CursedPentagram"},{"not_picked":["Pandora\u0027s Box","ReplayTheSpireMod:SealedPack"],"picked":"Kintsugi"},{"not_picked":["Astrolabe","Empty Cage"],"picked":"Replay:Drink Me"},{"not_picked":["Replay:Fungal Core","ChewingGum"],"picked":"Replay:Wanted Poster"}],"items_purged_floors":[],"is_endless":false,"potions_floor_spawned":[3,7,10,16,23,29,31,33,35],"killed_by":"Mind Bloom Boss Battle","ascension_level":0}}