{"host":"dhlnk6yox2l1s6up","time":1609618749,"event":{"mods":["BaseMod","Colored Map","Highlight Path","Minty Spire (QoL Compilation)","Relic Stats","StSLib"],"gold_per_floor":[116,116,116,132,34,34,62,12,12,27,27,60,60,71,71,166,166,185,110,36,36,50,78,78,104,104,104,123,123,135,135,135,234,234,249,249,259,359,370,401,401,433,433,448,448,448,448,467,467,467,467,467,48,74,74,74],"floor_reached":55,"playtime":3245,"items_purged":["Defend_P","Pain"],"score":1244,"play_id":"fa1864f1-e002-4add-bf82-51e7a6334e9b","local_time":"20210102141909","is_ascension_mode":true,"campfire_choices":[{"data":"Trip","floor":6.0,"key":"SMITH"},{"data":"Halt","floor":11.0,"key":"SMITH"},{"data":"ThirdEye","floor":15.0,"key":"SMITH"},{"floor":24.0,"key":"REST"},{"data":"Meditate","floor":27.0,"key":"SMITH"},{"data":"Halt","floor":29.0,"key":"SMITH"},{"data":"BowlingBash","floor":32.0,"key":"SMITH"},{"floor":41.0,"key":"RECALL"},{"data":"TalkToTheHand","floor":46.0,"key":"SMITH"},{"data":"SpiritShield","floor":49.0,"key":"SMITH"},{"floor":52,"key":"REST"}],"circlet_count":0,"master_deck":["Strike_P+1","Strike_P","Strike_P","Defend_P","Defend_P","Eruption","Vigilance+1","CutThroughFate+1","Halt+1","Trip+1","EmptyFist","SashWhip+1","Tantrum","ThirdEye+1","Blasphemy","Halt+1","BowlingBash+1","Meditate+1","DeceiveReality+1","JustLucky","SpiritShield+1","CrushJoints+1","JustLucky","Consecrate+1","TalkToTheHand+1","TalkToTheHand+1","BattleHymn","BattleHymn","DevaForm","Vault"],"relics":["Runic Pyramid","Shuriken","Smiling Mask","Mercury Hourglass","Cursed Key","Mummified Hand","FossilizedHelix","Lizard Tail","Velvet Choker","TeardropLocket","The Courier","OrangePellets","Blood Vial"],"acts_visited":["Exordium","TheCity","TheBeyond","TheEnding"],"potions_floor_usage":[55,55],"damage_taken":[{"damage":0.0,"enemies":"Jaw Worm","floor":1.0,"turns":2.0},{"damage":0.0,"enemies":"Cultist","floor":4.0,"turns":2.0},{"damage":0.0,"enemies":"Gremlin Nob","floor":7.0,"turns":3.0},{"damage":0.0,"enemies":"2 Louse","floor":10.0,"turns":1.0},{"damage":0.0,"enemies":"Lagavulin","floor":12.0,"turns":4.0},{"damage":0.0,"enemies":"2 Fungi Beasts","floor":14.0,"turns":2.0},{"damage":1.0,"enemies":"The Guardian","floor":16.0,"turns":5.0},{"damage":2.0,"enemies":"Chosen","floor":18.0,"turns":3.0},{"damage":0.0,"enemies":"2 Thieves","floor":22.0,"turns":3.0},{"damage":27.0,"enemies":"Slavers","floor":23.0,"turns":4.0},{"damage":18.0,"enemies":"Book of Stabbing","floor":25.0,"turns":3.0},{"damage":0.0,"enemies":"3 Cultists","floor":28.0,"turns":2.0},{"damage":0.0,"enemies":"Shelled Parasite and Fungi","floor":30.0,"turns":3.0},{"damage":0.0,"enemies":"Collector","floor":33.0,"turns":7.0},{"damage":0.0,"enemies":"3 Darklings","floor":35.0,"turns":6.0},{"damage":0.0,"enemies":"3 Shapes","floor":37.0,"turns":4.0},{"damage":0.0,"enemies":"3 Darklings","floor":39.0,"turns":4.0},{"damage":0.0,"enemies":"Nemesis","floor":40.0,"turns":5.0},{"damage":0.0,"enemies":"Reptomancer","floor":42.0,"turns":5.0},{"damage":0.0,"enemies":"Jaw Worm Horde","floor":44.0,"turns":3.0},{"damage":11.0,"enemies":"4 Shapes","floor":48.0,"turns":3.0},{"damage":44,"enemies":"Awakened One","floor":50,"turns":10},{"damage":95,"enemies":"Shield and Spear","floor":54,"turns":6},{"damage":70,"enemies":"The Heart","floor":55,"turns":7}],"seed_played":"1609002808255325590","potions_obtained":[{"floor":4.0,"key":"Block Potion"},{"floor":7.0,"key":"Ancient Potion"},{"floor":16.0,"key":"Strength Potion"},{"floor":25.0,"key":"Energy Potion"},{"floor":28.0,"key":"ColorlessPotion"},{"floor":39.0,"key":"AttackPotion"},{"floor":40.0,"key":"Ancient Potion"},{"floor":54,"key":"FairyPotion"}],"is_trial":false,"path_per_floor":["M","?","?","M","$","R","E","?","T","M","R","E","?","M","R","B",null,"M","?","$","?","M","E","R","E","T","R","M","R","M","?","R","B",null,"M","?","M","?","M","E","R","E","T","M","?","R","?","M","R","B",null,"R","$","E","B"],"character_chosen":"WATCHER","items_purchased":["Trip","BowlingBash","BattleHymn","BattleHymn","DevaForm","OrangePellets"],"campfire_rested":2,"item_purchase_floors":[5,20,53,53,53,53],"current_hp_per_floor":[65,51,51,51,51,51,51,51,51,51,51,51,51,51,51,50,67,65,65,65,52,52,25,48,30,30,30,30,30,30,30,30,30,65,65,65,65,65,65,65,65,65,65,65,65,65,65,54,54,10,57,73,73,17,0,0],"gold":74,"neow_bonus":"BOSS_RELIC","is_daily":false,"chose_seed":false,"campfire_upgraded":8,"win_rate":0.0,"timestamp":1609618749,"path_taken":["M","?","?","?","?","R","E","?","T","M","R","E","?","M","R","BOSS","M","?","$","?","M","E","R","E","T","R","?","R","M","?","R","BOSS","M","?","M","?","?","E","R","E","T","M","?","R","?","?","R","BOSS","R","$","E","BOSS"],"items_purchased_type":["Card","Card","Card","Card","Card","Relic"],"build_version":"2020-12-22","purchased_purges":2,"victory":false,"max_hp_per_floor":[72,72,72,72,72,72,72,72,72,72,72,72,72,72,72,72,72,72,72,72,77,77,77,77,77,77,77,77,77,77,77,77,77,77,77,77,77,77,77,77,77,77,77,77,73,73,73,73,73,73,73,73,73,73,73,73],"relic_stats":{"Blood Vial":2,"OrangePellets":[1],"Lizard Tail":36,"counters":[24,97],"Shuriken":[45],"Mummified Hand":[8],"Smiling Mask":55,"Cursed Key":2,"obtain_stats":[{"Velvet Choker":34,"The Courier":42,"TeardropLocket":40,"Smiling Mask":9,"Cursed Key":17,"Mercury Hourglass":12,"Blood Vial":54,"OrangePellets":53,"Lizard Tail":26,"Shuriken":7,"Mummified Hand":23,"PureWater":0,"FossilizedHelix":25,"Runic Pyramid":0},{"Velvet Choker":14,"The Courier":19,"TeardropLocket":18,"Smiling Mask":3,"Cursed Key":7,"Mercury Hourglass":5,"Blood Vial":23,"OrangePellets":22,"Lizard Tail":11,"Shuriken":3,"Mummified Hand":10,"PureWater":0,"FossilizedHelix":11,"Runic Pyramid":0},{"Velvet Choker":44,"The Courier":68,"TeardropLocket":63,"Smiling Mask":7,"Cursed Key":19,"Mercury Hourglass":12,"Blood Vial":90,"OrangePellets":84,"Lizard Tail":32,"Shuriken":7,"Mummified Hand":29,"PureWater":0,"FossilizedHelix":32,"Runic Pyramid":0}],"Mercury Hourglass":[376]},"card_choices":[{"not_picked":["ThirdEye","ForeignInfluence"],"picked":"CutThroughFate","floor":1.0},{"not_picked":["PathToVictory","FollowUp"],"picked":"Halt","floor":4.0},{"not_picked":["Evaluate","Sanctity"],"picked":"EmptyFist","floor":7.0},{"not_picked":["CrushJoints","JustLucky"],"picked":"SashWhip","floor":10.0},{"not_picked":["ClearTheMind","DeusExMachina"],"picked":"Tantrum","floor":12.0},{"not_picked":["Collect","Evaluate"],"picked":"ThirdEye","floor":14.0},{"not_picked":["Alpha","SpiritShield"],"picked":"Blasphemy","floor":16.0},{"not_picked":["Evaluate","EmptyFist+1"],"picked":"Halt","floor":18.0},{"not_picked":["Crescendo","FlurryOfBlows+1"],"picked":"Meditate","floor":22.0},{"not_picked":["EmptyFist","FlyingSleeves","Study"],"picked":"SKIP","floor":23.0},{"not_picked":["Prostrate","CrushJoints"],"picked":"DeceiveReality+1","floor":25.0},{"not_picked":["Prostrate","CutThroughFate"],"picked":"JustLucky","floor":28.0},{"not_picked":["WindmillStrike","Indignation"],"picked":"Wireheading","floor":30.0},{"not_picked":["ConjureBlade","Scrawl"],"picked":"SpiritShield","floor":33.0},{"not_picked":["Collect","EmptyFist"],"picked":"CrushJoints+1","floor":35.0},{"not_picked":["FlyingSleeves+1","Weave+1"],"picked":"JustLucky","floor":37.0},{"not_picked":["JustLucky","SashWhip"],"picked":"Consecrate+1","floor":39.0},{"not_picked":["Consecrate+1","Collect","ThirdEye+1"],"picked":"SKIP","floor":40.0},{"not_picked":["Indignation","ReachHeaven","CrushJoints"],"picked":"SKIP","floor":42.0},{"not_picked":["EmptyFist+1","Halt"],"picked":"TalkToTheHand","floor":44.0},{"not_picked":["ReachHeaven","Swivel+1","Vengeance+1"],"picked":"SKIP","floor":48.0},{"not_picked":["Prostrate+1","ForeignInfluence+1"],"picked":"Vault","floor":54}],"player_experience":5702533,"relics_obtained":[{"floor":7.0,"key":"Shuriken"},{"floor":9.0,"key":"Smiling Mask"},{"floor":12.0,"key":"Mercury Hourglass"},{"floor":23.0,"key":"Mummified Hand"},{"floor":25.0,"key":"FossilizedHelix"},{"floor":26.0,"key":"Lizard Tail"},{"floor":40.0,"key":"TeardropLocket"},{"floor":42.0,"key":"The Courier"},{"floor":54,"key":"Blood Vial"}],"event_choices":[{"damage_healed":0.0,"max_hp_gain":0.0,"max_hp_loss":0.0,"gold_gain":0.0,"event_name":"Shining Light","player_choice":"Entered Light","floor":2.0,"gold_loss":0.0,"damage_taken":14.0,"cards_upgraded":["CutThroughFate","Strike_P"]},{"damage_healed":0.0,"max_hp_gain":0.0,"max_hp_loss":0.0,"gold_gain":0.0,"event_name":"Upgrade Shrine","player_choice":"Upgraded","floor":3.0,"gold_loss":0.0,"damage_taken":0.0,"cards_upgraded":["Vigilance"]},{"cards_removed":["Defend_P"],"damage_healed":0.0,"max_hp_gain":0.0,"max_hp_loss":0.0,"gold_gain":0.0,"event_name":"The Cleric","player_choice":"Card Removal","floor":8.0,"gold_loss":50.0,"damage_taken":0.0},{"damage_healed":0.0,"max_hp_gain":0.0,"max_hp_loss":0.0,"gold_gain":0.0,"event_name":"Living Wall","player_choice":"Grow","floor":13.0,"gold_loss":0.0,"damage_taken":0.0,"cards_upgraded":["SashWhip"]},{"cards_removed":["Strike_P"],"damage_healed":0.0,"max_hp_gain":0.0,"max_hp_loss":0.0,"gold_gain":0.0,"event_name":"Beggar","player_choice":"Gave Gold","floor":19.0,"gold_loss":75.0,"damage_taken":0.0},{"damage_healed":0.0,"max_hp_gain":5.0,"max_hp_loss":0.0,"gold_gain":0.0,"event_name":"Forgotten Altar","player_choice":"Shed Blood","floor":21.0,"gold_loss":0.0,"damage_taken":18.0},{"cards_removed":["Regret"],"damage_healed":0.0,"max_hp_gain":0.0,"max_hp_loss":0.0,"gold_gain":0.0,"event_name":"Back to Basics","player_choice":"Elegance","floor":31.0,"gold_loss":0.0,"damage_taken":0.0},{"cards_removed":["Wireheading"],"damage_healed":0.0,"max_hp_gain":0.0,"max_hp_loss":0.0,"gold_gain":0.0,"event_name":"Falling","player_choice":"Removed Power","floor":36.0,"gold_loss":0.0,"damage_taken":0.0},{"damage_healed":0.0,"max_hp_gain":0.0,"max_hp_loss":0.0,"gold_gain":100.0,"event_name":"Golden Shrine","player_choice":"Pray","floor":38.0,"gold_loss":0.0,"damage_taken":0.0},{"damage_healed":0.0,"max_hp_gain":0.0,"max_hp_loss":4.0,"gold_gain":0.0,"event_name":"Winding Halls","player_choice":"Max HP","floor":45.0,"gold_loss":0.0,"damage_taken":0.0},{"damage_healed":0.0,"max_hp_gain":0.0,"max_hp_loss":0.0,"gold_gain":0.0,"event_name":"Duplicator","player_choice":"Copied","floor":47.0,"gold_loss":0.0,"damage_taken":0.0,"cards_obtained":["TalkToTheHand"]}],"is_beta":false,"boss_relics":[{"not_picked":["Empty Cage","Tiny House"],"picked":"Cursed Key"},{"not_picked":["Philosopher\u0027s Stone","Calling Bell"],"picked":"Velvet Choker"}],"items_purged_floors":[20,53],"is_endless":false,"potions_floor_spawned":[4,7,16,18,25,28,30,39,40,54],"killed_by":"The Heart","ascension_level":8}}