{"host":"1qhzi8r9ejho5yph","time":1609559042,"event":{"mods":["AchievementEnabler","BaseMod","Colored Map","Colored Powertips","Highlight Path","Minty Spire (QoL Compilation)","Permanent Neow","Quick Restart","Random Character Button","StSLib","SuperFastMode"],"gold_per_floor":[117,137,152,152,152,152,183,208,208,248,267,237,255,26,26,149,149,164,164,137,152,152,152,152],"floor_reached":23,"playtime":914,"items_purged":["Strike_R"],"score":330,"play_id":"2a311bae-3240-47b5-86a6-9c3fad6ec9ed","local_time":"20210102114402","is_ascension_mode":true,"campfire_choices":[{"data":"Feed","floor":6,"key":"SMITH"},{"floor":15,"key":"REST"}],"circlet_count":0,"master_deck":["AscendersBane","Strike_R","Strike_R","Strike_R","Defend_R","Defend_R","Defend_R","Defend_R","Bash","Feed+1","Twin Strike","Evolve","Rampage+1","True Grit","Twin Strike","Shrug It Off","Berserk"],"relics":["Black Blood","Golden Idol","Ice Cream","Letter Opener","Bottled Tornado","ClockworkSouvenir"],"acts_visited":["Exordium","TheCity"],"potions_floor_usage":[8,11,16,21],"damage_taken":[{"damage":1,"enemies":"Cultist","floor":1,"turns":3},{"damage":2,"enemies":"2 Louse","floor":2,"turns":3},{"damage":7,"enemies":"Jaw Worm","floor":3,"turns":3},{"damage":40,"enemies":"Gremlin Nob","floor":7,"turns":5},{"damage":23,"enemies":"Exordium Wildlife","floor":8,"turns":7},{"damage":23,"enemies":"3 Sentries","floor":10,"turns":9},{"damage":6,"enemies":"Red Slaver","floor":11,"turns":5},{"damage":1,"enemies":"Looter","floor":12,"turns":4},{"damage":10,"enemies":"2 Fungi Beasts","floor":13,"turns":4},{"damage":47,"enemies":"The Guardian","floor":16,"turns":14},{"damage":30,"enemies":"Chosen","floor":18,"turns":6},{"damage":44,"enemies":"2 Thieves","floor":20,"turns":5},{"damage":52,"enemies":"Sentry and Sphere","floor":21,"turns":8},{"damage":30,"enemies":"Snake Plant","floor":23,"turns":4}],"seed_played":"-8669851579815308943","potions_obtained":[{"floor":1,"key":"BloodPotion"},{"floor":10,"key":"DuplicationPotion"},{"floor":11,"key":"Fruit Juice"},{"floor":13,"key":"FairyPotion"},{"floor":16,"key":"Regen Potion"}],"is_trial":false,"path_per_floor":["M","M","M","?","?","R","E","M","T","E","M","M","M","$","R","B",null,"M","?","M","M","?","M"],"character_chosen":"IRONCLAD","items_purchased":["ClockworkSouvenir"],"campfire_rested":1,"item_purchase_floors":[14],"current_hp_per_floor":[56,63,62,55,55,55,21,23,23,10,15,20,20,20,48,7,72,54,54,26,30,30,0,0],"gold":152,"neow_bonus":"THREE_RARE_CARDS","is_daily":false,"chose_seed":false,"campfire_upgraded":1,"win_rate":0.0,"timestamp":1609559042,"path_taken":["M","?","M","?","?","R","E","M","T","E","M","M","M","?","R","BOSS","M","?","?","M","?","M"],"items_purchased_type":["Relic"],"build_version":"2020-12-22","purchased_purges":1,"victory":false,"max_hp_per_floor":[80,83,83,83,77,77,77,81,81,85,90,90,94,94,94,94,94,94,94,98,98,98,98,98],"card_choices":[{"not_picked":["Reaper","Fiend Fire"],"picked":"Feed","floor":0},{"not_picked":["Bloodletting","Armaments"],"picked":"Twin Strike","floor":1},{"not_picked":["Wild Strike","Inflame"],"picked":"Evolve","floor":2},{"not_picked":["Burning Pact","Body Slam","Wild Strike"],"picked":"SKIP","floor":3},{"not_picked":["Flex","Juggernaut"],"picked":"Rampage","floor":7},{"not_picked":["Body Slam","Clothesline"],"picked":"True Grit","floor":8},{"not_picked":["Havoc","Heavy Blade","Anger"],"picked":"SKIP","floor":10},{"not_picked":["Perfected Strike","Clothesline"],"picked":"Twin Strike","floor":11},{"not_picked":["Dropkick","Reckless Charge","Fiend Fire"],"picked":"SKIP","floor":12},{"not_picked":["Perfected Strike","Sword Boomerang"],"picked":"Shrug It Off","floor":13},{"not_picked":["Corruption","Brutality"],"picked":"Berserk","floor":16},{"not_picked":["Anger","Warcry","Clash"],"picked":"SKIP","floor":18},{"not_picked":["Perfected Strike+1","Feed","Sword Boomerang"],"picked":"SKIP","floor":20},{"not_picked":["Sword Boomerang+1","Clash+1","Second Wind+1"],"picked":"SKIP","floor":21}],"player_experience":318428,"relics_obtained":[{"floor":7,"key":"Ice Cream"},{"floor":9,"key":"Letter Opener"},{"floor":10,"key":"Bottled Tornado"}],"event_choices":[{"cards_removed":["Strike_R"],"damage_healed":0,"gold_gain":0,"player_choice":"Card Removal","damage_taken":7,"max_hp_gain":0,"max_hp_loss":0,"event_name":"Golden Wing","floor":4,"gold_loss":0},{"damage_healed":0,"gold_gain":0,"player_choice":"Lose Max HP","damage_taken":0,"relics_obtained":["Golden Idol"],"max_hp_gain":0,"max_hp_loss":6,"event_name":"Golden Idol","floor":5,"gold_loss":0},{"damage_healed":0,"gold_gain":0,"player_choice":"Forge","damage_taken":0,"max_hp_gain":0,"max_hp_loss":0,"event_name":"Accursed Blacksmith","floor":19,"gold_loss":0,"cards_upgraded":["Rampage"]},{"damage_healed":0,"gold_gain":0,"player_choice":"Ignored","damage_taken":0,"max_hp_gain":0,"max_hp_loss":0,"event_name":"Vampires","floor":22,"gold_loss":0}],"is_beta":false,"boss_relics":[{"not_picked":["Astrolabe","Philosopher\u0027s Stone"],"picked":"Black Blood"}],"items_purged_floors":[14],"is_endless":false,"potions_floor_spawned":[1,10,11,13,16],"killed_by":"Snake Plant","ascension_level":10}}