{"host":"f5n4tidiz2n5sooh","time":1609569365,"event":{"mods":["BaseMod","Bestiary","Colored Map","Minty Spire (QoL Compilation)","Relic Stats","StSLib"],"gold_per_floor":[115,128,147,147,147,147,174,174,174,174,174,6,6,19,19,96,96,114,129,143,14,31,31,31,31],"floor_reached":24,"playtime":719,"items_purged":["Strike_R"],"score":412,"play_id":"b3a87238-957d-4f98-8ed4-444ef6252530","local_time":"20210102003605","is_ascension_mode":true,"campfire_choices":[{"data":"Bash","floor":6,"key":"SMITH"},{"floor":8,"key":"REST"},{"data":"Clothesline","floor":10,"key":"SMITH"},{"floor":13,"key":"REST"},{"data":"Pommel Strike","floor":15,"key":"SMITH"},{"floor":23,"key":"REST"}],"circlet_count":0,"master_deck":["AscendersBane","Strike_R","Strike_R","Strike_R","Defend_R","Defend_R","Defend_R","Defend_R","Bash+1","Clothesline+1","Sword Boomerang","Pommel Strike+1","Corruption","Disarm","Double Tap","Shrug It Off","Power Through","Flame Barrier","Fiend Fire"],"relics":["Black Star","Self Forming Clay","Toy Ornithopter","Potion Belt","Gremlin Horn","Anchor","Mark of Pain"],"acts_visited":["Exordium","TheCity"],"potions_floor_usage":[11,16,19,22,24],"damage_taken":[{"damage":12,"enemies":"Jaw Worm","floor":1,"turns":3},{"damage":0,"enemies":"2 Louse","floor":2,"turns":2},{"damage":1,"enemies":"Cultist","floor":3,"turns":4},{"damage":43,"enemies":"3 Sentries","floor":7,"turns":10},{"damage":15,"enemies":"Lagavulin","floor":11,"turns":5},{"damage":3,"enemies":"Lots of Slimes","floor":14,"turns":5},{"damage":12,"enemies":"Hexaghost","floor":16,"turns":6},{"damage":40,"enemies":"Spheric Guardian","floor":18,"turns":6},{"damage":17,"enemies":"2 Thieves","floor":19,"turns":4},{"damage":5,"enemies":"Snake Plant","floor":20,"turns":5},{"damage":1,"enemies":"Snecko","floor":22,"turns":6},{"damage":40,"enemies":"Gremlin Leader","floor":24,"turns":2}],"seed_played":"375152015939676224","potions_obtained":[{"floor":7,"key":"SmokeBomb"},{"floor":14,"key":"PowerPotion"},{"floor":16,"key":"Dexterity Potion"},{"floor":18,"key":"Fire Potion"},{"floor":22,"key":"Dexterity Potion"}],"is_trial":false,"path_per_floor":["M","M","M","?","?","R","E","R","T","R","E","$","R","M","R","B",null,"M","M","M","$","M","R","E"],"character_chosen":"IRONCLAD","items_purchased":["Anchor","Fire Potion"],"campfire_rested":3,"item_purchase_floors":[12,21],"current_hp_per_floor":[56,56,55,44,44,44,1,23,23,23,13,13,35,32,32,25,63,23,11,6,6,10,32,0,0],"gold":31,"neow_bonus":"BOSS_RELIC","is_daily":false,"chose_seed":false,"campfire_upgraded":3,"win_rate":0.0,"timestamp":1609569365,"path_taken":["M","M","M","?","?","R","E","R","T","R","E","$","R","M","R","BOSS","M","M","?","?","?","R","E"],"items_purchased_type":["Relic","Potion"],"build_version":"2020-12-22","purchased_purges":1,"victory":false,"max_hp_per_floor":[75,75,75,75,75,75,75,75,75,75,75,75,75,75,75,75,75,75,75,75,75,75,75,75,75],"relic_stats":{"Gremlin Horn":[6,6],"counters":[12,58],"Self Forming Clay":[81],"Black Star":2,"obtain_stats":[{"Potion Belt":7,"Anchor":12,"Gremlin Horn":9,"Self Forming Clay":4,"Mark of Pain":17,"Black Star":0,"Burning Blood":0,"Toy Ornithopter":7},{"Potion Belt":4,"Anchor":5,"Gremlin Horn":4,"Self Forming Clay":3,"Mark of Pain":7,"Black Star":0,"Burning Blood":0,"Toy Ornithopter":4},{"Potion Belt":19,"Anchor":24,"Gremlin Horn":19,"Self Forming Clay":9,"Mark of Pain":35,"Black Star":0,"Burning Blood":0,"Toy Ornithopter":19}],"Toy Ornithopter":25},"card_choices":[{"not_picked":["Flex","Clash"],"picked":"Clothesline","floor":1},{"not_picked":["Sentinel","Wild Strike"],"picked":"Sword Boomerang","floor":2},{"not_picked":["True Grit","Searing Blow"],"picked":"Pommel Strike","floor":3},{"not_picked":["Warcry","Rage"],"picked":"Corruption","floor":7},{"not_picked":["Flex","Thunderclap"],"picked":"Disarm","floor":14},{"not_picked":["Corruption","Bludgeon"],"picked":"Double Tap","floor":16},{"not_picked":["Twin Strike","Combust"],"picked":"Shrug It Off","floor":18},{"not_picked":["Rampage","Dual Wield"],"picked":"Power Through","floor":19},{"not_picked":["Anger","Evolve"],"picked":"Flame Barrier","floor":20},{"not_picked":["Clash+1","Perfected Strike"],"picked":"Fiend Fire","floor":22}],"player_experience":1963454,"relics_obtained":[{"floor":7,"key":"Toy Ornithopter"},{"floor":7,"key":"Potion Belt"},{"floor":9,"key":"Gremlin Horn"}],"event_choices":[{"damage_healed":0,"gold_gain":0,"player_choice":"Success","damage_taken":11,"relics_obtained":["Self Forming Clay"],"max_hp_gain":0,"max_hp_loss":0,"event_name":"Scrap Ooze","floor":4,"gold_loss":0},{"cards_removed":["Strike_R"],"damage_healed":0,"gold_gain":0,"player_choice":"Offered Basic","damage_taken":0,"max_hp_gain":0,"max_hp_loss":0,"event_name":"Bonfire Elementals","floor":5,"gold_loss":0}],"is_beta":false,"boss_relics":[{"not_picked":["Busted Crown","Cursed Key"],"picked":"Mark of Pain"}],"items_purged_floors":[21],"is_endless":false,"potions_floor_spawned":[7,11,14,16,18,22],"killed_by":"Gremlin Leader","ascension_level":20}}