{"host":"oripf3o5xhgglpvn","time":1609613882,"event":{"mods":["AchievementEnabler","BaseMod","Colored Map","Colored Powertips","Downfall","Minty Spire (QoL Compilation)","Rare Cards Sparkle","StSLib"],"gold_per_floor":[119,194,194,205,130,158,176,176,203,4,32,32,46,59,59,157,157,167,167,186,206,206,206,233,233,233,233,252,252,285,297,297,394,394,413,413,168,168,179,205,80,107,166,178,208,232,264,293,305,317],"floor_reached":51,"playtime":6218,"items_purged":["Strike_R","Guardian:Aged","Regret"],"score":932,"play_id":"ca962e9f-3430-4804-9dc2-72edc9aad61f","local_time":"20210102185802","is_ascension_mode":false,"campfire_choices":[{"data":"Armaments","floor":12.0,"key":"SMITH"},{"floor":15.0,"key":"REST"},{"data":"Armaments","floor":23.0,"key":"SMITH"},{"floor":25.0,"key":"REST"},{"floor":32.0,"key":"REST"},{"data":"Barricade","floor":49,"key":"SMITH"}],"circlet_count":0,"master_deck":["Strike_R+1","Strike_R+1","Strike_R","Strike_R","Defend_R+1","Defend_R","Defend_R+1","Defend_R","Bash+1","Anger","Thunderclap","Pommel Strike","Iron Wave","Armaments+1","Reaper","Thunderclap","Armaments+1","Barricade+1","Entrench","Hemokinesis+1","Impervious","RitualDagger","Shockwave+1","Shrug It Off+1","Body Slam+1","Thunderclap+1","Double Tap","Metallicize+1","Dramatic Entrance","expansioncontent:DefensiveStance","Dropkick","Rage+1","Writhe","Bash","Dropkick","Shrug It Off+1"],"relics":["Burning Blood","Anchor","Whetstone","PreservedInsect","Darkstone Periapt","Cursed Key","War Paint","Ice Cream","Meat on the Bone","Gremlin Horn","HornCleat","Philosopher\u0027s Stone","TheAbacus","Bronze Scales","MawBank","Boot"],"acts_visited":["Exordium","TheCity","TheBeyond"],"potions_floor_usage":[35,35,50],"damage_taken":[{"damage":12.0,"enemies":"Small Slimes","floor":1.0,"turns":5.0},{"damage":10.0,"enemies":"2 Louse","floor":4.0,"turns":3.0},{"damage":33.0,"enemies":"3 Sentries","floor":6.0,"turns":10.0},{"damage":0.0,"enemies":"Cultist","floor":7.0,"turns":2.0},{"damage":14.0,"enemies":"Gremlin Nob","floor":11.0,"turns":3.0},{"damage":7.0,"enemies":"Large Slime","floor":13.0,"turns":5.0},{"damage":0.0,"enemies":"Red Slaver","floor":14.0,"turns":4.0},{"damage":56.0,"enemies":"The Guardian","floor":16.0,"turns":12.0},{"damage":0.0,"enemies":"Chosen","floor":18.0,"turns":3.0},{"damage":14.0,"enemies":"Spheric Guardian","floor":20.0,"turns":6.0},{"damage":32.0,"enemies":"Snake Plant","floor":21.0,"turns":5.0},{"damage":51.0,"enemies":"Slavers","floor":24.0,"turns":7.0},{"damage":17.0,"enemies":"3 Cultists","floor":28.0,"turns":4.0},{"damage":27.0,"enemies":"Book of Stabbing","floor":30.0,"turns":6.0},{"damage":9.0,"enemies":"Cultist and Chosen","floor":31.0,"turns":9.0},{"damage":2.0,"enemies":"Champ","floor":33.0,"turns":13.0},{"damage":7,"enemies":"Orb Walker","floor":35,"turns":4},{"damage":10,"enemies":"3 Shapes","floor":39,"turns":4},{"damage":47,"enemies":"Nemesis","floor":40,"turns":7},{"damage":0,"enemies":"Reptomancer","floor":42,"turns":2},{"damage":0,"enemies":"Spire Growth","floor":45,"turns":4},{"damage":1,"enemies":"Jaw Worm Horde","floor":46,"turns":3},{"damage":0,"enemies":"4 Shapes","floor":47,"turns":2},{"damage":3,"enemies":"Writhing Mass","floor":48,"turns":5},{"damage":4,"enemies":"Awakened One","floor":50,"turns":13}],"seed_played":"-9203750171513188783","potions_obtained":[{"floor":8.0,"key":"PowerPotion"},{"floor":8.0,"key":"SkillPotion"},{"floor":8.0,"key":"Strength Potion"},{"floor":28.0,"key":"sneckomod:MuddlingPotion"},{"floor":30.0,"key":"ElixirPotion"},{"floor":31.0,"key":"EntropicBrew"},{"floor":40,"key":"champ:CounterPotion"},{"floor":42,"key":"PowerPotion"},{"floor":46,"key":"Energy Potion"},{"floor":48,"key":"Swift Potion"}],"is_trial":false,"path_per_floor":["M","?","?","M","$","E","M","?","T","$","E","R","M","M","R","B",null,"M","?","M","M","?","R","E","R","T","T","M","?","E","M","R","B",null,"M","?","$","?","M","E","$","E","T","?","M","M","M","M","R","B",null],"character_chosen":"IRONCLAD","items_purchased":["Armaments","PreservedInsect","TheAbacus"],"campfire_rested":3,"item_purchase_floors":[10,10,37],"current_hp_per_floor":[82,71,71,67,67,40,46,46,46,46,38,38,41,47,73,28,88,88,88,80,54,48,48,18,44,50,56,57,37,28,41,72,76,105,104,99,99,99,103,64,64,80,86,86,92,111,111,111,111,111],"gold":329,"neow_bonus":"TEN_PERCENT_HP_BONUS","is_daily":false,"chose_seed":false,"campfire_upgraded":3,"win_rate":0.0,"timestamp":1609613882,"path_taken":["M","?","?","?","$","E","M","?","T","$","E","R","M","?","R","BOSS","M","?","M","M","?","R","E","R","T","?","M","?","E","M","R","BOSS","M","?","$","?","M","E","$","E","T","?","M","M","?","M","R","BOSS"],"items_purchased_type":["Card","Relic","Relic"],"build_version":"2020-12-22","purchased_purges":3,"victory":true,"max_hp_per_floor":[88,88,88,88,88,88,88,88,88,88,88,88,88,88,88,88,88,88,88,88,88,88,88,88,88,94,100,100,105,105,105,105,105,105,105,105,105,105,105,105,105,105,111,111,111,111,111,111,111,111],"card_choices":[{"not_picked":["Blood for Blood","Feel No Pain"],"picked":"Anger","floor":1.0},{"not_picked":["Clash","Twin Strike"],"picked":"Thunderclap","floor":4.0},{"not_picked":["True Grit","Clash"],"picked":"Pommel Strike","floor":6.0},{"not_picked":["Carnage","Flex"],"picked":"Iron Wave","floor":7.0},{"not_picked":["Impervious","Uppercut"],"picked":"Reaper","floor":11.0},{"not_picked":["True Grit","Blood for Blood"],"picked":"Thunderclap","floor":13.0},{"not_picked":["Second Wind","Sword Boomerang"],"picked":"Armaments","floor":14.0},{"not_picked":["Demon Form","Impervious"],"picked":"Barricade","floor":16.0},{"not_picked":["Headbutt","Blood for Blood"],"picked":"Entrench","floor":18.0},{"not_picked":["Body Slam","Armaments"],"picked":"Hemokinesis+1","floor":20.0},{"not_picked":["Anger+1","Combust"],"picked":"Impervious","floor":21.0},{"not_picked":["Offering","Headbutt"],"picked":"Shockwave+1","floor":24.0},{"not_picked":["Pummel+1","Warcry"],"picked":"Shrug It Off+1","floor":28.0},{"not_picked":["Iron Wave","True Grit"],"picked":"Body Slam+1","floor":30.0},{"not_picked":["Rage","Clash"],"picked":"Thunderclap+1","floor":31.0},{"not_picked":["Limit Break","Berserk"],"picked":"Double Tap","floor":33.0},{"not_picked":["Perfected Strike","Twin Strike"],"picked":"Metallicize+1","floor":35},{"not_picked":["Impatience","Forethought"],"picked":"Dramatic Entrance","floor":36},{"not_picked":["Madness","expansioncontent:DefensiveMode"],"picked":"expansioncontent:DefensiveStance","floor":36},{"not_picked":["Sword Boomerang+1","Armaments+1"],"picked":"Dropkick","floor":39},{"not_picked":["Bludgeon","Uppercut+1"],"picked":"Rage+1","floor":40},{"not_picked":["Combust","Shockwave","Twin Strike+1"],"picked":"SKIP","floor":42},{"not_picked":["Reckless Charge+1","Whirlwind+1"],"picked":"Dropkick","floor":45},{"not_picked":["Cleave","Clash","Flex+1"],"picked":"SKIP","floor":46},{"not_picked":["Blood for Blood","Cleave"],"picked":"Shrug It Off+1","floor":47},{"not_picked":["Rupture+1","Spot Weakness+1","Cleave+1"],"picked":"SKIP","floor":48}],"player_experience":90259,"relics_obtained":[{"floor":6.0,"key":"Anchor"},{"floor":9.0,"key":"Whetstone"},{"floor":11.0,"key":"Darkstone Periapt"},{"floor":24.0,"key":"Ice Cream"},{"floor":26.0,"key":"Meat on the Bone"},{"floor":27.0,"key":"Gremlin Horn"},{"floor":30.0,"key":"HornCleat"},{"floor":40,"key":"Bronze Scales"},{"floor":42,"key":"MawBank"},{"floor":43,"key":"Boot"}],"event_choices":[{"damage_healed":0.0,"max_hp_gain":0.0,"max_hp_loss":0.0,"gold_gain":75.0,"event_name":"World of Goop","player_choice":"Gather Gold","floor":2.0,"gold_loss":0.0,"damage_taken":11.0},{"damage_healed":0.0,"max_hp_gain":0.0,"max_hp_loss":0.0,"gold_gain":0.0,"event_name":"Upgrade Shrine","player_choice":"Upgraded","floor":3.0,"gold_loss":0.0,"damage_taken":0.0,"cards_upgraded":["Bash"]},{"damage_healed":0.0,"max_hp_gain":0.0,"max_hp_loss":0.0,"gold_gain":0.0,"event_name":"Lab","player_choice":"Got Potions","floor":8.0,"gold_loss":0.0,"damage_taken":0.0},{"damage_healed":0.0,"max_hp_gain":0.0,"max_hp_loss":0.0,"gold_gain":0.0,"event_name":"The Mausoleum","player_choice":"Opened","floor":19.0,"gold_loss":0.0,"damage_taken":0.0,"relics_obtained":["War Paint"]},{"damage_healed":0.0,"max_hp_gain":0.0,"max_hp_loss":0.0,"gold_gain":0.0,"event_name":"Nest","player_choice":"Joined the Cult","floor":22.0,"gold_loss":0.0,"damage_taken":6.0,"cards_obtained":["RitualDagger"]},{"damage_healed":0.0,"max_hp_gain":5.0,"max_hp_loss":0.0,"gold_gain":0.0,"event_name":"Forgotten Altar","player_choice":"Shed Blood","floor":29.0,"gold_loss":0.0,"damage_taken":25.0},{"damage_healed":0,"gold_gain":0,"player_choice":"Memory 2","damage_taken":5,"max_hp_gain":0,"max_hp_loss":0,"event_name":"SensoryStone","floor":36,"gold_loss":0},{"damage_healed":0,"gold_gain":0,"player_choice":"Ignored","damage_taken":0,"max_hp_gain":0,"max_hp_loss":0,"event_name":"Tomb of Lord Red Mask","floor":38,"gold_loss":0},{"damage_healed":0,"gold_gain":0,"player_choice":"1 cards matched","damage_taken":0,"max_hp_gain":0,"max_hp_loss":0,"event_name":"Match and Keep!","floor":44,"gold_loss":0,"cards_obtained":["Bash"]}],"is_beta":false,"boss_relics":[{"not_picked":["Astrolabe","SacredBark"],"picked":"Cursed Key"},{"not_picked":["Velvet Choker","Black Star"],"picked":"Philosopher\u0027s Stone"}],"items_purged_floors":[5,37,41],"is_endless":false,"potions_floor_spawned":[11,13,28,30,31,40,42,46,48],"ascension_level":0}}