{"host":"tzyzz5n7hg2ni9q2","time":1609607606,"event":{"mods":["BaseMod","Minty Spire (QoL Compilation)","Quick Restart"],"gold_per_floor":[118,118,132,132,147,180,180,190,269,269,285,318,318,348,348,450,450,461,461,475,475,274,274,292,292,315,56,82,92,106,106,106,106,106],"floor_reached":33,"playtime":1051,"items_purged":["Writhe","Pain"],"score":426,"play_id":"d0d92d26-9b70-48b3-b4bf-61445403393c","local_time":"20210102181326","is_ascension_mode":true,"campfire_choices":[{"floor":7.0,"key":"REST"},{"floor":10.0,"key":"REST"},{"floor":13.0,"key":"REST"},{"data":"Spot Weakness","floor":15.0,"key":"SMITH"},{"data":"Whirlwind","floor":23.0,"key":"SMITH"},{"data":"Ghostly Armor","floor":25.0,"key":"SMITH"},{"data":"True Grit","floor":32.0,"key":"SMITH"}],"circlet_count":0,"master_deck":["AscendersBane","Strike_R+1","Strike_R+1","Strike_R+1","Strike_R+1","Defend_R+1","Defend_R+1","Defend_R+1","Defend_R+1","Bash","Seeing Red","Cleave","Spot Weakness+1","Juggernaut","Ghostly Armor+1","Whirlwind+1","True Grit+1"],"relics":["Burning Blood","Smiling Mask","TungstenRod","Bottled Lightning","Regal Pillow","Odd Mushroom","Cursed Key","Question Card","Blood Vial","MealTicket","ClockworkSouvenir","Art of War"],"acts_visited":["Exordium","TheCity"],"potions_floor_usage":[33,33],"damage_taken":[{"damage":3.0,"enemies":"Small Slimes","floor":1.0,"turns":3.0},{"damage":6.0,"enemies":"Cultist","floor":3.0,"turns":3.0},{"damage":7.0,"enemies":"Jaw Worm","floor":5.0,"turns":3.0},{"damage":67.0,"enemies":"Lagavulin","floor":6.0,"turns":9.0},{"damage":11.0,"enemies":"Blue Slaver","floor":8.0,"turns":5.0},{"damage":15.0,"enemies":"Large Slime","floor":11.0,"turns":9.0},{"damage":32.0,"enemies":"Gremlin Nob","floor":12.0,"turns":4.0},{"damage":8.0,"enemies":"The Mushroom Lair","floor":14.0,"turns":4.0},{"damage":41.0,"enemies":"Slime Boss","floor":16.0,"turns":11.0},{"damage":1.0,"enemies":"Chosen","floor":18.0,"turns":5.0},{"damage":25.0,"enemies":"2 Thieves","floor":20.0,"turns":4.0},{"damage":6.0,"enemies":"Cultist and Chosen","floor":24.0,"turns":5.0},{"damage":19.0,"enemies":"Gremlin Leader","floor":28.0,"turns":6.0},{"damage":10.0,"enemies":"3 Cultists","floor":29.0,"turns":4.0},{"damage":8.0,"enemies":"Centurion and Healer","floor":30.0,"turns":7.0},{"damage":52,"enemies":"Champ","floor":33,"turns":22}],"seed_played":"8343894461837070088","potions_obtained":[{"floor":8.0,"key":"DuplicationPotion"},{"floor":11.0,"key":"AttackPotion"},{"floor":16.0,"key":"GamblersBrew"},{"floor":18.0,"key":"PowerPotion"},{"floor":28.0,"key":"SkillPotion"}],"is_trial":false,"path_per_floor":["M","?","M","?","M","E","R","M","T","R","M","E","R","?","R","B",null,"M","?","M","T","$","R","M","R","T","$","E","M","M","?","R","B"],"character_chosen":"IRONCLAD","items_purchased":["Blood Vial","True Grit","ClockworkSouvenir"],"campfire_rested":3,"item_purchase_floors":[22,27,27],"current_hp_per_floor":[75,80,80,73,72,11,35,30,30,54,45,19,58,56,56,21,65,70,70,51,51,51,51,53,53,53,68,57,55,55,55,55,5,5],"gold":106,"neow_bonus":"RANDOM_COMMON_RELIC","is_daily":false,"chose_seed":false,"campfire_upgraded":4,"win_rate":0.0,"timestamp":1609607606,"path_taken":["M","?","?","?","M","E","R","M","T","R","M","E","R","?","R","BOSS","M","?","M","?","$","R","M","R","T","$","E","M","M","?","R","BOSS"],"items_purchased_type":["Relic","Card","Relic"],"build_version":"2020-12-22","purchased_purges":2,"victory":false,"max_hp_per_floor":[80,80,80,80,80,80,80,80,80,80,80,80,80,80,80,80,80,80,80,80,80,80,80,80,80,80,80,80,80,80,80,80,80,80],"card_choices":[{"not_picked":["Wild Strike","Perfected Strike","Burning Pact"],"picked":"SKIP","floor":1.0},{"not_picked":["Clothesline","Armaments","Perfected Strike"],"picked":"SKIP","floor":3.0},{"not_picked":["Havoc","Battle Trance"],"picked":"Seeing Red","floor":5.0},{"not_picked":["Clothesline","Wild Strike"],"picked":"Cleave","floor":6.0},{"not_picked":["Clash","Clothesline","Wild Strike"],"picked":"SKIP","floor":8.0},{"not_picked":["Iron Wave","Flex"],"picked":"Spot Weakness","floor":11.0},{"not_picked":["Pummel","Headbutt"],"picked":"Juggernaut","floor":12.0},{"not_picked":["Clash","Twin Strike"],"picked":"Ghostly Armor","floor":14.0},{"not_picked":["Clothesline","Flame Barrier"],"picked":"Whirlwind","floor":18.0},{"not_picked":["Rampage","Anger","Headbutt"],"picked":"SKIP","floor":20.0},{"not_picked":["Body Slam","Twin Strike","Rampage+1","Dropkick"],"picked":"SKIP","floor":24.0},{"not_picked":["Reckless Charge","Spot Weakness+1","Rampage","Havoc"],"picked":"SKIP","floor":28.0},{"not_picked":["Warcry","Flex","Wild Strike+1","Disarm"],"picked":"SKIP","floor":29.0},{"not_picked":["Second Wind+1","Entrench","Dual Wield","Immolate"],"picked":"SKIP","floor":30.0}],"player_experience":228265,"relics_obtained":[{"floor":6.0,"key":"TungstenRod"},{"floor":9.0,"key":"Bottled Lightning"},{"floor":12.0,"key":"Regal Pillow"},{"floor":14.0,"key":"Odd Mushroom"},{"floor":21.0,"key":"Question Card"},{"floor":26.0,"key":"MealTicket"},{"floor":28.0,"key":"Art of War"}],"event_choices":[{"damage_healed":5.0,"max_hp_gain":0.0,"max_hp_loss":0.0,"gold_gain":0.0,"event_name":"Wheel of Change","player_choice":"Full Heal","floor":2.0,"gold_loss":0.0,"damage_taken":0.0},{"cards_removed":["Strike_R"],"damage_healed":0.0,"max_hp_gain":0.0,"max_hp_loss":0.0,"gold_gain":0.0,"event_name":"Golden Wing","player_choice":"Card Removal","floor":4.0,"gold_loss":0.0,"damage_taken":7.0},{"damage_healed":0.0,"max_hp_gain":0.0,"max_hp_loss":0.0,"gold_gain":0.0,"event_name":"Mushrooms","player_choice":"Fought Mushrooms","floor":14.0,"gold_loss":0.0,"damage_taken":0.0},{"damage_healed":0.0,"max_hp_gain":0.0,"max_hp_loss":0.0,"gold_gain":0.0,"event_name":"Back to Basics","player_choice":"Simplicity","floor":19.0,"gold_loss":0.0,"damage_taken":0.0,"cards_upgraded":["Strike_R","Strike_R","Strike_R","Strike_R","Defend_R","Defend_R","Defend_R","Defend_R"]},{"damage_healed":0.0,"max_hp_gain":0.0,"max_hp_loss":0.0,"gold_gain":0.0,"event_name":"Ghosts","player_choice":"Ignored","floor":31.0,"gold_loss":0.0,"damage_taken":0.0}],"is_beta":false,"boss_relics":[{"not_picked":["Black Blood","Runic Dome"],"picked":"Cursed Key"}],"items_purged_floors":[22,27],"is_endless":false,"potions_floor_spawned":[8,11,16,18,28,30],"killed_by":"Champ","ascension_level":11}}