{"host":"baiuyraednrljtmn","time":1609589022,"event":{"mods":["BaseMod","Colored Map","Colored Powertips","DeckTracker","Keyboard Shortcuts","Minty Spire (QoL Compilation)","Relic Stats","StSLib","SuperFastMode","everything is the same but u backflip on backflip"],"gold_per_floor":[11,11,25,40,54,54,72,72,72,86,11,11,45,70,70,70,70],"floor_reached":16,"playtime":489,"items_purged":["Strike_R"],"score":258,"play_id":"a68f3ff4-b7f4-47d2-8cb0-d6e7c55bba44","local_time":"20210102210342","is_ascension_mode":true,"campfire_choices":[{"data":"Uppercut","floor":6,"key":"SMITH"},{"data":"Body Slam","floor":12,"key":"SMITH"},{"data":"Entrench","floor":15,"key":"SMITH"}],"circlet_count":0,"master_deck":["AscendersBane","Strike_R","Defend_R","Defend_R","Defend_R","Defend_R","Bash","Uppercut+1","Entrench+1","Shrug It Off","Power Through","Offering","Body Slam+1","Intimidate+1","True Grit+1"],"relics":["Burning Blood","Golden Idol","Turnip","Toxic Egg 2"],"acts_visited":["Exordium"],"potions_floor_usage":[14],"damage_taken":[{"damage":15,"enemies":"Small Slimes","floor":1,"turns":3},{"damage":3,"enemies":"2 Louse","floor":3,"turns":4},{"damage":1,"enemies":"Cultist","floor":4,"turns":4},{"damage":17,"enemies":"Blue Slaver","floor":5,"turns":4},{"damage":29,"enemies":"Exordium Thugs","floor":7,"turns":7},{"damage":6,"enemies":"2 Fungi Beasts","floor":10,"turns":4},{"damage":6,"enemies":"Gremlin Nob","floor":13,"turns":3},{"damage":13,"enemies":"Lots of Slimes","floor":14,"turns":6},{"damage":26,"enemies":"The Guardian","floor":16,"turns":12}],"seed_played":"-188412071703185999","potions_obtained":[{"floor":1,"key":"HeartOfIron"},{"floor":4,"key":"FearPotion"}],"is_trial":false,"path_per_floor":["M","?","M","M","M","R","M","?","T","M","$","R","E","M","R","B"],"character_chosen":"IRONCLAD","items_purchased":[],"campfire_rested":0,"item_purchase_floors":[],"current_hp_per_floor":[59,59,62,67,56,56,33,33,33,33,33,33,33,26,26,0,0],"gold":70,"neow_bonus":"REMOVE_TWO","is_daily":false,"chose_seed":false,"campfire_upgraded":3,"win_rate":0.0,"timestamp":1609589022,"path_taken":["M","?","M","M","M","R","M","?","T","?","$","R","E","M","R","BOSS"],"items_purchased_type":[],"build_version":"2020-12-22","purchased_purges":1,"victory":false,"max_hp_per_floor":[75,68,68,68,68,68,68,68,68,68,68,68,68,68,68,68,68],"relic_stats":{"counters":[9,47],"Golden Idol":28,"Turnip":[0],"obtain_stats":[{"Golden Idol":2,"Turnip":9,"Toxic Egg 2":13,"Burning Blood":0},{"Golden Idol":1,"Turnip":5,"Toxic Egg 2":7,"Burning Blood":0},{"Golden Idol":3,"Turnip":22,"Toxic Egg 2":29,"Burning Blood":0}],"Burning Blood":48},"card_choices":[{"not_picked":["Seeing Red","Sword Boomerang"],"picked":"Uppercut","floor":1},{"not_picked":["Inflame","Evolve"],"picked":"Entrench","floor":3},{"not_picked":["Anger","Iron Wave"],"picked":"Shrug It Off","floor":4},{"not_picked":["Seeing Red","Sword Boomerang"],"picked":"Power Through","floor":5},{"not_picked":["Searing Blow","Pommel Strike"],"picked":"Offering","floor":7},{"not_picked":["Shockwave","Cleave"],"picked":"Body Slam","floor":10},{"not_picked":["Pummel","Clothesline"],"picked":"Intimidate+1","floor":13},{"not_picked":["Carnage","Bloodletting+1"],"picked":"True Grit+1","floor":14}],"player_experience":1400280,"relics_obtained":[{"floor":9,"key":"Turnip"},{"floor":13,"key":"Toxic Egg 2"}],"event_choices":[{"damage_healed":0,"gold_gain":0,"player_choice":"Lose Max HP","damage_taken":0,"relics_obtained":["Golden Idol"],"max_hp_gain":0,"max_hp_loss":7,"event_name":"Golden Idol","floor":2,"gold_loss":0},{"cards_removed":["Strike_R"],"damage_healed":0,"gold_gain":0,"player_choice":"Offered Basic","damage_taken":0,"max_hp_gain":0,"max_hp_loss":0,"event_name":"Bonfire Elementals","floor":8,"gold_loss":0}],"is_beta":false,"boss_relics":[],"items_purged_floors":[11],"is_endless":false,"potions_floor_spawned":[1,4,5,13],"killed_by":"The Guardian","ascension_level":20}}