{"host":"kdt6w7ix8lwe69i9","time":1609577223,"event":{"mods":["Bartender","BaseMod","ChefMod","Downfall","Fiend Mod","Jorbs\u0027s Wanderer Trilogy","Minty Spire (QoL Compilation)","Reimu（博丽灵梦）","Robot Space Explorer","StSLib","The Caster","The Cursed","The Disciple","The Dragon Tamer","The Druid","The Elementalist","The Forsaken","The Gatherer","The Judge","The Marked","TheBandit"],"gold_per_floor":[112,162,177,147,163,195,205,205,205,205,235,1,1,1,1,104,104,120,130,130,148,148,148,247,247,247,273,3,3,3],"floor_reached":29,"playtime":3051,"items_purged":[],"score":249,"play_id":"0722aa92-c68c-4735-8638-11365a58670a","local_time":"20210102034703","is_ascension_mode":false,"campfire_choices":[{"floor":10,"key":"REST"},{"floor":13,"key":"REST"},{"data":"caster:GlacialShield","floor":15,"key":"SMITH"},{"floor":23,"key":"REST"},{"floor":25,"key":"REST"}],"circlet_count":0,"master_deck":["caster:Meteor","caster:DivertFocus","caster:strike","caster:strike","caster:strike","caster:defend","caster:defend","caster:defend","caster:defend","caster:defend","expansioncontent:QuickStudy","caster:FrostDriver","caster:Ifrit","caster:Surge","caster:Tundra","caster:FlashSpeed","caster:GlacialShield+1","caster:ShivasGrace","caster:LightningBolt","caster:IzanagisObdurance","caster:MagicAttunement","caster:Illusion+1","caster:Incantation","caster:MagicWeapon","caster:Grimoire","caster:Fireball"],"relics":["caster:MagicBook","StrikeDummy","Vajra","Meat on the Bone","Letter Opener","theForsaken:Lifeblossom","SlaversCollar","RuthlessExorcism:ReiMu","Omamori","Regal Pillow"],"acts_visited":["Exordium","TheCity"],"potions_floor_usage":[6,6,11,16,16,19],"damage_taken":[{"damage":1,"enemies":"Small Slimes","floor":1,"turns":3},{"damage":0,"enemies":"Jaw Worm","floor":3,"turns":4},{"damage":4,"enemies":"Cultist","floor":5,"turns":4},{"damage":18,"enemies":"Lagavulin","floor":6,"turns":6},{"damage":10,"enemies":"3 Louse","floor":7,"turns":4},{"damage":10,"enemies":"3 Sentries","floor":11,"turns":6},{"damage":23,"enemies":"Slime Boss","floor":16,"turns":11},{"damage":23,"enemies":"2 Thieves","floor":18,"turns":4},{"damage":20,"enemies":"Chosen","floor":19,"turns":8},{"damage":40,"enemies":"Sentry and Sphere","floor":21,"turns":8},{"damage":47,"enemies":"Slavers","floor":27,"turns":6},{"damage":29,"enemies":"Cultist and Chosen","floor":29,"turns":7}],"seed_played":"-3449608240487130845","potions_obtained":[{"floor":1,"key":"LiquidBronze"},{"floor":4,"key":"BlessingOfTheForge"},{"floor":4,"key":"Swift Potion"},{"floor":7,"key":"Block Potion"},{"floor":11,"key":"SkillPotion"},{"floor":18,"key":"sneckomod:MuddlingPotion"},{"floor":27,"key":"Strength Potion"}],"is_trial":false,"path_per_floor":["M","?","M","?","M","E","M","?","T","R","E","$","R","$","R","B",null,"M","M","?","M","?","R","?","R","T","E","$","M"],"character_chosen":"THE_CASTER","items_purchased":["theForsaken:Lifeblossom","caster:ShivasGrace","caster:LightningBolt","Regal Pillow","caster:Grimoire","caster:Fireball"],"campfire_rested":4,"item_purchase_floors":[12,12,12,28,28,28],"current_hp_per_floor":[57,57,57,57,53,35,25,25,25,42,32,32,49,49,49,32,58,38,36,36,14,14,31,31,48,48,19,19,0,0],"gold":3,"neow_bonus":"RANDOM_COLORLESS_2","is_daily":false,"chose_seed":false,"campfire_upgraded":1,"win_rate":0.0,"timestamp":1609577223,"path_taken":["M","?","M","?","M","E","?","?","T","R","E","$","R","$","R","BOSS","M","M","?","?","?","R","?","R","T","E","$","M"],"items_purchased_type":["Relic","Card","Card","Relic","Card","Card"],"build_version":"2020-12-22","purchased_purges":0,"victory":false,"max_hp_per_floor":[58,58,58,58,58,58,58,58,58,58,58,58,58,58,58,58,58,58,58,58,58,58,58,58,58,58,58,58,58,58],"card_choices":[{"not_picked":["Secret Weapon","HandOfGreed"],"picked":"expansioncontent:QuickStudy","floor":0},{"not_picked":["caster:DiamondDust","caster:GlacialShield"],"picked":"caster:FrostDriver","floor":1},{"not_picked":["caster:MagicResonance","caster:LAZER"],"picked":"caster:Ifrit","floor":3},{"not_picked":["caster:FlashSpeed","caster:Sultry"],"picked":"caster:Surge","floor":5},{"not_picked":["caster:DiablosFlame","caster:LAZER"],"picked":"caster:Tundra","floor":6},{"not_picked":["caster:FrigidBeam","caster:MagicResonance"],"picked":"caster:FlashSpeed","floor":7},{"not_picked":["caster:MagicWeapon","caster:Rectify"],"picked":"caster:GlacialShield","floor":11},{"not_picked":["caster:Focusyn","caster:Susanoo"],"picked":"caster:IzanagisObdurance","floor":16},{"not_picked":["caster:DiablosFlame","caster:MagicResonance+1"],"picked":"caster:MagicAttunement","floor":18},{"not_picked":["caster:AbsoluteZero+1","caster:LightningBolt"],"picked":"caster:Illusion+1","floor":19},{"not_picked":["caster:QuickCast","caster:MagicAttunement"],"picked":"caster:Incantation","floor":21},{"not_picked":["caster:DiablosFlame","caster:Enfeeble+1"],"picked":"caster:MagicWeapon","floor":27}],"player_experience":1699168,"relics_obtained":[{"floor":6,"key":"StrikeDummy"},{"floor":9,"key":"Meat on the Bone"},{"floor":11,"key":"Letter Opener"},{"floor":26,"key":"RuthlessExorcism:ReiMu"},{"floor":27,"key":"Omamori"}],"event_choices":[{"damage_healed":0,"gold_gain":0,"player_choice":"Bought 2 Potions","damage_taken":0,"max_hp_gain":0,"max_hp_loss":0,"event_name":"The Woman in Blue","floor":4,"gold_loss":0},{"damage_healed":0,"gold_gain":0,"player_choice":"Ignored","damage_taken":0,"max_hp_gain":0,"max_hp_loss":0,"event_name":"NoteForYourself","floor":20,"gold_loss":0},{"cards_removed":["caster:strike"],"damage_healed":0,"gold_gain":0,"player_choice":"Elegance","damage_taken":0,"max_hp_gain":0,"max_hp_loss":0,"event_name":"Back to Basics","floor":22,"gold_loss":0},{"damage_healed":0,"gold_gain":99,"player_choice":"Stole From Cult","damage_taken":0,"max_hp_gain":0,"max_hp_loss":0,"event_name":"Nest","floor":24,"gold_loss":0}],"is_beta":false,"boss_relics":[{"not_picked":["Fusion Hammer","Coffee Dripper"],"picked":"SlaversCollar"}],"items_purged_floors":[],"is_endless":false,"potions_floor_spawned":[1,7,11,18,27],"killed_by":"Cultist and Chosen","ascension_level":0}}