{"host":"y89x8uui45kcjy42","time":1609560072,"event":{"mods":["2.2 Compatiblity","BaseMod","CapriCore","Colored Map","Colored Powertips","Custom Start","Friendly Minions","Keyboard Shortcuts","Minty Spire (QoL Compilation)","Relic Stats","Slay the Relics Exporter","StSLib","SuperFastMode"],"gold_per_floor":[114,124,139,99,116,116,78,78,78,78,105,105,125,136,136,215,215,227,227,245,137,137,172,8,20,20,50,50,50,84,107,107,182,182,192,192,192,192,113,113,146,146,217,227,261,281,314,314,314,314,314,314,314,36,64,64],"floor_reached":57,"playtime":2580,"items_purged":["Strike_G","Strike_G","Defend_G"],"score":3709,"play_id":"e5289ed4-4c63-491d-881a-604ac6013779","local_time":"20210102130112","is_ascension_mode":true,"campfire_choices":[{"data":"Prepared","floor":6.0,"key":"SMITH"},{"data":"Reflex","floor":8.0,"key":"SMITH"},{"data":"Neutralize","floor":10.0,"key":"SMITH"},{"data":"Envenom","floor":12.0,"key":"SMITH"},{"floor":15.0,"key":"RECALL"},{"data":"Grand Finale","floor":29.0,"key":"SMITH"},{"data":"Footwork","floor":32.0,"key":"SMITH"},{"data":"Survivor","floor":40.0,"key":"SMITH"}],"circlet_count":0,"master_deck":["Neutralize+1","Footwork+1","A Thousand Cuts+1","After Image+1","After Image+1","After Image+1","After Image+1","After Image+1","Prepared+1","Reflex+1","Envenom+1","Concentrate+1","Prepared+1","Acrobatics+1","Good Instincts+1","Grand Finale+1","Master of Strategy+1","PiercingWail+1","Backflip+1","Footwork+1","Madness+1","Madness+1"],"relics":["Ring of the Serpent","Coffee Dripper","Anchor","Anchor","Membership Card","Ninja Scroll","Ginger","HandDrill","Toxic Egg 2","WristBlade","HornCleat","HornCleat","CaptainsWheel","CaptainsWheel","Odd Mushroom","Snake Skull","Paper Crane","TwistedFunnel","Calipers","WristBlade","TungstenRod","WingedGreaves","White Beast Statue","Shuriken","CaptainsWheel","Centennial Puzzle","Tiny Chest","Black Star","Potion Belt","Oddly Smooth Stone","Bird Faced Urn","Thread and Needle","InkBottle","Singing Bowl","Strawberry","Ornamental Fan","Happy Flower","FossilizedHelix","Lantern","Bronze Scales","Sling","Anchor","Snake Skull"],"acts_visited":["Exordium","TheCity","TheBeyond","TheEnding"],"potions_floor_usage":[56,56,56],"damage_taken":[{"damage":6.0,"enemies":"Jaw Worm","floor":1.0,"turns":4.0},{"damage":0.0,"enemies":"Cultist","floor":2.0,"turns":4.0},{"damage":2.0,"enemies":"2 Louse","floor":3.0,"turns":3.0},{"damage":11.0,"enemies":"Exordium Thugs","floor":5.0,"turns":4.0},{"damage":1.0,"enemies":"Gremlin Nob","floor":11.0,"turns":4.0},{"damage":0.0,"enemies":"The Mushroom Lair","floor":13.0,"turns":4.0},{"damage":0.0,"enemies":"Blue Slaver","floor":14.0,"turns":3.0},{"damage":0.0,"enemies":"Hexaghost","floor":16.0,"turns":6.0},{"damage":0.0,"enemies":"2 Thieves","floor":18.0,"turns":3.0},{"damage":0.0,"enemies":"Chosen","floor":20.0,"turns":4.0},{"damage":0.0,"enemies":"Slavers","floor":23.0,"turns":2.0},{"damage":0.0,"enemies":"Centurion and Healer","floor":25.0,"turns":2.0},{"damage":0.0,"enemies":"Book of Stabbing","floor":27.0,"turns":3.0},{"damage":0.0,"enemies":"Slavers","floor":30.0,"turns":4.0},{"damage":0.0,"enemies":"Automaton","floor":33.0,"turns":3.0},{"damage":0.0,"enemies":"3 Shapes","floor":35.0,"turns":4.0},{"damage":0.0,"enemies":"Nemesis","floor":41.0,"turns":3.0},{"damage":0.0,"enemies":"3 Darklings","floor":44.0,"turns":2.0},{"damage":0.0,"enemies":"Reptomancer","floor":45.0,"turns":3.0},{"damage":0.0,"enemies":"Transient","floor":46.0,"turns":3.0},{"damage":0.0,"enemies":"Nemesis","floor":47.0,"turns":5.0},{"damage":0,"enemies":"Time Eater","floor":50,"turns":8},{"damage":0,"enemies":"Awakened One","floor":51,"turns":4},{"damage":0,"enemies":"Shield and Spear","floor":55,"turns":2},{"damage":0,"enemies":"The Heart","floor":56,"turns":6}],"seed_played":"-9159373355805800406","potions_obtained":[{"floor":4.0,"key":"FairyPotion"},{"floor":4.0,"key":"BlessingOfTheForge"},{"floor":5.0,"key":"FairyPotion"},{"floor":30.0,"key":"Fruit Juice"},{"floor":33.0,"key":"EssenceOfSteel"},{"floor":41.0,"key":"LiquidMemories"},{"floor":44.0,"key":"GamblersBrew"},{"floor":45.0,"key":"SkillPotion"},{"floor":46.0,"key":"GhostInAJar"},{"floor":47.0,"key":"Regen Potion"},{"floor":55,"key":"Block Potion"}],"is_trial":false,"path_per_floor":["M","M","M","?","M","R","$","R","T","R","E","R","?","M","R","B",null,"M","?","M","$","?","E","$","M","T","E","?","R","E","T","R","B",null,"M","?","?","?","$","R","E","T","T","M","E","M","E","?","R","B","B",null,"R","$","E","B",null],"character_chosen":"THE_SILENT","items_purchased":["Acrobatics+1","Good Instincts+1","Master of Strategy+1","Oddly Smooth Stone","Lantern","Bronze Scales","Sling","PowerPotion"],"campfire_rested":0,"item_purchase_floors":[21,21,24,39,54,54,54,54],"current_hp_per_floor":[53,53,51,51,40,40,40,40,40,40,39,39,39,39,39,39,59,59,59,59,59,59,59,59,59,59,59,59,59,64,64,64,64,69,69,57,57,57,57,57,57,57,57,71,82,84,86,86,86,86,86,86,86,86,88,88],"gold":64,"neow_bonus":"BOSS_RELIC","is_daily":false,"chose_seed":false,"campfire_upgraded":7,"win_rate":0.0,"timestamp":1609560072,"path_taken":["M","M","M","?","?","R","$","R","T","R","E","R","?","M","R","BOSS","M","?","?","$","?","E","$","?","T","E","?","R","E","?","R","BOSS","M","?","?","?","$","R","E","?","T","?","E","M","E","?","R","BOSS","BOSS","R","$","E","BOSS"],"items_purchased_type":["Card","Card","Card","Relic","Relic","Relic","Relic","Potion"],"build_version":"2020-12-22","purchased_purges":3,"victory":true,"max_hp_per_floor":[66,66,66,66,66,66,66,66,66,66,66,66,66,66,66,66,66,66,66,66,66,66,66,66,66,66,66,66,66,71,71,71,71,71,71,71,71,71,71,71,71,71,71,73,82,84,86,86,86,86,86,86,86,86,88,88],"relic_stats":{"Singing Bowl":10,"Happy Flower":[6],"counters":[25,93],"Snake Skull":[127],"Ginger":[9],"Centennial Puzzle":[0],"Shuriken":[24],"Ornamental Fan":[64],"Bird Faced Urn":[14],"Bronze Scales":[102],"Tiny Chest":1,"HandDrill":[14],"Black Star":4,"obtain_stats":[{"TwistedFunnel":13,"Lantern":54,"Calipers":16,"Singing Bowl":43,"Snake Skull":13,"Ginger":7,"Sling":54,"Centennial Puzzle":30,"HornCleat":12,"WristBlade":11,"Ninja Scroll":7,"Strawberry":45,"Toolbox":17,"Philosopher\u0027s Stone":0,"Tiny Chest":31,"WingedGreaves":17,"HandDrill":7,"Toxic Egg 2":11,"InkBottle":42,"Ring of the Snake":0,"Potion Belt":38,"Happy Flower":47,"Oddly Smooth Stone":39,"Thread and Needle":41,"Odd Mushroom":13,"Paper Crane":13,"White Beast Statue":23,"Cables":5,"Anchor":5,"CaptainsWheel":12,"Shuriken":26,"Ornamental Fan":45,"Bird Faced Urn":41,"Bronze Scales":54,"Coffee Dripper":0,"Black Star":34,"Membership Card":6,"Ring of the Serpent":0,"TungstenRod":17,"FossilizedHelix":47},{"TwistedFunnel":6,"Lantern":23,"Calipers":8,"Singing Bowl":17,"Snake Skull":6,"Ginger":4,"Sling":23,"Centennial Puzzle":14,"HornCleat":5,"WristBlade":5,"Ninja Scroll":4,"Strawberry":19,"Toolbox":8,"Philosopher\u0027s Stone":0,"Tiny Chest":14,"WingedGreaves":8,"HandDrill":4,"Toxic Egg 2":5,"InkBottle":17,"Ring of the Snake":0,"Potion Belt":16,"Happy Flower":21,"Oddly Smooth Stone":16,"Thread and Needle":17,"Odd Mushroom":6,"Paper Crane":6,"White Beast Statue":11,"Cables":4,"Anchor":4,"CaptainsWheel":5,"Shuriken":12,"Ornamental Fan":19,"Bird Faced Urn":17,"Bronze Scales":23,"Coffee Dripper":0,"Black Star":15,"Membership Card":4,"Ring of the Serpent":0,"TungstenRod":8,"FossilizedHelix":21},{"TwistedFunnel":23,"Lantern":85,"Calipers":32,"Singing Bowl":60,"Snake Skull":23,"Ginger":15,"Sling":85,"Centennial Puzzle":50,"HornCleat":19,"WristBlade":19,"Ninja Scroll":15,"Strawberry":65,"Toolbox":32,"Philosopher\u0027s Stone":0,"Tiny Chest":50,"WingedGreaves":32,"HandDrill":15,"Toxic Egg 2":19,"InkBottle":60,"Ring of the Snake":0,"Potion Belt":57,"Happy Flower":73,"Oddly Smooth Stone":57,"Thread and Needle":60,"Odd Mushroom":23,"Paper Crane":23,"White Beast Statue":41,"Cables":12,"Anchor":12,"CaptainsWheel":19,"Shuriken":43,"Ornamental Fan":65,"Bird Faced Urn":60,"Bronze Scales":85,"Coffee Dripper":0,"Black Star":53,"Membership Card":15,"Ring of the Serpent":0,"TungstenRod":32,"FossilizedHelix":73}],"TungstenRod":1,"InkBottle":[35]},"card_choices":[{"not_picked":["Dodge and Roll","Outmaneuver"],"picked":"Prepared","floor":1.0},{"not_picked":["Sucker Punch","Dash"],"picked":"Reflex","floor":2.0},{"not_picked":["Distraction","Quick Slash","Dodge and Roll"],"picked":"SKIP","floor":3.0},{"not_picked":["Deadly Poison","Bane","Masterful Stab"],"picked":"SKIP","floor":5.0},{"not_picked":["Well Laid Plans","Dodge and Roll+1"],"picked":"Envenom","floor":11.0},{"not_picked":["Backstab","Slice"],"picked":"Concentrate+1","floor":14.0},{"not_picked":["Underhanded Strike+1","Eviscerate","Poisoned Stab"],"picked":"SKIP","floor":18.0},{"not_picked":["Dagger Spray","Setup+1"],"picked":"Prepared+1","floor":20.0},{"not_picked":["Cloak And Dagger+1","Prepared+1","Dagger Throw"],"picked":"SKIP","floor":23.0},{"not_picked":["Choke","Prepared+1"],"picked":"PiercingWail+1","floor":25.0},{"not_picked":["Burst+1","Caltrops","Dagger Spray"],"picked":"SKIP","floor":27.0},{"not_picked":["Deadly Poison+1","Slice"],"picked":"Footwork","floor":30.0},{"not_picked":["Deadly Poison+1","Accuracy+1","Cloak And Dagger+1"],"picked":"SKIP","floor":35.0},{"not_picked":["Flying Knee","Eviscerate","Quick Slash"],"picked":"SKIP","floor":41.0},{"not_picked":["Dagger Throw","Quick Slash","Slice"],"picked":"Singing Bowl","floor":44.0},{"not_picked":["Deflect+1","Dodge and Roll+1","Bane+1"],"picked":"Singing Bowl","floor":45.0},{"not_picked":["Choke","Well Laid Plans+1","Phantasmal Killer+1"],"picked":"Singing Bowl","floor":46.0},{"not_picked":["Underhanded Strike","Finisher+1","Masterful Stab"],"picked":"Singing Bowl","floor":47.0},{"not_picked":["Deflect+1","Backflip+1","Backstab"],"picked":"Singing Bowl","floor":55}],"player_experience":536593,"relics_obtained":[{"floor":11.0,"key":"Toxic Egg 2"},{"floor":13.0,"key":"Odd Mushroom"},{"floor":23.0,"key":"White Beast Statue"},{"floor":26.0,"key":"Shuriken"},{"floor":27.0,"key":"CaptainsWheel"},{"floor":30.0,"key":"Centennial Puzzle"},{"floor":31.0,"key":"Tiny Chest"},{"floor":41.0,"key":"Bird Faced Urn"},{"floor":41.0,"key":"Thread and Needle"},{"floor":42.0,"key":"InkBottle"},{"floor":43.0,"key":"Singing Bowl"},{"floor":45.0,"key":"Strawberry"},{"floor":45.0,"key":"Ornamental Fan"},{"floor":47.0,"key":"Happy Flower"},{"floor":47.0,"key":"FossilizedHelix"},{"floor":55,"key":"Anchor"},{"floor":55,"key":"Snake Skull"}],"event_choices":[{"damage_healed":0.0,"max_hp_gain":0.0,"max_hp_loss":0.0,"gold_gain":0.0,"event_name":"The Woman in Blue","player_choice":"Bought 3 Potions","floor":4.0,"gold_loss":0.0,"damage_taken":0.0},{"damage_healed":0.0,"max_hp_gain":0.0,"max_hp_loss":0.0,"gold_gain":0.0,"event_name":"Mushrooms","player_choice":"Fought Mushrooms","floor":13.0,"gold_loss":0.0,"damage_taken":0.0},{"damage_healed":0.0,"max_hp_gain":0.0,"max_hp_loss":0.0,"gold_gain":0.0,"event_name":"FaceTrader","player_choice":"Leave","floor":19.0,"gold_loss":0.0,"damage_taken":0.0},{"damage_healed":0.0,"max_hp_gain":0.0,"max_hp_loss":0.0,"gold_gain":0.0,"cards_transformed":["Defend_G"],"event_name":"Transmorgrifier","player_choice":"Transformed","floor":22.0,"gold_loss":0.0,"damage_taken":0.0,"cards_obtained":["Grand Finale"]},{"damage_healed":0.0,"max_hp_gain":0.0,"max_hp_loss":0.0,"gold_gain":0.0,"event_name":"The Library","player_choice":"Read","floor":28.0,"gold_loss":0.0,"damage_taken":0.0,"cards_obtained":["Backflip"]},{"damage_healed":0.0,"max_hp_gain":0.0,"max_hp_loss":0.0,"gold_gain":0.0,"event_name":"Winding Halls","player_choice":"Embrace Madness","floor":36.0,"gold_loss":0.0,"damage_taken":13.0,"cards_obtained":["Madness","Madness"]},{"cards_removed":["A Thousand Cuts"],"damage_healed":0.0,"max_hp_gain":0.0,"max_hp_loss":0.0,"gold_gain":0.0,"event_name":"Falling","player_choice":"Removed Power","floor":37.0,"gold_loss":0.0,"damage_taken":0.0},{"damage_healed":0.0,"max_hp_gain":0.0,"max_hp_loss":0.0,"gold_gain":0.0,"event_name":"WeMeetAgain","player_choice":"Gave Potion","floor":38.0,"gold_loss":0.0,"damage_taken":0.0,"relics_obtained":["Potion Belt"]},{"cards_removed":["Survivor"],"damage_healed":0.0,"max_hp_gain":0.0,"max_hp_loss":0.0,"gold_gain":0.0,"event_name":"Purifier","player_choice":"Purged","floor":48.0,"gold_loss":0.0,"damage_taken":0.0}],"is_beta":false,"boss_relics":[{"not_picked":["Runic Pyramid","Snecko Eye"],"picked":"WristBlade"},{"not_picked":["Fusion Hammer","Empty Cage"],"picked":"Black Star"}],"items_purged_floors":[7,21,24],"is_endless":false,"potions_floor_spawned":[5,13,16,20,23,25,27,30,33,35,41,44,45,46,47,55],"ascension_level":20}}