{"host":"baymyijz6sxaqj5s","time":1609598741,"event":{"mods":["AchievementEnabler","BaseMod","Colored Map","Colored Powertips","DeckTracker","Highlight Path","KOR Keyword Fix","Keyboard Shortcuts","Minty Spire (QoL Compilation)","Quick Restart","StSLib","SuperFastMode"],"gold_per_floor":[117,135,147,164,184,184,194,194,221,236,253,263,108,126,126,224,224,209,135,135,145,165,165,191,191,191,226,226,226,226,226],"floor_reached":30,"playtime":1054,"items_purged":[],"score":306,"play_id":"d4f7dd07-8b78-42c3-ae65-f8198b441af4","local_time":"20210102234541","is_ascension_mode":true,"campfire_choices":[{"data":"Noxious Fumes","floor":6,"key":"SMITH"},{"floor":8,"key":"REST"},{"floor":15,"key":"REST"},{"floor":23,"key":"REST"},{"floor":25,"key":"REST"},{"floor":29,"key":"REST"}],"circlet_count":0,"master_deck":["Survivor","Neutralize","Backflip","Dash","Deadly Poison","Bouncing Flask","Noxious Fumes+1","Poisoned Stab","Tactician","All Out Attack","Heel Hook","Adrenaline","Flying Knee","After Image","Expertise","Acrobatics","Terror","Catalyst","Poisoned Stab","Bullet Time","Escape Plan","Dodge and Roll","Crippling Poison","Footwork","Backflip","Backflip+1"],"relics":["Ring of the Snake","Anchor","Potion Belt","Pandora\u0027s Box","Juzu Bracelet","Blue Candle","Tiny Chest"],"acts_visited":["Exordium","TheCity"],"potions_floor_usage":[7,16,24,24,27,27,27],"damage_taken":[{"damage":0,"enemies":"Cultist","floor":1,"turns":4},{"damage":0,"enemies":"Jaw Worm","floor":2,"turns":7},{"damage":1,"enemies":"Small Slimes","floor":3,"turns":4},{"damage":1,"enemies":"2 Fungi Beasts","floor":4,"turns":5},{"damage":2,"enemies":"3 Louse","floor":5,"turns":5},{"damage":29,"enemies":"Lots of Slimes","floor":7,"turns":5},{"damage":11,"enemies":"2 Fungi Beasts","floor":10,"turns":4},{"damage":11,"enemies":"Exordium Wildlife","floor":11,"turns":5},{"damage":6,"enemies":"3 Louse","floor":12,"turns":3},{"damage":18,"enemies":"Exordium Thugs","floor":14,"turns":4},{"damage":18,"enemies":"Slime Boss","floor":16,"turns":8},{"damage":10,"enemies":"2 Thieves","floor":18,"turns":4},{"damage":21,"enemies":"Shell Parasite","floor":21,"turns":5},{"damage":14,"enemies":"Shelled Parasite and Fungi","floor":22,"turns":7},{"damage":28,"enemies":"Slavers","floor":24,"turns":5},{"damage":42,"enemies":"Gremlin Leader","floor":27,"turns":7},{"damage":32,"enemies":"Cultist and Chosen","floor":30,"turns":6}],"seed_played":"9152774061169424162","potions_obtained":[{"floor":1,"key":"SkillPotion"},{"floor":3,"key":"Swift Potion"},{"floor":5,"key":"GamblersBrew"},{"floor":10,"key":"FearPotion"},{"floor":18,"key":"BlessingOfTheForge"},{"floor":21,"key":"Poison Potion"},{"floor":22,"key":"PowerPotion"}],"is_trial":false,"path_per_floor":["M","M","M","M","M","R","M","R","T","M","M","M","$","M","R","B",null,"M","$","?","M","M","R","E","R","T","E","?","R","M"],"character_chosen":"THE_SILENT","items_purchased":["Potion Belt","Crippling Poison"],"campfire_rested":5,"item_purchase_floors":[13,19],"current_hp_per_floor":[77,77,76,75,73,73,44,67,67,56,45,39,39,21,44,26,77,67,67,67,46,32,55,27,50,50,8,8,31,0,0],"gold":226,"neow_bonus":"TEN_PERCENT_HP_BONUS","is_daily":false,"chose_seed":false,"campfire_upgraded":1,"win_rate":0.0,"timestamp":1609598741,"path_taken":["M","M","?","M","M","R","M","R","T","M","M","?","?","?","R","BOSS","M","?","?","M","M","R","E","R","T","E","?","R","M"],"items_purchased_type":["Relic","Card"],"build_version":"2020-12-22","purchased_purges":0,"victory":false,"max_hp_per_floor":[77,77,77,77,77,77,77,77,77,77,77,77,77,77,77,77,77,77,77,77,77,77,77,77,77,77,77,77,77,77,77],"card_choices":[{"not_picked":["Setup","Flying Knee"],"picked":"Backflip","floor":1},{"not_picked":["Footwork","Setup"],"picked":"Dash","floor":2},{"not_picked":["Flechettes","Blade Dance"],"picked":"Deadly Poison","floor":3},{"not_picked":["Underhanded Strike","Concentrate"],"picked":"Bouncing Flask","floor":4},{"not_picked":["Concentrate","Deflect"],"picked":"Noxious Fumes","floor":5},{"not_picked":["Slice","Sucker Punch","Skewer"],"picked":"SKIP","floor":7},{"not_picked":["Dodge and Roll","Bane"],"picked":"Poisoned Stab","floor":10},{"not_picked":["Accuracy","Blur"],"picked":"Tactician","floor":11},{"not_picked":["Dagger Spray","Slice"],"picked":"All Out Attack","floor":12},{"not_picked":["Prepared","Tactician"],"picked":"Heel Hook","floor":14},{"not_picked":["Die Die Die","Wraith Form v2"],"picked":"Adrenaline","floor":16},{"not_picked":["Underhanded Strike","Bane"],"picked":"Dodge and Roll","floor":18},{"not_picked":["Reflex+1","Prepared+1"],"picked":"Footwork","floor":21},{"not_picked":["Skewer","Dodge and Roll"],"picked":"Backflip","floor":22},{"not_picked":["Doppelganger","Riddle With Holes"],"picked":"Backflip+1","floor":24},{"not_picked":["Wraith Form v2","Catalyst","Concentrate"],"picked":"SKIP","floor":27}],"player_experience":292275,"relics_obtained":[{"floor":9,"key":"Anchor"},{"floor":24,"key":"Juzu Bracelet"},{"floor":26,"key":"Blue Candle"},{"floor":27,"key":"Tiny Chest"}],"event_choices":[{"cards_removed":["Finisher"],"damage_healed":0,"gold_gain":0,"player_choice":"Purged","damage_taken":0,"max_hp_gain":0,"max_hp_loss":0,"event_name":"Purifier","floor":20,"gold_loss":0},{"damage_healed":0,"gold_gain":0,"player_choice":"Ignored","damage_taken":0,"max_hp_gain":0,"max_hp_loss":0,"event_name":"Ghosts","floor":28,"gold_loss":0}],"is_beta":false,"boss_relics":[{"not_picked":["Sozu","Tiny House"],"picked":"Pandora\u0027s Box"}],"items_purged_floors":[],"is_endless":false,"potions_floor_spawned":[1,3,5,10,11,18,21,22],"killed_by":"Cultist and Chosen","ascension_level":3}}