{"host":"iv8gkcqs5ryn8eyc","time":1609566257,"event":{"mods":["BaseMod","Colored Map","Colored Powertips","Minty Spire (QoL Compilation)","Replay The Spire","Shade Mod","Spire Birthday Party","StSLib","The Blackbeard","The Caster","The Marked","The Runesmith","The Servant 0.9.4","TheFirefly","TheVacant"],"gold_per_floor":[112,130,149,167,167,167,194,204,204,218,6,22,32,48,48,150,150,167,181,181,386,356,356,369,216,216,231,231,9,9,45,45,154,154,193,199,199],"floor_reached":36,"playtime":1461,"items_purged":["theMarked:Defend","ReplayTheSpireMod:Splinters","theMarked:Strike"],"score":370,"play_id":"9846190c-1464-4765-b068-70fde15f5533","local_time":"20210102004417","is_ascension_mode":false,"campfire_choices":[{"data":"theMarked:SoldierOfQuellstein","floor":6,"key":"SMITH"},{"floor":15,"key":"REST"},{"data":"theMarked:ElementalBlade","floor":23,"key":"SMITH"},{"floor":28,"key":"REST"},{"floor":32,"key":"REST"}],"circlet_count":0,"master_deck":["theMarked:Strike","theMarked:Defend","theMarked:SoldierOfQuellstein+1","theMarked:TwofoldDefense","theMarked:ElementalBlade+1","theMarked:SwordAndMagic","theMarked:ChainLightning","theMarked:ReduceFriction","theMarked:EmpowerWeapon","theMarked:SwordAndMagic","theMarked:ShockingTouch+1","theMarked:Indomitable","theMarked:Panic","theMarked:EmpowerWeapon","theMarked:SuspiciousRaven","theMarked:Overcharge+1","theMarked:TwofoldDefense+1","theMarked:ChainLightning+1","theMarked:ComboAttacks+1","theMarked:HeightenedSenses+1","Apotheosis","theMarked:EternalStudent","theMarked:HeightenedSenses+1"],"relics":["theMarked:ArtifactOfAir","NeowsBlessing","Shuriken","Simple Rune","Membership Card","Philosopher\u0027s Stone","Mummified Hand","Omamori","Runesmith:Nanobots","Replay:Bandana","Kintsugi"],"acts_visited":["Exordium","TheCity","TheBeyond"],"potions_floor_usage":[4,13,16,16,18,24,24,24,31,33,33,36,36],"damage_taken":[{"damage":0,"enemies":"2 Louse","floor":1,"turns":1},{"damage":0,"enemies":"Cultist","floor":2,"turns":1},{"damage":0,"enemies":"Jaw Worm","floor":3,"turns":1},{"damage":12,"enemies":"Lots of Slimes","floor":4,"turns":6},{"damage":18,"enemies":"Gremlin Nob","floor":7,"turns":4},{"damage":2,"enemies":"Blue Slaver","floor":8,"turns":3},{"damage":0,"enemies":"Looter","floor":10,"turns":2},{"damage":0,"enemies":"2 Fungi Beasts","floor":12,"turns":2},{"damage":0,"enemies":"Lots of Slimes","floor":13,"turns":1},{"damage":0,"enemies":"Looter","floor":14,"turns":2},{"damage":55,"enemies":"Hexaghost","floor":16,"turns":7},{"damage":6,"enemies":"Spheric Guardian","floor":18,"turns":3},{"damage":12,"enemies":"Shell Parasite","floor":19,"turns":4},{"damage":22,"enemies":"Snake Plant","floor":24,"turns":2},{"damage":0,"enemies":"Centurion and Healer","floor":27,"turns":3},{"damage":5,"enemies":"Chosen and Byrds","floor":31,"turns":3},{"damage":20,"enemies":"Champ","floor":33,"turns":6},{"damage":3,"enemies":"3 Darklings","floor":35,"turns":3},{"damage":96,"enemies":"2 Orb Walkers","floor":36,"turns":6}],"seed_played":"213802538422166556","potions_obtained":[{"floor":1,"key":"Languid Potion"},{"floor":4,"key":"Venom Potion"},{"floor":7,"key":"BlessingOfTheForge"},{"floor":8,"key":"Toxic Potion"},{"floor":16,"key":"AttackPotion"},{"floor":18,"key":"Cursed Concoction"},{"floor":22,"key":"Reflective Coating"},{"floor":22,"key":"EntropicBrew"},{"floor":24,"key":"Fire Potion"},{"floor":33,"key":"AttackPotion"},{"floor":35,"key":"Fire Potion"}],"is_trial":false,"path_per_floor":["M","M","M","M","?","R","E","M","T","M","$","M","M","M","R","B",null,"M","M","T","?","?","R","M","$","T","M","R","$","?","M","R","B",null,"M","?"],"character_chosen":"THE_DEFAULT","items_purchased":["Membership Card","theMarked:ShockingTouch+1","Omamori","theMarked:ComboAttacks+1","Apotheosis","Replay:Bandana"],"campfire_rested":3,"item_purchase_floors":[11,11,25,25,29,29],"current_hp_per_floor":[70,70,70,58,58,58,40,38,38,38,38,38,38,38,59,4,70,64,52,52,52,52,52,30,30,30,30,51,51,51,46,67,47,70,67,0,0],"gold":199,"neow_bonus":"THREE_ENEMY_KILL","is_daily":false,"chose_seed":false,"campfire_upgraded":2,"win_rate":0.0,"timestamp":1609566257,"path_taken":["M","M","M","M","?","R","E","M","T","M","$","M","M","M","R","BOSS","M","M","?","?","?","R","?","$","T","M","R","$","?","M","R","BOSS","M","?"],"items_purchased_type":["Relic","Card","Relic","Card","Card","Relic"],"build_version":"2020-12-22","purchased_purges":3,"victory":false,"max_hp_per_floor":[70,70,70,70,70,70,70,70,70,70,70,70,70,70,70,70,70,70,70,70,70,70,70,70,70,70,70,70,70,70,70,70,70,70,70,70,70],"card_choices":[{"not_picked":["theMarked:SelfDefenseTraining","theMarked:Static"],"picked":"theMarked:TwofoldDefense","floor":1},{"not_picked":["theMarked:ChainLightning","theMarked:Seal"],"picked":"theMarked:ElementalBlade","floor":2},{"not_picked":["theMarked:EnhanceMovement","theMarked:Electrify"],"picked":"theMarked:SwordAndMagic","floor":3},{"not_picked":["theMarked:AttractMetal","theMarked:WardOff"],"picked":"theMarked:ChainLightning","floor":4},{"not_picked":["theMarked:WardOff","theMarked:Improvise"],"picked":"theMarked:ReduceFriction","floor":7},{"not_picked":["theMarked:BanishingWave","theMarked:Improvise"],"picked":"theMarked:EmpowerWeapon","floor":8},{"not_picked":["theMarked:UnarmedFury","theMarked:EnhanceMovement"],"picked":"theMarked:SwordAndMagic","floor":10},{"not_picked":["theMarked:Frustration","theMarked:ShockingTouch"],"picked":"theMarked:Indomitable","floor":12},{"not_picked":["theMarked:Static","theMarked:Aftermath"],"picked":"theMarked:Panic","floor":13},{"not_picked":["theMarked:BanishingWave","theMarked:Parkour"],"picked":"theMarked:EmpowerWeapon","floor":14},{"not_picked":["theMarked:ThrowWeapon","theMarked:Defy"],"picked":"theMarked:SuspiciousRaven","floor":16},{"not_picked":["theMarked:Panic","theMarked:Improvise","theMarked:Parkour"],"picked":"SKIP","floor":18},{"not_picked":["theMarked:HeightenedSenses","theMarked:Parkour"],"picked":"theMarked:Overcharge+1","floor":19},{"not_picked":["theMarked:RepellingDischarge","theMarked:TunnelVision"],"picked":"theMarked:TwofoldDefense+1","floor":21},{"not_picked":["theMarked:ReduceFriction","theMarked:Parkour"],"picked":"theMarked:ChainLightning+1","floor":24},{"not_picked":["theMarked:Improvise+1","theMarked:Parkour"],"picked":"theMarked:HeightenedSenses+1","floor":27},{"not_picked":["theMarked:SwordAndMagic","theMarked:RepellingDischarge","theMarked:ChainLightning"],"picked":"SKIP","floor":31},{"not_picked":["theMarked:Snap","theMarked:DispelDoubt"],"picked":"theMarked:EternalStudent","floor":33},{"not_picked":["theMarked:ResourceFulStrike","theMarked:Parkour+1"],"picked":"theMarked:HeightenedSenses+1","floor":35}],"player_experience":385260,"relics_obtained":[{"floor":7,"key":"Shuriken"},{"floor":9,"key":"Simple Rune"},{"floor":20,"key":"Mummified Hand"},{"floor":26,"key":"Runesmith:Nanobots"}],"event_choices":[{"damage_healed":0,"gold_gain":0,"cards_transformed":["theMarked:Strike"],"player_choice":"Transformed","damage_taken":0,"max_hp_gain":0,"max_hp_loss":0,"event_name":"Transmorgrifier","floor":5,"gold_loss":0,"cards_obtained":["theMarked:Opportunist"]},{"damage_healed":0,"gold_gain":0,"player_choice":"Bought 2 Potions","damage_taken":0,"max_hp_gain":0,"max_hp_loss":0,"event_name":"The Woman in Blue","floor":22,"gold_loss":0},{"damage_healed":0,"gold_gain":0,"player_choice":"Fight","damage_taken":0,"max_hp_gain":0,"max_hp_loss":0,"event_name":"Mysterious Sphere","floor":36,"gold_loss":0}],"is_beta":false,"boss_relics":[{"not_picked":["ChewingGum","Velvet Choker"],"picked":"Philosopher\u0027s Stone"},{"not_picked":["theMarked:BronzeBlade","Runic Dome"],"picked":"Kintsugi"}],"items_purged_floors":[11,25,29],"is_endless":false,"potions_floor_spawned":[1,4,7,8,16,18,24,33,35],"killed_by":"2 Orb Walkers","ascension_level":0}}