{"host":"kq2g769nefmuyn7c","time":1609600476,"event":{"mods":["ATMod(°¢èªMod)","Act Like it!","BaseMod","Chen","Gensokyo","Minty Spire (QoL Compilation)","Remilia£¨ÀÙÃ×ÀòÑÇ£©","Replay The Spire","StSLib"],"gold_per_floor":[117,117,129,148,148,180,180,196,196,9,37,2,2,15,15,119,119,131,145,158,158,170,170,170,170],"floor_reached":24,"playtime":1548,"items_purged":[],"score":208,"play_id":"bd71464c-bac7-470b-978e-4bcbcbb60095","local_time":"20210102231436","is_ascension_mode":false,"campfire_choices":[{"data":"Chen:GlitterPoke","floor":7,"key":"SMITH"},{"data":"Chen:Frivolous","floor":13,"key":"SMITH"},{"data":"Chen:WhateverWorks","floor":15,"key":"SMITH"},{"data":"Chen:Panic","floor":23,"key":"SMITH"}],"circlet_count":0,"master_deck":["Chen:Strike","Chen:Strike","Chen:Strike","Chen:Defend","Chen:Defend","Chen:Defend","Chen:Defend","Chen:PounceTurnTail","Chen:GlitterPoke+1","Chen:Flicker","Chen:Recuperate","Chen:Frivolous+1","Chen:Recuperate+1","Chen:WhateverWorks+1","Chen:MisdirectSwipe+1","Chen:Panic+1","Chen:FlankingStrike","Chen:ResistTemptation","Chen:Instinct+1","Chen:MeditateFrenzy+1"],"relics":["Chen:Catnip","AT_ATBox","NeowsBlessing","Gensokyo:Mercy","Gensokyo:OccultBall","MawBank","Lee\u0027s Waffle","AT_Manta","Sozu"],"acts_visited":["Gensokyo:Gensokyo","Gensokyo:Gensokyoer"],"potions_floor_usage":[16],"damage_taken":[{"damage":0,"enemies":"Gensokyo:Gryphon","floor":1,"turns":1},{"damage":0,"enemies":"Gensokyo:2_Kodama","floor":3,"turns":1},{"damage":0,"enemies":"Gensokyo:3_Fairies","floor":4,"turns":2},{"damage":57,"enemies":"Gensokyo:Cirno","floor":6,"turns":8},{"damage":10,"enemies":"Gensokyo:VengefulSpirit","floor":8,"turns":5},{"damage":9,"enemies":"Gensokyo:Mamizou","floor":11,"turns":5},{"damage":7,"enemies":"Gensokyo:Gryphon_and_Rabbit","floor":14,"turns":7},{"damage":6,"enemies":"Gensokyo:Yukari","floor":16,"turns":7},{"damage":0,"enemies":"Gensokyo:Chomper","floor":18,"turns":2},{"damage":15,"enemies":"Gensokyo:CosmicMonolith","floor":19,"turns":6},{"damage":0,"enemies":"Gensokyo:Chomper_and_Gloop","floor":20,"turns":5},{"damage":21,"enemies":"Gensokyo:Mirror_and_Dog","floor":22,"turns":4},{"damage":56,"enemies":"Gensokyo:Reisen","floor":24,"turns":6}],"seed_played":"5774887356882789014","potions_obtained":[{"floor":1,"key":"FearPotion"},{"floor":4,"key":"Elixir"},{"floor":6,"key":"Flashbang"}],"is_trial":false,"path_per_floor":["M","?","M","M","?","E","R","M","T","$","E","COS","R","M","R","B",null,"M","M","M","?","M","R","E"],"character_chosen":"CHEN","items_purchased":["Lee\u0027s Waffle","Chen:Recuperate+1"],"campfire_rested":0,"item_purchase_floors":[10,10],"current_hp_per_floor":[70,70,70,70,70,13,13,3,3,77,68,68,68,61,61,55,77,77,62,62,62,41,41,0,0],"gold":170,"neow_bonus":"THREE_ENEMY_KILL","is_daily":false,"chose_seed":false,"campfire_upgraded":4,"win_rate":0.0,"timestamp":1609600476,"path_taken":["M","?","M","?","?","E","R","?","T","?","E","COS","R","M","R","BOSS","M","M","M","?","M","R","E"],"items_purchased_type":["Relic","Card"],"build_version":"2020-12-22","purchased_purges":0,"victory":false,"max_hp_per_floor":[70,70,70,70,70,70,70,70,70,77,77,77,77,77,77,77,77,77,77,77,77,77,77,77,77],"card_choices":[{"not_picked":["Chen:Tear","Chen:ResistTemptation"],"picked":"Chen:Knockout","floor":1},{"not_picked":["Chen:Sweep","Chen:RecklessLeap"],"picked":"Chen:Flicker","floor":3},{"not_picked":["Chen:Tear","Chen:Panic","Chen:Spray"],"picked":"SKIP","floor":4},{"not_picked":["Chen:Assault","Chen:Flicker"],"picked":"Chen:Recuperate","floor":6},{"not_picked":["Chen:Barrier","Chen:Spray"],"picked":"Chen:Frivolous","floor":8},{"not_picked":["Chen:Lacerate","Chen:Adaptability"],"picked":"Chen:WhateverWorks","floor":11},{"not_picked":["Chen:RecklessLeap+1","Chen:Flicker+1"],"picked":"Chen:MisdirectSwipe+1","floor":14},{"not_picked":["Chen:ResistTemptation","Chen:CatPunch"],"picked":"Chen:Panic","floor":14},{"not_picked":["Chen:Gash","Chen:WhateverWorks"],"picked":"Chen:FlankingStrike","floor":16},{"not_picked":["Chen:Sidestep+1","Chen:Flicker"],"picked":"Chen:ResistTemptation","floor":18},{"not_picked":["Chen:Tear","Chen:PentagramFlight"],"picked":"Chen:Instinct+1","floor":19},{"not_picked":["Chen:Flicker","Chen:RecklessLeap"],"picked":"Chen:MeditateFrenzy+1","floor":20},{"not_picked":["Chen:Sidestep","Chen:Scratch","Chen:Instinct"],"picked":"SKIP","floor":22}],"player_experience":121342,"relics_obtained":[{"floor":6,"key":"Gensokyo:OccultBall"},{"floor":6,"key":"Replay:Bottled Snecko"},{"floor":9,"key":"MawBank"},{"floor":11,"key":"AT_Manta"},{"floor":14,"key":"Gensokyo:OccultBall"},{"floor":16,"key":"Gensokyo:OccultBall"}],"event_choices":[],"is_beta":false,"boss_relics":[{"not_picked":["Velvet Choker","Ring of Chaos"],"picked":"Sozu"}],"items_purged_floors":[],"is_endless":false,"potions_floor_spawned":[1,4,6,18,22],"killed_by":"Gensokyo:Reisen","ascension_level":0}}