{"host":"3jjxuhjpio8e4zkv","time":1609546933,"event":{"mods":["BaseMod","Colored Map","Highlight Path","Minty Spire (QoL Compilation)","Permanent Neow","Relic Stats","StSLib"],"gold_per_floor":[364,388,388,463,477,477,15,35,35,46,46,46,56,66,66,141,141,153,153,165,165,177,177,187,187,187,199,199,199],"floor_reached":28,"playtime":961,"items_purged":["Strike_G"],"score":574,"play_id":"7716c5d8-46ec-4702-993c-000d271faf9c","local_time":"20210101192213","is_ascension_mode":true,"campfire_choices":[{"data":"Deadly Poison","floor":6.0,"key":"SMITH"},{"data":"Dagger Throw","floor":11.0,"key":"SMITH"},{"data":"Dagger Spray","floor":15.0,"key":"SMITH"},{"floor":23.0,"key":"REST"}],"circlet_count":0,"master_deck":["AscendersBane","Strike_G+1","Strike_G+1","Strike_G+1","Strike_G+1","Defend_G+1","Defend_G+1","Defend_G+1","Defend_G+1","Defend_G+1","Survivor","Neutralize","Dagger Spray+1","Deadly Poison+1","Grand Finale","Flash of Steel","Dagger Throw+1","Bane","Poisoned Stab","Corpse Explosion","RitualDagger","Acrobatics","Tactician+1","Prepared+1"],"relics":["Ring of the Snake","Tiny Chest","Lee\u0027s Waffle","Thread and Needle","White Beast Statue","Black Star","Question Card","Blood Vial"],"acts_visited":["Exordium","TheCity"],"potions_floor_usage":[28,28],"damage_taken":[{"damage":13.0,"enemies":"Cultist","floor":1.0,"turns":5.0},{"damage":3.0,"enemies":"Jaw Worm","floor":5.0,"turns":6.0},{"damage":5.0,"enemies":"2 Louse","floor":8.0,"turns":4.0},{"damage":0.0,"enemies":"Exordium Wildlife","floor":10.0,"turns":3.0},{"damage":0.0,"enemies":"3 Louse","floor":13.0,"turns":3.0},{"damage":7.0,"enemies":"Exordium Thugs","floor":14.0,"turns":5.0},{"damage":0.0,"enemies":"Slime Boss","floor":16.0,"turns":4.0},{"damage":0.0,"enemies":"3 Byrds","floor":18.0,"turns":3.0},{"damage":27.0,"enemies":"Spheric Guardian","floor":20.0,"turns":6.0},{"damage":9.0,"enemies":"Snake Plant","floor":22.0,"turns":6.0},{"damage":0.0,"enemies":"Centurion and Healer","floor":24.0,"turns":5.0},{"damage":4.0,"enemies":"3 Cultists","floor":27.0,"turns":3.0},{"damage":78,"enemies":"Book of Stabbing","floor":28,"turns":6}],"seed_played":"4468091522712417176","potions_obtained":[{"floor":5.0,"key":"Block Potion"},{"floor":13.0,"key":"Poison Potion"},{"floor":14.0,"key":"SteroidPotion"},{"floor":16.0,"key":"ColorlessPotion"},{"floor":18.0,"key":"ColorlessPotion"},{"floor":20.0,"key":"EssenceOfSteel"},{"floor":22.0,"key":"SpeedPotion"},{"floor":24.0,"key":"SneckoOil"},{"floor":27.0,"key":"Regen Potion"}],"is_trial":false,"path_per_floor":["M","T","?","?","M","R","$","M","T","M","R","T","M","M","R","B",null,"M","?","M","?","M","R","M","T","T","M","E"],"character_chosen":"THE_SILENT","items_purchased":["Grand Finale","Flash of Steel","Lee\u0027s Waffle","Energy Potion"],"campfire_rested":1,"item_purchase_floors":[7,7,7,7],"current_hp_per_floor":[46,46,46,35,32,32,73,68,68,68,68,68,68,61,61,61,70,70,64,37,37,28,49,49,49,49,47,0,0],"gold":199,"neow_bonus":"TWO_FIFTY_GOLD","is_daily":false,"chose_seed":false,"campfire_upgraded":3,"win_rate":0.0,"timestamp":1609546933,"path_taken":["M","?","?","?","M","R","$","M","T","?","R","?","M","M","R","BOSS","M","?","M","?","?","R","M","?","T","?","E"],"items_purchased_type":["Card","Card","Relic","Potion"],"build_version":"2020-12-22","purchased_purges":1,"victory":false,"max_hp_per_floor":[66,66,66,66,66,66,73,73,73,73,73,73,73,73,73,73,73,73,73,73,73,73,73,73,73,73,73,73,73],"relic_stats":{"Blood Vial":4,"Lee\u0027s Waffle":41,"counters":[13,59],"Tiny Chest":2,"Black Star":0,"Question Card":1,"obtain_stats":[{"Blood Vial":26,"Lee\u0027s Waffle":7,"Tiny Chest":2,"Thread and Needle":9,"Black Star":17,"Question Card":25,"White Beast Statue":12,"Ring of the Snake":0},{"Blood Vial":11,"Lee\u0027s Waffle":2,"Tiny Chest":1,"Thread and Needle":3,"Black Star":7,"Question Card":11,"White Beast Statue":4,"Ring of the Snake":0},{"Blood Vial":50,"Lee\u0027s Waffle":11,"Tiny Chest":5,"Thread and Needle":15,"Black Star":30,"Question Card":50,"White Beast Statue":18,"Ring of the Snake":0}],"Ring of the Snake":[26]},"card_choices":[{"not_picked":["Bane","Expertise"],"picked":"Dagger Spray","floor":1.0},{"not_picked":["Dagger Throw","Deflect"],"picked":"Deadly Poison","floor":5.0},{"not_picked":["Tactician","Accuracy","Deflect"],"picked":"SKIP","floor":8.0},{"not_picked":["Flying Knee","Eviscerate"],"picked":"Dagger Throw","floor":10.0},{"not_picked":["Dodge and Roll","Distraction"],"picked":"Bane","floor":13.0},{"not_picked":["PiercingWail","Concentrate"],"picked":"Poisoned Stab","floor":14.0},{"not_picked":["A Thousand Cuts","Doppelganger"],"picked":"Corpse Explosion","floor":16.0},{"not_picked":["Blade Dance","Prepared","Flechettes"],"picked":"SKIP","floor":18.0},{"not_picked":["Masterful Stab","Underhanded Strike","Dagger Spray+1"],"picked":"SKIP","floor":20.0},{"not_picked":["Heel Hook","Sucker Punch"],"picked":"Acrobatics","floor":22.0},{"not_picked":["Poisoned Stab","Dagger Spray"],"picked":"Tactician+1","floor":24.0},{"not_picked":["Backstab","Doppelganger","Slice+1"],"picked":"Prepared+1","floor":27.0}],"player_experience":1162941,"relics_obtained":[{"floor":2.0,"key":"Tiny Chest"},{"floor":9.0,"key":"Thread and Needle"},{"floor":12.0,"key":"White Beast Statue"},{"floor":25.0,"key":"Question Card"},{"floor":26.0,"key":"Blood Vial"}],"event_choices":[{"cards_removed":["Pain"],"damage_healed":0.0,"max_hp_gain":0.0,"max_hp_loss":0.0,"gold_gain":0.0,"event_name":"Living Wall","player_choice":"Forget","floor":3.0,"gold_loss":0.0,"damage_taken":0.0},{"damage_healed":0.0,"max_hp_gain":0.0,"max_hp_loss":0.0,"gold_gain":75.0,"event_name":"World of Goop","player_choice":"Gather Gold","floor":4.0,"gold_loss":0.0,"damage_taken":11.0},{"damage_healed":0.0,"max_hp_gain":0.0,"max_hp_loss":0.0,"gold_gain":0.0,"event_name":"Nest","player_choice":"Joined the Cult","floor":19.0,"gold_loss":0.0,"damage_taken":6.0,"cards_obtained":["RitualDagger"]},{"damage_healed":0.0,"max_hp_gain":0.0,"max_hp_loss":0.0,"gold_gain":0.0,"event_name":"Back to Basics","player_choice":"Simplicity","floor":21.0,"gold_loss":0.0,"damage_taken":0.0,"cards_upgraded":["Strike_G","Strike_G","Strike_G","Strike_G","Defend_G","Defend_G","Defend_G","Defend_G","Defend_G"]}],"is_beta":false,"boss_relics":[{"not_picked":["Coffee Dripper","Ring of the Serpent"],"picked":"Black Star"}],"items_purged_floors":[7],"is_endless":false,"potions_floor_spawned":[5,13,14,16,18,20,22,24,27],"killed_by":"Book of Stabbing","ascension_level":20}}