{"host":"2se5dq1do2gp0x9k","time":1609563958,"event":{"mods":["AchievementEnabler","BaseMod","Block Reminder","Colored Map","Colored Powertips","Minty Spire (QoL Compilation)","Relic Stats","StSLib","SuperFastMode"],"gold_per_floor":[118,118,135,135,153,153,184,184,184,225,248,248,273,293,293,423,423,443,190,205,155,87,87,87,87],"floor_reached":24,"playtime":996,"items_purged":["Defend_P"],"score":237,"play_id":"b2a8c842-bb7e-40fb-a54a-c67ac03a607f","local_time":"20210101210558","is_ascension_mode":true,"campfire_choices":[{"data":"Eruption","floor":6.0,"key":"SMITH"},{"data":"ReachHeaven","floor":8.0,"key":"SMITH"},{"data":"DeusExMachina","floor":15,"key":"SMITH"},{"data":"Establishment","floor":23,"key":"SMITH"}],"circlet_count":0,"master_deck":["Strike_P","Strike_P","Strike_P","Defend_P","Defend_P","Eruption+1","Vigilance","DeusExMachina+1","ReachHeaven+1","FearNoEvil","JustLucky","Protect","Swivel","ReachHeaven","Swivel","TalkToTheHand","Establishment+1","FlyingSleeves","Fasting2","Protect","ClearTheMind","CutThroughFate","Crescendo+1","Tantrum"],"relics":["PureWater","Golden Idol","Torii","Pocketwatch","Bag of Marbles","VioletLotus"],"acts_visited":["TheCity"],"potions_floor_usage":[],"damage_taken":[{"damage":0.0,"enemies":"Cultist","floor":1.0,"turns":3.0},{"damage":8.0,"enemies":"2 Louse","floor":3.0,"turns":3.0},{"damage":0.0,"enemies":"Small Slimes","floor":5.0,"turns":2.0},{"damage":10.0,"enemies":"Lagavulin","floor":7.0,"turns":5.0},{"damage":2.0,"enemies":"3 Sentries","floor":10.0,"turns":4.0},{"damage":1.0,"enemies":"Gremlin Gang","floor":11.0,"turns":2.0},{"damage":9.0,"enemies":"Looter","floor":13.0,"turns":2.0},{"damage":1,"enemies":"Exordium Thugs","floor":14,"turns":4},{"damage":26,"enemies":"The Guardian","floor":16,"turns":9},{"damage":1,"enemies":"Spheric Guardian","floor":18,"turns":4},{"damage":10,"enemies":"2 Thieves","floor":20,"turns":4},{"damage":60,"enemies":"Slavers","floor":24,"turns":3}],"seed_played":"-2710535945156303890","potions_obtained":[{"floor":3.0,"key":"Fire Potion"},{"floor":5.0,"key":"Explosive Potion"},{"floor":7.0,"key":"DuplicationPotion"},{"floor":11.0,"key":"FearPotion"}],"is_trial":false,"path_per_floor":["M","$","M","?","M","R","E","R","T","E","M","?","M","M","R","B",null,"M","$","M","?","$","R","E"],"character_chosen":"WATCHER","items_purchased":["Fasting2","Protect","ClearTheMind","CutThroughFate","Tantrum"],"campfire_rested":0,"item_purchase_floors":[19,19,19,19,22],"current_hp_per_floor":[65,65,57,57,57,57,47,47,47,45,44,38,29,28,28,2,60,59,59,49,49,49,49,0,0],"gold":87,"neow_bonus":"TRANSFORM_TWO_CARDS","is_daily":false,"chose_seed":false,"campfire_upgraded":4,"win_rate":0.0,"timestamp":1609563958,"path_taken":["M","$","?","?","M","R","E","R","T","E","M","?","?","M","R","BOSS","M","$","M","?","?","R","E"],"items_purchased_type":["Card","Card","Card","Card","Card"],"build_version":"2020-12-22","purchased_purges":1,"victory":false,"max_hp_per_floor":[65,65,65,60,60,60,60,60,60,60,60,60,60,60,60,60,60,60,60,60,60,60,60,60,60],"relic_stats":{"Torii":9,"counters":[12,45],"Golden Idol":70,"VioletLotus":[2],"obtain_stats":[{"Torii":7,"Golden Idol":4,"VioletLotus":17,"Bag of Marbles":10,"PureWater":0,"Pocketwatch":9},{"Torii":4,"Golden Idol":2,"VioletLotus":9,"Bag of Marbles":5,"PureWater":0,"Pocketwatch":4},{"Torii":13,"Golden Idol":6,"VioletLotus":34,"Bag of Marbles":17,"PureWater":0,"Pocketwatch":13}],"Pocketwatch":[20]},"card_choices":[{"not_picked":["SashWhip","FollowUp"],"picked":"FearNoEvil","floor":1.0},{"not_picked":["WaveOfTheHand","EmptyMind","WheelKick"],"picked":"SKIP","floor":3.0},{"not_picked":["Halt","EmptyFist"],"picked":"JustLucky","floor":5.0},{"not_picked":["Evaluate","ForeignInfluence"],"picked":"Protect","floor":7.0},{"not_picked":["DeceiveReality","SashWhip"],"picked":"Swivel","floor":10.0},{"not_picked":["FlyingSleeves","Conclude"],"picked":"ReachHeaven","floor":11.0},{"not_picked":["WaveOfTheHand","Study"],"picked":"Swivel","floor":13},{"not_picked":["ClearTheMind","Weave"],"picked":"TalkToTheHand","floor":14},{"not_picked":["Devotion","Vault"],"picked":"Establishment","floor":16},{"not_picked":["Halt","SashWhip"],"picked":"FlyingSleeves","floor":18},{"not_picked":["Vengeance+1","Protect+1"],"picked":"Crescendo+1","floor":20}],"player_experience":3703317,"relics_obtained":[{"floor":7.0,"key":"Torii"},{"floor":9.0,"key":"Pocketwatch"},{"floor":10.0,"key":"Bag of Marbles"}],"event_choices":[{"damage_healed":0.0,"max_hp_gain":0.0,"max_hp_loss":5.0,"gold_gain":0.0,"event_name":"Golden Idol","player_choice":"Lose Max HP","floor":4.0,"gold_loss":0.0,"damage_taken":0.0,"relics_obtained":["Golden Idol"]},{"damage_healed":0.0,"max_hp_gain":0.0,"max_hp_loss":0.0,"gold_gain":0.0,"event_name":"Wheel of Change","player_choice":"Damaged","floor":12.0,"gold_loss":0.0,"damage_taken":6.0},{"damage_healed":0,"gold_gain":0,"player_choice":"Bet on Murderer","damage_taken":0,"max_hp_gain":0,"max_hp_loss":0,"event_name":"The Joust","floor":21,"gold_loss":50}],"is_beta":false,"boss_relics":[{"not_picked":["Runic Pyramid","Cursed Key"],"picked":"VioletLotus"}],"items_purged_floors":[19],"is_endless":false,"potions_floor_spawned":[3,5,7,11],"killed_by":"Slavers","ascension_level":3}}