{"host":"gfcy6tva0ju5i6qm","time":1609630287,"event":{"mods":["AchievementEnabler","Act Like it!","Bartender","BaseMod","Best Route Mod","Better Altar","Better Match","Better Note","Better Sensory Stone","Better Skull","Block Reminder","Colored Map","Colored Powertips","DeckTracker","Energized Spire","Friendly Minions","GifTheSpireLib","Hermit","Jorbs\u0027s Wanderer Trilogy","Minty Spire (QoL Compilation)","Rare Cards Sparkle","Shop Mod","StSLib","The Bladedancer","The Bug Knight","The Cursed","The Disciple","The Hierophant","The Judge","The Servant 0.9.4","TheFirefly","everything is the same but u backflip on backflip"],"gold_per_floor":[116,133,144,157,173,204,204,237,264,276,302,314,360,386,398,508,520,546,15,15,15,30,57,57,57],"floor_reached":24,"playtime":1886,"items_purged":["Strike_R"],"score":286,"play_id":"877c54d9-488b-42e6-a915-5c6de0a27ec9","local_time":"20210102183127","is_ascension_mode":true,"campfire_choices":[{"data":"Armaments","floor":7.0,"key":"SMITH"},{"data":"Whirlwind","floor":10.0,"key":"SMITH"},{"data":"Infernal Blade","floor":15.0,"key":"SMITH"}],"circlet_count":0,"master_deck":["Strike_R","Strike_R","Strike_R","Defend_R","Defend_R","Defend_R","Defend_R","Bash","Perfected Strike","Clothesline","Burning Pact","Armaments+1","Whirlwind+1","Juggernaut","Infernal Blade+1","Inflame","Reaper","Offering","Barricade+1","Warcry+1","Entrench"],"relics":["Burning Blood","Akabeko","Sundial","MawBank","Red Skull","energizedSpire:TabascoSauce","PreservedInsect","Ancient Tea Set","Sling","GremlinMask","Juzu Bracelet"],"acts_visited":["Exordium","TheCity"],"potions_floor_usage":[24],"damage_taken":[{"damage":0.0,"enemies":"Small Slimes","floor":1.0,"turns":3.0},{"damage":1.0,"enemies":"Cultist","floor":2.0,"turns":3.0},{"damage":0.0,"enemies":"2 Louse","floor":3.0,"turns":2.0},{"damage":20.0,"enemies":"Gremlin Gang","floor":4.0,"turns":5.0},{"damage":8.0,"enemies":"3 Louse","floor":5.0,"turns":3.0},{"damage":22.0,"enemies":"Gremlin Nob","floor":6.0,"turns":4.0},{"damage":15.0,"enemies":"3 Sentries","floor":8.0,"turns":6.0},{"damage":15.0,"enemies":"Lots of Slimes","floor":11.0,"turns":2.0},{"damage":22.0,"enemies":"Lagavulin","floor":13.0,"turns":7.0},{"damage":8.0,"enemies":"Blue Slaver","floor":14.0,"turns":4.0},{"damage":15.0,"enemies":"Hexaghost","floor":16.0,"turns":11.0},{"damage":17.0,"enemies":"2 Thieves","floor":18.0,"turns":4.0},{"damage":18.0,"enemies":"Spheric Guardian","floor":22.0,"turns":4.0},{"damage":33.0,"enemies":"Book of Stabbing","floor":23.0,"turns":3.0},{"damage":25,"enemies":"Shelled Parasite and Fungi","floor":24,"turns":3}],"seed_played":"5798967120502781428","potions_obtained":[{"floor":0.0,"key":"BlessingOfTheForge"},{"floor":0.0,"key":"Block Potion"},{"floor":0.0,"key":"Energy Potion"},{"floor":3.0,"key":"ElixirPotion"},{"floor":4.0,"key":"Energy Potion"},{"floor":13.0,"key":"Ancient Potion"},{"floor":14.0,"key":"Weak Potion"},{"floor":22.0,"key":"AttackPotion"}],"is_trial":false,"path_per_floor":["M","M","M","M","M","E","R","E","T","R","M","?","E","M","R","B",null,"M","$","?","?","M","E","M"],"character_chosen":"IRONCLAD","items_purchased":["PreservedInsect","Ancient Tea Set","Sling"],"campfire_rested":0,"item_purchase_floors":[19,19,19],"current_hp_per_floor":[80,80,80,66,64,48,48,39,39,39,30,30,14,12,12,13,80,69,69,69,69,54,24,0,0],"gold":57,"neow_bonus":"THREE_SMALL_POTIONS","is_daily":false,"chose_seed":false,"campfire_upgraded":3,"win_rate":0.0,"timestamp":1609630287,"path_taken":["M","M","M","M","M","E","R","E","T","R","M","?","E","?","R","BOSS","M","$","?","?","M","E","M"],"items_purchased_type":["Relic","Relic","Relic"],"build_version":"2020-12-22","purchased_purges":1,"victory":false,"max_hp_per_floor":[80,80,80,80,80,80,80,80,80,80,80,80,80,80,80,80,80,80,80,80,80,80,80,80,80],"card_choices":[{"not_picked":["Entrench","Inflame"],"picked":"Perfected Strike","floor":1.0},{"not_picked":["Twin Strike","Battle Trance"],"picked":"Clothesline","floor":2.0},{"not_picked":["Headbutt","Warcry"],"picked":"Burning Pact","floor":3.0},{"not_picked":["Body Slam","Intimidate"],"picked":"Armaments","floor":4.0},{"not_picked":["Rampage","Warcry"],"picked":"Whirlwind","floor":5.0},{"not_picked":["Perfected Strike","Cleave"],"picked":"Juggernaut","floor":6.0},{"not_picked":["Armaments","Flex"],"picked":"Infernal Blade","floor":8.0},{"not_picked":["Burning Pact","Blood for Blood"],"picked":"Inflame","floor":11.0},{"not_picked":["Disarm","Entrench"],"picked":"Reaper","floor":13.0},{"not_picked":["Wild Strike","Anger","Inflame"],"picked":"SKIP","floor":14.0},{"not_picked":["Brutality","Impervious"],"picked":"Offering","floor":16.0},{"not_picked":["Iron Wave+1","Armaments","Clash"],"picked":"SKIP","floor":18.0},{"not_picked":["Thunderclap+1","Havoc+1"],"picked":"Warcry+1","floor":22.0},{"not_picked":["Clothesline","Sentinel"],"picked":"Entrench","floor":23.0}],"player_experience":433263,"relics_obtained":[{"floor":6.0,"key":"Akabeko"},{"floor":8.0,"key":"Sundial"},{"floor":9.0,"key":"MawBank"},{"floor":13.0,"key":"Red Skull"},{"floor":23.0,"key":"Juzu Bracelet"}],"event_choices":[{"cards_removed":["Strike_R"],"damage_healed":0.0,"max_hp_gain":0.0,"max_hp_loss":0.0,"gold_gain":0.0,"event_name":"Purifier","player_choice":"Purged","floor":12.0,"gold_loss":0.0,"damage_taken":0.0},{"cards_removed":["Whirlwind"],"damage_healed":0.0,"max_hp_gain":0.0,"max_hp_loss":0.0,"gold_gain":0.0,"event_name":"betterNote:BetterNote","player_choice":"Take \u0026 Give","floor":20.0,"gold_loss":0.0,"damage_taken":0.0,"cards_obtained":["Barricade"]},{"damage_healed":0.0,"max_hp_gain":0.0,"max_hp_loss":0.0,"gold_gain":0.0,"event_name":"FaceTrader","player_choice":"Trade","floor":21.0,"gold_loss":0.0,"damage_taken":0.0,"relics_obtained":["GremlinMask"]}],"is_beta":false,"boss_relics":[{"not_picked":["Velvet Choker","SlaversCollar"],"picked":"energizedSpire:TabascoSauce"}],"items_purged_floors":[19],"is_endless":false,"potions_floor_spawned":[3,4,5,13,14,22],"killed_by":"Shelled Parasite and Fungi","ascension_level":4}}