{"host":"3qkmyeoym75lj4wn","time":1609605743,"event":{"mods":["2.2 Compatiblity","BaseMod","Block Reminder","Colored Powertips","Highlight Path","Minty Spire (QoL Compilation)","Permanent Neow","Potion Indicator Mod","Rare Cards Sparkle","Relic Stats","StSLib"],"gold_per_floor":[115,22,40,40,0,0,29,41,53,96,108,136,182,50,50,125,125,143,68,38,48,63,63,96,116,116,141,156,71,71,71,71,71,71],"floor_reached":33,"playtime":1304,"items_purged":["Strike_R"],"score":602,"play_id":"338099a2-bffb-41a0-9567-48d88305af16","local_time":"20210102164223","is_ascension_mode":true,"campfire_choices":[{"data":"Armaments","floor":6,"key":"SMITH"},{"data":"Demon Form","floor":11,"key":"SMITH"},{"data":"Metallicize","floor":15,"key":"SMITH"},{"floor":23,"key":"REST"},{"floor":32,"key":"REST"}],"circlet_count":0,"master_deck":["AscendersBane","Strike_R+1","Strike_R+1","Strike_R+1","Strike_R+1","Defend_R+1","Defend_R+1","Defend_R+1","Defend_R+1","Bash+1","Armaments+1","Metallicize+1","Thunderclap","Immolate","Demon Form+1","Ghostly Armor","Seeing Red","Twin Strike","Flame Barrier","Feed","Heavy Blade","Flame Barrier","Battle Trance","Decay"],"relics":["Burning Blood","MawBank","Toy Ornithopter","Ornamental Fan","PreservedInsect","Pear","Cursed Key","Pocketwatch","Question Card","Centennial Puzzle","Boot"],"acts_visited":["Exordium","TheCity"],"potions_floor_usage":[10,16,21],"damage_taken":[{"damage":14,"enemies":"Jaw Worm","floor":1,"turns":3},{"damage":0,"enemies":"2 Louse","floor":3,"turns":3},{"damage":32,"enemies":"3 Sentries","floor":7,"turns":13},{"damage":9,"enemies":"Lagavulin","floor":10,"turns":6},{"damage":0,"enemies":"Cultist","floor":12,"turns":3},{"damage":5,"enemies":"3 Sentries","floor":13,"turns":3},{"damage":16,"enemies":"Hexaghost","floor":16,"turns":9},{"damage":38,"enemies":"Chosen","floor":18,"turns":6},{"damage":5,"enemies":"2 Thieves","floor":21,"turns":4},{"damage":24,"enemies":"Centurion and Healer","floor":22,"turns":8},{"damage":39,"enemies":"Slavers","floor":24,"turns":3},{"damage":2,"enemies":"Snake Plant","floor":25,"turns":4},{"damage":11,"enemies":"Gremlin Leader","floor":27,"turns":3},{"damage":10,"enemies":"Chosen and Byrds","floor":28,"turns":5},{"damage":98,"enemies":"Automaton","floor":33,"turns":10}],"seed_played":"-6710377436438158798","potions_obtained":[{"floor":7,"key":"ColorlessPotion"},{"floor":12,"key":"Block Potion"},{"floor":20,"key":"SneckoOil"},{"floor":20,"key":"FairyPotion"},{"floor":22,"key":"FearPotion"}],"is_trial":false,"path_per_floor":["M","$","M","?","?","R","E","?","T","E","R","M","E","$","R","B",null,"M","$","?","M","M","R","E","M","T","E","M","?","?","?","R","B"],"character_chosen":"IRONCLAD","items_purchased":["Metallicize","Thunderclap","Twin Strike","Flame Barrier"],"campfire_rested":2,"item_purchase_floors":[2,2,14,14],"current_hp_per_floor":[60,60,66,66,66,66,40,40,40,42,42,48,59,59,59,54,77,45,45,45,51,36,62,29,33,33,31,27,27,27,27,54,0,0],"gold":71,"neow_bonus":"UPGRADE_CARD","is_daily":false,"chose_seed":false,"campfire_upgraded":3,"win_rate":0.0,"timestamp":1609605743,"path_taken":["M","$","M","?","?","R","E","?","T","E","R","M","E","$","R","BOSS","M","?","?","M","?","R","E","M","T","E","M","?","?","?","R","BOSS"],"items_purchased_type":["Card","Card","Card","Card"],"build_version":"2020-12-22","purchased_purges":1,"victory":false,"max_hp_per_floor":[75,75,75,75,75,75,75,75,75,75,75,75,85,85,85,85,85,85,85,85,85,88,88,88,88,88,91,91,91,91,91,91,91,91],"relic_stats":{"Centennial Puzzle":[6],"counters":[15,83],"Ornamental Fan":[36],"PreservedInsect":118,"MawBank":84,"Cursed Key":1,"Question Card":2,"Boot":[6],"obtain_stats":[{"Centennial Puzzle":27,"Pear":13,"Ornamental Fan":9,"PreservedInsect":10,"MawBank":7,"Cursed Key":17,"Question Card":26,"Boot":29,"Burning Blood":0,"Toy Ornithopter":8,"Pocketwatch":24},{"Centennial Puzzle":13,"Pear":6,"Ornamental Fan":3,"PreservedInsect":4,"MawBank":3,"Cursed Key":7,"Question Card":12,"Boot":14,"Burning Blood":0,"Toy Ornithopter":3,"Pocketwatch":11},{"Centennial Puzzle":68,"Pear":31,"Ornamental Fan":19,"PreservedInsect":25,"MawBank":19,"Cursed Key":40,"Question Card":65,"Boot":73,"Burning Blood":0,"Toy Ornithopter":19,"Pocketwatch":61}],"Burning Blood":84,"Toy Ornithopter":15,"Pocketwatch":[43]},"card_choices":[{"not_picked":["Anger","Flex"],"picked":"Armaments","floor":1},{"not_picked":["Power Through","Anger","Wild Strike"],"picked":"SKIP","floor":3},{"not_picked":["Rampage","Intimidate"],"picked":"Immolate","floor":7},{"not_picked":["Iron Wave","Sword Boomerang"],"picked":"Demon Form","floor":10},{"not_picked":["Perfected Strike","Pommel Strike"],"picked":"Ghostly Armor","floor":12},{"not_picked":["Twin Strike","Havoc"],"picked":"Seeing Red","floor":13},{"not_picked":["Impervious","Fiend Fire"],"picked":"Feed","floor":16},{"not_picked":["Infernal Blade","Power Through+1"],"picked":"Heavy Blade","floor":18},{"not_picked":["Havoc","Flex","Thunderclap"],"picked":"SKIP","floor":21},{"not_picked":["Carnage","Clothesline","True Grit"],"picked":"SKIP","floor":22},{"not_picked":["Anger","Armaments"],"picked":"Flame Barrier","floor":24},{"not_picked":["Evolve","Thunderclap"],"picked":"Battle Trance","floor":25},{"not_picked":["Evolve","Perfected Strike","Havoc","Rampage"],"picked":"SKIP","floor":27},{"not_picked":["Juggernaut","Havoc","Warcry","Thunderclap"],"picked":"SKIP","floor":28}],"player_experience":1638613,"relics_obtained":[{"floor":7,"key":"MawBank"},{"floor":8,"key":"Toy Ornithopter"},{"floor":9,"key":"Ornamental Fan"},{"floor":10,"key":"PreservedInsect"},{"floor":13,"key":"Pear"},{"floor":24,"key":"Pocketwatch"},{"floor":26,"key":"Question Card"},{"floor":27,"key":"Centennial Puzzle"}],"event_choices":[{"damage_healed":0,"gold_gain":0,"player_choice":"Leave","damage_taken":0,"max_hp_gain":0,"max_hp_loss":0,"event_name":"The Cleric","floor":4,"gold_loss":0},{"damage_healed":0,"gold_gain":0,"player_choice":"Left Gold","damage_taken":0,"max_hp_gain":0,"max_hp_loss":0,"event_name":"World of Goop","floor":5,"gold_loss":40},{"damage_healed":0,"gold_gain":0,"player_choice":"Relic","damage_taken":0,"max_hp_gain":0,"max_hp_loss":0,"event_name":"Wheel of Change","floor":8,"gold_loss":0},{"damage_healed":0,"gold_gain":0,"player_choice":"Bought 2 Potions","damage_taken":0,"max_hp_gain":0,"max_hp_loss":0,"event_name":"The Woman in Blue","floor":20,"gold_loss":0},{"damage_healed":0,"gold_gain":0,"player_choice":"Obtained Relic","damage_taken":0,"relics_obtained":["Boot"],"max_hp_gain":0,"max_hp_loss":0,"event_name":"Addict","floor":29,"gold_loss":85},{"damage_healed":0,"gold_gain":0,"player_choice":"Simplicity","damage_taken":0,"max_hp_gain":0,"max_hp_loss":0,"event_name":"Back to Basics","floor":30,"gold_loss":0,"cards_upgraded":["Strike_R","Strike_R","Strike_R","Strike_R","Defend_R","Defend_R","Defend_R","Defend_R"]},{"damage_healed":0,"gold_gain":0,"player_choice":"Ignored","damage_taken":0,"max_hp_gain":0,"max_hp_loss":0,"event_name":"Cursed Tome","floor":31,"gold_loss":0}],"is_beta":false,"boss_relics":[{"not_picked":["Runic Pyramid","Calling Bell"],"picked":"Cursed Key"}],"items_purged_floors":[19],"is_endless":false,"potions_floor_spawned":[7,12,22,25,28],"killed_by":"Automaton","ascension_level":20}}