{"host":"vm8b3ptwl81uq21f","time":1609552033,"event":{"mods":["Aspiration","BaseMod","BetterRewards","Colored Map","Colored Powertips","Downfall","GifTheSpireLib","Googly Eyes","GungeonMod","Halation","Hubris","Infinite Spire","Minty Spire (QoL Compilation)","Quick Restart","Rare Cards Sparkle","Replay The Spire","Shop Mod","StSLib","Stuff the Spire","The Bug Knight","The IronCluck","[IsaacMod]????"],"gold_per_floor":[0,115,115,129,145,171,171,195,207,234,246,258,270,292,323,431,443,455,482,91,101,26,126,180,180,215,215,140,151,151,166,181,283,283,283,297,77,97,108,108,157,157,183,183,95,106,106,122,136,136],"floor_reached":51,"playtime":2877,"items_purged":["Slimebound:Strike_Slimebound","Slimebound:Tackle","Slimebound:Strike_Slimebound","Slimebound:Strike_Slimebound"],"score":776,"play_id":"0ccfceb6-0344-4d82-a0a6-1cad071df95e","local_time":"20210101204713","is_ascension_mode":false,"campfire_choices":[{"data":"Slimebound:Split","floor":9,"key":"SMITH"},{"data":"Slimebound:Teamwork","floor":11,"key":"SMITH"},{"data":"Slimebound:SplitAcid","floor":13,"key":"SMITH"},{"data":"Slimebound:LeadByExample","floor":18,"key":"SMITH"},{"data":"Slimebound:OozeBath","floor":25,"key":"SMITH"},{"data":"hubris:InfiniteBlow+5","floor":28,"key":"SMITH"},{"data":"StuffTheSpire:Innocence","floor":35,"key":"SMITH"},{"data":"hubris:InfiniteBlow+6","floor":40,"key":"SMITH"},{"data":"hubris:InfiniteBlow+7","floor":42,"key":"SMITH"},{"data":"hubris:InfiniteBlow+8","floor":44,"key":"SMITH"},{"data":"hubris:InfiniteBlow+9","floor":47,"key":"SMITH"}],"circlet_count":0,"master_deck":["Slimebound:Defend_Slimebound","Slimebound:Defend_Slimebound","Slimebound:Defend_Slimebound","Slimebound:Defend_Slimebound","Slimebound:Split+1","Slimebound:CorrosiveSpit","Slimebound:Teamwork+1","Slimebound:SplitAcid+1","Slimebound:MinionMaster","Slimebound:Nibble","Slimebound:LeadByExample+1","Slimebound:SplitBruiser+1","Slimebound:OozeBath+1","expansioncontent:ManipulateTime","StuffTheSpire:Innocence+1","Slimebound:SplitLeeching+1","Pot Of Greed+1","Pot Of Greed+1","hubris:InfiniteBlow+10","Slimebound:LivingWall+1","Slimebound:Prepare+1","Slimebound:SplitLeeching+1","Slimebound:MassRepurpose+1","Pot Of Greed+1","ReplayTheSpireMod:Speed Training+1","Slimebound:Recollect+1","Slimebound:HauntingLick+1","Slimebound:Replication+1","Burst+1","ReplayTheSpireMod:The Works+1"],"relics":["HushsDoor","HowToJump","m_BurningSludge","halation:PinkSoulGem","Smiling Mask","MawBank","halation:Risk","DemoMod:OrangeGuonStone","Bird Faced Urn","Toxic Egg 2","Grinning Jar","Replay:Bottled Flurry","Lee\u0027s Waffle","downfall:HeartBlessingGreen","aspiration:SilentSkillbook","Frozen Eye","aspiration:TomeofQuesting","hubris:TenFootPole","PrismaticShard"],"acts_visited":["Exordium","TheCity","TheBeyond"],"potions_floor_usage":[16,23,23,43,43,43],"damage_taken":[{"damage":18,"enemies":"Jaw Worm","floor":2,"turns":4},{"damage":4,"enemies":"2 Louse","floor":4,"turns":3},{"damage":8,"enemies":"Small Slimes","floor":5,"turns":3},{"damage":43,"enemies":"Gremlin Nob","floor":6,"turns":4},{"damage":0,"enemies":"3 Louse","floor":8,"turns":1},{"damage":3,"enemies":"Large Slime","floor":10,"turns":5},{"damage":15,"enemies":"Lots of Slimes","floor":14,"turns":2},{"damage":12,"enemies":"2 Fungi Beasts","floor":15,"turns":2},{"damage":36,"enemies":"downfall:Watcher","floor":16,"turns":8},{"damage":48,"enemies":"3 Byrds","floor":19,"turns":4},{"damage":24,"enemies":"downfall:FleeingMerchant","floor":20,"turns":4},{"damage":24,"enemies":"Shell Parasite","floor":21,"turns":4},{"damage":40,"enemies":"Colosseum Nobs","floor":23,"turns":5},{"damage":33,"enemies":"Gremlin Leader","floor":26,"turns":7},{"damage":31,"enemies":"Shelled Parasite and Fungi","floor":29,"turns":4},{"damage":40,"enemies":"Centurion and Healer","floor":31,"turns":6},{"damage":8,"enemies":"Sentry and Sphere","floor":32,"turns":3},{"damage":43,"enemies":"downfall:Silent","floor":33,"turns":6},{"damage":22,"enemies":"3 Shapes","floor":36,"turns":3},{"damage":39,"enemies":"downfall:FleeingMerchant","floor":37,"turns":4},{"damage":0,"enemies":"Orb Walker","floor":38,"turns":1},{"damage":24,"enemies":"3 Darklings","floor":39,"turns":5},{"damage":33,"enemies":"Giant Head","floor":43,"turns":9},{"damage":24,"enemies":"downfall:FleeingMerchant","floor":45,"turns":3},{"damage":0,"enemies":"Writhing Mass","floor":46,"turns":1},{"damage":33,"enemies":"Sphere and 2 Shapes","floor":48,"turns":4},{"damage":54,"enemies":"3 Darklings","floor":49,"turns":4},{"damage":0,"enemies":"downfall:Ironclad","floor":50,"turns":1}],"seed_played":"-1696860860710653388","potions_obtained":[{"floor":4,"key":"hexamod:EctoCoolerPotion"},{"floor":5,"key":"sneckomod:MuddlingPotion"},{"floor":6,"key":"Slimebound:SlimedPotion"},{"floor":16,"key":"Block Potion"},{"floor":19,"key":"SkillPotion"},{"floor":26,"key":"Slimebound:SlimedPotion"},{"floor":29,"key":"Slimebound:SlimedPotion"},{"floor":39,"key":"Energy Potion"},{"floor":48,"key":"Strength Potion"},{"floor":49,"key":"Elixir"}],"is_trial":false,"path_per_floor":["R_BF","M","?","M","M","E","T","M","R","M","R","?","R","M","M","B",null,"R","M","$","M","?","?","T","R","E","AVR","R","M","?","M","M","B",null,"R","M","$","M","M","R","T","R","E","R","$","M","R","M","M","B",null],"character_chosen":"SLIMEBOUND","items_purchased":["DemoMod:OrangeGuonStone","expansioncontent:ManipulateTime","Frozen Eye","Burst+1","ReplayTheSpireMod:The Works+1","PrismaticShard"],"campfire_rested":0,"item_purchase_floors":[20,20,37,45,45,45],"current_hp_per_floor":[60,53,53,55,59,32,32,32,32,47,47,47,47,50,56,38,60,60,42,48,54,54,44,44,44,47,67,67,66,66,67,67,56,67,67,67,62,62,67,67,67,67,67,67,67,67,67,67,45,45],"gold":136,"neow_bonus":"THREE_RARE_CARDS","is_daily":false,"chose_seed":false,"campfire_upgraded":11,"win_rate":0.0,"timestamp":1609552033,"path_taken":["R_BF","M","?","M","M","E","T","M","R","M","R","?","R","M","M","BOSS","R","M","?","M","?","?","T","R","E","AVR","R","M","?","M","M","BOSS","R","M","$","M","?","R","T","R","E","R","?","M","R","?","M","BOSS"],"items_purchased_type":["Relic","Card","Relic","Card","Card","Relic"],"build_version":"2020-12-22","purchased_purges":4,"victory":true,"max_hp_per_floor":[60,60,60,60,60,60,60,60,60,60,60,60,60,60,60,60,60,60,60,60,60,60,60,60,60,60,67,67,67,67,67,67,67,67,67,67,67,67,67,67,67,67,67,67,67,67,67,67,67,67],"card_choices":[{"not_picked":[],"picked":"BettingIsNotGood","floor":0},{"not_picked":["Slimebound:OozeBath","Slimebound:DouseInSlime"],"picked":"Slimebound:Teamwork","floor":0},{"not_picked":["Slimebound:LeechingTouch","Slimebound:Schlurp"],"picked":"Bomb","floor":2},{"not_picked":["Slimebound:DuplicatedForm","Slimebound:SamplingLick"],"picked":"Slimebound:SplitAcid","floor":4},{"not_picked":["Slimebound:ComboTackle","Slimebound:Chomp","Slimebound:LeechEnergy"],"picked":"SKIP","floor":5},{"not_picked":["Slimebound:DisruptingSlam","Bomb"],"picked":"Slimebound:MinionMaster","floor":6},{"not_picked":["Slimebound:ComboTackle","Slimebound:RollThrough"],"picked":"Slimebound:Nibble","floor":8},{"not_picked":["Slimebound:ViciousTackle","Slimebound:DisruptingSlam"],"picked":"Slimebound:LeadByExample","floor":10},{"not_picked":["Slimebound:LeechEnergy","Blood for Blood","Slimebound:Prepare"],"picked":"SKIP","floor":14},{"not_picked":["Slimebound:RollThrough","Slimebound:GrowthPunch","Slimebound:LeechEnergy"],"picked":"SKIP","floor":15},{"not_picked":["Slimebound:FirmFortitude+1","Slimebound:FinishingTackle"],"picked":"Slimebound:SplitBruiser+1","floor":19},{"not_picked":["Slimebound:FinishingTackle+1","Slimebound:RollThrough"],"picked":"Slimebound:OozeBath","floor":20},{"not_picked":["Slimebound:RejuvenatingLick","Slimebound:LeechEnergy+1","Slimebound:SlimeSpikes"],"picked":"SKIP","floor":21},{"not_picked":["Slimebound:FlameTackle","Slimebound:Grow"],"picked":"Slimebound:SplitLeeching+1","floor":23},{"not_picked":["Slimebound:ForwardTackle","Slimebound:LeechEnergy","Slimebound:FlameTackle+1"],"picked":"SKIP","floor":26},{"not_picked":["Slimebound:Chomp+1","Slimebound:GrowthPunch"],"picked":"Slimebound:LivingWall+1","floor":29},{"not_picked":["Slimebound:GoopSpray+1","Slimebound:PressTheAttack+1"],"picked":"Slimebound:Prepare+1","floor":31},{"not_picked":["Slimebound:LivingWall+1","Slimebound:GrowthPunch"],"picked":"Slimebound:SplitLeeching+1","floor":32},{"not_picked":["Slimebound:RallyTheTroops","Slimebound:PrepareCrush+1"],"picked":"Slimebound:MassRepurpose+1","floor":33},{"not_picked":["Noxious Fumes+1","Slimebound:Prepare+1","Slimebound:SamplingLick+1"],"picked":"ReplayTheSpireMod:Speed Training+1","floor":36},{"not_picked":["Slimebound:LeechEnergy+1","Slimebound:Equalize","Blade Dance+1"],"picked":"Slimebound:Recollect+1","floor":37},{"not_picked":["Flying Knee","Sucker Punch","Outmaneuver+1"],"picked":"Slimebound:HauntingLick+1","floor":38},{"not_picked":["StuffTheSpire:BumpUp+1","Slimebound:PrepareCrush+1","Slimebound:Chomp"],"picked":"Slimebound:Replication+1","floor":39},{"not_picked":["Masterful Stab","ReplayTheSpireMod:Exploit Weakness+1","Sucker Punch","Backflip+1"],"picked":"SKIP","floor":43},{"not_picked":["Finisher+1","Outmaneuver+1","hubris:SlightOfHand+1","Slimebound:RejuvenatingLick+1"],"picked":"SKIP","floor":45},{"not_picked":["CutThroughFate","Terror+1","Massacre+1","sneckomod:SoulDraw+1"],"picked":"SKIP","floor":46},{"not_picked":["DemoMod:DirectionalPad","Discovery+1","Guardian:PolyBeam+1","Dagger Throw"],"picked":"SKIP","floor":48},{"not_picked":["Hello World+1","Rebound+1","Blind+1","True Grit+1"],"picked":"SKIP","floor":49}],"player_experience":347232,"relics_obtained":[{"floor":6,"key":"Smiling Mask"},{"floor":7,"key":"MawBank"},{"floor":23,"key":"Bird Faced Urn"},{"floor":23,"key":"Toxic Egg 2"},{"floor":24,"key":"Grinning Jar"},{"floor":26,"key":"Replay:Bottled Flurry"},{"floor":41,"key":"aspiration:TomeofQuesting"},{"floor":43,"key":"hubris:TenFootPole"}],"event_choices":[{"cards_removed":["BettingIsNotGood"],"damage_healed":0,"gold_gain":0,"player_choice":"Card Removal","damage_taken":0,"max_hp_gain":0,"max_hp_loss":0,"event_name":"The Cleric","floor":12,"gold_loss":0}],"is_beta":false,"boss_relics":[{"not_picked":["aspiration:RitualDagger","aspiration:SecretTechniqueScroll"],"picked":"halation:Risk"},{"not_picked":[]},{"not_picked":["DemoMod:WaxWing","Abe\u0027s Treasure"],"picked":"aspiration:SilentSkillbook"},{"not_picked":[]}],"items_purged_floors":[20,27,37,45],"is_endless":false,"potions_floor_spawned":[4,5,6,14,15,16,19,26,29,33,38,39,48,49],"ascension_level":0}}