{"host":"a0a1jmiqtfusecqe","time":1609553794,"event":{"mods":["AchievementEnabler","BaseMod","BetterRewards","Minty Spire (QoL Compilation)","Permanent Neow","Quick Restart","Shop Mod","Spikes Relics","StSLib","SuperFastMode"],"gold_per_floor":[140,315,360,360,376,376,69,98,98,140,1,1,31,45,45,173,173,211,211,211,248,261,261,279,293,344,358,16,16,33,64,64,159,209,229,279,279,71,115,115,175,175,175,229,64,82,98,98,98,98],"floor_reached":51,"playtime":2277,"items_purged":["Doubt","Writhe","Pray+1"],"score":950,"play_id":"a0ba588c-9383-41f4-ba3f-fe0f42806e76","local_time":"20210101201634","is_ascension_mode":true,"campfire_choices":[{"floor":6,"key":"REST"},{"data":"Eruption","floor":15,"key":"SMITH"},{"floor":23,"key":"REST"},{"floor":29,"key":"REST"},{"floor":32,"key":"REST"},{"floor":40,"key":"REST"},{"floor":42,"key":"REST"},{"floor":49,"key":"REST"}],"circlet_count":0,"master_deck":["Eruption+1","Vigilance","ReachHeaven","EmptyFist","Indignation","InnerPeace","Tantrum","Halt","Wish","Halt","Protect","FlurryOfBlows","SashWhip","FlurryOfBlows","FollowUp","Halt","Consecrate","FlurryOfBlows","Devotion","Halt","FlurryOfBlows+1","EmptyFist+1","JustLucky+1","DeusExMachina","FollowUp+1","Protect+1","Madness","Madness","Halt+1","Flash of Steel"],"relics":["MerchantsRug","SnailShell","LugNut","MealTicket","Odd Mushroom","VioletLotus","Happy Flower","TheAbacus","PreservedInsect","Anchor","Juzu Bracelet","RollingBoulder","Kunai","Ginger","Shuriken"],"acts_visited":["Exordium","TheCity","TheBeyond"],"potions_floor_usage":[10,22,27,27,31,41,46],"damage_taken":[{"damage":18,"enemies":"Small Slimes","floor":1,"turns":4},{"damage":4,"enemies":"Jaw Worm","floor":3,"turns":4},{"damage":6,"enemies":"2 Louse","floor":5,"turns":2},{"damage":0,"enemies":"Lagavulin","floor":8,"turns":3},{"damage":0,"enemies":"2 Fungi Beasts","floor":10,"turns":3},{"damage":8,"enemies":"The Mushroom Lair","floor":13,"turns":3},{"damage":0,"enemies":"Looter","floor":14,"turns":2},{"damage":10,"enemies":"The Guardian","floor":16,"turns":7},{"damage":27,"enemies":"2 Thieves","floor":18,"turns":3},{"damage":0,"enemies":"3 Byrds","floor":21,"turns":5},{"damage":42,"enemies":"Sentry and Sphere","floor":22,"turns":4},{"damage":26,"enemies":"Centurion and Healer","floor":24,"turns":4},{"damage":3,"enemies":"3 Cultists","floor":25,"turns":4},{"damage":0,"enemies":"Snecko","floor":27,"turns":3},{"damage":7,"enemies":"Cultist and Chosen","floor":30,"turns":4},{"damage":22,"enemies":"Book of Stabbing","floor":31,"turns":5},{"damage":66,"enemies":"Champ","floor":33,"turns":10},{"damage":33,"enemies":"3 Darklings","floor":35,"turns":4},{"damage":2,"enemies":"Mind Bloom Boss Battle","floor":36,"turns":4},{"damage":2,"enemies":"3 Shapes","floor":39,"turns":4},{"damage":27,"enemies":"Reptomancer","floor":41,"turns":4},{"damage":0,"enemies":"Giant Head","floor":44,"turns":5},{"damage":42,"enemies":"Writhing Mass","floor":46,"turns":4},{"damage":3,"enemies":"Sphere and 2 Shapes","floor":47,"turns":4},{"damage":76,"enemies":"Awakened One","floor":50,"turns":8}],"seed_played":"-4574082459390255895","potions_obtained":[{"floor":5,"key":"FearPotion"},{"floor":8,"key":"Dexterity Potion"},{"floor":10,"key":"Fruit Juice"},{"floor":14,"key":"Weak Potion"},{"floor":16,"key":"Dexterity Potion"},{"floor":18,"key":"FearPotion"},{"floor":25,"key":"AttackPotion"},{"floor":27,"key":"FearPotion"},{"floor":30,"key":"ColorlessPotion"},{"floor":34,"key":"GamblersBrew"},{"floor":35,"key":"Swift Potion"},{"floor":36,"key":"EssenceOfSteel"},{"floor":44,"key":"Fire Potion"}],"is_trial":false,"path_per_floor":["M","?","M","?","M","R","$","E","T","M","$","?","?","M","R","B",null,"M","?","?","M","M","R","M","M","T","M","$","R","M","E","R","B",null,"M","?","?","$","M","R","E","R","T","E","$","M","M","?","R","B",null],"character_chosen":"WATCHER","items_purchased":["MerchantsRug","SnailShell","SashWhip","LugNut","Halt","TheAbacus","PreservedInsect","Juzu Bracelet","Shuriken"],"campfire_rested":7,"item_purchase_floors":[7,7,7,11,11,28,28,38,45],"current_hp_per_floor":[54,54,50,55,49,72,72,72,72,77,77,74,66,66,66,56,82,55,69,69,69,27,55,29,26,26,26,41,69,62,40,68,2,101,68,66,53,68,66,96,69,99,99,99,101,59,56,56,86,10],"gold":98,"neow_bonus":"BOSS_RELIC","is_daily":false,"chose_seed":false,"campfire_upgraded":1,"win_rate":0.0,"timestamp":1609553794,"path_taken":["M","?","M","?","M","R","$","E","T","M","?","?","?","M","R","BOSS","M","?","?","?","M","R","M","M","T","M","$","R","M","E","R","BOSS","M","?","?","$","M","R","E","R","T","E","?","M","M","?","R","BOSS"],"items_purchased_type":["Relic","Relic","Card","Relic","Card","Relic","Relic","Relic","Relic"],"build_version":"2020-12-22","purchased_purges":3,"victory":true,"max_hp_per_floor":[72,72,72,77,77,77,77,77,77,82,82,82,82,82,82,82,82,82,96,96,96,96,96,96,96,96,96,96,96,96,96,96,96,101,101,101,101,101,101,101,101,101,101,101,101,101,101,101,101,101],"card_choices":[{"not_picked":["Crescendo","EmptyBody"],"picked":"Halt","floor":1},{"not_picked":["EmptyMind","InnerPeace"],"picked":"Protect","floor":3},{"not_picked":["Devotion","BowlingBash"],"picked":"FlurryOfBlows","floor":5},{"not_picked":["SandsOfTime","Vengeance"],"picked":"FlurryOfBlows","floor":8},{"not_picked":["Study","Fasting2","WreathOfFlame"],"picked":"FollowUp","floor":10},{"not_picked":["Adaptation","ClearTheMind"],"picked":"Consecrate","floor":13},{"not_picked":["Evaluate","FearNoEvil"],"picked":"FlurryOfBlows","floor":14},{"not_picked":["Blasphemy","Brilliance"],"picked":"Devotion","floor":16},{"not_picked":["JustLucky","ThirdEye"],"picked":"Halt","floor":18},{"not_picked":["JustLucky","Indignation"],"picked":"FlurryOfBlows+1","floor":21},{"not_picked":["EmptyFist","Study","Prostrate"],"picked":"SKIP","floor":22},{"not_picked":["PathToVictory","Ragnarok","WaveOfTheHand"],"picked":"SKIP","floor":24},{"not_picked":["EmptyBody","ThirdEye"],"picked":"EmptyFist+1","floor":25},{"not_picked":["Evaluate","Protect","EmptyBody"],"picked":"SKIP","floor":27},{"not_picked":["Fasting2+1","WindmillStrike"],"picked":"JustLucky+1","floor":30},{"not_picked":["Evaluate","ClearTheMind","CutThroughFate"],"picked":"SKIP","floor":31},{"not_picked":["SpiritShield","Judgement"],"picked":"DeusExMachina","floor":33},{"not_picked":["Tantrum","WreathOfFlame"],"picked":"FollowUp+1","floor":34},{"not_picked":["Protect","FlurryOfBlows","Pray+1"],"picked":"SKIP","floor":35},{"not_picked":["FollowUp","BattleHymn+1"],"picked":"Protect+1","floor":36},{"not_picked":["Protect+1","Halt","FollowUp+1"],"picked":"SKIP","floor":39},{"not_picked":["Fasting2+1","Wish"],"picked":"Halt+1","floor":41},{"not_picked":["JustLucky","Indignation+1","EmptyBody+1"],"picked":"SKIP","floor":44},{"not_picked":["Conclude","Prostrate","Consecrate+1"],"picked":"SKIP","floor":46},{"not_picked":["ThirdEye+1","JustLucky","Worship+1"],"picked":"SKIP","floor":47},{"not_picked":["PlatinumSkin","Good Instincts"],"picked":"Flash of Steel","floor":48}],"player_experience":466571,"relics_obtained":[{"floor":8,"key":"Question Card"},{"floor":9,"key":"Gambling Chip"},{"floor":13,"key":"Odd Mushroom"},{"floor":26,"key":"Happy Flower"},{"floor":31,"key":"Anchor"},{"floor":36,"key":"Shovel"},{"floor":41,"key":"RollingBoulder"},{"floor":43,"key":"Kunai"},{"floor":44,"key":"Ginger"}],"event_choices":[{"damage_healed":0,"gold_gain":175,"player_choice":"AGREE","damage_taken":0,"max_hp_gain":0,"max_hp_loss":0,"event_name":"Liars Game","floor":2,"gold_loss":0,"cards_obtained":["Doubt"]},{"damage_healed":0,"gold_gain":0,"player_choice":"Donut","damage_taken":0,"max_hp_gain":5,"max_hp_loss":0,"event_name":"Big Fish","floor":4,"gold_loss":0},{"damage_healed":0,"gold_gain":0,"player_choice":"Success","damage_taken":3,"relics_obtained":["MealTicket"],"max_hp_gain":0,"max_hp_loss":0,"event_name":"Scrap Ooze","floor":12,"gold_loss":0},{"damage_healed":0,"gold_gain":0,"player_choice":"Fought Mushrooms","damage_taken":0,"max_hp_gain":0,"max_hp_loss":0,"event_name":"Mushrooms","floor":13,"gold_loss":0},{"damage_healed":0,"gold_gain":0,"player_choice":"Opened","damage_taken":0,"relics_obtained":["Mango"],"max_hp_gain":0,"max_hp_loss":0,"event_name":"The Mausoleum","floor":19,"gold_loss":0,"cards_obtained":["Writhe"]},{"damage_healed":0,"gold_gain":0,"player_choice":"Ignored","damage_taken":0,"max_hp_gain":0,"max_hp_loss":0,"event_name":"Cursed Tome","floor":20,"gold_loss":0},{"damage_healed":0,"gold_gain":0,"player_choice":"Fight","damage_taken":0,"max_hp_gain":0,"max_hp_loss":0,"event_name":"MindBloom","floor":36,"gold_loss":0},{"damage_healed":0,"gold_gain":0,"player_choice":"Embrace Madness","damage_taken":13,"max_hp_gain":0,"max_hp_loss":0,"event_name":"Winding Halls","floor":37,"gold_loss":0,"cards_obtained":["Madness","Madness"]},{"damage_healed":0,"gold_gain":0,"player_choice":"Memory 1","damage_taken":0,"max_hp_gain":0,"max_hp_loss":0,"event_name":"SensoryStone","floor":48,"gold_loss":0}],"is_beta":false,"boss_relics":[{"not_picked":["Velvet Choker","Empty Cage"],"picked":"VioletLotus"},{"not_picked":["Busted Crown","Cursed Key"],"picked":"Tiny House"}],"items_purged_floors":[7,28,38],"is_endless":false,"potions_floor_spawned":[5,8,10,14,16,18,25,27,30,35,36,44],"ascension_level":2}}