{"host":"3jjxuhjpio8e4zkv","time":1609550076,"event":{"mods":["BaseMod","Colored Map","Highlight Path","Minty Spire (QoL Compilation)","Permanent Neow","Relic Stats","StSLib"],"gold_per_floor":[15,31,50,50,50,50,10,43,81,122,151,178,204,235,247,259,259],"floor_reached":16,"playtime":595,"items_purged":[],"score":228,"play_id":"a6f1f22e-e7d3-4fbc-a46e-60c9a5174819","local_time":"20210101201436","is_ascension_mode":true,"campfire_choices":[{"data":"Flying Knee","floor":6.0,"key":"SMITH"},{"data":"Dagger Spray","floor":15.0,"key":"SMITH"}],"circlet_count":0,"master_deck":["AscendersBane","Strike_G","Strike_G","Strike_G","Strike_G","Defend_G","Defend_G","Defend_G","Defend_G","Survivor","Neutralize","Quick Slash+1","Flying Knee+1","Bouncing Flask","Dagger Spray+1","Backflip","Blur","Adrenaline","Acrobatics","PiercingWail"],"relics":["Ring of the Snake","MawBank","Potion Belt","Orichalcum"],"acts_visited":["Exordium"],"potions_floor_usage":[16,16,16],"damage_taken":[{"damage":32.0,"enemies":"Jaw Worm","floor":1.0,"turns":8.0},{"damage":2.0,"enemies":"2 Louse","floor":2.0,"turns":3.0},{"damage":1.0,"enemies":"Cultist","floor":3.0,"turns":4.0},{"damage":26.0,"enemies":"Gremlin Nob","floor":8.0,"turns":4.0},{"damage":7.0,"enemies":"Lagavulin","floor":10.0,"turns":5.0},{"damage":5.0,"enemies":"Gremlin Gang","floor":11.0,"turns":5.0},{"damage":0.0,"enemies":"Looter","floor":12.0,"turns":3.0},{"damage":6.0,"enemies":"Exordium Thugs","floor":13.0,"turns":4.0},{"damage":8.0,"enemies":"Red Slaver","floor":14.0,"turns":2.0},{"damage":6,"enemies":"Slime Boss","floor":16,"turns":5}],"seed_played":"9208439688324520557","potions_obtained":[{"floor":7.0,"key":"Regen Potion"},{"floor":7.0,"key":"Regen Potion"},{"floor":8.0,"key":"SneckoOil"},{"floor":11.0,"key":"AttackPotion"},{"floor":13.0,"key":"Dexterity Potion"},{"floor":14.0,"key":"Explosive Potion"}],"is_trial":false,"path_per_floor":["M","M","M","?","?","R","?","E","T","E","M","M","M","M","R","B"],"character_chosen":"THE_SILENT","items_purchased":[],"campfire_rested":0,"item_purchase_floors":[],"current_hp_per_floor":[27,25,24,24,24,24,24,32,32,25,20,20,14,6,6,0,0],"gold":259,"neow_bonus":"REMOVE_TWO","is_daily":false,"chose_seed":false,"campfire_upgraded":2,"win_rate":0.0,"timestamp":1609550076,"path_taken":["M","M","M","?","?","R","?","E","T","E","M","M","M","?","R","BOSS"],"items_purchased_type":[],"build_version":"2020-12-22","purchased_purges":0,"victory":false,"max_hp_per_floor":[66,66,66,66,66,66,66,66,66,66,66,66,66,66,66,66,66],"relic_stats":{"counters":[10,43],"Orichalcum":[30],"MawBank":96,"obtain_stats":[{"Potion Belt":9,"Orichalcum":10,"MawBank":8,"Ring of the Snake":0},{"Potion Belt":4,"Orichalcum":5,"MawBank":4,"Ring of the Snake":0},{"Potion Belt":19,"Orichalcum":24,"MawBank":19,"Ring of the Snake":0}],"Ring of the Snake":[20]},"card_choices":[{"not_picked":["Deadly Poison","Dodge and Roll"],"picked":"Quick Slash","floor":1.0},{"not_picked":["Sucker Punch","Dodge and Roll"],"picked":"Flying Knee","floor":2.0},{"not_picked":["Underhanded Strike","Sucker Punch"],"picked":"Bouncing Flask","floor":3.0},{"not_picked":["Finisher","Dodge and Roll"],"picked":"Dagger Spray","floor":8.0},{"not_picked":["Poisoned Stab","Heel Hook"],"picked":"Backflip","floor":10.0},{"not_picked":["Prepared","Eviscerate"],"picked":"Blur","floor":11.0},{"not_picked":["Flying Knee","Deadly Poison"],"picked":"Adrenaline","floor":12.0},{"not_picked":["Cloak And Dagger","Sucker Punch"],"picked":"Acrobatics","floor":13.0},{"not_picked":["Outmaneuver","Dagger Spray"],"picked":"PiercingWail","floor":14.0}],"player_experience":1166013,"relics_obtained":[{"floor":8.0,"key":"MawBank"},{"floor":9.0,"key":"Potion Belt"},{"floor":10.0,"key":"Orichalcum"}],"event_choices":[{"damage_healed":0.0,"max_hp_gain":0.0,"max_hp_loss":0.0,"gold_gain":0.0,"event_name":"Living Wall","player_choice":"Grow","floor":4.0,"gold_loss":0.0,"damage_taken":0.0,"cards_upgraded":["Quick Slash"]},{"damage_healed":0.0,"max_hp_gain":0.0,"max_hp_loss":0.0,"gold_gain":0.0,"event_name":"Liars Game","player_choice":"Ignored","floor":5.0,"gold_loss":0.0,"damage_taken":0.0},{"damage_healed":0.0,"max_hp_gain":0.0,"max_hp_loss":0.0,"gold_gain":0.0,"event_name":"The Woman in Blue","player_choice":"Bought 3 Potions","floor":7.0,"gold_loss":0.0,"damage_taken":0.0}],"is_beta":false,"boss_relics":[],"items_purged_floors":[],"is_endless":false,"potions_floor_spawned":[8,11,13,14],"killed_by":"Slime Boss","ascension_level":20}}