{"host":"1a0tas65lso7aoyx","time":1609572377,"event":{"mods":["Arknights The Spire","BaseMod","Hermit","Koishi","Lobotomy","Marisa£¨Ùöéë¡¡Øª×âÞÞ£©","Minty Spire (QoL Compilation)","READ ME - Guardian Mod","StSLib","Td1madao Mod","The Bug Knight","The Cursed","The Dragon Tamer","The Gatherer","The Hierophant","The Runesmith","Uncapped"],"gold_per_floor":[50000,50010,50010,49214,49164,49175,49203,49203,49203,49203,49219,49229,49229,49239,49239,49338,49338,49263,49263,48418,48434,47627,47627,47627,47627],"floor_reached":24,"playtime":2375,"items_purged":["ats:Strike S","ats:Defend","ats:Emotion Absorption"],"score":229,"play_id":"10f9a97f-3369-49c8-9e3d-5e365f08b780","local_time":"20210102162617","is_ascension_mode":true,"campfire_choices":[{"data":"ats:Part Time Job","floor":10,"key":"SMITH"},{"data":"ats:Healing Strengthening","floor":13,"key":"SMITH"},{"data":"ats:Part Time Job","floor":15,"key":"SMITH"},{"data":"ats:Healing Strengthening","floor":23,"key":"SMITH"}],"circlet_count":0,"master_deck":["ats:Strike C","ats:Strike G","ats:Armor Crushing Shot","ats:Defend","ats:Part Time Job+1","ats:Revitalization","ats:Healing Strengthening+1","ats:Shell Defense","ats:Healing Strengthening+1","ats:Part Time Job+1","ats:Shell Defense+1","ats:Healing Strengthening","ats:Assault Order"],"relics":["ats:Sanity","Chemical X","Centennial Puzzle","Bottled Lightning","ats:Originium","Singing Bowl","White Beast Statue","SlaversCollar","ats:Attack","Pantograph","Toy Ornithopter","ats:Snipe","Kunai","Regal Pillow"],"acts_visited":["Exordium","TheCity"],"potions_floor_usage":[1,6,7,12,18,18,18,21,24],"damage_taken":[{"damage":3,"enemies":"Cultist","floor":1,"turns":6},{"damage":5,"enemies":"Small Slimes","floor":2,"turns":4},{"damage":9,"enemies":"Jaw Worm","floor":6,"turns":6},{"damage":62,"enemies":"Gremlin Nob","floor":7,"turns":7},{"damage":28,"enemies":"Blue Slaver","floor":11,"turns":11},{"damage":11,"enemies":"3 Louse","floor":12,"turns":5},{"damage":73,"enemies":"Large Slime","floor":14,"turns":16},{"damage":391,"enemies":"The Guardian","floor":16,"turns":35},{"damage":26,"enemies":"2 Thieves","floor":18,"turns":5},{"damage":57,"enemies":"Chosen","floor":21,"turns":12},{"damage":159,"enemies":"Sentry and Sphere","floor":24,"turns":18}],"seed_played":"-6170043567361478655","potions_obtained":[{"floor":1,"key":"Fruit Juice"},{"floor":2,"key":"LiquidBronze"},{"floor":11,"key":"BlessingOfTheForge"},{"floor":12,"key":"BlessingOfTheForge"},{"floor":14,"key":"EssenceOfSteel"},{"floor":16,"key":"EssenceOfSteel"},{"floor":18,"key":"PowerPotion"},{"floor":21,"key":"Energy Potion"}],"is_trial":false,"path_per_floor":["M","M","?","$","?","M","E","?","T","R","M","M","R","M","R","B",null,"M","?","$","M","$","R","M"],"character_chosen":"DOCTOR_CLASS","items_purchased":["ats:Healing Strengthening","Chemical X","Centennial Puzzle","Bottled Lightning","Block Potion","ats:Emergency Sanity Potion","ats:Attack","Pantograph","Toy Ornithopter","ats:Healing Strengthening","EntropicBrew","Strength Potion","ats:Snipe","Kunai","Regen Potion","Regal Pillow","ats:Assault Order"],"campfire_rested":0,"item_purchase_floors":[4,4,4,4,4,4,20,20,20,20,20,20,22,22,22,22,22],"current_hp_per_floor":[88,89,82,82,82,86,31,31,31,31,93,93,93,93,93,92,95,95,95,95,97,97,97,84,84],"gold":47627,"neow_bonus":"TWENTY_PERCENT_HP_BONUS","is_daily":false,"chose_seed":false,"campfire_upgraded":4,"win_rate":0.0,"timestamp":1609572377,"path_taken":["M","M","?","$","?","M","E","?","T","R","?","M","R","M","R","BOSS","M","?","$","M","$","R","M"],"items_purchased_type":["Card","Relic","Relic","Relic","Potion","Potion","Relic","Relic","Relic","Card","Potion","Potion","Relic","Relic","Potion","Relic","Card"],"build_version":"2020-12-22","purchased_purges":3,"victory":false,"max_hp_per_floor":[91,91,91,91,91,91,91,91,91,91,93,93,93,93,93,95,95,95,95,95,97,97,97,97,97],"card_choices":[{"not_picked":["ats:Flame Of Heaven","ats:Rapid Magazine"],"picked":"ats:Part Time Job","floor":1},{"not_picked":["ats:Blood Oath","ats:Ignite"],"picked":"ats:Revitalization","floor":2},{"not_picked":["ats:Hammer On","ats:Defend Order","ats:Curse Doll"],"picked":"SKIP","floor":6},{"not_picked":["ats:Curse Doll","ats:Assault Order"],"picked":"ats:Shell Defense","floor":7},{"not_picked":["ats:Curse Doll","ats:Assault Order","ats:Poison Spread"],"picked":"Singing Bowl","floor":11},{"not_picked":["ats:Hammer On","ats:Soul Absorption"],"picked":"ats:Healing Strengthening","floor":12},{"not_picked":["ats:Charging Defense","ats:Ignite"],"picked":"ats:Part Time Job","floor":14},{"not_picked":["ats:Roar Of Ursus","ats:Durian","ats:True Silver Slash"],"picked":"Singing Bowl","floor":16},{"not_picked":["ats:Flexible Camouflage","ats:Cat Scratch+1"],"picked":"ats:Shell Defense+1","floor":18},{"not_picked":["ats:Curse Doll","ats:Beaten Up+1","ats:Sunburst"],"picked":"Singing Bowl","floor":21}],"player_experience":678796,"relics_obtained":[{"floor":7,"key":"ats:Originium"},{"floor":7,"key":"Singing Bowl"},{"floor":9,"key":"White Beast Statue"}],"event_choices":[{"cards_removed":["ats:Defend"],"damage_healed":0,"gold_gain":0,"player_choice":"Card Removal","damage_taken":7,"max_hp_gain":0,"max_hp_loss":0,"event_name":"Golden Wing","floor":3,"gold_loss":0},{"cards_removed":["ats:Strike V"],"damage_healed":0,"gold_gain":0,"player_choice":"Card Removal","damage_taken":0,"max_hp_gain":0,"max_hp_loss":0,"event_name":"The Cleric","floor":5,"gold_loss":50},{"cards_removed":["ats:Defend"],"damage_healed":0,"gold_gain":0,"player_choice":"Purged","damage_taken":0,"max_hp_gain":0,"max_hp_loss":0,"event_name":"Purifier","floor":8,"gold_loss":0},{"damage_healed":31,"gold_gain":0,"player_choice":"Heal","damage_taken":0,"max_hp_gain":0,"max_hp_loss":0,"event_name":"The Library","floor":19,"gold_loss":0}],"is_beta":false,"boss_relics":[{"not_picked":["Black Star","Cursed Key"],"picked":"SlaversCollar"}],"items_purged_floors":[4,20,22],"is_endless":false,"potions_floor_spawned":[1,2,11,12,14,16,18,21],"killed_by":"Sentry and Sphere","ascension_level":1}}