{"host":"wbjiqg83duq292na","time":1609565566,"event":{"mods":["BaseMod","Minty Spire (QoL Compilation)"],"gold_per_floor":[114,129,144,144,144,159,174,204,204,219,249,99,114,129,129,229,229,244,244,244,259,529,529,544,619,644,659,359,374,374,389,389,489,489,504,254,269,0,15,15,15,15,40,40,90,120,120,135,135,135,135],"floor_reached":50,"playtime":2229,"items_purged":[],"score":636,"play_id":"8c520a3d-a569-4c55-9bdf-66356f1865a7","local_time":"20210102033246","daily_mods":["Insanity","Time Dilation","Binary"],"is_ascension_mode":false,"campfire_choices":[{"floor":15,"key":"REST"},{"floor":23,"key":"REST"},{"floor":30,"key":"REST"},{"floor":32,"key":"REST"},{"floor":40,"key":"REST"},{"floor":49,"key":"REST"}],"circlet_count":0,"master_deck":["Uppercut","Shrug It Off","Anger","Perfected Strike","Headbutt+1","Flame Barrier","Armaments+1","Sentinel","Heavy Blade","Havoc","Rage","Dropkick","Cleave","Havoc","Dark Embrace","Twin Strike","Battle Trance","Bloodletting","Twin Strike","Cleave","True Grit","Burning Pact","Searing Blow","Spot Weakness","Bloodletting","Twin Strike","Twin Strike","Heavy Blade","True Grit","Warcry","True Grit","Cleave","Searing Blow","Shrug It Off","Body Slam","Thunderclap","Wild Strike","Havoc","Flex","Dual Wield","Wild Strike","Sentinel","Clothesline","Perfected Strike","Anger","Rampage","Warcry","Clash","Perfected Strike","Headbutt","Demon Form","Juggernaut","Flex","Reaper","Metallicize","Juggernaut"],"relics":["Burning Blood","Kunai","Bag of Preparation","Pear","Happy Flower","Tiny Chest","Busted Crown","Shuriken","Smiling Mask","FossilizedHelix","Black Star","Paper Frog","Red Mask","Ornamental Fan","Strawberry","Turnip","Bronze Scales","Lantern"],"acts_visited":["Exordium","TheCity","TheBeyond"],"potions_floor_usage":[18,29,29,46,50,50],"damage_taken":[{"damage":0,"enemies":"Cultist","floor":1,"turns":3},{"damage":0,"enemies":"Jaw Worm","floor":2,"turns":2},{"damage":0,"enemies":"2 Louse","floor":3,"turns":2},{"damage":5,"enemies":"Blue Slaver","floor":6,"turns":3},{"damage":3,"enemies":"2 Fungi Beasts","floor":7,"turns":2},{"damage":20,"enemies":"Gremlin Nob","floor":8,"turns":3},{"damage":8,"enemies":"Lots of Slimes","floor":10,"turns":3},{"damage":25,"enemies":"Lagavulin","floor":11,"turns":5},{"damage":10,"enemies":"Looter","floor":13,"turns":2},{"damage":0,"enemies":"Blue Slaver","floor":14,"turns":1},{"damage":46,"enemies":"Hexaghost","floor":16,"turns":6},{"damage":25,"enemies":"2 Thieves","floor":18,"turns":4},{"damage":13,"enemies":"Shell Parasite","floor":21,"turns":3},{"damage":9,"enemies":"Centurion and Healer","floor":24,"turns":5},{"damage":22,"enemies":"Sentry and Sphere","floor":27,"turns":4},{"damage":10,"enemies":"Snake Plant","floor":29,"turns":3},{"damage":30,"enemies":"Shelled Parasite and Fungi","floor":31,"turns":4},{"damage":75,"enemies":"Collector","floor":33,"turns":9},{"damage":0,"enemies":"Orb Walker","floor":35,"turns":1},{"damage":30,"enemies":"3 Darklings","floor":37,"turns":5},{"damage":36,"enemies":"Spire Growth","floor":39,"turns":5},{"damage":40,"enemies":"Mind Bloom Boss Battle","floor":45,"turns":7},{"damage":72,"enemies":"Nemesis","floor":46,"turns":7},{"damage":11,"enemies":"Transient","floor":48,"turns":5},{"damage":60,"enemies":"Donu and Deca","floor":50,"turns":5}],"seed_played":"-4486375853315586652","potions_obtained":[{"floor":1,"key":"SmokeBomb"},{"floor":2,"key":"Weak Potion"},{"floor":6,"key":"Fire Potion"},{"floor":16,"key":"SneckoOil"},{"floor":21,"key":"DistilledChaos"},{"floor":24,"key":"Strength Potion"},{"floor":31,"key":"FairyPotion"},{"floor":39,"key":"BloodPotion"},{"floor":48,"key":"SteroidPotion"}],"is_trial":false,"path_per_floor":["M","M","M","?","T","M","M","E","T","M","E","$","M","M","R","B",null,"M","?","?","M","?","R","M","T","T","M","$","M","R","M","R","B",null,"M","$","M","?","M","R","?","T","T","$","?","E","?","M","R","B"],"character_chosen":"IRONCLAD","items_purchased":["Tiny Chest","FossilizedHelix","Paper Frog"],"campfire_rested":6,"item_purchase_floors":[12,28,36],"current_hp_per_floor":[80,80,80,64,64,65,68,54,64,62,43,43,39,45,72,32,90,71,71,71,64,31,58,55,55,55,39,39,35,62,50,77,8,90,90,90,66,66,36,63,63,63,70,70,36,34,34,29,58,0,0],"gold":135,"neow_bonus":"","is_daily":true,"chose_seed":false,"campfire_upgraded":0,"win_rate":0.0,"timestamp":1609565566,"path_taken":["M","?","M","?","?","M","?","E","T","M","E","$","M","M","R","BOSS","M","?","?","M","?","R","M","?","T","M","?","M","R","M","R","BOSS","M","$","M","?","M","R","?","?","T","$","?","E","?","?","R","BOSS"],"items_purchased_type":["Relic","Relic","Relic"],"build_version":"2020-12-22","purchased_purges":0,"victory":false,"max_hp_per_floor":[80,80,80,80,80,80,80,80,90,90,90,90,90,90,90,90,90,90,90,90,90,90,90,90,90,90,90,90,90,90,90,90,90,90,90,90,90,90,90,90,90,90,97,97,97,97,97,97,97,97,97],"card_choices":[{"not_picked":["Warcry"],"picked":"Perfected Strike","floor":1},{"not_picked":["Twin Strike","Sentinel"],"picked":"SKIP","floor":2},{"not_picked":["Cleave"],"picked":"Headbutt","floor":3},{"not_picked":["Clothesline"],"picked":"Demon Form","floor":6},{"not_picked":["Cleave","Heavy Blade"],"picked":"SKIP","floor":7},{"not_picked":["Perfected Strike"],"picked":"Juggernaut","floor":8},{"not_picked":["Sword Boomerang"],"picked":"Flex","floor":10},{"not_picked":["Clash"],"picked":"Reaper","floor":11},{"not_picked":["True Grit"],"picked":"Metallicize","floor":13},{"not_picked":["Cleave","Iron Wave"],"picked":"SKIP","floor":14},{"not_picked":["Demon Form"],"picked":"Juggernaut","floor":16}],"player_experience":308841,"relics_obtained":[{"floor":5,"key":"Kunai"},{"floor":8,"key":"Bag of Preparation"},{"floor":9,"key":"Pear"},{"floor":11,"key":"Happy Flower"},{"floor":25,"key":"Shuriken"},{"floor":26,"key":"Smiling Mask"},{"floor":42,"key":"Ornamental Fan"},{"floor":43,"key":"Strawberry"},{"floor":45,"key":"Turnip"},{"floor":46,"key":"Bronze Scales"},{"floor":46,"key":"Lantern"}],"event_choices":[{"damage_healed":0,"gold_gain":0,"player_choice":"Entered Light","damage_taken":16,"max_hp_gain":0,"max_hp_loss":0,"event_name":"Shining Light","floor":4,"gold_loss":0,"cards_upgraded":["Headbutt","Armaments"]},{"damage_healed":0,"gold_gain":0,"player_choice":"Ignored","damage_taken":0,"max_hp_gain":0,"max_hp_loss":0,"event_name":"Beggar","floor":19,"gold_loss":0},{"cards_removed":["Flex"],"damage_healed":0,"gold_gain":0,"player_choice":"Elegance","damage_taken":0,"max_hp_gain":0,"max_hp_loss":0,"event_name":"Back to Basics","floor":20,"gold_loss":0},{"damage_healed":0,"gold_gain":270,"player_choice":"GOLD POTION GOLD GOLD ","damage_taken":33,"max_hp_gain":0,"max_hp_loss":0,"event_name":"Knowing Skull","floor":22,"potions_obtained":["SkillPotion"],"gold_loss":0,"cards_obtained":[]},{"damage_healed":0,"gold_gain":0,"player_choice":"Paid","damage_taken":0,"relics_obtained":["Red Mask"],"max_hp_gain":0,"max_hp_loss":0,"event_name":"Tomb of Lord Red Mask","floor":38,"gold_loss":269},{"damage_healed":0,"gold_gain":0,"player_choice":"Memory 1","damage_taken":0,"max_hp_gain":0,"max_hp_loss":0,"event_name":"SensoryStone","floor":41,"gold_loss":0},{"damage_healed":0,"gold_gain":0,"player_choice":"Fight","damage_taken":0,"max_hp_gain":0,"max_hp_loss":0,"event_name":"MindBloom","floor":45,"gold_loss":0},{"cards_removed":["Inflame"],"damage_healed":0,"gold_gain":0,"player_choice":"Removed Power","damage_taken":0,"max_hp_gain":0,"max_hp_loss":0,"event_name":"Falling","floor":47,"gold_loss":0}],"is_beta":false,"boss_relics":[{"not_picked":["Cursed Key","Sozu"],"picked":"Busted Crown"},{"not_picked":["Calling Bell","SlaversCollar"],"picked":"Black Star"}],"items_purged_floors":[],"is_endless":false,"potions_floor_spawned":[1,2,6,10,16,21,24,31,39,48],"killed_by":"Donu and Deca","ascension_level":0}}