{"host":"Rich","time":1609560226,"event":{"mods":["AchievementEnabler","BaseMod","Highlight Path","Minty Spire (QoL Compilation)","Relic Stats"],"gold_per_floor":[116,116,116,136,211,211,236,256,256,267,293,7,7,35,35,112,112,130,141,155,155,172,207,207,227,307,307,307,307,307],"floor_reached":29,"playtime":624,"items_purged":["Strike_P"],"score":726,"play_id":"bc204308-b0c9-4c5d-944b-f0dc94be5260","local_time":"20210101230346","is_ascension_mode":true,"campfire_choices":[{"data":"WheelKick","floor":6.0,"key":"SMITH"},{"floor":13.0,"key":"REST"},{"data":"Tantrum","floor":15.0,"key":"SMITH"},{"floor":24.0,"key":"REST"},{"floor":28.0,"key":"REST"}],"circlet_count":0,"master_deck":["AscendersBane","Strike_P","Strike_P","Defend_P","Defend_P","Defend_P","Eruption","Vigilance","WheelKick+1","Protect","Scrawl","Tantrum","EmptyFist","Tantrum+1","Ragnarok","Wallop","DevaForm","Fasting2","Consecrate","FearNoEvil","Protect","SpiritShield","Decay"],"relics":["PureWater","NeowsBlessing","Potion Belt","Question Card","Boot","Anchor","SacredBark","Turnip","Yang"],"acts_visited":["Exordium","TheCity"],"potions_floor_usage":[29,29],"damage_taken":[{"damage":0.0,"enemies":"Jaw Worm","floor":1.0,"turns":1.0},{"damage":0.0,"enemies":"2 Louse","floor":4.0,"turns":1.0},{"damage":0.0,"enemies":"Lagavulin","floor":7.0,"turns":1.0},{"damage":0.0,"enemies":"Cultist","floor":8.0,"turns":2.0},{"damage":5.0,"enemies":"Looter","floor":10.0,"turns":3.0},{"damage":22.0,"enemies":"3 Sentries","floor":11.0,"turns":4.0},{"damage":0.0,"enemies":"Gremlin Nob","floor":14.0,"turns":2.0},{"damage":0.0,"enemies":"Slime Boss","floor":16.0,"turns":4.0},{"damage":6.0,"enemies":"2 Thieves","floor":18.0,"turns":3.0},{"damage":0.0,"enemies":"Chosen","floor":19.0,"turns":2.0},{"damage":0.0,"enemies":"Snake Plant","floor":20.0,"turns":2.0},{"damage":8.0,"enemies":"Centurion and Healer","floor":22.0,"turns":5.0},{"damage":36.0,"enemies":"Book of Stabbing","floor":23.0,"turns":5.0},{"damage":3.0,"enemies":"3 Cultists","floor":25.0,"turns":4.0},{"damage":48,"enemies":"Slavers","floor":29,"turns":3}],"seed_played":"-1315058302610587179","potions_obtained":[{"floor":1.0,"key":"BottledMiracle"},{"floor":8.0,"key":"PowerPotion"},{"floor":10.0,"key":"LiquidBronze"},{"floor":14.0,"key":"Energy Potion"},{"floor":20.0,"key":"Block Potion"},{"floor":23.0,"key":"EssenceOfSteel"},{"floor":25.0,"key":"BottledMiracle"}],"is_trial":false,"path_per_floor":["M","?","?","M","?","R","E","M","T","M","E","$","R","E","R","B",null,"M","M","M","?","M","E","R","M","T","?","R","E"],"character_chosen":"WATCHER","items_purchased":["Ragnarok","Energy Potion"],"campfire_rested":3,"item_purchase_floors":[12,12],"current_hp_per_floor":[61,54,54,54,43,43,43,43,43,38,16,16,36,36,36,36,60,54,54,54,54,46,10,30,27,27,27,47,0,0],"gold":307,"neow_bonus":"THREE_ENEMY_KILL","is_daily":false,"chose_seed":false,"campfire_upgraded":2,"win_rate":0.0,"timestamp":1609560226,"path_taken":["M","?","?","?","?","R","E","M","T","M","E","?","R","E","R","BOSS","M","M","?","?","M","E","R","M","T","?","R","E"],"items_purchased_type":["Card","Potion"],"build_version":"2020-12-18","purchased_purges":1,"victory":false,"max_hp_per_floor":[68,68,68,68,68,68,68,68,68,68,68,68,68,68,68,68,68,68,68,68,68,68,68,68,68,68,68,68,68,68],"relic_stats":{"counters":[15,42],"Yang":[2],"Turnip":[0],"Question Card":10,"Boot":[51],"obtain_stats":[{"Potion Belt":7,"Anchor":14,"NeowsBlessing":0,"SacredBark":17,"Yang":26,"Turnip":23,"PureWater":0,"Question Card":9,"Boot":11},{"Potion Belt":3,"Anchor":7,"NeowsBlessing":0,"SacredBark":8,"Yang":14,"Turnip":13,"PureWater":0,"Question Card":4,"Boot":6},{"Potion Belt":3,"Anchor":14,"NeowsBlessing":0,"SacredBark":18,"Yang":39,"Turnip":35,"PureWater":0,"Question Card":5,"Boot":12}]},"card_choices":[{"not_picked":["MentalFortress","Evaluate"],"picked":"WheelKick","floor":1.0},{"not_picked":["Nirvana","SandsOfTime"],"picked":"Protect","floor":4.0},{"not_picked":["MentalFortress","Protect"],"picked":"Scrawl","floor":7.0},{"not_picked":["Prostrate","Adaptation"],"picked":"Tantrum","floor":8.0},{"not_picked":["Sanctity","PathToVictory","Study"],"picked":"EmptyFist","floor":10.0},{"not_picked":["Meditate","InnerPeace","Perseverance"],"picked":"Tantrum","floor":11.0},{"not_picked":["EmptyBody","Halt","WaveOfTheHand"],"picked":"Wallop","floor":14.0},{"not_picked":["Alpha","ConjureBlade","Blasphemy"],"picked":"DevaForm","floor":16.0},{"not_picked":["SandsOfTime+1","EmptyBody","ClearTheMind"],"picked":"Fasting2","floor":18.0},{"not_picked":["Swivel","Evaluate","Protect"],"picked":"Consecrate","floor":19.0},{"not_picked":["ClearTheMind","DeceiveReality","Consecrate"],"picked":"FearNoEvil","floor":20.0},{"not_picked":["WheelKick+1","SandsOfTime","Weave"],"picked":"Protect","floor":22.0},{"not_picked":["LessonLearned","FollowUp","Protect","Conclude"],"picked":"SKIP","floor":23.0},{"not_picked":["Conclude","Indignation","Evaluate"],"picked":"SpiritShield","floor":25.0}],"player_experience":1953055,"relics_obtained":[{"floor":7.0,"key":"Potion Belt"},{"floor":9.0,"key":"Question Card"},{"floor":11.0,"key":"Boot"},{"floor":14.0,"key":"Anchor"},{"floor":23.0,"key":"Turnip"},{"floor":26.0,"key":"Yang"}],"event_choices":[{"cards_removed":["Strike_P"],"damage_healed":0.0,"max_hp_gain":0.0,"max_hp_loss":0.0,"gold_gain":0.0,"event_name":"Golden Wing","player_choice":"Card Removal","floor":2.0,"gold_loss":0.0,"damage_taken":7.0},{"cards_removed":["Defend_P"],"damage_healed":0.0,"max_hp_gain":0.0,"max_hp_loss":0.0,"gold_gain":0.0,"event_name":"Purifier","player_choice":"Purged","floor":3.0,"gold_loss":0.0,"damage_taken":0.0},{"damage_healed":0.0,"max_hp_gain":0.0,"max_hp_loss":0.0,"gold_gain":75.0,"event_name":"World of Goop","player_choice":"Gather Gold","floor":5.0,"gold_loss":0.0,"damage_taken":11.0},{"damage_healed":0.0,"max_hp_gain":0.0,"max_hp_loss":0.0,"gold_gain":0.0,"event_name":"Vampires","player_choice":"Ignored","floor":21.0,"gold_loss":0.0,"damage_taken":0.0},{"damage_healed":0.0,"max_hp_gain":0.0,"max_hp_loss":0.0,"gold_gain":0.0,"event_name":"Forgotten Altar","player_choice":"Smashed Altar","floor":27.0,"gold_loss":0.0,"damage_taken":0.0,"cards_obtained":["Decay"]}],"is_beta":true,"boss_relics":[{"not_picked":["Busted Crown","Ectoplasm"],"picked":"SacredBark"}],"items_purged_floors":[12],"is_endless":false,"potions_floor_spawned":[1,8,10,14,20,23,25],"killed_by":"Slavers","ascension_level":20}}