{"host":"6hzrz31j95f2y1pa","time":1609571776,"event":{"mods":["BaseMod","Colored Map","Downfall","Minty Spire (QoL Compilation)","StSLib"],"gold_per_floor":[99,111,111,141,160,160,208,225,239,271,271,296,221,250,267,368,368,293,305,319,331,331,386,386,386,444,444,476,536,606,178,233,328,328,253,253,209,260,260,260,260,260,323,172,172,23,92,181,238,278,278,343,98,98,98],"floor_reached":56,"playtime":2470,"items_purged":["Regret","champ:ArenaPreparation","champ:Defend","champ:Defend"],"score":1940,"play_id":"eca3f018-2cd8-40b3-a516-dbce69351866","local_time":"20210102021616","is_ascension_mode":true,"campfire_choices":[{"data":"champ:Taunt","floor":1.0,"key":"SMITH"},{"data":"champ:RecklessLeap","floor":6.0,"key":"SMITH"},{"floor":11.0,"key":"RECALL"},{"data":"champ:Execute","floor":13.0,"key":"SMITH"},{"data":"champ:BringItOn","floor":18.0,"key":"SMITH"},{"data":"champ:ShieldWall","floor":35,"key":"SMITH"},{"floor":42,"key":"DIG"},{"floor":45,"key":"DIG"},{"data":"champ:ShieldWall","floor":54,"key":"SMITH"}],"circlet_count":0,"master_deck":["AscendersBane","champ:Strike","champ:Strike","champ:Strike","champ:Strike","champ:Defend","champ:Defend","champ:Execute+1","champ:Taunt+1","champ:RecklessLeap+1","champ:BringItOn+1","champ:Devastate+1","champ:TornadoPunch+1","champ:RecklessLeap+1","champ:VampiricStrike+1","champ:VampiricStrike+1","champ:ShieldWall+1","champ:CrookedStrike+1","champ:Duel+1","champ:HeartStrike+1","champ:LastStand","champ:CheapShot+1","expansioncontent:SuperHexaguard","expansioncontent:BronzeBeam+1","champ:CalledShot","champ:ShieldWall+1","champ:RecklessLeap+1","champ:PerfectedStrike+1","champ:HeavySlash+1","champ:LastStand","expansioncontent:GuardianWhirl+1"],"relics":["champ:ChampionCrown","champ:FightingForDummies","Molten Egg 2","Orichalcum","White Beast Statue","downfall:HeartBlessingRed","Snecko Eye","downfall:HeartBlessingGreen","downfall:KnowingSkull","champ:GladiatorsBookOfMartialProwess","downfall:RedIOU","Prayer Wheel","Thread and Needle","Dead Branch","Coffee Dripper","downfall:HeartBlessingBlue","Shovel","Mummified Hand","MawBank","Shuriken","Bronze Scales","Potion Belt","TungstenRod","Lantern"],"acts_visited":["Exordium","TheCity","TheBeyond","TheEnding"],"potions_floor_usage":[28,33,55,55],"damage_taken":[{"damage":10.0,"enemies":"Small Slimes","floor":2.0,"turns":3.0},{"damage":5.0,"enemies":"2 Louse","floor":5.0,"turns":2.0},{"damage":25.0,"enemies":"Cultist","floor":8.0,"turns":3.0},{"damage":26.0,"enemies":"Exordium Wildlife","floor":9.0,"turns":3.0},{"damage":36.0,"enemies":"3 Sentries","floor":10.0,"turns":7.0},{"damage":25.0,"enemies":"Gremlin Nob","floor":12.0,"turns":5.0},{"damage":42.0,"enemies":"Lagavulin","floor":14.0,"turns":5.0},{"damage":20.0,"enemies":"3 Louse","floor":15.0,"turns":3.0},{"damage":79.0,"enemies":"downfall:Watcher","floor":16.0,"turns":8.0},{"damage":62.0,"enemies":"3 Byrds","floor":19.0,"turns":4.0},{"damage":16.0,"enemies":"Snake Plant","floor":20.0,"turns":2.0},{"damage":25.0,"enemies":"Shelled Parasite and Fungi","floor":21.0,"turns":3.0},{"damage":46.0,"enemies":"Centurion and Healer","floor":23.0,"turns":3.0},{"damage":37.0,"enemies":"Snecko","floor":26.0,"turns":3.0},{"damage":29,"enemies":"Slavers","floor":28,"turns":3},{"damage":34,"enemies":"Shelled Parasite and Fungi","floor":29,"turns":4},{"damage":43,"enemies":"Gremlin Leader","floor":30,"turns":4},{"damage":54,"enemies":"downfall:FleeingMerchant","floor":31,"turns":4},{"damage":23,"enemies":"Centurion and Healer","floor":32,"turns":4},{"damage":81,"enemies":"downfall:Ironclad","floor":33,"turns":3},{"damage":23,"enemies":"downfall:FleeingMerchant","floor":37,"turns":4},{"damage":28,"enemies":"3 Shapes","floor":38,"turns":2},{"damage":53,"enemies":"3 Darklings","floor":43,"turns":2},{"damage":53,"enemies":"Giant Head","floor":47,"turns":6},{"damage":23,"enemies":"2 Orb Walkers","floor":48,"turns":2},{"damage":2,"enemies":"Spire Growth","floor":49,"turns":2},{"damage":42,"enemies":"downfall:Defect","floor":50,"turns":3},{"damage":82,"enemies":"downfall:CharBossMerchant","floor":52,"turns":5},{"damage":124,"enemies":"downfall:NeowBoss","floor":55,"turns":19}],"seed_played":"5221657175711042897","potions_obtained":[{"floor":9.0,"key":"SmokeBomb"},{"floor":12.0,"key":"Fire Potion"},{"floor":14.0,"key":"Swift Potion"},{"floor":19.0,"key":"SteroidPotion"},{"floor":20.0,"key":"Weak Potion"},{"floor":23.0,"key":"Fruit Juice"},{"floor":26.0,"key":"DuplicationPotion"},{"floor":29,"key":"Energy Potion"},{"floor":30,"key":"Strength Potion"},{"floor":32,"key":"champ:CounterPotion"},{"floor":43,"key":"PowerPotion"},{"floor":47,"key":"Regen Potion"},{"floor":48,"key":"EssenceOfSteel"}],"is_trial":false,"path_per_floor":["R","M","?","?","M","R","T","M","M","E","R","E","R","E","M","B",null,"R","M","M","M","?","M","T","?","M","?","E","M","E","$","M","B",null,"R","?","$","M","?","?","T","R","M","$","R","$","E","?","M","B",null,"E","$","R","B",null],"character_chosen":"THE_CHAMP","items_purchased":["Dead Branch","champ:Duel+1","Shovel","champ:ShieldWall","Bronze Scales","expansioncontent:GuardianWhirl+1"],"campfire_rested":0,"item_purchase_floors":[31,31,37,44,46,53],"current_hp_per_floor":[90,90,90,90,90,90,90,88,82,76,76,56,56,42,53,39,84,84,82,71,90,81,104,104,104,98,98,104,96,100,95,104,104,104,114,114,114,114,109,109,109,109,106,106,106,106,103,114,114,114,114,114,114,114,114],"gold":98,"neow_bonus":"TEN_PERCENT_HP_BONUS","is_daily":false,"chose_seed":false,"campfire_upgraded":6,"win_rate":0.0,"timestamp":1609571776,"path_taken":["R","M","?","?","M","R","T","M","M","E","R","E","R","E","M","BOSS","R","M","M","M","?","?","T","?","M","?","E","M","E","$","M","BOSS","R","?","$","M","?","?","T","R","M","$","R","$","E","?","M","BOSS","E","$","R","BOSS"],"items_purchased_type":["Relic","Card","Relic","Card","Relic","Card"],"build_version":"2020-12-22","purchased_purges":4,"victory":true,"max_hp_per_floor":[99,99,99,99,99,99,99,99,99,99,99,99,99,99,99,99,99,99,99,99,99,99,104,104,104,104,104,104,104,104,104,104,104,104,114,114,114,114,114,114,114,114,114,114,114,114,114,114,114,114,114,114,114,114,114],"card_choices":[{"not_picked":["champ:FlashCut","champ:DefensiveShout"],"picked":"champ:RecklessLeap","floor":2.0},{"not_picked":["champ:PerfectedStrike+1","champ:ArenaPreparation"],"picked":"champ:BringItOn","floor":5.0},{"not_picked":["champ:PerfectedStrike+1","champ:RageSigil"],"picked":"champ:Devastate+1","floor":8.0},{"not_picked":["champ:FaceSlap+1","champ:StanceDance","champ:TornadoPunch+1"],"picked":"SKIP","floor":9.0},{"not_picked":["champ:FaceSlap+1","champ:StanceDance"],"picked":"champ:TornadoPunch+1","floor":9.0},{"not_picked":["champ:Haymaker+1","champ:BerserkerStyle","champ:EnragedBash+1"],"picked":"SKIP","floor":10.0},{"not_picked":["champ:FanOfKnives+1","champ:Haymaker+1"],"picked":"champ:RecklessLeap+1","floor":12.0},{"not_picked":["champ:PerfectedStrike+1","champ:IronFortress"],"picked":"champ:VampiricStrike+1","floor":14.0},{"not_picked":["champ:BerserkerStyle","champ:FlashCut+1","champ:DefensiveShout"],"picked":"SKIP","floor":15.0},{"not_picked":["champ:StrikeOfGenius","champ:SwordThrow+1"],"picked":"champ:VampiricStrike+1","floor":16.0},{"not_picked":["champ:Aggression","champ:FocusedBerserking+1"],"picked":"champ:ShieldWall","floor":19.0},{"not_picked":["champ:DefensiveStyle","champ:FlashCut+1"],"picked":"champ:CrookedStrike+1","floor":20.0},{"not_picked":["champ:StanceDance+1","champ:Backstep","champ:ShieldSigil+1"],"picked":"SKIP","floor":21.0},{"not_picked":["champ:Haymaker+1","champ:DeathBlow+1","champ:AdrenalArmor"],"picked":"SKIP","floor":23.0},{"not_picked":["champ:GutPunch+1","champ:Haymaker+1","champ:Backstep"],"picked":"SKIP","floor":26.0},{"not_picked":["champ:BerserkersShout","champ:CrownThrow+1","champ:AdrenalArmor"],"picked":"SKIP","floor":28},{"not_picked":["champ:FlashCut+1","champ:FocusedDefense"],"picked":"champ:ArenaPreparation","floor":29},{"not_picked":["champ:AdrenalArmor+1","champ:PreciseThrust+1","champ:BladeFlurry+1"],"picked":"SKIP","floor":29},{"not_picked":["champ:Improvising","champ:GladiatorsShout","champ:FlashCut+1"],"picked":"SKIP","floor":30},{"not_picked":["champ:BerserkersShout","champ:BladeFlurry+1","champ:TornadoPunch+1"],"picked":"SKIP","floor":31},{"not_picked":["champ:Haymaker+1","champ:DeathBlow+1"],"picked":"champ:HeartStrike+1","floor":32},{"not_picked":["champ:Haymaker+1","champ:GutPunch+1","champ:Riposte+1"],"picked":"SKIP","floor":32},{"not_picked":["champ:Devastate+1","champ:EnchantShield"],"picked":"champ:LastStand","floor":33},{"not_picked":["champ:FocusedDefense","champ:EnchantSword","champ:FocusedGladiator+1"],"picked":"SKIP","floor":37},{"not_picked":["champ:TornadoPunch+1","champ:BringItOn"],"picked":"champ:CheapShot+1","floor":38},{"not_picked":["champ:FaceSlap+1","champ:Haymaker+1","champ:DefensiveShout+1"],"picked":"SKIP","floor":38},{"not_picked":["expansioncontent:TimeRipple+1","expansioncontent:Torchfire+1"],"picked":"expansioncontent:SuperHexaguard","floor":39},{"not_picked":["expansioncontent:Torchfire+1","expansioncontent:DarkVoid+1"],"picked":"expansioncontent:BronzeBeam+1","floor":39},{"not_picked":["champ:FlashCut+1","champ:GladiatorsShout+1"],"picked":"champ:CalledShot","floor":43},{"not_picked":["champ:AdrenalArmor","champ:PerfectedStrike+1","champ:FaceSlap+1"],"picked":"SKIP","floor":43},{"not_picked":["champ:BerserkersShout+1","champ:Circumvent+1"],"picked":"champ:RecklessLeap+1","floor":47},{"not_picked":["champ:BladeFlurry+1","champ:ShieldSigil"],"picked":"champ:PerfectedStrike+1","floor":48},{"not_picked":["champ:GutPunch+1","champ:Balance"],"picked":"champ:HeavySlash+1","floor":49},{"not_picked":["champ:SkillfulDodge","champ:AdrenalArmor+1","champ:GladiatorStyle"],"picked":"SKIP","floor":49},{"not_picked":["champ:ViciousMockery+1","champ:ShieldSigil+1"],"picked":"champ:LastStand","floor":52}],"player_experience":1269644,"relics_obtained":[{"floor":7.0,"key":"Orichalcum"},{"floor":10.0,"key":"White Beast Statue"},{"floor":14.0,"key":"Oddly Smooth Stone"},{"floor":28,"key":"Prayer Wheel"},{"floor":30,"key":"Thread and Needle"},{"floor":41,"key":"Mummified Hand"},{"floor":42,"key":"MawBank"},{"floor":45,"key":"Shuriken"},{"floor":47,"key":"Potion Belt"},{"floor":48,"key":"TungstenRod"},{"floor":52,"key":"Lantern"}],"event_choices":[{"damage_healed":0.0,"max_hp_gain":0.0,"max_hp_loss":0.0,"gold_gain":0.0,"event_name":"Big Fish","player_choice":"Box","floor":3.0,"gold_loss":0.0,"damage_taken":0.0,"relics_obtained":["champ:FightingForDummies"],"cards_obtained":["Regret"]},{"damage_healed":0,"gold_gain":0,"player_choice":"Fight","damage_taken":0,"max_hp_gain":0,"max_hp_loss":0,"event_name":"Mysterious Sphere","floor":48,"gold_loss":0}],"is_beta":false,"boss_relics":[{"not_picked":["champ:PowerArmor","champ:ChampionCrownUpgraded"],"picked":"Snecko Eye"},{"not_picked":["Calling Bell","Busted Crown"],"picked":"Coffee Dripper"}],"items_purged_floors":[31,37,44,53],"is_endless":false,"potions_floor_spawned":[9,12,14,15,16,19,20,21,23,26,28,29,30,31,32,33,37,38,43,47,48,49,52],"ascension_level":10}}