{"host":"6pgtslebjnyv5xmi","time":1609607464,"event":{"mods":["AchievementEnabler","BaseMod","Colored Map","Minty Spire (QoL Compilation)","Rare Cards Sparkle","StSLib","SuperFastMode","Td1madao Mod","everything is the same but u backflip on backflip"],"gold_per_floor":[118,68,68,83,44,44,58,58,83,96,21,36,49,61,61,166,166,183,183,202,202,220,220,237,237,311,311,311],"floor_reached":27,"playtime":814,"items_purged":["Defend_R"],"score":356,"play_id":"eb082241-a25a-467f-bc4e-b51e3dbc5aa2","local_time":"20210103021104","is_ascension_mode":true,"campfire_choices":[{"data":"Body Slam","floor":6.0,"key":"SMITH"},{"data":"Reaper","floor":8.0,"key":"SMITH"},{"data":"Seeing Red","floor":15,"key":"SMITH"},{"data":"J.A.X.","floor":23,"key":"SMITH"}],"circlet_count":0,"master_deck":["AscendersBane","Strike_R","Defend_R","Defend_R","Defend_R","Bash","Reaper+1","Body Slam+1","Whirlwind+1","Inflame","Spot Weakness","Seeing Red+1","Offering","J.A.X.+1","Flex","Ghostly","Ghostly","Ghostly","Ghostly","Ghostly"],"relics":["Burning Blood","Happy Flower","SlaversCollar","Sundial"],"acts_visited":["Exordium","TheCity"],"potions_floor_usage":[16,16,24],"damage_taken":[{"damage":17.0,"enemies":"Small Slimes","floor":1.0,"turns":4.0},{"damage":6.0,"enemies":"Jaw Worm","floor":4.0,"turns":5.0},{"damage":20.0,"enemies":"Cultist","floor":7.0,"turns":5.0},{"damage":7.0,"enemies":"3 Louse","floor":10.0,"turns":3.0},{"damage":16,"enemies":"Blue Slaver","floor":12,"turns":3},{"damage":12,"enemies":"Looter","floor":13,"turns":3},{"damage":20,"enemies":"Exordium Wildlife","floor":14,"turns":3},{"damage":37,"enemies":"Hexaghost","floor":16,"turns":7},{"damage":3,"enemies":"3 Byrds","floor":18,"turns":3},{"damage":11,"enemies":"Chosen","floor":20,"turns":3},{"damage":7,"enemies":"3 Cultists","floor":22,"turns":5},{"damage":22,"enemies":"Snake Plant","floor":24,"turns":7},{"damage":35,"enemies":"Snecko","floor":27,"turns":5}],"seed_played":"7403569515203695292","potions_obtained":[{"floor":10.0,"key":"Explosive Potion"},{"floor":12,"key":"LiquidBronze"},{"floor":13,"key":"LiquidMemories"},{"floor":22,"key":"EssenceOfSteel"}],"is_trial":false,"path_per_floor":["M","?","?","M","$","R","M","R","T","M","$","M","M","M","R","B",null,"M","?","M","?","M","R","M","?","T","M"],"character_chosen":"IRONCLAD","items_purchased":["Inflame"],"campfire_rested":0,"item_purchase_floors":[5],"current_hp_per_floor":[65,65,65,69,69,69,64,64,64,71,71,68,67,58,58,40,64,72,72,67,36,35,35,19,19,19,0,0],"gold":311,"neow_bonus":"TRANSFORM_TWO_CARDS","is_daily":false,"chose_seed":false,"campfire_upgraded":4,"win_rate":0.0,"timestamp":1609607464,"path_taken":["M","?","?","M","?","R","?","R","T","M","$","M","M","M","R","BOSS","M","?","M","?","M","R","M","?","T","M"],"items_purchased_type":["Card"],"build_version":"2020-12-22","purchased_purges":1,"victory":false,"max_hp_per_floor":[72,72,72,72,72,72,72,72,72,72,72,72,72,72,72,72,72,72,72,72,36,36,36,36,36,36,36,36],"card_choices":[{"not_picked":["Wild Strike","Combust"],"picked":"Whirlwind","floor":1.0},{"not_picked":["Wild Strike","Heavy Blade","Perfected Strike"],"picked":"SKIP","floor":4.0},{"not_picked":["Sword Boomerang","Feel No Pain","Armaments"],"picked":"SKIP","floor":7.0},{"not_picked":["Perfected Strike","Wild Strike","Juggernaut"],"picked":"SKIP","floor":10.0},{"not_picked":["Iron Wave","Wild Strike","Rampage"],"picked":"SKIP","floor":12},{"not_picked":["Body Slam","Reckless Charge"],"picked":"Spot Weakness","floor":13},{"not_picked":["Dark Embrace","Uppercut"],"picked":"Seeing Red","floor":14},{"not_picked":["Exhume","Juggernaut"],"picked":"Offering","floor":16},{"not_picked":["Heavy Blade","Iron Wave","Fire Breathing"],"picked":"SKIP","floor":18},{"not_picked":["Headbutt","Body Slam"],"picked":"Flex","floor":20},{"not_picked":["Iron Wave","Thunderclap","True Grit"],"picked":"SKIP","floor":22},{"not_picked":["Heavy Blade","Sever Soul","Cleave"],"picked":"SKIP","floor":24}],"player_experience":651037,"relics_obtained":[{"floor":9.0,"key":"Happy Flower"},{"floor":26,"key":"Sundial"}],"event_choices":[{"cards_removed":["Strike_R"],"damage_healed":0.0,"max_hp_gain":0.0,"max_hp_loss":0.0,"gold_gain":0.0,"event_name":"The Cleric","player_choice":"Card Removal","floor":2.0,"gold_loss":50.0,"damage_taken":0.0},{"damage_healed":0.0,"max_hp_gain":0.0,"max_hp_loss":0.0,"gold_gain":0.0,"event_name":"Living Wall","player_choice":"Grow","floor":3.0,"gold_loss":0.0,"damage_taken":0.0,"cards_upgraded":["Whirlwind"]},{"damage_healed":0,"gold_gain":0,"player_choice":"Obtain J.A.X.","damage_taken":0,"max_hp_gain":0,"max_hp_loss":0,"event_name":"Drug Dealer","floor":19,"gold_loss":0,"cards_obtained":["J.A.X."]},{"damage_healed":0,"gold_gain":0,"player_choice":"Became a Ghost","damage_taken":0,"max_hp_gain":0,"max_hp_loss":36,"event_name":"Ghosts","floor":21,"gold_loss":0,"cards_obtained":["Ghostly","Ghostly","Ghostly","Ghostly","Ghostly"]},{"cards_removed":["Strike_R"],"damage_healed":0,"gold_gain":0,"player_choice":"Elegance","damage_taken":0,"max_hp_gain":0,"max_hp_loss":0,"event_name":"Back to Basics","floor":25,"gold_loss":0}],"is_beta":false,"boss_relics":[{"not_picked":["Snecko Eye","Runic Dome"],"picked":"SlaversCollar"}],"items_purged_floors":[11],"is_endless":false,"potions_floor_spawned":[10,12,13,22],"killed_by":"Snecko","ascension_level":12}}