{"host":"d1za9dvx43o9v494","time":1609612214,"event":{"mods":["2.2 Compatiblity","BaseMod","Better-Laid Plans","Colored Map","Downfall","Emptier Cage","Minty Spire (QoL Compilation)","Permanent Neow","StSLib"],"gold_per_floor":[99,111,127,127,143,143,170,185,85,70,87,104,139,154,174,270,270,170,170,255,275,105,123,123,151,151,183,133,133,463,473,491,592,592,592,604,624,470,482,482,482,497,397,428,428,455,455,483,514,526,538,582,43,43,43],"floor_reached":56,"playtime":5446,"items_purged":["downfall:Aged"],"score":1505,"play_id":"386687ac-4069-4626-8e69-5418bee3762b","local_time":"20210102213014","is_ascension_mode":true,"campfire_choices":[{"floor":1,"key":"RECALL"},{"data":"Guardian:FloatingOrbs","floor":9,"key":"SMITH"},{"data":"Guardian:PrismaticBeam","floor":18,"key":"SMITH"},{"data":"Guardian:BronzeOrb","floor":26,"key":"SMITH"},{"data":"Guardian:FuturePlans","floor":29,"key":"SMITH"},{"data":"Guardian:Orbwalk","floor":35,"key":"SMITH"},{"data":"Guardian:CurlUp","floor":40,"key":"SMITH"},{"data":"Guardian:PiercingHide","floor":43,"key":"SMITH"},{"data":"Guardian:Harden","floor":54,"key":"SMITH"}],"circlet_count":0,"master_deck":["Guardian:Strike_Guardian","Guardian:Strike_Guardian+1","Guardian:Defend_Guardian","Guardian:Defend_Guardian","Guardian:Defend_Guardian","Guardian:CurlUp+1","Guardian:TwinSlam+1","Guardian:Harden+1","Guardian:Recover+1","Guardian:FloatingOrbs+1","Guardian:ChargeCore+1","Guardian:Orbwalk+1","Guardian:PrismaticBeam+1","Guardian:BronzeOrb+1","Guardian:Reroute","Guardian:BronzeArmor+1","Guardian:FuturePlans+1","Guardian:ChargeUp","Guardian:WalkerClaw+1","Guardian:PiercingHide+1","Guardian:PiercingHide+1","Guardian:PiercingHide+1","Guardian:EvasiveProtocol"],"relics":["Guardian:ModeShifter","Vajra","downfall:HeartBlessingRed","Akabeko","Coffee Dripper","downfall:HeartBlessingGreen","champ:Barbells","Ginger","Nunchaku","Strawberry","Black Star","sneckomod:BlankCard","downfall:HeartBlessingBlue","Gambling Chip","Bottled Tornado","Guardian:StasisEgg","White Beast Statue","Guardian:SackOfGems","Guardian:DefensiveModeMoreBlock","MawBank","champ:DeflectingBracers","Pocketwatch","Guardian:GemstoneGun","Ornamental Fan","OrangePellets"],"acts_visited":["Exordium","TheCity","TheBeyond","TheEnding"],"potions_floor_usage":[13,27,33,46,49,55,55,55],"damage_taken":[{"damage":2,"enemies":"Small Slimes","floor":2,"turns":4},{"damage":1,"enemies":"Cultist","floor":3,"turns":4},{"damage":2,"enemies":"2 Louse","floor":5,"turns":3},{"damage":0,"enemies":"Large Slime","floor":8,"turns":5},{"damage":5,"enemies":"downfall:FleeingMerchant","floor":10,"turns":4},{"damage":4,"enemies":"2 Fungi Beasts","floor":11,"turns":3},{"damage":10,"enemies":"Exordium Thugs","floor":12,"turns":4},{"damage":26,"enemies":"3 Sentries","floor":13,"turns":8},{"damage":0,"enemies":"2 Fungi Beasts","floor":14,"turns":2},{"damage":6,"enemies":"Large Slime","floor":15,"turns":3},{"damage":10,"enemies":"downfall:Silent","floor":16,"turns":5},{"damage":0,"enemies":"Chosen","floor":21,"turns":3},{"damage":15,"enemies":"downfall:FleeingMerchant","floor":22,"turns":4},{"damage":6,"enemies":"Shelled Parasite and Fungi","floor":23,"turns":3},{"damage":12,"enemies":"Book of Stabbing","floor":25,"turns":4},{"damage":8,"enemies":"Gremlin Leader","floor":27,"turns":4},{"damage":8,"enemies":"downfall:FleeingMerchant","floor":30,"turns":3},{"damage":0,"enemies":"Centurion and Healer","floor":31,"turns":4},{"damage":0,"enemies":"Cultist and Chosen","floor":32,"turns":4},{"damage":3,"enemies":"downfall:Watcher","floor":33,"turns":7},{"damage":0,"enemies":"3 Shapes","floor":36,"turns":3},{"damage":8,"enemies":"3 Darklings","floor":37,"turns":4},{"damage":3,"enemies":"4 Shapes","floor":39,"turns":4},{"damage":0,"enemies":"Jaw Worm Horde","floor":42,"turns":3},{"damage":3,"enemies":"Reptomancer","floor":44,"turns":6},{"damage":29,"enemies":"Nemesis","floor":46,"turns":7},{"damage":21,"enemies":"Giant Head","floor":48,"turns":6},{"damage":11,"enemies":"3 Darklings","floor":49,"turns":4},{"damage":31,"enemies":"downfall:Defect","floor":50,"turns":6},{"damage":29,"enemies":"downfall:CharBossMerchant","floor":52,"turns":7},{"damage":0,"enemies":"downfall:NeowBoss","floor":55,"turns":19}],"seed_played":"-1460209493172242461","potions_obtained":[{"floor":3,"key":"DuplicationPotion"},{"floor":5,"key":"AttackPotion"},{"floor":11,"key":"Swift Potion"},{"floor":13,"key":"Fruit Juice"},{"floor":21,"key":"SteroidPotion"},{"floor":23,"key":"DistilledChaos"},{"floor":31,"key":"Fruit Juice"},{"floor":33,"key":"LiquidMemories"},{"floor":39,"key":"Guardian:AcceleratePotion"},{"floor":48,"key":"Strength Potion"},{"floor":49,"key":"Fruit Juice"},{"floor":52,"key":"ColorlessPotion"}],"is_trial":false,"path_per_floor":["R","M","M","?","M","?","T","M","R","$","M","M","E","M","M","B",null,"R","?","?","M","$","M","T","E","R","E","?","R","$","M","M","B",null,"R","M","M","$","M","R","T","M","R","E","?","E","T","E","M","B",null,"E","$","R","B",null],"character_chosen":"GUARDIAN","items_purchased":["champ:Barbells","sneckomod:BlankCard","Ornamental Fan","OrangePellets","Guardian:EvasiveProtocol"],"campfire_rested":0,"item_purchase_floors":[22,38,53,53,53],"current_hp_per_floor":[80,78,77,77,75,75,75,75,75,70,66,56,35,35,29,19,85,85,85,69,69,54,48,48,36,36,35,68,68,60,60,60,62,97,97,97,89,89,86,86,86,86,96,93,93,64,64,43,37,6,112,83,83,83,83],"gold":43,"neow_bonus":"UPGRADE_CARD","is_daily":false,"chose_seed":false,"campfire_upgraded":8,"win_rate":0.0,"timestamp":1609612214,"path_taken":["R","M","M","?","?","?","T","M","R","$","M","M","E","M","M","BOSS","R","?","?","M","$","M","T","E","R","E","?","R","$","M","M","BOSS","R","M","M","$","M","R","T","M","R","E","?","E","?","E","M","BOSS","E","$","R","BOSS"],"items_purchased_type":["Relic","Relic","Relic","Relic","Card"],"build_version":"2020-12-22","purchased_purges":1,"victory":true,"max_hp_per_floor":[80,80,80,80,80,80,80,80,80,80,80,80,85,85,85,85,85,85,85,85,85,85,85,85,85,85,92,92,92,92,92,92,97,97,97,97,97,97,97,97,97,97,107,107,107,107,107,107,112,112,112,112,112,112,112],"card_choices":[{"not_picked":["Guardian:TemporalShield","Guardian:Incinerate"],"picked":"Guardian:Harden","floor":2},{"not_picked":["Guardian:TemporalStrike","Guardian:Gem_Cyan"],"picked":"Guardian:Recover","floor":3},{"not_picked":["Guardian:Reroute","Guardian:FuturePlans"],"picked":"Guardian:FloatingOrbs","floor":5},{"not_picked":["Guardian:Planning","Guardian:PrimingBeam"],"picked":"Guardian:ChargeCore","floor":8},{"not_picked":["Guardian:StasisField","Guardian:Repulse"],"picked":"Guardian:Orbwalk","floor":10},{"not_picked":["Guardian:MultiBeam","Guardian:GuardianWhirl","Guardian:Incinerate"],"picked":"SKIP","floor":11},{"not_picked":["Guardian:ChargeCore","Guardian:TemporalShield"],"picked":"Guardian:PrismaticBeam","floor":12},{"not_picked":["Guardian:Gem_Blue","Guardian:TimeCapacitor"],"picked":"Guardian:Gem_Crimson","floor":13},{"not_picked":["Guardian:TemporalShield","Guardian:Repulse"],"picked":"Guardian:BronzeOrb","floor":14},{"not_picked":["Guardian:TemporalShield","Guardian:TemporalStrike"],"picked":"Guardian:Gem_Red","floor":15},{"not_picked":["Guardian:ExploitGems","Guardian:GatlingBeam"],"picked":"Guardian:Gem_Synthetic","floor":16},{"not_picked":["Guardian:Planning","Guardian:TemporalShield"],"picked":"Guardian:Reroute","floor":21},{"not_picked":["Guardian:Preprogram+1","Guardian:Reroute"],"picked":"Guardian:BronzeArmor+1","floor":22},{"not_picked":["Guardian:Recover","Guardian:VentSteam","Guardian:ShieldCharger"],"picked":"SKIP","floor":23},{"not_picked":["Guardian:StasisField","Guardian:BronzeOrb+1"],"picked":"Guardian:Gem_Purple","floor":25},{"not_picked":["Guardian:ShieldSpikes","Guardian:VentSteam"],"picked":"Guardian:FuturePlans","floor":27},{"not_picked":["Guardian:Emergency","Guardian:PiercingHide"],"picked":"Guardian:ChargeUp","floor":30},{"not_picked":["Guardian:ChargeUp","Guardian:ChargeCore"],"picked":"Guardian:Gem_Cyan","floor":31},{"not_picked":["Guardian:SentryBeam","Guardian:PrimingBeam"],"picked":"Guardian:WalkerClaw+1","floor":32},{"not_picked":["Guardian:AncientConstruct","Guardian:CompilePackage"],"picked":"Guardian:Gem_Orange","floor":33},{"not_picked":["Guardian:Gem_Red","Guardian:TemporalShield+1","Guardian:Gem_Green"],"picked":"SKIP","floor":36},{"not_picked":["Guardian:Reroute+1","Guardian:Gem_Green"],"picked":"Guardian:PiercingHide+1","floor":37},{"not_picked":["Guardian:RefractedBeam","Guardian:ShieldCharger"],"picked":"Guardian:PiercingHide+1","floor":39},{"not_picked":["Guardian:ChargeCore","Guardian:TemporalShield+1"],"picked":"Guardian:PiercingHide","floor":42},{"not_picked":["Guardian:ShieldSpikes","Guardian:Reroute","Guardian:Repulse"],"picked":"SKIP","floor":44},{"not_picked":["Guardian:WalkerClaw","Guardian:Emergency","Guardian:RollAttack+1"],"picked":"SKIP","floor":46},{"not_picked":["Guardian:WalkerClaw","Guardian:Emergency","Guardian:RollAttack+1"],"picked":"SKIP","floor":46},{"not_picked":["Guardian:Incinerate","Guardian:FastForward","Guardian:PiercingHide+1"],"picked":"SKIP","floor":48},{"not_picked":["Guardian:PolyBeam","Guardian:TemporalShield","Guardian:ShieldSpikes"],"picked":"SKIP","floor":49},{"not_picked":["Guardian:WalkerClaw+1","Guardian:Incinerate+1","Guardian:Reroute"],"picked":"SKIP","floor":52}],"player_experience":611633,"relics_obtained":[{"floor":7,"key":"Vajra"},{"floor":13,"key":"Akabeko"},{"floor":24,"key":"Ginger"},{"floor":25,"key":"Nunchaku"},{"floor":27,"key":"Strawberry"},{"floor":44,"key":"Gambling Chip"},{"floor":44,"key":"Bottled Tornado"},{"floor":46,"key":"White Beast Statue"},{"floor":46,"key":"Guardian:SackOfGems"},{"floor":47,"key":"Guardian:DefensiveModeMoreBlock"},{"floor":48,"key":"MawBank"},{"floor":48,"key":"champ:DeflectingBracers"},{"floor":52,"key":"Pocketwatch"},{"floor":52,"key":"Guardian:GemstoneGun"}],"event_choices":[{"cards_removed":["Guardian:Defend_Guardian"],"damage_healed":0,"gold_gain":0,"player_choice":"Offered Basic","damage_taken":0,"max_hp_gain":0,"max_hp_loss":0,"event_name":"Bonfire Elementals","floor":4,"gold_loss":0},{"cards_removed":["Guardian:Strike_Guardian"],"damage_healed":0,"gold_gain":0,"player_choice":"Card Removal","damage_taken":0,"max_hp_gain":0,"max_hp_loss":0,"event_name":"The Cleric","floor":6,"gold_loss":0}],"is_beta":false,"boss_relics":[{"not_picked":["Snecko Eye","Pandora\u0027s Box"],"picked":"Coffee Dripper"},{"not_picked":["Cursed Key","SlaversCollar"],"picked":"Black Star"}],"items_purged_floors":[53],"is_endless":false,"potions_floor_spawned":[3,5,11,12,13,21,23,31,33,39,42,48,49,52],"ascension_level":1}}