{"host":"6pgtslebjnyv5xmi","time":1609599295,"event":{"mods":["AchievementEnabler","BaseMod","Colored Map","Minty Spire (QoL Compilation)","Rare Cards Sparkle","StSLib","SuperFastMode","Td1madao Mod","everything is the same but u backflip on backflip"],"gold_per_floor":[364,380,330,330,330,342,361,361,441,441,40,8,34,34,34,135,135,151,16,16,16,16,16,34,46,46,46,58,58,73,84,84,182,182,200,34,34,1033,1033,1033,1033,1033],"floor_reached":41,"playtime":1614,"items_purged":["Strike_B"],"score":462,"play_id":"262817d8-0c56-48c7-8eeb-e18e87bddb10","local_time":"20210102235455","is_ascension_mode":false,"campfire_choices":[{"floor":15.0,"key":"REST"},{"data":"Apotheosis","floor":23,"key":"SMITH"},{"data":"Creative AI","floor":29,"key":"SMITH"},{"data":"Echo Form","floor":32,"key":"SMITH"},{"floor":40,"key":"DIG"}],"circlet_count":0,"master_deck":["Strike_B+1","Defend_B","Defend_B","Defend_B","Zap","Dualcast","Defragment+1","Ball Lightning+1","Blizzard","Turbo","Coolheaded","Defragment","Lockon","Creative AI+1","Apotheosis+1","Loop+1","Echo Form+1","Cold Snap","Core Surge","CurseOfTheBell","Double Energy+1","Normality","Normality"],"relics":["Cracked Core","The Courier","Strawberry","Membership Card","Mummified Hand","Blood Vial","Gambling Chip","Oddly Smooth Stone","Runic Pyramid","Anchor","DataDisk","Calling Bell","Smiling Mask","Pantograph","Shovel","TungstenRod","Pen Nib"],"acts_visited":["TheCity","TheBeyond"],"potions_floor_usage":[33],"damage_taken":[{"damage":8.0,"enemies":"Jaw Worm","floor":1.0,"turns":3.0},{"damage":12.0,"enemies":"Small Slimes","floor":2.0,"turns":4.0},{"damage":5.0,"enemies":"2 Louse","floor":6.0,"turns":3.0},{"damage":5.0,"enemies":"Looter","floor":7.0,"turns":3.0},{"damage":14.0,"enemies":"Lagavulin","floor":13.0,"turns":7.0},{"damage":20.0,"enemies":"Slime Boss","floor":16.0,"turns":8.0},{"damage":14.0,"enemies":"2 Thieves","floor":18.0,"turns":3.0},{"damage":0,"enemies":"Spheric Guardian","floor":24,"turns":3},{"damage":0,"enemies":"Cultist and Chosen","floor":25,"turns":4},{"damage":9,"enemies":"Snecko","floor":28,"turns":3},{"damage":2,"enemies":"Snake Plant","floor":30,"turns":3},{"damage":6,"enemies":"Centurion and Healer","floor":31,"turns":7},{"damage":0,"enemies":"Automaton","floor":33,"turns":10},{"damage":30,"enemies":"3 Darklings","floor":35,"turns":3},{"damage":54,"enemies":"Reptomancer","floor":41,"turns":2}],"seed_played":"-3546095731673304536","potions_obtained":[{"floor":1.0,"key":"Ancient Potion"},{"floor":2.0,"key":"SpeedPotion"},{"floor":16.0,"key":"Block Potion"},{"floor":24,"key":"Explosive Potion"},{"floor":30,"key":"FocusPotion"}],"is_trial":false,"path_per_floor":["M","M","?","?","$","M","M","?","T","?","$","$","E","$","R","B",null,"M","$","?","?","?","R","M","M","T","?","M","R","M","M","R","B",null,"M","$","?","?","?","R","E"],"character_chosen":"DEFECT","items_purchased":["Membership Card","Mummified Hand","Coolheaded","Blood Vial","Gambling Chip","Defragment","Apotheosis","Anchor","TungstenRod"],"campfire_rested":1,"item_purchase_floors":[11,11,11,11,11,12,19,19,36],"current_hp_per_floor":[67,55,55,40,40,35,30,30,30,19,19,19,7,7,31,13,82,68,68,68,68,68,68,70,72,72,72,65,65,65,61,61,63,82,52,52,52,52,52,52,0,0],"gold":1033,"neow_bonus":"TWO_FIFTY_GOLD","is_daily":false,"chose_seed":false,"campfire_upgraded":3,"win_rate":0.0,"timestamp":1609599295,"path_taken":["M","M","?","?","$","M","M","?","T","?","?","$","E","$","R","BOSS","M","$","?","?","?","R","M","?","T","?","?","R","M","M","R","BOSS","M","$","?","?","?","R","E"],"items_purchased_type":["Relic","Relic","Card","Relic","Relic","Card","Card","Relic","Relic"],"build_version":"2020-12-22","purchased_purges":1,"victory":false,"max_hp_per_floor":[75,75,75,75,75,75,75,75,75,82,82,82,82,82,82,82,82,82,82,82,82,82,82,82,82,82,82,82,82,82,82,82,82,82,82,82,82,82,78,78,78,78],"card_choices":[{"not_picked":["Redo","Genetic Algorithm"],"picked":"Defragment","floor":1.0},{"not_picked":["Redo","Rebound"],"picked":"Ball Lightning","floor":2.0},{"not_picked":["Darkness","Redo"],"picked":"Blizzard","floor":6.0},{"not_picked":["Conserve Battery","Gash"],"picked":"Turbo","floor":7.0},{"not_picked":["Go for the Eyes","Aggregate"],"picked":"Lockon","floor":13.0},{"not_picked":["Echo Form","Rainbow"],"picked":"Creative AI","floor":16.0},{"not_picked":["Coolheaded","Defragment","Tempest"],"picked":"SKIP","floor":18.0},{"not_picked":["Blizzard","Leap","Conserve Battery"],"picked":"SKIP","floor":24},{"not_picked":["Steam","Tempest"],"picked":"Loop+1","floor":25},{"not_picked":["Barrage","Redo+1","Steam"],"picked":"SKIP","floor":28},{"not_picked":["Leap","Hologram"],"picked":"Echo Form","floor":30},{"not_picked":["Compile Driver","Go for the Eyes"],"picked":"Cold Snap","floor":31},{"not_picked":["Multi-Cast","Amplify"],"picked":"Core Surge","floor":33},{"not_picked":["Ball Lightning+1","Cold Snap"],"picked":"Double Energy+1","floor":35}],"player_experience":642368,"relics_obtained":[{"floor":9.0,"key":"The Courier"},{"floor":13.0,"key":"Oddly Smooth Stone"},{"floor":26,"key":"DataDisk"},{"floor":34,"key":"Smiling Mask"},{"floor":34,"key":"Pantograph"},{"floor":34,"key":"Shovel"},{"floor":40,"key":"Pen Nib"}],"event_choices":[{"cards_removed":["Shame"],"damage_healed":0.0,"max_hp_gain":0.0,"max_hp_loss":0.0,"gold_gain":0.0,"event_name":"The Cleric","player_choice":"Card Removal","floor":3.0,"gold_loss":50.0,"damage_taken":0.0},{"damage_healed":0.0,"max_hp_gain":0.0,"max_hp_loss":0.0,"gold_gain":0.0,"event_name":"Shining Light","player_choice":"Entered Light","floor":4.0,"gold_loss":0.0,"damage_taken":15.0,"cards_upgraded":["Strike_B","Ball Lightning"]},{"damage_healed":0.0,"max_hp_gain":0.0,"max_hp_loss":0.0,"gold_gain":0.0,"event_name":"Living Wall","player_choice":"Grow","floor":8.0,"gold_loss":0.0,"damage_taken":0.0,"cards_upgraded":["Defragment"]},{"damage_healed":0.0,"max_hp_gain":0.0,"max_hp_loss":0.0,"gold_gain":0.0,"event_name":"Scrap Ooze","player_choice":"Success","floor":10.0,"gold_loss":0.0,"damage_taken":18.0,"relics_obtained":["Strawberry"]},{"cards_removed":["Strike_B"],"damage_healed":0.0,"max_hp_gain":0.0,"max_hp_loss":0.0,"gold_gain":0.0,"event_name":"Back to Basics","player_choice":"Elegance","floor":20.0,"gold_loss":0.0,"damage_taken":0.0},{"damage_healed":0,"gold_gain":0,"player_choice":"Ignored","damage_taken":0,"max_hp_gain":0,"max_hp_loss":0,"event_name":"Cursed Tome","floor":21,"gold_loss":0},{"cards_removed":["Strike_B"],"damage_healed":0,"gold_gain":0,"player_choice":"Offered Basic","damage_taken":0,"max_hp_gain":0,"max_hp_loss":0,"event_name":"Bonfire Elementals","floor":22,"gold_loss":0},{"cards_removed":["Defend_B"],"damage_healed":0,"gold_gain":0,"player_choice":"Purged","damage_taken":0,"max_hp_gain":0,"max_hp_loss":0,"event_name":"Purifier","floor":27,"gold_loss":0},{"damage_healed":0,"gold_gain":0,"player_choice":"Memory 1","damage_taken":0,"max_hp_gain":0,"max_hp_loss":0,"event_name":"SensoryStone","floor":37,"gold_loss":0},{"damage_healed":0,"gold_gain":999,"player_choice":"Gold","damage_taken":0,"max_hp_gain":0,"max_hp_loss":0,"event_name":"MindBloom","floor":38,"gold_loss":0,"cards_obtained":["Normality","Normality"]},{"damage_healed":0,"gold_gain":0,"player_choice":"Max HP","damage_taken":0,"max_hp_gain":0,"max_hp_loss":4,"event_name":"Winding Halls","floor":39,"gold_loss":0}],"is_beta":false,"boss_relics":[{"not_picked":["Coffee Dripper","Sozu"],"picked":"Runic Pyramid"},{"not_picked":["Tiny House","Busted Crown"],"picked":"Calling Bell"}],"items_purged_floors":[36],"is_endless":false,"potions_floor_spawned":[1,2,16,24,30],"killed_by":"Reptomancer","ascension_level":0}}