{"host":"ahe97mou057ugdu8","time":1609565462,"event":{"mods":["BaseMod","Better Vampires","BetterRewards","Colored Map","Colored Powertips","Conspire","Custom Start","Halation","Highlight Path","Infinite Spire","Marisa????????","Minty Spire (QoL Compilation)","Prisma Mod","READ ME - Guardian Mod","READ ME - Snecko Mod","Remilia??????","Shop Mod","StSLib","The Animator","The Bladedancer","The Construct","The Cursed","The Disciple","The Exalted","The Factory","The Jungle","The Necromancer","The Runesmith","The Senshi","The Servant 0.9.4","The Spell Scribe","The Witch"],"gold_per_floor":[111,126,126,51,64,93,93,93,93,93,111,129,29,29,29,128,128,148,74,88,88,187,221,239,254,300,313,313,346,364,379,379,478,478,491,491,502,502,529,529,529,561,585,597,610,640,657,657,657],"floor_reached":48,"playtime":5061,"items_purged":["Runesmith:RuneHurl","Runesmith:CraftProtectio"],"score":634,"play_id":"22415317-2356-48f0-a5f1-194587b3114a","local_time":"20210102003102","daily_mods":["SealedDeck","Heirloom"],"is_ascension_mode":false,"campfire_choices":[{"data":"Runesmith:Grindstone","floor":7,"key":"SMITH"},{"data":"Runesmith:HammerThrow","floor":10,"key":"SMITH"},{"data":"Runesmith:DoubleUp","floor":15,"key":"SMITH"},{"data":"Runesmith:PoweredAnvil","floor":28,"key":"SMITH"},{"data":"Runesmith:CreatorForm","floor":32,"key":"SMITH"},{"data":"Runesmith:PoweredAnvil","floor":40,"key":"SMITH"}],"circlet_count":0,"master_deck":["Runesmith:CraftProtectio","Runesmith:ChiselStab","Runesmith:ChiselStab","Runesmith:DoubleUp+1","Runesmith:EarthShield","Runesmith:HammerThrow+1","Runesmith:Grindstone+1","Runesmith:PoweredAnvil+1","Runesmith:CraftMagma","Runesmith:PoweredAnvil+1","Runesmith:PoweredAnvil+1","Runesmith:CreatorForm+1"],"relics":["Runesmith:BrokenRuby","conspire:GlowingRock","halation:EternalFortune","Toy Ornithopter","NlothsMask","construct:ClawGrip","conspire:TopHat","Oddly Smooth Stone","Happy Flower","conspire:RoyalGoblet","Strawberry","Regal Pillow","Runesmith:EmergencyProvisions","Art of War"],"acts_visited":["Exordium","TheCity","TheBeyond"],"potions_floor_usage":[11,31,31,31,31,31,31],"damage_taken":[{"damage":0,"enemies":"2 Louse","floor":1,"turns":3},{"damage":0,"enemies":"Small Slimes","floor":2,"turns":2},{"damage":0,"enemies":"Cultist","floor":5,"turns":5},{"damage":0,"enemies":"Lagavulin","floor":6,"turns":6},{"damage":0,"enemies":"Red Slaver","floor":11,"turns":4},{"damage":4,"enemies":"2 Fungi Beasts","floor":12,"turns":3},{"damage":0,"enemies":"Slime Boss","floor":16,"turns":10},{"damage":10,"enemies":"Shell Parasite","floor":18,"turns":5},{"damage":9,"enemies":"3 Byrds","floor":20,"turns":4},{"damage":12,"enemies":"conspire:SneckoGhost","floor":23,"turns":6},{"damage":28,"enemies":"Shelled Parasite and Fungi","floor":24,"turns":5},{"damage":0,"enemies":"conspire:HollyBat","floor":25,"turns":7},{"damage":0,"enemies":"Sentry and Sphere","floor":27,"turns":6},{"damage":12,"enemies":"Book of Stabbing","floor":29,"turns":5},{"damage":1,"enemies":"Centurion and Healer","floor":30,"turns":5},{"damage":0,"enemies":"Shelled Parasite and Fungi","floor":31,"turns":4},{"damage":9,"enemies":"conspire:MysteriousRune","floor":33,"turns":5},{"damage":17,"enemies":"3 Darklings","floor":35,"turns":6},{"damage":11,"enemies":"3 Shapes","floor":37,"turns":7},{"damage":4,"enemies":"Giant Head","floor":42,"turns":6},{"damage":26,"enemies":"Jaw Worm Horde","floor":44,"turns":4},{"damage":2,"enemies":"3 Darklings","floor":45,"turns":5},{"damage":15,"enemies":"Nightmare","floor":46,"turns":6},{"damage":15,"enemies":"Spire Growth","floor":47,"turns":5},{"damage":25,"enemies":"Transient","floor":48,"turns":3}],"seed_played":"4921322128031714315","potions_obtained":[{"floor":1,"key":"Dexterity Potion"},{"floor":2,"key":"BlessingOfTheForge"},{"floor":16,"key":"EntropicBrew"},{"floor":20,"key":"Weak Potion"},{"floor":35,"key":"SmokeBomb"},{"floor":44,"key":"SteroidPotion"},{"floor":45,"key":"Fire Potion"}],"is_trial":true,"path_per_floor":["M","M","?","$","M","E","R","?","T","R","M","M","$","?","R","B",null,"M","$","M","?","?","E","M","M","T","M","R","E","M","M","R","B",null,"M","?","M","?","T","R","?","E","T","M","M","NM","M","M"],"character_chosen":"RUNESMITH_CLASS","items_purchased":["Runesmith:PoweredAnvil"],"campfire_rested":0,"item_purchase_floors":[19],"current_hp_per_floor":[70,70,73,73,73,73,73,73,73,73,76,72,72,72,72,72,76,66,66,60,60,60,48,23,23,23,26,26,14,13,43,43,34,85,71,71,60,60,67,67,67,63,63,37,35,20,5,0,0],"gold":657,"neow_bonus":"","is_daily":false,"chose_seed":false,"campfire_upgraded":6,"win_rate":0.0,"timestamp":1609565462,"path_taken":["M","M","?","$","M","E","R","?","T","R","?","M","?","?","R","BOSS","M","$","M","?","?","E","M","M","T","M","R","E","M","M","R","BOSS","M","?","?","?","?","R","?","E","T","?","M","NM","M","M"],"items_purchased_type":["Card"],"build_version":"2020-12-22","purchased_purges":2,"victory":false,"max_hp_per_floor":[70,70,73,73,73,73,73,73,73,73,76,76,76,76,76,76,76,76,76,79,79,79,79,82,82,82,85,85,85,85,85,85,85,85,88,88,88,88,95,95,95,95,95,95,95,95,95,95,95],"card_choices":[{"not_picked":["Runesmith:HeatExchange","Runesmith:HammerThrow","Runesmith:EnergizedChisel"],"picked":"SKIP","floor":1},{"not_picked":["Runesmith:LithiumIon","Runesmith:CraftReservo"],"picked":"Runesmith:PoweredAnvil","floor":2},{"not_picked":["Runesmith:ChargedHammer","Runesmith:ChiselStab","Runesmith:UnstableHammer"],"picked":"SKIP","floor":5},{"not_picked":["Runesmith:ShiftingStrike","Runesmith:CraftProtectio","Runesmith:WhiteBalance"],"picked":"SKIP","floor":6},{"not_picked":["Runesmith:HammerAndChisel","Runesmith:EnergizedChisel","Runesmith:HammerThrow"],"picked":"SKIP","floor":11},{"not_picked":["Runesmith:HeatExchange","Runesmith:UnstableHammer","Runesmith:EnergizedChisel"],"picked":"SKIP","floor":12},{"not_picked":["Runesmith:Malloc+1","Runesmith:FrozenChisel"],"picked":"Runesmith:CraftMagma","floor":18},{"not_picked":["Runesmith:CraftMagma","Runesmith:StaticCage","Runesmith:OneForEveryone"],"picked":"SKIP","floor":20},{"not_picked":["Runesmith:BackupBattery","Runesmith:Augment","Runesmith:Duplicate"],"picked":"SKIP","floor":23},{"not_picked":["Runesmith:HeatExchange","Runesmith:FrozenChisel"],"picked":"Runesmith:PoweredAnvil+1","floor":24},{"not_picked":["Runesmith:Superposition","Runesmith:Repurpose","Runesmith:RuneHurl"],"picked":"SKIP","floor":25},{"not_picked":["Runesmith:LithiumIon","Runesmith:BackupBattery+1","Runesmith:CraftSpiculum+1"],"picked":"SKIP","floor":27},{"not_picked":["Runesmith:StaticCage","Runesmith:EarthShield","Runesmith:UnstableHammer"],"picked":"SKIP","floor":29},{"not_picked":["Runesmith:CraftProtectio","Runesmith:Malloc"],"picked":"Runesmith:CreatorForm","floor":30},{"not_picked":["Runesmith:ChaoticBlast","Runesmith:StaticCage","Runesmith:EnergizedChisel"],"picked":"SKIP","floor":31},{"not_picked":["Runesmith:CraftMagma","Runesmith:Firestorm","Runesmith:EarthShield"],"picked":"SKIP","floor":35},{"not_picked":["Runesmith:Accelerate+1","Runesmith:StaticCage+1","Runesmith:EnergizedChisel"],"picked":"SKIP","floor":37},{"not_picked":["Runesmith:CraftMagma+1","Runesmith:WhiteBalance","Runesmith:Superposition+1"],"picked":"SKIP","floor":42},{"not_picked":["Runesmith:Superposition","Runesmith:DoubleUp","Runesmith:WhiteBalance"],"picked":"SKIP","floor":44},{"not_picked":["Runesmith:StaticCage+1","Runesmith:MakeshiftArmor+1","Runesmith:ChiselStab+1"],"picked":"SKIP","floor":45},{"not_picked":["Runesmith:ElementalConversion+1","Runesmith:LithiumIon","Runesmith:Grindstone"],"picked":"SKIP","floor":46},{"not_picked":["Runesmith:Discharge+1","Runesmith:ShiftingStrike","Runesmith:Retool+1"],"picked":"SKIP","floor":47}],"player_experience":7382,"relics_obtained":[{"floor":6,"key":"Toy Ornithopter"},{"floor":11,"key":"halation:EternalFortune"},{"floor":20,"key":"halation:EternalFortune"},{"floor":23,"key":"conspire:TopHat"},{"floor":24,"key":"halation:EternalFortune"},{"floor":26,"key":"Oddly Smooth Stone"},{"floor":27,"key":"halation:EternalFortune"},{"floor":29,"key":"Happy Flower"},{"floor":35,"key":"halation:EternalFortune"},{"floor":39,"key":"Strawberry"},{"floor":42,"key":"Regal Pillow"},{"floor":43,"key":"Runesmith:EmergencyProvisions"},{"floor":46,"key":"Art of War"}],"event_choices":[{"damage_healed":0,"gold_gain":0,"player_choice":"Trade","damage_taken":0,"relics_obtained":["NlothsMask"],"max_hp_gain":0,"max_hp_loss":0,"event_name":"FaceTrader","floor":8,"gold_loss":0},{"damage_healed":0,"gold_gain":0,"player_choice":"Leave","damage_taken":0,"max_hp_gain":0,"max_hp_loss":0,"event_name":"conspire:Investor","floor":14,"gold_loss":0},{"damage_healed":0,"gold_gain":0,"player_choice":"Became a vampire","damage_taken":0,"max_hp_gain":0,"max_hp_loss":0,"event_name":"Vampires","floor":21,"gold_loss":0,"cards_obtained":[]},{"damage_healed":0,"gold_gain":99,"player_choice":"Stole From Cult","damage_taken":0,"max_hp_gain":0,"max_hp_loss":0,"event_name":"Nest","floor":22,"gold_loss":0},{"cards_removed":["Runesmith:EarthShield"],"damage_healed":0,"gold_gain":0,"player_choice":"Purged","damage_taken":0,"max_hp_gain":0,"max_hp_loss":0,"event_name":"Purifier","floor":36,"gold_loss":0},{"damage_healed":0,"gold_gain":0,"player_choice":"Ignored","damage_taken":0,"max_hp_gain":0,"max_hp_loss":0,"event_name":"SecretPortal","floor":41,"gold_loss":0}],"is_beta":false,"boss_relics":[{"not_picked":["infinitespire:Cupcake","theSenshi:MoonKaleidoScopeRelic"],"picked":"construct:ClawGrip"},{"not_picked":["Bromod:ArcaneBarrier","conspire:RunicOctahedron"],"picked":"conspire:RoyalGoblet"}],"items_purged_floors":[4,13],"is_endless":false,"potions_floor_spawned":[1,2,16,20,24,27,29,35,44,45,46],"killed_by":"Transient","ascension_level":0}}