{"host":"esx1hwjnbftf3eqj","time":1609630776,"event":{"mods":["BaseMod","Colored Map","Minty Spire (QoL Compilation)","StSLib","The Jungle"],"gold_per_floor":[113,130,130,130,9,341,341,375,375,400,400,417,417,431,431,431,431],"floor_reached":16,"playtime":1070,"items_purged":["Strike_R"],"score":171,"play_id":"6fe4341d-e433-49bd-831d-a305e951aafd","local_time":"20210102153936","is_ascension_mode":true,"campfire_choices":[{"data":"Shrug It Off","floor":7,"key":"SMITH"},{"data":"Seeing Red","floor":11,"key":"SMITH"},{"data":"Bash","floor":13,"key":"SMITH"},{"data":"Shrug It Off","floor":15,"key":"SMITH"}],"circlet_count":0,"master_deck":["Strike_R","Strike_R","Strike_R","Defend_R","Defend_R","Defend_R","Defend_R","Bash+1","Headbutt","Headbutt","Shrug It Off+1","Seeing Red+1","Pommel Strike","Battle Trance","Shrug It Off+1"],"relics":["Burning Blood","Old Coin","Frozen Egg 2","The Courier","Boot"],"acts_visited":["Exordium"],"potions_floor_usage":[8,16,16],"damage_taken":[{"damage":6,"enemies":"Cultist","floor":1,"turns":4},{"damage":4,"enemies":"Small Slimes","floor":2,"turns":3},{"damage":31,"enemies":"3 Sentries","floor":6,"turns":12},{"damage":32,"enemies":"Lagavulin","floor":8,"turns":9},{"damage":14,"enemies":"3 Sentries","floor":10,"turns":14},{"damage":0,"enemies":"Jaw Worm","floor":12,"turns":3},{"damage":3,"enemies":"Blue Slaver","floor":14,"turns":4},{"damage":27,"enemies":"The Guardian","floor":16,"turns":7}],"seed_played":"1793743728442803718","potions_obtained":[{"floor":2,"key":"EssenceOfSteel"},{"floor":8,"key":"Swift Potion"},{"floor":14,"key":"ColorlessPotion"}],"is_trial":false,"path_per_floor":["M","M","?","$","$","E","R","E","T","E","R","M","R","M","R","B"],"character_chosen":"IRONCLAD","items_purchased":["Shrug It Off"],"campfire_rested":0,"item_purchase_floors":[5],"current_hp_per_floor":[72,74,74,74,74,49,49,23,23,15,15,21,21,24,24,0,0],"gold":431,"neow_bonus":"REMOVE_CARD","is_daily":false,"chose_seed":false,"campfire_upgraded":4,"win_rate":0.0,"timestamp":1609630776,"path_taken":["M","?","?","?","$","E","R","E","T","E","R","?","R","M","R","BOSS"],"items_purchased_type":["Card"],"build_version":"2020-12-22","purchased_purges":1,"victory":false,"max_hp_per_floor":[80,80,80,80,80,80,80,80,80,80,80,80,80,80,80,80,80],"card_choices":[{"not_picked":["Flex","Infernal Blade"],"picked":"Headbutt","floor":1},{"not_picked":["Cleave","Body Slam"],"picked":"Headbutt","floor":2},{"not_picked":["Corruption","Power Through","Warcry"],"picked":"SKIP","floor":6},{"not_picked":["Clash","Perfected Strike"],"picked":"Seeing Red","floor":8},{"not_picked":["Intimidate","Anger"],"picked":"Pommel Strike","floor":10},{"not_picked":["Pommel Strike","Perfected Strike"],"picked":"Battle Trance","floor":12},{"not_picked":["Dark Embrace+1","Thunderclap"],"picked":"Shrug It Off","floor":14}],"player_experience":613508,"relics_obtained":[{"floor":6,"key":"Old Coin"},{"floor":8,"key":"Frozen Egg 2"},{"floor":9,"key":"The Courier"},{"floor":10,"key":"Boot"}],"event_choices":[{"damage_healed":0,"gold_gain":0,"player_choice":"Bought 0 Potions","damage_taken":0,"max_hp_gain":0,"max_hp_loss":0,"event_name":"The Woman in Blue","floor":3,"gold_loss":0}],"is_beta":false,"boss_relics":[],"items_purged_floors":[5],"is_endless":false,"potions_floor_spawned":[2,8,14],"killed_by":"The Guardian","ascension_level":9}}