{"host":"cr892wvdvh6p7gzy","time":1609549449,"event":{"mods":["A Magickal Journey","BaseMod","Dio Mod","GifTheSpireLib","Minty Spire (QoL Compilation)","READ ME - Guardian Mod","SOS???????","StSLib","The Bug Knight","The Necromancer","The Servant 0.9.4","???Mod??????Boss"],"gold_per_floor":[110,110,125,125,125,125,125,125,205,217,228,228,228,257,257,356,356,324,169,169,186,197,197,215,245,270,270,281,281,281,296,296,296,296],"floor_reached":33,"playtime":2009,"items_purged":[],"score":334,"play_id":"7f817c11-ae58-40a6-a6da-30acb13189a9","local_time":"20210102020409","is_ascension_mode":true,"campfire_choices":[{"data":"Survivor","floor":6,"key":"SMITH"},{"data":"Neutralize","floor":8,"key":"SMITH"},{"data":"Glass Knife","floor":12,"key":"SMITH"},{"data":"Defend_G","floor":15,"key":"SMITH"},{"floor":23,"key":"REST"},{"floor":27,"key":"REST"},{"floor":32,"key":"REST"}],"circlet_count":0,"master_deck":["Strike_G+1","Strike_G+1","Strike_G+1","Strike_G+1","Strike_G+1","Defend_G+1","Defend_G+1","Defend_G+1","Defend_G+1","Defend_G+1","Survivor+1","Neutralize+1","Deadly Poison+1","Glass Knife+1","Envenom","PiercingWail+1","Bane","Deadly Poison+1"],"relics":["Ring of the Serpent","Letter Opener","Pantograph","Anchor","Regal Pillow","Smiling Mask","Juzu Bracelet"],"acts_visited":["Exordium","TheCity"],"potions_floor_usage":[11,14,18,24,25,28,33],"damage_taken":[{"damage":7,"enemies":"Small Slimes","floor":1,"turns":5},{"damage":4,"enemies":"2 Louse","floor":3,"turns":2},{"damage":0,"enemies":"Jaw Worm","floor":10,"turns":2},{"damage":1,"enemies":"Exordium Thugs","floor":11,"turns":4},{"damage":0,"enemies":"Gremlin Nob","floor":14,"turns":3},{"damage":28,"enemies":"Hexaghost","floor":16,"turns":10},{"damage":7,"enemies":"2 Thieves","floor":18,"turns":5},{"damage":2,"enemies":"Shell Parasite","floor":21,"turns":5},{"damage":13,"enemies":"Snake Plant","floor":22,"turns":4},{"damage":21,"enemies":"Centurion and Healer","floor":24,"turns":6},{"damage":17,"enemies":"HollowMod:Nosk","floor":25,"turns":9},{"damage":2,"enemies":"Cultist and Chosen","floor":28,"turns":6},{"damage":25,"enemies":"Sentry and Sphere","floor":31,"turns":9},{"damage":82,"enemies":"StardustCrusaders","floor":33,"turns":12}],"seed_played":"4436716950870839323","potions_obtained":[{"floor":1,"key":"Regen Potion"},{"floor":10,"key":"SteroidPotion"},{"floor":14,"key":"GhostInAJar"},{"floor":22,"key":"SteroidPotion"},{"floor":24,"key":"Weak Potion"},{"floor":25,"key":"Poison Potion"},{"floor":31,"key":"Strength Potion"}],"is_trial":false,"path_per_floor":["M","?","M","?","$","R","T","R","T","M","M","R","$","E","R","B",null,"M","$","?","M","M","R","M","E","T","R","M","?","?","M","R","B"],"character_chosen":"THE_SILENT","items_purchased":["Regal Pillow"],"campfire_rested":3,"item_purchase_floors":[19],"current_hp_per_floor":[70,70,66,66,66,66,66,66,66,66,77,77,77,77,77,49,77,70,70,70,68,55,77,56,39,39,77,75,75,75,50,77,0,0],"gold":296,"neow_bonus":"TEN_PERCENT_HP_BONUS","is_daily":false,"chose_seed":false,"campfire_upgraded":4,"win_rate":0.0,"timestamp":1609549449,"path_taken":["M","?","M","?","$","R","?","R","T","?","M","R","$","E","R","BOSS","M","$","?","M","M","R","M","E","T","R","M","?","?","M","R","BOSS"],"items_purchased_type":["Relic"],"build_version":"2020-12-22","purchased_purges":0,"victory":false,"max_hp_per_floor":[77,77,77,77,77,77,77,77,77,77,77,77,77,77,77,77,77,77,77,77,77,77,77,77,77,77,77,77,77,77,77,77,77,77],"card_choices":[{"not_picked":["Acrobatics","Underhanded Strike"],"picked":"Deadly Poison","floor":1},{"not_picked":["Flying Knee","Prepared","Reflex"],"picked":"SKIP","floor":3},{"not_picked":["Backflip","Sucker Punch","Backstab"],"picked":"SKIP","floor":10},{"not_picked":["Dodge and Roll","Backstab"],"picked":"Glass Knife","floor":11},{"not_picked":["Concentrate","Endless Agony","Caltrops"],"picked":"SKIP","floor":14},{"not_picked":["Phantasmal Killer","Venomology"],"picked":"Envenom","floor":16},{"not_picked":["Expertise","Dagger Spray","Cloak And Dagger"],"picked":"SKIP","floor":18},{"not_picked":["Calculated Gamble","Escape Plan"],"picked":"PiercingWail+1","floor":21},{"not_picked":["Prepared+1","Quick Slash","Acrobatics"],"picked":"SKIP","floor":22},{"not_picked":["Eviscerate+1","Crippling Poison"],"picked":"Bane","floor":24},{"not_picked":["Tactician","Accuracy+1","Dagger Throw"],"picked":"SKIP","floor":25},{"not_picked":["Sucker Punch","Distraction","PiercingWail"],"picked":"SKIP","floor":28},{"not_picked":["Eviscerate","Bane"],"picked":"Deadly Poison+1","floor":31}],"player_experience":432250,"relics_obtained":[{"floor":7,"key":"Letter Opener"},{"floor":9,"key":"Pantograph"},{"floor":14,"key":"Anchor"},{"floor":25,"key":"Smiling Mask"},{"floor":26,"key":"Juzu Bracelet"}],"event_choices":[{"damage_healed":0,"gold_gain":0,"player_choice":"Grow","damage_taken":0,"max_hp_gain":0,"max_hp_loss":0,"event_name":"Living Wall","floor":2,"gold_loss":0,"cards_upgraded":["Deadly Poison"]},{"damage_healed":0,"gold_gain":0,"player_choice":"Ignored","damage_taken":0,"max_hp_gain":0,"max_hp_loss":0,"event_name":"Golden Idol","floor":4,"gold_loss":0},{"damage_healed":0,"gold_gain":0,"player_choice":"Ignored","damage_taken":0,"max_hp_gain":0,"max_hp_loss":0,"event_name":"Ghosts","floor":20,"gold_loss":0},{"damage_healed":0,"gold_gain":0,"player_choice":"Ignored","damage_taken":0,"max_hp_gain":0,"max_hp_loss":0,"event_name":"Vampires","floor":29,"gold_loss":0},{"damage_healed":0,"gold_gain":0,"player_choice":"Simplicity","damage_taken":0,"max_hp_gain":0,"max_hp_loss":0,"event_name":"Back to Basics","floor":30,"gold_loss":0,"cards_upgraded":["Strike_G","Strike_G","Strike_G","Strike_G","Strike_G","Defend_G","Defend_G","Defend_G","Defend_G"]}],"is_beta":false,"boss_relics":[{"not_picked":["Fusion Hammer","Busted Crown"],"picked":"Ring of the Serpent"}],"items_purged_floors":[],"is_endless":false,"potions_floor_spawned":[1,10,14,22,24,25,31],"killed_by":"StardustCrusaders","ascension_level":3}}