{"host":"t7kiqd0mabx5u6gq","time":1609554175,"event":{"mods":["AchievementEnabler","Aspiration","BaseMod","Conspire","Dota2Spire","GifTheSpireLib","Halation","Hubris","Infinite Spire","Minty Spire (QoL Compilation)","Quarter Circle Forward PUNCH!","Quick Restart","Replay The Spire","StSLib","Stuff the Spire","vexMod"],"gold_per_floor":[116,116,116,116,129,164,164,36,36,70,70,125,159,178,178,178,178],"floor_reached":16,"playtime":325,"items_purged":["Regret"],"score":204,"play_id":"1aa03a1b-d198-48a4-936b-f9fc4c3ea43a","local_time":"20210101182255","is_ascension_mode":true,"campfire_choices":[{"data":"Tactician","floor":7.0,"key":"SMITH"},{"floor":11.0,"key":"REST"},{"floor":15.0,"key":"DIG"}],"circlet_count":0,"master_deck":["Strike_G","Strike_G","Strike_G","Strike_G","Strike_G","Defend_G","Defend_G","Defend_G","Defend_G","Defend_G","Survivor+1","Neutralize","Acrobatics","Tactician+1","Cloak And Dagger","Underhanded Strike","Infinite Blades","Poisoned Stab","StuffTheSpire:Shiver","Well Laid Plans"],"relics":["Ring of the Snake","NeowsBlessing","vexMod:BarristanHead","Quantum Egg","Dota2Spire:OrchidMalevolence","Dota2Spire:LinkenSphere","ReplayFunnel","conspire:DeflatedDodgeball","Garlic"],"acts_visited":["Exordium"],"potions_floor_usage":[16,16],"damage_taken":[{"damage":0.0,"enemies":"Small Slimes","floor":1.0,"turns":1.0},{"damage":0.0,"enemies":"2 Louse","floor":5.0,"turns":1.0},{"damage":0.0,"enemies":"3 Sentries","floor":6.0,"turns":1.0},{"damage":38.0,"enemies":"Replay:BlueRogue","floor":10.0,"turns":7.0},{"damage":19.0,"enemies":"Lagavulin","floor":13.0,"turns":5.0},{"damage":0.0,"enemies":"Cultist","floor":14.0,"turns":2.0},{"damage":14,"enemies":"Slime Boss","floor":16,"turns":6}],"seed_played":"2260698431342658673","potions_obtained":[{"floor":6.0,"key":"FearPotion"},{"floor":12.0,"key":"GhostInAJar"},{"floor":12.0,"key":"qcfpunch:Challenger_Coin"},{"floor":14.0,"key":"Ancient Potion"}],"is_trial":false,"path_per_floor":["M","$","?","?","M","E","R","$","T","E","R","?","E","M","R","B"],"character_chosen":"THE_SILENT","items_purchased":["Underhanded Strike"],"campfire_rested":1,"item_purchase_floors":[8],"current_hp_per_floor":[63,63,63,63,63,63,63,63,63,25,46,29,10,10,10,0,0],"gold":178,"neow_bonus":"THREE_ENEMY_KILL","is_daily":false,"chose_seed":false,"campfire_upgraded":1,"win_rate":0.0,"timestamp":1609554175,"path_taken":["M","$","?","?","?","E","R","$","T","E","R","?","E","?","R","BOSS"],"items_purchased_type":["Card"],"build_version":"2020-12-22","purchased_purges":1,"victory":false,"max_hp_per_floor":[70,70,70,70,70,70,70,70,70,70,70,70,70,70,70,70,70],"card_choices":[{"not_picked":["StuffTheSpire:Python","Bane"],"picked":"Acrobatics","floor":1.0},{"not_picked":["StuffTheSpire:Injection","Blade Dance"],"picked":"Tactician","floor":5.0},{"not_picked":["Infinite Blades","Poison Darts"],"picked":"Cloak And Dagger","floor":6.0},{"not_picked":["Riddle With Holes","Dodge and Roll"],"picked":"Infinite Blades","floor":10.0},{"not_picked":["Predator","StuffTheSpire:ClusterCrunch"],"picked":"Poisoned Stab","floor":12.0},{"not_picked":["Backflip","PiercingWail"],"picked":"StuffTheSpire:Shiver","floor":13.0},{"not_picked":["StuffTheSpire:Python","Hidden Blade"],"picked":"Well Laid Plans","floor":14.0}],"player_experience":571054,"relics_obtained":[{"floor":6.0,"key":"Quantum Egg"},{"floor":9.0,"key":"Dota2Spire:OrchidMalevolence"},{"floor":10.0,"key":"Dota2Spire:LinkenSphere"},{"floor":12.0,"key":"ReplayFunnel"},{"floor":13.0,"key":"conspire:DeflatedDodgeball"},{"floor":15.0,"key":"Garlic"}],"event_choices":[{"damage_healed":0.0,"max_hp_gain":0.0,"max_hp_loss":0.0,"gold_gain":0.0,"event_name":"Big Fish","player_choice":"Box","floor":3.0,"gold_loss":0.0,"damage_taken":0.0,"relics_obtained":["vexMod:BarristanHead"],"cards_obtained":["Regret"]},{"damage_healed":0.0,"max_hp_gain":0.0,"max_hp_loss":0.0,"gold_gain":0.0,"event_name":"Upgrade Shrine","player_choice":"Upgraded","floor":4.0,"gold_loss":0.0,"damage_taken":0.0,"cards_upgraded":["Survivor"]}],"is_beta":false,"boss_relics":[],"items_purged_floors":[8],"is_endless":false,"potions_floor_spawned":[6,14],"killed_by":"Slime Boss","ascension_level":9}}