{"host":"ozd13gaijgosma9m","time":1609617725,"event":{"mods":["BaseMod","Decade(???)","Minty Spire (QoL Compilation)","StSLib"],"gold_per_floor":[112,112,122,122,139,139,167,167,245,265,19,19,19,37,37,136,136,148,129,144,144,144,172,172,203,203,203,237,271,271,283,283,379,379,397,417,417,431,242,242,274,274,299,299,299,116,144,155,155,155,155,155,13,46,46],"floor_reached":56,"playtime":5446,"items_purged":["Pain","Regret"],"score":1462,"play_id":"f991eddc-eef1-4bdc-b24e-c99127a36517","local_time":"20210102150205","is_ascension_mode":true,"campfire_choices":[{"data":"KamenRide","floor":6.0,"key":"SMITH"},{"data":"FormRideBasshaa","floor":8.0,"key":"SMITH"},{"data":"Decade_SpecialSkill","floor":13.0,"key":"SMITH"},{"floor":15.0,"key":"RECALL"},{"data":"Blade_Mach","floor":24.0,"key":"SMITH"},{"data":"Decade_Attack","floor":27.0,"key":"SMITH"},{"data":"Decade_Attack","floor":30.0,"key":"SMITH"},{"data":"Decade_Attack","floor":32.0,"key":"SMITH"},{"data":"Kiva_Swallow","floor":40,"key":"SMITH"},{"data":"Decade_Attack","floor":42,"key":"SMITH"},{"data":"Decade_Defend","floor":44,"key":"SMITH"},{"data":"Decade_Defend","floor":49,"key":"SMITH"},{"data":"Decade_Defend","floor":52,"key":"SMITH"}],"circlet_count":0,"master_deck":["Decade_Attack+1","Decade_Attack+1","Decade_Attack+1","Decade_Attack+1","KamenRide+1","Decade_Defend+1","Decade_Defend+1","Decade_Defend","Decade_Defend+1","RideBooker_Skill_3+1","Blade_Mach+1","FormRideBasshaa+1","Decade_Illusion+1","Decade_Illusion+1","FormRideDogga+1","AttackRide+1","Kiva_Swallow+1","Kiva_Frozen+1","Finesse+1","Kiva_Bats"],"relics":["Decadriver","TOEIDeficitBill","FaceOfCleric","Boot","Eternal Feather","Toxic Egg 2","Cursed Key","WingedGreaves","Bag of Preparation","Bottled Lightning","Pear","HornCleat","Runic Pyramid","Frozen Egg 2","Membership Card","Bronze Scales","Blood Vial","Nunchaku"],"acts_visited":["Exordium","TheCity","TheBeyond","TheEnding"],"potions_floor_usage":[39,47],"damage_taken":[{"damage":8.0,"enemies":"Small Slimes","floor":1.0,"turns":3.0},{"damage":1.0,"enemies":"Cultist","floor":3.0,"turns":4.0},{"damage":0.0,"enemies":"Jaw Worm","floor":5.0,"turns":1.0},{"damage":15.0,"enemies":"Lagavulin","floor":7.0,"turns":7.0},{"damage":4.0,"enemies":"Looter","floor":10.0,"turns":2.0},{"damage":0.0,"enemies":"Exordium Thugs","floor":14.0,"turns":3.0},{"damage":23.0,"enemies":"The Guardian","floor":16.0,"turns":7.0},{"damage":0.0,"enemies":"3 Byrds","floor":18.0,"turns":3.0},{"damage":12.0,"enemies":"2 Thieves","floor":19.0,"turns":4.0},{"damage":18.0,"enemies":"Chosen and Byrds","floor":20.0,"turns":5.0},{"damage":0.0,"enemies":"Gremlin Leader","floor":23.0,"turns":7.0},{"damage":14.0,"enemies":"Slavers","floor":25.0,"turns":6.0},{"damage":22.0,"enemies":"Book of Stabbing","floor":28.0,"turns":5.0},{"damage":21.0,"enemies":"Slavers","floor":29.0,"turns":3.0},{"damage":0.0,"enemies":"Snake Plant","floor":31.0,"turns":4.0},{"damage":26.0,"enemies":"Champ","floor":33.0,"turns":10.0},{"damage":0,"enemies":"3 Shapes","floor":35,"turns":3},{"damage":19,"enemies":"3 Darklings","floor":36,"turns":3},{"damage":0,"enemies":"Maw","floor":38,"turns":4},{"damage":7,"enemies":"Nemesis","floor":41,"turns":5},{"damage":0,"enemies":"Reptomancer","floor":47,"turns":4},{"damage":4,"enemies":"4 Shapes","floor":48,"turns":1},{"damage":45,"enemies":"Time Eater","floor":50,"turns":11},{"damage":0,"enemies":"Shield and Spear","floor":54,"turns":3},{"damage":37,"enemies":"The Heart","floor":55,"turns":9}],"seed_played":"1083981246953849257","potions_obtained":[{"floor":3.0,"key":"Explosive Potion"},{"floor":7.0,"key":"LiquidBronze"},{"floor":10.0,"key":"Fire Potion"},{"floor":16.0,"key":"Regen Potion"},{"floor":18.0,"key":"AttackPotion"},{"floor":23.0,"key":"Dexterity Potion"},{"floor":25.0,"key":"FearPotion"},{"floor":33.0,"key":"GamblersBrew"},{"floor":41,"key":"GamblersBrew"},{"floor":48,"key":"SkillPotion"}],"is_trial":false,"path_per_floor":["M","?","M","?","M","R","E","R","T","M","$","$","R","M","R","B",null,"M","M","M","?","$","E","R","E","T","R","E","E","R","M","R","B",null,"M","M","?","M","$","R","E","R","T","R","?","$","E","M","R","B",null,"R","$","E","B",null],"character_chosen":"Decade","items_purchased":["Toxic Egg 2","Finesse+1","Fruit Juice","Membership Card","Kiva_Bats","Blood Vial"],"campfire_rested":0,"item_purchase_floors":[11,39,39,46,53,53],"current_hp_per_floor":[62,62,64,64,65,65,63,63,63,61,61,61,67,68,74,68,76,77,68,79,79,79,80,80,70,70,79,92,80,89,94,94,86,95,96,89,89,98,103,103,104,104,104,104,99,99,100,97,101,102,102,102,102,103,104],"gold":46,"neow_bonus":"THREE_CARDS","is_daily":false,"chose_seed":false,"campfire_upgraded":12,"win_rate":0.0,"timestamp":1609617725,"path_taken":["M","?","?","?","M","R","E","R","T","M","?","$","R","M","R","BOSS","M","M","M","?","?","E","R","E","T","R","E","E","R","M","R","BOSS","M","M","?","M","$","R","E","R","T","R","?","?","E","?","R","BOSS","R","$","E","BOSS"],"items_purchased_type":["Relic","Card","Potion","Relic","Card","Relic"],"build_version":"2020-12-22","purchased_purges":2,"victory":true,"max_hp_per_floor":[70,70,71,71,72,72,73,73,73,74,74,74,74,75,75,76,76,77,78,79,79,79,80,80,81,81,81,92,93,93,94,94,95,95,96,97,97,98,103,103,104,104,104,104,99,99,100,101,101,102,102,102,102,103,104],"card_choices":[{"not_picked":["FormRideBasshaa","RideBooker_Skill_1"],"picked":"RideBooker_Skill_3","floor":0.0},{"not_picked":["FormRideFlame","Blade_Beat"],"picked":"Blade_Mach","floor":5.0},{"not_picked":["NMDAZYYGL","RideBooker"],"picked":"FormRideBasshaa","floor":7.0},{"not_picked":["FormRidePegasus","DenO_Gun"],"picked":"Decade_Illusion","floor":10.0},{"not_picked":["FormRidePegasus+1","KamenRideDecade"],"picked":"Decade_Illusion+1","floor":19.0},{"not_picked":["AutoVajin+1","KamenRideDenO"],"picked":"FormRideDogga+1","floor":19.0},{"not_picked":["Decade_Defend2+1","KamenRideDecade+1"],"picked":"AttackRide+1","floor":25.0},{"not_picked":["DecadeViolentEmotion+1","Kabuto_ClockUp+1"],"picked":"Kiva_Swallow","floor":33.0},{"not_picked":["KamenRideRyuki","AutoVajin+1"],"picked":"Kiva_Frozen+1","floor":36}],"player_experience":276321,"relics_obtained":[{"floor":7.0,"key":"Boot"},{"floor":9.0,"key":"Eternal Feather"},{"floor":23.0,"key":"WingedGreaves"},{"floor":25.0,"key":"Bag of Preparation"},{"floor":26.0,"key":"Bottled Lightning"},{"floor":28.0,"key":"Pear"},{"floor":29.0,"key":"HornCleat"},{"floor":41,"key":"Frozen Egg 2"},{"floor":47,"key":"Bronze Scales"},{"floor":54,"key":"Nunchaku"}],"event_choices":[{"damage_healed":0.0,"max_hp_gain":0.0,"max_hp_loss":0.0,"gold_gain":0.0,"event_name":"FaceTrader","player_choice":"Trade","floor":2.0,"gold_loss":0.0,"damage_taken":0.0,"relics_obtained":["FaceOfCleric"]},{"damage_healed":0.0,"max_hp_gain":0.0,"max_hp_loss":0.0,"gold_gain":0.0,"event_name":"Living Wall","player_choice":"Grow","floor":4.0,"gold_loss":0.0,"damage_taken":0.0,"cards_upgraded":["RideBooker_Skill_3"]},{"damage_healed":0.0,"max_hp_gain":0.0,"max_hp_loss":0.0,"gold_gain":0.0,"event_name":"Upgrade Shrine","player_choice":"Upgraded","floor":21.0,"gold_loss":0.0,"damage_taken":0.0,"cards_upgraded":["Decade_Illusion"]},{"cards_removed":["Decade_SpecialSkill"],"damage_healed":0,"gold_gain":0,"player_choice":"Removed Skill","damage_taken":0,"max_hp_gain":0,"max_hp_loss":0,"event_name":"Falling","floor":37,"gold_loss":0},{"damage_healed":0,"gold_gain":0,"player_choice":"Max HP","damage_taken":0,"max_hp_gain":0,"max_hp_loss":5,"event_name":"Winding Halls","floor":45,"gold_loss":0}],"is_beta":false,"boss_relics":[{"not_picked":["Velvet Choker","SacredBark"],"picked":"Cursed Key"},{"not_picked":["Coffee Dripper","Snecko Eye"],"picked":"Runic Pyramid"}],"items_purged_floors":[46,53],"is_endless":false,"potions_floor_spawned":[3,7,10,16,18,23,25,33,38,41,48],"ascension_level":2}}