{"host":"7cfzm0fn42wwm7gf","time":1609580044,"event":{"mods":["Alarm Clock","BaseMod","Colored Powertips","Highlight Path","Minty Spire (QoL Compilation)","Quick Restart","Relic Stats","Waifu the Spire"],"gold_per_floor":[109,109,34,34,58,97,97,172,172,216,216,216,251,270,270,365,365,386,386,410,431,36,60,83,121,146,146,179,179,223,223,223,319,319,346,1,1,22,53,93,93,0,0,0,34,34,49,65,65,65],"floor_reached":51,"playtime":2626,"items_purged":["Injury","Strike_G"],"score":1449,"play_id":"1ae6622e-016f-4d68-9636-e4075f383070","local_time":"20210102173404","is_ascension_mode":true,"campfire_choices":[{"floor":7.0,"key":"REST"},{"floor":12.0,"key":"REST"},{"floor":15.0,"key":"REST"},{"floor":27.0,"key":"REST"},{"floor":29.0,"key":"REST"},{"floor":32.0,"key":"REST"},{"data":"Strike_G","floor":41.0,"key":"PURGE"},{"data":"Strike_G","floor":44.0,"key":"PURGE"},{"floor":49.0,"key":"REST"}],"circlet_count":0,"master_deck":["AscendersBane","Strike_G","Strike_G","Defend_G","Defend_G","Defend_G","Defend_G","Defend_G","Survivor","Neutralize","Apotheosis+1","Caltrops","Bouncing Flask","Acrobatics","PiercingWail","Terror","Backflip","Die Die Die","Underhanded Strike+1","J.A.X.","Acrobatics","Backflip","PiercingWail+1","Dagger Spray+1","Eviscerate","After Image","Tactician","After Image","CurseOfTheBell","Underhanded Strike","Madness","Madness","Footwork+1","Panacea","Deep Breath","Escape Plan+1"],"relics":["Ring of the Snake","Golden Idol","Letter Opener","White Beast Statue","Sundial","Bottled Lightning","Fusion Hammer","Potion Belt","Sling","The Courier","Orichalcum","Bird Faced Urn","Eternal Feather","Calling Bell","MawBank","Paper Crane","Du-Vu Doll","Lee\u0027s Waffle","Vajra","Pen Nib","Peace Pipe","Lizard Tail","Red Mask","Boot","InkBottle"],"acts_visited":["Exordium","TheCity","TheBeyond"],"potions_floor_usage":[50,50,50,50],"damage_taken":[{"damage":1.0,"enemies":"Jaw Worm","floor":1.0,"turns":5.0},{"damage":0.0,"enemies":"2 Louse","floor":5.0,"turns":3.0},{"damage":20.0,"enemies":"Lagavulin","floor":6.0,"turns":8.0},{"damage":21.0,"enemies":"Gremlin Nob","floor":10.0,"turns":4.0},{"damage":9.0,"enemies":"3 Sentries","floor":13.0,"turns":8.0},{"damage":0.0,"enemies":"Small Slimes","floor":14.0,"turns":3.0},{"damage":8.0,"enemies":"The Guardian","floor":16.0,"turns":8.0},{"damage":0.0,"enemies":"3 Byrds","floor":18.0,"turns":2.0},{"damage":9.0,"enemies":"2 Thieves","floor":20.0,"turns":4.0},{"damage":5.0,"enemies":"Snecko","floor":21.0,"turns":4.0},{"damage":5.0,"enemies":"Shelled Parasite and Fungi","floor":23.0,"turns":6.0},{"damage":0.0,"enemies":"Snake Plant","floor":24.0,"turns":3.0},{"damage":0.0,"enemies":"Gremlin Leader","floor":25.0,"turns":6.0},{"damage":15.0,"enemies":"Book of Stabbing","floor":28.0,"turns":5.0},{"damage":0.0,"enemies":"Gremlin Leader","floor":30.0,"turns":3.0},{"damage":13.0,"enemies":"Collector","floor":33.0,"turns":7.0},{"damage":24.0,"enemies":"3 Darklings","floor":35.0,"turns":6.0},{"damage":0.0,"enemies":"Orb Walker","floor":38.0,"turns":5.0},{"damage":0.0,"enemies":"Mind Bloom Boss Battle","floor":39.0,"turns":4.0},{"damage":24.0,"enemies":"Giant Head","floor":40.0,"turns":7.0},{"damage":18.0,"enemies":"Reptomancer","floor":45.0,"turns":11.0},{"damage":5.0,"enemies":"3 Darklings","floor":47.0,"turns":3.0},{"damage":18.0,"enemies":"4 Shapes","floor":48.0,"turns":3.0},{"damage":13,"enemies":"Awakened One","floor":50,"turns":11}],"seed_played":"-1083407763050392323","potions_obtained":[{"floor":6.0,"key":"Fire Potion"},{"floor":10.0,"key":"DuplicationPotion"},{"floor":13.0,"key":"Fire Potion"},{"floor":14.0,"key":"CunningPotion"},{"floor":16.0,"key":"AttackPotion"},{"floor":18.0,"key":"Swift Potion"},{"floor":20.0,"key":"SteroidPotion"},{"floor":21.0,"key":"SkillPotion"},{"floor":23.0,"key":"DuplicationPotion"},{"floor":25.0,"key":"Explosive Potion"},{"floor":28.0,"key":"Fire Potion"},{"floor":30.0,"key":"SteroidPotion"},{"floor":33.0,"key":"Dexterity Potion"},{"floor":35.0,"key":"Energy Potion"},{"floor":38.0,"key":"PowerPotion"},{"floor":39.0,"key":"LiquidMemories"},{"floor":40.0,"key":"Ancient Potion"},{"floor":45.0,"key":"GamblersBrew"},{"floor":47.0,"key":"EssenceOfSteel"},{"floor":48.0,"key":"Regen Potion"}],"is_trial":false,"path_per_floor":["M","?","$","?","M","E","R","?","T","E","?","R","E","M","R","B",null,"M","?","M","M","$","M","M","E","T","R","E","R","E","?","R","B",null,"M","$","?","M","?","E","R","?","T","R","E","?","M","M","R","B",null],"character_chosen":"THE_SILENT","items_purchased":["Potion Belt","Sling","Lee\u0027s Waffle","Vajra","Pen Nib"],"campfire_rested":7,"item_purchase_floors":[22,22,36,36,36],"current_hp_per_floor":[43,43,43,48,48,28,49,38,38,17,17,38,29,29,50,42,64,64,64,55,50,50,45,45,45,45,66,51,71,71,71,71,60,68,50,78,68,74,78,54,75,75,75,78,66,56,55,39,78,78],"gold":65,"neow_bonus":"RANDOM_COLORLESS_2","is_daily":false,"chose_seed":false,"campfire_upgraded":0,"win_rate":0.0,"timestamp":1609580044,"path_taken":["M","?","$","?","M","E","R","?","T","E","?","R","E","M","R","BOSS","M","?","M","M","$","M","M","E","T","R","E","R","E","?","R","BOSS","M","$","?","M","?","E","R","?","T","R","E","?","?","M","R","BOSS"],"items_purchased_type":["Relic","Relic","Relic","Relic","Relic"],"build_version":"2020-12-22","purchased_purges":2,"victory":true,"max_hp_per_floor":[66,66,66,71,71,71,71,71,71,71,71,71,71,71,71,71,71,71,71,71,71,71,71,71,71,71,71,71,71,71,71,71,71,71,71,78,78,78,78,78,78,78,78,78,78,78,78,78,78,78],"relic_stats":{"Lee\u0027s Waffle":28,"counters":[24,129],"Golden Idol":175,"Eternal Feather":45,"Pen Nib":[6],"Letter Opener":[367],"Orichalcum":[36],"MawBank":24,"Boot":[0],"Peace Pipe":3,"Lizard Tail":0,"Sundial":[14],"Bird Faced Urn":[33],"obtain_stats":[{"Vajra":36,"Sling":22,"Boot":43,"Lizard Tail":40,"Sundial":10,"Fusion Hammer":17,"Red Mask":42,"InkBottle":45,"Ring of the Snake":0,"Potion Belt":22,"Lee\u0027s Waffle":36,"Golden Idol":2,"Eternal Feather":30,"The Courier":25,"Pen Nib":36,"Letter Opener":6,"Orichalcum":26,"Paper Crane":34,"MawBank":34,"White Beast Statue":9,"Calling Bell":34,"Du-Vu Doll":34,"Peace Pipe":39,"Bird Faced Urn":28,"Bottled Lightning":13},{"Vajra":17,"Sling":10,"Boot":20,"Lizard Tail":20,"Sundial":4,"Fusion Hammer":7,"Red Mask":20,"InkBottle":21,"Ring of the Snake":0,"Potion Belt":10,"Lee\u0027s Waffle":17,"Golden Idol":1,"Eternal Feather":15,"The Courier":13,"Pen Nib":17,"Letter Opener":3,"Orichalcum":13,"Paper Crane":16,"MawBank":16,"White Beast Statue":3,"Calling Bell":16,"Du-Vu Doll":16,"Peace Pipe":19,"Bird Faced Urn":14,"Bottled Lightning":5},{"Vajra":85,"Sling":49,"Boot":101,"Lizard Tail":101,"Sundial":20,"Fusion Hammer":39,"Red Mask":101,"InkBottle":112,"Ring of the Snake":0,"Potion Belt":49,"Lee\u0027s Waffle":85,"Golden Idol":5,"Eternal Feather":72,"The Courier":64,"Pen Nib":85,"Letter Opener":16,"Orichalcum":64,"Paper Crane":79,"MawBank":79,"White Beast Statue":16,"Calling Bell":79,"Du-Vu Doll":79,"Peace Pipe":94,"Bird Faced Urn":69,"Bottled Lightning":28}],"InkBottle":[8],"Ring of the Snake":[48]},"card_choices":[{"not_picked":["Panache","Violence"],"picked":"Apotheosis","floor":0.0},{"not_picked":["Deflect","Flying Knee"],"picked":"Caltrops","floor":1.0},{"not_picked":["Infinite Blades","Dodge and Roll"],"picked":"Bouncing Flask","floor":5.0},{"not_picked":["Choke","All Out Attack"],"picked":"Acrobatics","floor":6.0},{"not_picked":["Accuracy","Terror"],"picked":"PiercingWail","floor":10.0},{"not_picked":["Bullet Time","Outmaneuver"],"picked":"Terror","floor":13.0},{"not_picked":["Deadly Poison","Masterful Stab"],"picked":"Backflip","floor":14.0},{"not_picked":["Wraith Form v2","Glass Knife"],"picked":"Die Die Die","floor":16.0},{"not_picked":["Blade Dance","Dagger Throw"],"picked":"Underhanded Strike+1","floor":18.0},{"not_picked":["Bouncing Flask","Blade Dance"],"picked":"Acrobatics","floor":20.0},{"not_picked":["All Out Attack","Infinite Blades"],"picked":"Backflip","floor":21.0},{"not_picked":["Blade Dance","Leg Sweep"],"picked":"PiercingWail+1","floor":23.0},{"not_picked":["All Out Attack+1","Poisoned Stab"],"picked":"Dagger Spray+1","floor":24.0},{"not_picked":["Choke","PiercingWail","Prepared"],"picked":"SKIP","floor":25.0},{"not_picked":["Infinite Blades+1","Sucker Punch"],"picked":"Eviscerate","floor":28.0},{"not_picked":["Leg Sweep","Bouncing Flask"],"picked":"After Image","floor":30.0},{"not_picked":["Envenom","Die Die Die"],"picked":"After Image","floor":33.0},{"not_picked":["Dagger Spray","Quick Slash"],"picked":"Underhanded Strike","floor":35.0},{"not_picked":["Masterful Stab","Dodge and Roll","Outmaneuver"],"picked":"SKIP","floor":38.0},{"not_picked":["Blade Dance","Sucker Punch+1"],"picked":"Footwork+1","floor":40.0},{"not_picked":["Acrobatics","Poisoned Stab","Bouncing Flask"],"picked":"SKIP","floor":45.0},{"not_picked":["Thinking Ahead","Good Instincts"],"picked":"Panacea","floor":46.0},{"not_picked":["Thinking Ahead","Dramatic Entrance"],"picked":"Deep Breath","floor":46.0},{"not_picked":["Accuracy","Slice+1"],"picked":"Escape Plan+1","floor":47.0},{"not_picked":["Bane","Quick Slash","Sucker Punch"],"picked":"SKIP","floor":48.0}],"player_experience":3823,"relics_obtained":[{"floor":6.0,"key":"Letter Opener"},{"floor":9.0,"key":"White Beast Statue"},{"floor":10.0,"key":"Sundial"},{"floor":13.0,"key":"Bottled Lightning"},{"floor":25.0,"key":"The Courier"},{"floor":26.0,"key":"Orichalcum"},{"floor":28.0,"key":"Bird Faced Urn"},{"floor":30.0,"key":"Eternal Feather"},{"floor":34.0,"key":"MawBank"},{"floor":34.0,"key":"Paper Crane"},{"floor":34.0,"key":"Du-Vu Doll"},{"floor":39.0,"key":"Peace Pipe"},{"floor":40.0,"key":"Lizard Tail"},{"floor":43.0,"key":"Boot"},{"floor":45.0,"key":"InkBottle"}],"event_choices":[{"damage_healed":0.0,"max_hp_gain":0.0,"max_hp_loss":0.0,"gold_gain":0.0,"event_name":"Golden Idol","player_choice":"Take Wound","floor":2.0,"gold_loss":0.0,"damage_taken":0.0,"relics_obtained":["Golden Idol"],"cards_obtained":["Injury"]},{"damage_healed":0.0,"max_hp_gain":5.0,"max_hp_loss":0.0,"gold_gain":0.0,"event_name":"Big Fish","player_choice":"Donut","floor":4.0,"gold_loss":0.0,"damage_taken":0.0},{"damage_healed":0.0,"max_hp_gain":0.0,"max_hp_loss":0.0,"gold_gain":75.0,"event_name":"World of Goop","player_choice":"Gather Gold","floor":8.0,"gold_loss":0.0,"damage_taken":11.0},{"damage_healed":0.0,"max_hp_gain":0.0,"max_hp_loss":0.0,"gold_gain":0.0,"event_name":"Living Wall","player_choice":"Grow","floor":11.0,"gold_loss":0.0,"damage_taken":0.0,"cards_upgraded":["Apotheosis"]},{"damage_healed":0.0,"max_hp_gain":0.0,"max_hp_loss":0.0,"gold_gain":0.0,"event_name":"Drug Dealer","player_choice":"Obtain J.A.X.","floor":19.0,"gold_loss":0.0,"damage_taken":0.0,"cards_obtained":["J.A.X."]},{"damage_healed":0.0,"max_hp_gain":0.0,"max_hp_loss":0.0,"gold_gain":0.0,"event_name":"The Library","player_choice":"Read","floor":31.0,"gold_loss":0.0,"damage_taken":0.0,"cards_obtained":["Tactician"]},{"damage_healed":0.0,"max_hp_gain":0.0,"max_hp_loss":0.0,"gold_gain":0.0,"event_name":"Winding Halls","player_choice":"Embrace Madness","floor":37.0,"gold_loss":0.0,"damage_taken":10.0,"cards_obtained":["Madness","Madness"]},{"damage_healed":0.0,"max_hp_gain":0.0,"max_hp_loss":0.0,"gold_gain":0.0,"event_name":"MindBloom","player_choice":"Fight","floor":39.0,"gold_loss":0.0,"damage_taken":0.0},{"damage_healed":0.0,"max_hp_gain":0.0,"max_hp_loss":0.0,"gold_gain":0.0,"event_name":"Tomb of Lord Red Mask","player_choice":"Paid","floor":42.0,"gold_loss":93.0,"damage_taken":0.0,"relics_obtained":["Red Mask"]},{"damage_healed":0.0,"max_hp_gain":0.0,"max_hp_loss":0.0,"gold_gain":0.0,"event_name":"SensoryStone","player_choice":"Memory 3","floor":46.0,"gold_loss":0.0,"damage_taken":10.0}],"is_beta":false,"boss_relics":[{"not_picked":["Coffee Dripper","SacredBark"],"picked":"Fusion Hammer"},{"not_picked":["Philosopher\u0027s Stone","Tiny House"],"picked":"Calling Bell"}],"items_purged_floors":[3,22],"is_endless":false,"potions_floor_spawned":[6,10,13,14,16,18,20,21,23,24,25,28,30,33,35,38,39,40,45,47,48],"ascension_level":14}}