{"host":"g01l53quoe6lrer0","time":1609613040,"event":{"mods":["2.2 Compatiblity","AchievementEnabler","BaseMod","Colored Map","Highlight Path","Keyboard Shortcuts","Minty Spire (QoL Compilation)","Permanent Neow","Quick Restart","StSLib","SuperFastMode","everything is the same but u backflip on backflip"],"gold_per_floor":[20,20,20,38,58,58,99,120,120,141,175,175,175,201,201,324,324,342,267,366,31,44,44,44,113,113,137,150,150,185,235,235,356,356,375,425,440,506,602,602,635,635,635,706,740,790,389,427,427,427],"floor_reached":51,"playtime":1747,"items_purged":["Strike_G","Strike_G"],"score":1229,"play_id":"9f9283ff-6f59-4f08-84ee-7cfa0746c19c","local_time":"20210103034400","is_ascension_mode":true,"campfire_choices":[{"floor":6.0,"key":"DIG"},{"data":"Bouncing Flask","floor":12.0,"key":"SMITH"},{"floor":15,"key":"DIG"},{"floor":23,"key":"DIG"},{"floor":29,"key":"DIG"},{"floor":32,"key":"DIG"},{"floor":40,"key":"DIG"},{"floor":42,"key":"DIG"},{"floor":49,"key":"DIG"}],"circlet_count":0,"master_deck":["Strike_G","Defend_G","Defend_G","Defend_G","Defend_G","Defend_G","Survivor","Neutralize","Catalyst+1","Leg Sweep","Dagger Spray","Bouncing Flask+1","After Image","Crippling Poison+1","Blur","After Image","Calculated Gamble","Night Terror+1","PiercingWail+1","Deflect+1","Caltrops","Sucker Punch+1","Deadly Poison+1","Bouncing Flask+1","Catalyst+1","Blur+1","Prepared+1","PiercingWail+1","Catalyst+1","Blur+1","Backflip+1","Blur+1"],"relics":["Ring of the Serpent","Shovel","Golden Idol","Mercury Hourglass","Thread and Needle","Prayer Wheel","Ornamental Fan","War Paint","Odd Mushroom","Toxic Egg 2","Membership Card","Bronze Scales","Anchor","SsserpentHead","Shuriken","Question Card","Tiny Chest","Bottled Lightning","Pocketwatch","Velvet Choker","Bag of Preparation","Incense Burner","FossilizedHelix","Gremlin Horn","Paper Crane","Lantern","Kunai","Frozen Egg 2","Frozen Eye","Lizard Tail","Orichalcum"],"acts_visited":["Exordium","TheCity","TheBeyond"],"potions_floor_usage":[50],"damage_taken":[{"damage":2.0,"enemies":"Small Slimes","floor":1.0,"turns":4.0},{"damage":0.0,"enemies":"2 Louse","floor":4.0,"turns":4.0},{"damage":0.0,"enemies":"Jaw Worm","floor":5.0,"turns":6.0},{"damage":16.0,"enemies":"3 Sentries","floor":7.0,"turns":6.0},{"damage":0.0,"enemies":"Exordium Thugs","floor":8.0,"turns":4.0},{"damage":2.0,"enemies":"Blue Slaver","floor":10.0,"turns":5.0},{"damage":0.0,"enemies":"Lagavulin","floor":11.0,"turns":7.0},{"damage":0,"enemies":"The Mushroom Lair","floor":14,"turns":4},{"damage":1,"enemies":"Hexaghost","floor":16,"turns":8},{"damage":0,"enemies":"Spheric Guardian","floor":18,"turns":2},{"damage":0,"enemies":"Chosen","floor":22,"turns":3},{"damage":0,"enemies":"3 Cultists","floor":25,"turns":5},{"damage":2,"enemies":"Snecko","floor":27,"turns":6},{"damage":0,"enemies":"Cultist and Chosen","floor":28,"turns":6},{"damage":11,"enemies":"Gremlin Leader","floor":30,"turns":6},{"damage":0,"enemies":"Champ","floor":33,"turns":6},{"damage":0,"enemies":"3 Darklings","floor":35,"turns":4},{"damage":0,"enemies":"Orb Walker","floor":37,"turns":2},{"damage":0,"enemies":"Writhing Mass","floor":38,"turns":2},{"damage":0,"enemies":"Giant Head","floor":41,"turns":2},{"damage":0,"enemies":"Maw","floor":44,"turns":2},{"damage":0,"enemies":"Nemesis","floor":45,"turns":5},{"damage":0,"enemies":"Reptomancer","floor":48,"turns":3},{"damage":0,"enemies":"Donu and Deca","floor":50,"turns":8}],"seed_played":"-1038273246707173711","potions_obtained":[{"floor":4.0,"key":"Strength Potion"},{"floor":5.0,"key":"GamblersBrew"},{"floor":8.0,"key":"GhostInAJar"},{"floor":11.0,"key":"Weak Potion"},{"floor":25,"key":"SkillPotion"},{"floor":28,"key":"CultistPotion"}],"is_trial":false,"path_per_floor":["M","?","?","M","M","R","E","M","T","M","E","R","?","?","R","B",null,"M","?","?","$","M","R","?","M","T","M","M","R","E","T","R","B",null,"M","?","M","M","T","R","E","R","T","M","E","?","$","E","R","B",null],"character_chosen":"THE_SILENT","items_purchased":["Membership Card","Doppelganger+1","Bronze Scales","Kunai","Frozen Egg 2","Frozen Eye","Poison Potion"],"campfire_rested":0,"item_purchase_floors":[21,21,21,47,47,47,47],"current_hp_per_floor":[68,68,51,51,51,51,35,35,35,33,33,33,33,33,33,32,70,70,70,70,70,70,70,70,70,70,68,68,68,57,57,57,57,70,70,80,80,80,80,80,80,80,80,80,80,80,80,80,80,80],"gold":427,"neow_bonus":"ONE_RARE_RELIC","is_daily":false,"chose_seed":false,"campfire_upgraded":1,"win_rate":0.0,"timestamp":1609613040,"path_taken":["M","?","?","M","M","R","E","M","T","M","E","R","?","?","R","BOSS","M","?","?","$","M","R","?","?","T","M","M","R","E","?","R","BOSS","M","?","M","?","?","R","E","R","T","?","E","?","$","E","R","BOSS"],"items_purchased_type":["Relic","Card","Relic","Relic","Relic","Relic","Potion"],"build_version":"2020-12-22","purchased_purges":2,"victory":true,"max_hp_per_floor":[70,70,70,70,70,70,70,70,70,70,70,70,70,70,70,70,70,70,70,70,70,70,70,70,70,70,70,70,70,70,70,70,70,70,70,80,80,80,80,80,80,80,80,80,80,80,80,80,80,80],"card_choices":[{"not_picked":["Underhanded Strike","Backstab"],"picked":"Catalyst","floor":1.0},{"not_picked":["Prepared","Deflect"],"picked":"Dagger Spray","floor":4.0},{"not_picked":["Cloak And Dagger","Dagger Throw"],"picked":"Bouncing Flask","floor":5.0},{"not_picked":["Sucker Punch","Dagger Spray"],"picked":"After Image","floor":7.0},{"not_picked":["Prepared","Dodge and Roll"],"picked":"Crippling Poison","floor":8.0},{"not_picked":["Sucker Punch","Backflip"],"picked":"Blur","floor":10.0},{"not_picked":["Cloak And Dagger","Dagger Spray"],"picked":"After Image","floor":10.0},{"not_picked":["Dagger Spray","Terror","Skewer"],"picked":"SKIP","floor":11.0},{"not_picked":["Poisoned Stab","Prepared"],"picked":"Calculated Gamble","floor":14},{"not_picked":["Malaise+1","Envenom"],"picked":"Night Terror+1","floor":16},{"not_picked":["Underhanded Strike","Dagger Spray+1"],"picked":"PiercingWail+1","floor":18},{"not_picked":["Infinite Blades","Dagger Spray"],"picked":"Deflect+1","floor":18},{"not_picked":["Escape Plan+1","Tactician+1"],"picked":"Caltrops","floor":22},{"not_picked":["Predator+1","Dagger Spray+1","Unload"],"picked":"SKIP","floor":22},{"not_picked":["Choke","Dagger Throw"],"picked":"Sucker Punch+1","floor":25},{"not_picked":["Slice+1","Dodge and Roll+1"],"picked":"Deadly Poison+1","floor":25},{"not_picked":["Acrobatics+1","Deflect+1"],"picked":"Bouncing Flask+1","floor":27},{"not_picked":["Heel Hook","Reflex+1","Quick Slash"],"picked":"SKIP","floor":27},{"not_picked":["Poisoned Stab","PiercingWail+1"],"picked":"Catalyst+1","floor":28},{"not_picked":["Storm of Steel+1","Cloak And Dagger+1"],"picked":"Blur+1","floor":28},{"not_picked":["All Out Attack","Expertise+1","Infinite Blades"],"picked":"Prepared+1","floor":30},{"not_picked":["Escape Plan+1","Deflect+1","Blade Dance+1"],"picked":"PiercingWail+1","floor":35},{"not_picked":["Deflect+1","Tactician+1","Outmaneuver+1","Catalyst+1"],"picked":"SKIP","floor":35},{"not_picked":["Deflect+1","Tactician+1","Outmaneuver+1"],"picked":"Catalyst+1","floor":35},{"not_picked":["Dagger Throw","Bane","All Out Attack+1","Blade Dance+1"],"picked":"SKIP","floor":37},{"not_picked":["Bane+1","PiercingWail+1","Deadly Poison+1","Sucker Punch"],"picked":"SKIP","floor":37},{"not_picked":["Backflip+1","Quick Slash+1","Escape Plan+1"],"picked":"Blur+1","floor":38},{"not_picked":["Bane+1","Wraith Form v2","Leg Sweep+1","Skewer"],"picked":"SKIP","floor":38},{"not_picked":["Sucker Punch","Flying Knee","Skewer+1"],"picked":"Backflip+1","floor":41},{"not_picked":["Finisher+1","Accuracy+1","Outmaneuver+1","Dodge and Roll+1"],"picked":"SKIP","floor":44},{"not_picked":["Deflect+1","Prepared+1","Bane","Dagger Throw+1"],"picked":"SKIP","floor":44},{"not_picked":["Deflect+1","Riddle With Holes+1","Blade Dance+1"],"picked":"Blur+1","floor":45},{"not_picked":["Heel Hook+1","Outmaneuver+1","Bouncing Flask+1","Prepared+1"],"picked":"SKIP","floor":48}],"player_experience":36629,"relics_obtained":[{"floor":6.0,"key":"Mercury Hourglass"},{"floor":7.0,"key":"Thread and Needle"},{"floor":9.0,"key":"Prayer Wheel"},{"floor":11.0,"key":"Ornamental Fan"},{"floor":14,"key":"Odd Mushroom"},{"floor":15,"key":"Toxic Egg 2"},{"floor":23,"key":"Anchor"},{"floor":26,"key":"Shuriken"},{"floor":29,"key":"Question Card"},{"floor":30,"key":"Tiny Chest"},{"floor":31,"key":"Bottled Lightning"},{"floor":32,"key":"Pocketwatch"},{"floor":39,"key":"Bag of Preparation"},{"floor":40,"key":"Incense Burner"},{"floor":41,"key":"FossilizedHelix"},{"floor":42,"key":"Gremlin Horn"},{"floor":43,"key":"Paper Crane"},{"floor":45,"key":"Lantern"},{"floor":48,"key":"Lizard Tail"},{"floor":49,"key":"Orichalcum"}],"event_choices":[{"damage_healed":0.0,"max_hp_gain":0.0,"max_hp_loss":0.0,"gold_gain":0.0,"cards_transformed":["Strike_G"],"event_name":"Living Wall","player_choice":"Change","floor":2.0,"gold_loss":0.0,"damage_taken":0.0,"cards_obtained":["Leg Sweep"]},{"damage_healed":0.0,"max_hp_gain":0.0,"max_hp_loss":0.0,"gold_gain":0.0,"event_name":"Golden Idol","player_choice":"Take Damage","floor":3.0,"gold_loss":0.0,"damage_taken":17.0,"relics_obtained":["Golden Idol"]},{"damage_healed":0,"gold_gain":0,"player_choice":"Searched \u00271\u0027 times","damage_taken":0,"relics_obtained":["War Paint"],"max_hp_gain":0,"max_hp_loss":0,"event_name":"Dead Adventurer","floor":13,"gold_loss":0},{"damage_healed":0,"gold_gain":0,"player_choice":"Fought Mushrooms","damage_taken":0,"max_hp_gain":0,"max_hp_loss":0,"event_name":"Mushrooms","floor":14,"gold_loss":0},{"cards_removed":["Strike_G"],"damage_healed":0,"gold_gain":0,"player_choice":"Gave Gold","damage_taken":0,"max_hp_gain":0,"max_hp_loss":0,"event_name":"Beggar","floor":19,"gold_loss":75},{"damage_healed":0,"gold_gain":99,"player_choice":"Stole From Cult","damage_taken":0,"max_hp_gain":0,"max_hp_loss":0,"event_name":"Nest","floor":20,"gold_loss":0},{"damage_healed":0,"gold_gain":0,"player_choice":"Trade","damage_taken":0,"relics_obtained":["SsserpentHead"],"max_hp_gain":0,"max_hp_loss":0,"event_name":"FaceTrader","floor":24,"gold_loss":0},{"cards_removed":["Doppelganger"],"damage_healed":0,"gold_gain":0,"player_choice":"Offered Rare","damage_taken":0,"max_hp_gain":10,"max_hp_loss":0,"event_name":"Bonfire Elementals","floor":36,"gold_loss":0},{"damage_healed":0,"gold_gain":0,"player_choice":"Bought 0 Potions","damage_taken":0,"max_hp_gain":0,"max_hp_loss":0,"event_name":"The Woman in Blue","floor":46,"gold_loss":0}],"is_beta":false,"boss_relics":[{"not_picked":["Runic Pyramid","Coffee Dripper"],"picked":"Ring of the Serpent"},{"not_picked":["Tiny House","SacredBark"],"picked":"Velvet Choker"}],"items_purged_floors":[21,47],"is_endless":false,"potions_floor_spawned":[4,5,8,11,25,28,30,37,44,45],"ascension_level":3}}