{"host":"y76clbnovzmw9ubx","time":1609548697,"event":{"mods":["AchievementEnabler","BaseMod","Minty Spire (QoL Compilation)","Permanent Neow","Relic Stats"],"gold_per_floor":[109,128,144,144,7,20,20,20],"floor_reached":7,"playtime":268,"items_purged":[],"score":86,"play_id":"193399ba-4764-4fb4-a72b-204cb53af1ad","local_time":"20210101195137","is_ascension_mode":true,"campfire_choices":[],"circlet_count":0,"master_deck":["AscendersBane","Strike_G","Strike_G","Strike_G","Strike_G","Defend_G","Defend_G","Defend_G","Defend_G","Defend_G","Survivor","Neutralize","Phantasmal Killer","Catalyst","Deadly Poison","Dodge and Roll","Well Laid Plans"],"relics":["Ring of the Snake"],"acts_visited":["Exordium"],"potions_floor_usage":[6,7],"damage_taken":[{"damage":0,"enemies":"2 Louse","floor":1,"turns":2},{"damage":4,"enemies":"Cultist","floor":2,"turns":5},{"damage":6,"enemies":"Jaw Worm","floor":3,"turns":5},{"damage":7,"enemies":"Looter","floor":6,"turns":3},{"damage":75,"enemies":"Gremlin Nob","floor":7,"turns":4}],"seed_played":"-3929801709871761161","potions_obtained":[{"floor":1,"key":"DistilledChaos"},{"floor":3,"key":"Fire Potion"}],"is_trial":false,"path_per_floor":["M","M","M","?","$","M","E"],"character_chosen":"THE_SILENT","items_purchased":["Well Laid Plans","PowerPotion"],"campfire_rested":0,"item_purchase_floors":[5,5],"current_hp_per_floor":[59,55,49,49,49,42,0,0],"gold":20,"neow_bonus":"TRANSFORM_CARD","is_daily":false,"chose_seed":false,"campfire_upgraded":0,"win_rate":0.0,"timestamp":1609548697,"path_taken":["M","M","M","?","$","M","E"],"items_purchased_type":["Card","Potion"],"build_version":"2020-12-22","purchased_purges":0,"victory":false,"max_hp_per_floor":[66,66,66,66,66,66,66,66],"relic_stats":{"counters":[5,19],"obtain_stats":[{"Ring of the Snake":0},{"Ring of the Snake":0},{"Ring of the Snake":0}],"Ring of the Snake":[10]},"card_choices":[{"not_picked":["Reflex","Blade Dance"],"picked":"Catalyst","floor":1},{"not_picked":["Blur","Dagger Throw"],"picked":"Deadly Poison","floor":2},{"not_picked":["Finisher","Slice"],"picked":"Dodge and Roll","floor":3},{"not_picked":["Cloak And Dagger","Reflex","Sucker Punch"],"picked":"SKIP","floor":6}],"player_experience":3032002,"relics_obtained":[],"event_choices":[{"damage_healed":0,"gold_gain":0,"player_choice":"Got Potions","damage_taken":0,"max_hp_gain":0,"max_hp_loss":0,"event_name":"Lab","floor":4,"gold_loss":0}],"is_beta":false,"boss_relics":[],"items_purged_floors":[],"is_endless":false,"potions_floor_spawned":[1,3],"killed_by":"Gremlin Nob","ascension_level":20}}