{"host":"rmsq46plbpwfbxcc","time":1609595545,"event":{"mods":["AchievementEnabler","BaseMod","Colored Map","Colored Powertips","DeckTracker","KOR Keyword Fix","Minty Spire (QoL Compilation)","Permanent Neow","Quick Restart","SuperFastMode"],"gold_per_floor":[113,127,137,147,147,147,162,162,162,162,181,206,217,243,243,339,339,355,280,280,296,311,336,336,354,428,461,477,477,477,489,489,616,616,632,274,284,300,312,341,341,368,393,404,422,422,474,505,505,505,505,505,4,32,32],"floor_reached":56,"playtime":2304,"items_purged":["Strike_G","Strike_G","Defend_G"],"score":1616,"play_id":"b6f75bf7-ee6c-40c4-b54a-892013b2f0fb","local_time":"20210102225225","is_ascension_mode":true,"campfire_choices":[{"data":"Neutralize","floor":6,"key":"SMITH"},{"data":"Dash","floor":8,"key":"SMITH"},{"data":"1","floor":10,"key":"LIFT"},{"data":"Blade Dance","floor":15,"key":"SMITH"},{"data":"After Image","floor":24,"key":"SMITH"},{"data":"Cloak And Dagger","floor":30,"key":"SMITH"},{"data":"2","floor":32,"key":"LIFT"},{"data":"A Thousand Cuts","floor":41,"key":"SMITH"},{"floor":49,"key":"RECALL"},{"data":"Finisher","floor":52,"key":"SMITH"}],"circlet_count":0,"master_deck":["Strike_G","Strike_G","Strike_G+1","Defend_G","Defend_G","Defend_G","Defend_G","Survivor","Neutralize+1","Backflip","Dagger Throw","Choke+1","Dash+1","Blade Dance+1","Cloak And Dagger+1","After Image+1","CurseOfTheBell","Accuracy+1","Blur+1","Well Laid Plans+1","Bullet Time","Terror","PiercingWail","A Thousand Cuts+1","PiercingWail+1","Acrobatics+1","Finisher+1","Burst"],"relics":["Black Star","Girya","StrikeDummy","Ice Cream","Lantern","Bag of Marbles","Calling Bell","Art of War","Eternal Feather","Mango","Prayer Wheel","CaptainsWheel","The Courier","Centennial Puzzle","Akabeko","Coffee Dripper","Nunchaku","Anchor","Question Card","HornCleat","Tough Bandages","TungstenRod","Gambling Chip","Vajra","Letter Opener","Pen Nib","Whetstone","Du-Vu Doll","Bronze Scales"],"acts_visited":["Exordium","TheCity","TheBeyond","TheEnding"],"potions_floor_usage":[4,12,16,25,27,33,33,40,47,50,50,55,55,55],"damage_taken":[{"damage":0,"enemies":"Cultist","floor":1,"turns":4},{"damage":1,"enemies":"2 Louse","floor":2,"turns":4},{"damage":2,"enemies":"Jaw Worm","floor":3,"turns":4},{"damage":17,"enemies":"Gremlin Gang","floor":4,"turns":10},{"damage":7,"enemies":"2 Fungi Beasts","floor":7,"turns":4},{"damage":1,"enemies":"Large Slime","floor":11,"turns":6},{"damage":7,"enemies":"Lagavulin","floor":12,"turns":5},{"damage":1,"enemies":"Blue Slaver","floor":13,"turns":3},{"damage":11,"enemies":"3 Sentries","floor":14,"turns":7},{"damage":7,"enemies":"Hexaghost","floor":16,"turns":9},{"damage":1,"enemies":"3 Byrds","floor":18,"turns":5},{"damage":0,"enemies":"Chosen","floor":21,"turns":3},{"damage":0,"enemies":"Centurion and Healer","floor":22,"turns":5},{"damage":11,"enemies":"Book of Stabbing","floor":23,"turns":4},{"damage":6,"enemies":"Shelled Parasite and Fungi","floor":25,"turns":4},{"damage":15,"enemies":"Gremlin Leader","floor":27,"turns":6},{"damage":5,"enemies":"Cultist and Chosen","floor":28,"turns":5},{"damage":0,"enemies":"Snecko","floor":31,"turns":5},{"damage":61,"enemies":"Automaton","floor":33,"turns":12},{"damage":13,"enemies":"3 Darklings","floor":35,"turns":5},{"damage":0,"enemies":"3 Shapes","floor":37,"turns":4},{"damage":0,"enemies":"Writhing Mass","floor":38,"turns":5},{"damage":0,"enemies":"Jaw Worm Horde","floor":39,"turns":3},{"damage":1,"enemies":"Reptomancer","floor":40,"turns":6},{"damage":4,"enemies":"Nemesis","floor":42,"turns":5},{"damage":0,"enemies":"3 Darklings","floor":44,"turns":6},{"damage":3,"enemies":"Spire Growth","floor":45,"turns":5},{"damage":0,"enemies":"2 Orb Walkers","floor":47,"turns":4},{"damage":0,"enemies":"Reptomancer","floor":48,"turns":5},{"damage":15,"enemies":"Time Eater","floor":50,"turns":11},{"damage":6,"enemies":"Shield and Spear","floor":54,"turns":6},{"damage":28,"enemies":"The Heart","floor":55,"turns":7}],"seed_played":"-9050036990418088186","potions_obtained":[{"floor":1,"key":"Poison Potion"},{"floor":11,"key":"AttackPotion"},{"floor":12,"key":"Poison Potion"},{"floor":16,"key":"Regen Potion"},{"floor":18,"key":"Energy Potion"},{"floor":22,"key":"ColorlessPotion"},{"floor":28,"key":"BlessingOfTheForge"},{"floor":33,"key":"LiquidBronze"},{"floor":35,"key":"LiquidMemories"},{"floor":44,"key":"AttackPotion"},{"floor":45,"key":"Dexterity Potion"},{"floor":47,"key":"AttackPotion"},{"floor":54,"key":"Block Potion"}],"is_trial":false,"path_per_floor":["M","M","M","M","?","R","M","R","T","R","M","E","M","E","R","B",null,"M","$","?","M","M","E","R","M","T","E","M","?","R","M","R","B",null,"M","$","M","M","M","E","R","E","T","M","M","?","?","E","R","B",null,"R","$","E","B",null],"character_chosen":"THE_SILENT","items_purchased":["PiercingWail","Nunchaku","Anchor","Pen Nib","Whetstone","Burst","Swift Potion"],"campfire_rested":0,"item_purchase_floors":[36,36,36,53,53,53,53],"current_hp_per_floor":[70,69,67,50,55,55,48,48,48,48,47,40,39,28,28,21,76,75,75,75,75,75,64,76,70,70,70,65,65,77,77,89,28,74,61,61,61,61,61,60,75,71,71,71,68,68,68,68,83,68,81,85,85,79,51],"gold":32,"neow_bonus":"BOSS_RELIC","is_daily":false,"chose_seed":false,"campfire_upgraded":7,"win_rate":0.0,"timestamp":1609595545,"path_taken":["M","M","M","M","?","R","M","R","T","R","M","E","M","E","R","BOSS","M","$","?","M","M","E","R","M","T","E","M","?","R","M","R","BOSS","M","$","M","M","?","E","R","E","T","M","M","?","?","E","R","BOSS","R","$","E","BOSS"],"items_purchased_type":["Card","Relic","Relic","Relic","Relic","Card","Potion"],"build_version":"2020-12-22","purchased_purges":3,"victory":true,"max_hp_per_floor":[70,70,70,70,75,75,75,75,75,75,75,75,75,75,75,75,89,89,89,89,89,89,89,89,89,89,89,89,89,89,89,89,89,89,89,89,89,89,89,89,89,89,89,89,89,85,85,85,85,85,85,85,85,85,85],"card_choices":[{"not_picked":["Expertise","Slice"],"picked":"Backflip","floor":1},{"not_picked":["Deadly Poison","Quick Slash"],"picked":"Dagger Throw","floor":2},{"not_picked":["Prepared","Catalyst","Skewer"],"picked":"SKIP","floor":3},{"not_picked":["Infinite Blades","Setup"],"picked":"Choke","floor":4},{"not_picked":["Backflip","Acrobatics"],"picked":"Dash","floor":7},{"not_picked":["PiercingWail","Setup"],"picked":"Blade Dance","floor":11},{"not_picked":["Acrobatics","PiercingWail"],"picked":"Cloak And Dagger","floor":12},{"not_picked":["Crippling Poison","Infinite Blades","Flying Knee"],"picked":"SKIP","floor":13},{"not_picked":["Noxious Fumes","Choke","Bouncing Flask"],"picked":"SKIP","floor":14},{"not_picked":["Glass Knife","Unload"],"picked":"After Image","floor":16},{"not_picked":["Blade Dance+1","Backstab"],"picked":"Accuracy+1","floor":18},{"not_picked":["Bane","Cloak And Dagger","Blade Dance"],"picked":"SKIP","floor":21},{"not_picked":["Choke","Cloak And Dagger","Outmaneuver"],"picked":"SKIP","floor":22},{"not_picked":["Quick Slash+1","Dodge and Roll","Choke"],"picked":"SKIP","floor":23},{"not_picked":["Choke+1","Expertise"],"picked":"Blur+1","floor":25},{"not_picked":["Underhanded Strike","Poisoned Stab","Malaise"],"picked":"SKIP","floor":25},{"not_picked":["Blur+1","Calculated Gamble","Noxious Fumes"],"picked":"SKIP","floor":27},{"not_picked":["Dagger Spray","Sucker Punch","Blur"],"picked":"SKIP","floor":28},{"not_picked":["Flying Knee","Quick Slash","Sucker Punch"],"picked":"SKIP","floor":28},{"not_picked":["Dodge and Roll","Reflex+1"],"picked":"Well Laid Plans+1","floor":31},{"not_picked":["Heel Hook","Dagger Spray","Poisoned Stab"],"picked":"SKIP","floor":31},{"not_picked":["Tools of the Trade","Unload"],"picked":"Bullet Time","floor":33},{"not_picked":["Cloak And Dagger","Flying Knee+1"],"picked":"Terror","floor":35},{"not_picked":["Distraction","Dagger Spray+1","Concentrate"],"picked":"SKIP","floor":35},{"not_picked":["Quick Slash","Cloak And Dagger","Blur"],"picked":"SKIP","floor":37},{"not_picked":["Outmaneuver+1","Heel Hook+1","Deadly Poison+1"],"picked":"SKIP","floor":37},{"not_picked":["Deadly Poison+1","Poisoned Stab+1"],"picked":"A Thousand Cuts","floor":38},{"not_picked":["Endless Agony","Prepared+1","Cloak And Dagger+1"],"picked":"SKIP","floor":38},{"not_picked":["Prepared","Well Laid Plans","Dodge and Roll"],"picked":"SKIP","floor":39},{"not_picked":["Setup","Flying Knee+1","Footwork"],"picked":"SKIP","floor":39},{"not_picked":["Blade Dance","Grand Finale","Leg Sweep+1"],"picked":"SKIP","floor":40},{"not_picked":["Underhanded Strike+1","Slice+1","Catalyst+1","Deadly Poison"],"picked":"SKIP","floor":42},{"not_picked":["Skewer","Expertise+1","Masterful Stab"],"picked":"PiercingWail+1","floor":44},{"not_picked":["Deflect+1","Cloak And Dagger","Dodge and Roll+1"],"picked":"Acrobatics+1","floor":44},{"not_picked":["PiercingWail+1","Dagger Throw+1","Backflip","Blade Dance"],"picked":"SKIP","floor":45},{"not_picked":["Backflip","PiercingWail+1","Dagger Throw","Sucker Punch"],"picked":"SKIP","floor":45},{"not_picked":["Concentrate","Accuracy","Dagger Spray"],"picked":"Finisher","floor":47},{"not_picked":["Calculated Gamble+1","Poisoned Stab","Bouncing Flask","Dagger Throw"],"picked":"SKIP","floor":48},{"not_picked":["Setup","Well Laid Plans","Catalyst+1","Leg Sweep"],"picked":"SKIP","floor":54}],"player_experience":649423,"relics_obtained":[{"floor":9,"key":"Girya"},{"floor":12,"key":"StrikeDummy"},{"floor":12,"key":"Ice Cream"},{"floor":14,"key":"Lantern"},{"floor":14,"key":"Bag of Marbles"},{"floor":17,"key":"Art of War"},{"floor":17,"key":"Eternal Feather"},{"floor":17,"key":"Mango"},{"floor":23,"key":"Prayer Wheel"},{"floor":23,"key":"CaptainsWheel"},{"floor":26,"key":"The Courier"},{"floor":27,"key":"Centennial Puzzle"},{"floor":27,"key":"Akabeko"},{"floor":40,"key":"Question Card"},{"floor":40,"key":"HornCleat"},{"floor":42,"key":"Tough Bandages"},{"floor":42,"key":"TungstenRod"},{"floor":47,"key":"Gambling Chip"},{"floor":48,"key":"Vajra"},{"floor":48,"key":"Letter Opener"},{"floor":54,"key":"Du-Vu Doll"},{"floor":54,"key":"Bronze Scales"}],"event_choices":[{"damage_healed":0,"gold_gain":0,"player_choice":"Donut","damage_taken":0,"max_hp_gain":5,"max_hp_loss":0,"event_name":"Big Fish","floor":5,"gold_loss":0},{"damage_healed":0,"gold_gain":0,"player_choice":"Ignored","damage_taken":0,"max_hp_gain":0,"max_hp_loss":0,"event_name":"Ghosts","floor":20,"gold_loss":0},{"damage_healed":0,"gold_gain":0,"player_choice":"Bought 0 Potions","damage_taken":0,"max_hp_gain":0,"max_hp_loss":0,"event_name":"The Woman in Blue","floor":29,"gold_loss":0},{"damage_healed":0,"gold_gain":0,"player_choice":"Max HP","damage_taken":0,"max_hp_gain":0,"max_hp_loss":4,"event_name":"Winding Halls","floor":46,"gold_loss":0},{"damage_healed":0,"gold_gain":0,"player_choice":"Fight","damage_taken":0,"max_hp_gain":0,"max_hp_loss":0,"event_name":"Mysterious Sphere","floor":47,"gold_loss":0}],"is_beta":false,"boss_relics":[{"not_picked":["SacredBark","Astrolabe"],"picked":"Calling Bell"},{"not_picked":["Runic Dome","SlaversCollar"],"picked":"Coffee Dripper"}],"items_purged_floors":[19,36,53],"is_endless":false,"potions_floor_spawned":[1,11,12,16,18,22,28,33,35,44,45,47,54],"ascension_level":5}}