{"host":"31s8hzukbhz1k6i6","time":1609549327,"event":{"mods":["AchievementEnabler","BaseMod","Bestiary","Colored Map","Filter the Spire","Minty Spire (QoL Compilation)","Relic Stats","UnlockEverythingMod","ojb\u0027s Info Mod"],"gold_per_floor":[119,44,16,16,27,56,72,72,72,72,72,72],"floor_reached":11,"playtime":345,"items_purged":[],"score":142,"play_id":"9a4336b1-5a69-441a-bb69-e8510c6fb8f9","local_time":"20210101170207","is_ascension_mode":true,"campfire_choices":[{"floor":10,"key":"REST"}],"circlet_count":0,"master_deck":["AscendersBane","Strike_G","Strike_G","Strike_G+1","Strike_G","Strike_G","Defend_G","Defend_G","Defend_G+1","Defend_G","Defend_G","Survivor","Neutralize","Flying Knee","Flying Knee","Deadly Poison","Corpse Explosion","Cloak And Dagger"],"relics":["Ring of the Snake","Calipers","Kunai","Shuriken"],"acts_visited":["Exordium"],"potions_floor_usage":[6],"damage_taken":[{"damage":4,"enemies":"2 Louse","floor":1,"turns":4},{"damage":0,"enemies":"Small Slimes","floor":5,"turns":4},{"damage":22,"enemies":"3 Sentries","floor":6,"turns":12},{"damage":8,"enemies":"Jaw Worm","floor":7,"turns":4},{"damage":27,"enemies":"Gremlin Nob","floor":11,"turns":3}],"seed_played":"7089467587010244145","potions_obtained":[{"floor":1,"key":"Dexterity Potion"}],"is_trial":false,"path_per_floor":["M","?","$","?","M","E","M","?","T","R","E"],"character_chosen":"THE_SILENT","items_purchased":["Flying Knee"],"campfire_rested":1,"item_purchase_floors":[3],"current_hp_per_floor":[55,55,55,35,35,13,5,5,5,24,0,0],"gold":72,"neow_bonus":"ONE_RARE_RELIC","is_daily":false,"chose_seed":false,"campfire_upgraded":0,"win_rate":0.0,"timestamp":1609549327,"path_taken":["M","?","$","?","M","E","M","?","T","R","E"],"items_purchased_type":["Card"],"build_version":"2020-12-22","purchased_purges":0,"victory":false,"max_hp_per_floor":[66,66,66,66,66,66,66,66,66,66,66,66],"relic_stats":{"counters":[5,27],"Shuriken":[2],"Kunai":[3],"obtain_stats":[{"Calipers":0,"Shuriken":9,"Kunai":6,"Ring of the Snake":0},{"Calipers":0,"Shuriken":4,"Kunai":3,"Ring of the Snake":0},{"Calipers":0,"Shuriken":24,"Kunai":20,"Ring of the Snake":0}],"Ring of the Snake":[10]},"card_choices":[{"not_picked":["Expertise","Setup"],"picked":"Flying Knee","floor":1},{"not_picked":["Reflex","Expertise"],"picked":"Deadly Poison","floor":5},{"not_picked":["Noxious Fumes","Caltrops"],"picked":"Corpse Explosion","floor":6},{"not_picked":["Poisoned Stab","Bane"],"picked":"Cloak And Dagger","floor":7}],"player_experience":129478,"relics_obtained":[{"floor":6,"key":"Kunai"},{"floor":9,"key":"Shuriken"}],"event_choices":[{"cards_removed":["Doubt"],"damage_healed":0,"gold_gain":0,"player_choice":"Card Removal","damage_taken":0,"max_hp_gain":0,"max_hp_loss":0,"event_name":"The Cleric","floor":2,"gold_loss":75},{"damage_healed":0,"gold_gain":0,"player_choice":"Entered Light","damage_taken":20,"max_hp_gain":0,"max_hp_loss":0,"event_name":"Shining Light","floor":4,"gold_loss":0,"cards_upgraded":["Defend_G","Strike_G"]},{"damage_healed":0,"gold_gain":0,"player_choice":"Fled","damage_taken":0,"max_hp_gain":0,"max_hp_loss":0,"event_name":"Scrap Ooze","floor":8,"gold_loss":0}],"is_beta":false,"boss_relics":[],"items_purged_floors":[],"is_endless":false,"potions_floor_spawned":[1],"killed_by":"Gremlin Nob","ascension_level":20}}