{"host":"okln270zkafj6dck","time":1609572795,"event":{"mods":["BaseMod","Minty Spire (QoL Compilation)","Permanent Neow","Quick Restart","Relic Stats","StSLib","SuperFastMode"],"gold_per_floor":[112,129,140,152,152,181,181,181,181],"floor_reached":8,"playtime":488,"items_purged":[],"score":116,"play_id":"cfc88a2f-9c46-432c-8ca7-a40a89f93add","local_time":"20210101233315","is_ascension_mode":true,"campfire_choices":[{"floor":7,"key":"REST"}],"circlet_count":0,"master_deck":["AscendersBane","Strike_G","Strike_G","Strike_G","Strike_G","Defend_G","Defend_G","Defend_G","Defend_G","Defend_G","Survivor","Neutralize","Deadly Poison","Sucker Punch","Poisoned Stab"],"relics":["Ring of the Snake","TungstenRod","Blood Vial"],"acts_visited":[],"potions_floor_usage":[6,8],"damage_taken":[{"damage":0,"enemies":"Small Slimes","floor":1,"turns":4},{"damage":0,"enemies":"Cultist","floor":2,"turns":4},{"damage":0,"enemies":"Jaw Worm","floor":3,"turns":5},{"damage":9,"enemies":"Exordium Wildlife","floor":4,"turns":6},{"damage":14,"enemies":"3 Sentries","floor":6,"turns":11},{"damage":43,"enemies":"Gremlin Nob","floor":8,"turns":4}],"seed_played":"6689850613985991457","potions_obtained":[{"floor":1,"key":"CunningPotion"},{"floor":4,"key":"Energy Potion"}],"is_trial":false,"path_per_floor":["M","M","M","M","?","E","R","E"],"character_chosen":"THE_SILENT","items_purchased":[],"campfire_rested":1,"item_purchase_floors":[],"current_hp_per_floor":[44,44,44,35,35,21,40,0,0],"gold":181,"neow_bonus":"ONE_RARE_RELIC","is_daily":false,"chose_seed":false,"campfire_upgraded":0,"win_rate":0.0,"timestamp":1609572795,"path_taken":["M","M","M","M","?","E","R","E"],"items_purchased_type":[],"build_version":"2020-12-22","purchased_purges":0,"victory":false,"max_hp_per_floor":[66,66,66,66,66,66,66,66,66],"relic_stats":{"Blood Vial":2,"counters":[6,34],"obtain_stats":[{"Blood Vial":6,"TungstenRod":0,"Ring of the Snake":0},{"Blood Vial":5,"TungstenRod":0,"Ring of the Snake":0},{"Blood Vial":30,"TungstenRod":0,"Ring of the Snake":0}],"TungstenRod":10,"Ring of the Snake":[12]},"card_choices":[{"not_picked":["Blur","Escape Plan"],"picked":"Deadly Poison","floor":1},{"not_picked":["Choke","Bane"],"picked":"Sucker Punch","floor":2},{"not_picked":["Blur","Dodge and Roll"],"picked":"Poisoned Stab","floor":3},{"not_picked":["Infinite Blades","Tactician","Cloak And Dagger"],"picked":"SKIP","floor":4},{"not_picked":["Bane","Grand Finale","Riddle With Holes"],"picked":"SKIP","floor":6}],"player_experience":73619,"relics_obtained":[{"floor":6,"key":"Blood Vial"}],"event_choices":[{"cards_removed":["Strike_G"],"damage_healed":0,"gold_gain":0,"player_choice":"Offered Basic","damage_taken":0,"max_hp_gain":0,"max_hp_loss":0,"event_name":"Bonfire Elementals","floor":5,"gold_loss":0}],"is_beta":false,"boss_relics":[],"items_purged_floors":[],"is_endless":false,"potions_floor_spawned":[1,4],"killed_by":"Gremlin Nob","ascension_level":20}}