{"host":"Jedit","time":1609616635,"event":{"mods":["BaseMod","Minty Spire (QoL Compilation)","Relic Stats","StSLib"],"gold_per_floor":[112,126,126,126,91,91,110,143,167,198,198,198,225,241,241,313,313,325,336,336,336,336,336,353,353,353,387,387,420,335,335,335,414,414,424,436,31,47,58,58,92,92,92,123,137,137,153,182,182,182,182],"floor_reached":50,"playtime":3172,"items_purged":["Strike_G+1"],"score":1402,"play_id":"7b86e059-ddb8-4594-ad9e-02526f187b0e","local_time":"20210102194355","is_ascension_mode":true,"campfire_choices":[{"data":"Cloak And Dagger","floor":6.0,"key":"SMITH"},{"floor":12.0,"key":"REST"},{"floor":15.0,"key":"REST"},{"floor":23.0,"key":"REST"},{"floor":28.0,"key":"REST"},{"floor":32.0,"key":"REST"},{"floor":40,"key":"REST"},{"floor":49,"key":"RECALL"}],"circlet_count":0,"master_deck":["AscendersBane","Strike_G+1","Strike_G+1","Strike_G+1","Defend_G+1","Defend_G+1","Defend_G+1","Survivor+1","Neutralize+1","Tools of the Trade+1","Bane+1","Caltrops+1","Well Laid Plans","Cloak And Dagger+1","Dodge and Roll","Footwork","Underhanded Strike","After Image","Deadly Poison","Blade Dance+1","Blur","Dash","Accuracy+1","Reflex+1","Malaise","Slice","Cloak And Dagger","Blade Dance+1","Dodge and Roll","Backstab"],"relics":["Astrolabe","Dream Catcher","Singing Bowl","Centennial Puzzle","Orichalcum","Cursed Key","Nilry\u0027s Codex","Boot","Anchor","Bag of Marbles","WristBlade","PreservedInsect","Oddly Smooth Stone","Ice Cream","Gremlin Horn","Bottled Flame"],"acts_visited":["Exordium","TheCity","TheBeyond"],"potions_floor_usage":[38,50],"damage_taken":[{"damage":7.0,"enemies":"Jaw Worm","floor":1.0,"turns":4.0},{"damage":0.0,"enemies":"Small Slimes","floor":2.0,"turns":4.0},{"damage":0.0,"enemies":"2 Louse","floor":7.0,"turns":4.0},{"damage":0.0,"enemies":"Lagavulin","floor":8.0,"turns":8.0},{"damage":37.0,"enemies":"Gremlin Nob","floor":10.0,"turns":5.0},{"damage":3.0,"enemies":"Large Slime","floor":14.0,"turns":7.0},{"damage":9.0,"enemies":"The Guardian","floor":16.0,"turns":14.0},{"damage":1.0,"enemies":"3 Byrds","floor":18.0,"turns":4.0},{"damage":21.0,"enemies":"2 Thieves","floor":19.0,"turns":5.0},{"damage":6.0,"enemies":"Centurion and Healer","floor":24.0,"turns":5.0},{"damage":28.0,"enemies":"Gremlin Leader","floor":27.0,"turns":7.0},{"damage":40.0,"enemies":"Book of Stabbing","floor":29.0,"turns":5.0},{"damage":0.0,"enemies":"Automaton","floor":33.0,"turns":11.0},{"damage":16.0,"enemies":"3 Darklings","floor":35.0,"turns":7.0},{"damage":11.0,"enemies":"Orb Walker","floor":36.0,"turns":4.0},{"damage":3,"enemies":"Jaw Worm Horde","floor":38,"turns":5},{"damage":23,"enemies":"Transient","floor":39,"turns":6},{"damage":6,"enemies":"Nemesis","floor":41,"turns":5},{"damage":18,"enemies":"Giant Head","floor":44,"turns":6},{"damage":6,"enemies":"Spire Growth","floor":45,"turns":5},{"damage":6,"enemies":"Jaw Worm Horde","floor":47,"turns":3},{"damage":0,"enemies":"Nemesis","floor":48,"turns":5},{"damage":15,"enemies":"Time Eater","floor":50,"turns":3}],"seed_played":"2643373500282229328","potions_obtained":[{"floor":1.0,"key":"SteroidPotion"},{"floor":7.0,"key":"Explosive Potion"},{"floor":14.0,"key":"CunningPotion"},{"floor":24.0,"key":"SneckoOil"},{"floor":27.0,"key":"BlessingOfTheForge"},{"floor":29.0,"key":"EssenceOfSteel"},{"floor":33.0,"key":"SteroidPotion"},{"floor":35.0,"key":"Dexterity Potion"},{"floor":39,"key":"Dexterity Potion"},{"floor":47,"key":"GhostInAJar"}],"is_trial":false,"path_per_floor":["M","M","?","?","?","R","M","E","T","E","?","R","T","M","R","B",null,"M","M","?","?","T","R","M","?","T","E","R","E","?","T","R","B",null,"M","M","$","M","M","R","E","?","T","E","M","?","M","E","R","B"],"character_chosen":"THE_SILENT","items_purchased":["PreservedInsect","Oddly Smooth Stone"],"campfire_rested":6,"item_purchase_floors":[37,37],"current_hp_per_floor":[52,52,47,27,43,43,43,45,45,8,8,30,30,27,50,41,64,63,42,21,21,21,42,38,53,53,25,47,7,7,7,31,31,65,49,40,40,37,16,40,36,38,38,22,16,16,10,12,12,0,0],"gold":182,"neow_bonus":"BOSS_RELIC","is_daily":false,"chose_seed":false,"campfire_upgraded":1,"win_rate":0.0,"timestamp":1609616635,"path_taken":["M","M","?","?","?","R","M","E","T","E","?","R","?","M","R","BOSS","M","M","?","?","?","R","?","?","T","E","R","E","?","?","R","BOSS","M","M","$","M","M","R","E","?","T","E","M","?","?","E","R","BOSS"],"items_purchased_type":["Relic","Relic"],"build_version":"2020-12-18","purchased_purges":1,"victory":false,"max_hp_per_floor":[66,66,66,66,66,66,66,68,68,68,68,70,70,70,72,72,72,72,72,72,72,72,72,74,74,74,74,74,74,74,74,76,76,76,76,78,78,78,80,80,82,84,84,86,86,86,86,88,88,88,88],"relic_stats":{"Dream Catcher":6,"Centennial Puzzle":[51],"Singing Bowl":22,"Gremlin Horn":[2,2],"counters":[23,132],"Astrolabe":["Tools of the Trade","Bane","Caltrops"],"PreservedInsect":230,"Orichalcum":[12],"Cursed Key":0,"Boot":[68],"obtain_stats":[{"Ice Cream":41,"Singing Bowl":8,"Gremlin Horn":44,"Nilry\u0027s Codex":20,"Astrolabe":0,"Oddly Smooth Stone":37,"PreservedInsect":37,"Orichalcum":10,"Cursed Key":17,"Boot":27,"Dream Catcher":3,"Centennial Puzzle":9,"Anchor":29,"Bottled Flame":48,"WristBlade":34,"Bag of Marbles":30,"Ring of the Snake":0},{"Ice Cream":18,"Singing Bowl":4,"Gremlin Horn":19,"Nilry\u0027s Codex":9,"Astrolabe":0,"Oddly Smooth Stone":15,"PreservedInsect":15,"Orichalcum":5,"Cursed Key":7,"Boot":11,"Dream Catcher":2,"Centennial Puzzle":4,"Anchor":12,"Bottled Flame":22,"WristBlade":13,"Bag of Marbles":12,"Ring of the Snake":0},{"Ice Cream":110,"Singing Bowl":20,"Gremlin Horn":116,"Nilry\u0027s Codex":55,"Astrolabe":0,"Oddly Smooth Stone":94,"PreservedInsect":94,"Orichalcum":25,"Cursed Key":46,"Boot":67,"Dream Catcher":8,"Centennial Puzzle":20,"Anchor":72,"Bottled Flame":129,"WristBlade":83,"Bag of Marbles":72,"Ring of the Snake":0}]},"card_choices":[{"not_picked":["Quick Slash","Terror"],"picked":"Well Laid Plans","floor":1.0},{"not_picked":["Catalyst","Flying Knee"],"picked":"Cloak And Dagger","floor":2.0},{"not_picked":["Blade Dance","Quick Slash"],"picked":"Dodge and Roll","floor":7.0},{"not_picked":["Quick Slash","Caltrops","Heel Hook"],"picked":"Singing Bowl","floor":8.0},{"not_picked":["All Out Attack","Backflip"],"picked":"Footwork","floor":10.0},{"not_picked":["Terror","Infinite Blades","Flying Knee"],"picked":"Singing Bowl","floor":12.0},{"not_picked":["Sucker Punch","Noxious Fumes"],"picked":"Underhanded Strike","floor":14.0},{"not_picked":["Burst","Slice","Concentrate"],"picked":"Singing Bowl","floor":15.0},{"not_picked":["Adrenaline","Venomology"],"picked":"After Image","floor":16.0},{"not_picked":["Slice","Deflect"],"picked":"Deadly Poison","floor":18.0},{"not_picked":["Backflip","Flying Knee"],"picked":"Blade Dance+1","floor":19.0},{"not_picked":["Slice","Accuracy"],"picked":"Blur","floor":23.0},{"not_picked":["Finisher","Cloak And Dagger","Slice"],"picked":"Singing Bowl","floor":24.0},{"not_picked":["Poisoned Stab","Skewer"],"picked":"Dash","floor":27.0},{"not_picked":["Acrobatics+1","Blade Dance"],"picked":"Accuracy+1","floor":28.0},{"not_picked":["Terror","Masterful Stab"],"picked":"Reflex+1","floor":29.0},{"not_picked":["Masterful Stab","Underhanded Strike","Concentrate"],"picked":"Singing Bowl","floor":32.0},{"not_picked":["Glass Knife","Wraith Form v2"],"picked":"Malaise","floor":33.0},{"not_picked":["Distraction","Outmaneuver+1"],"picked":"Slice","floor":35.0},{"not_picked":["Underhanded Strike","Dodge and Roll","Bane"],"picked":"Singing Bowl","floor":36.0},{"not_picked":["Backflip+1","Sucker Punch"],"picked":"Cloak And Dagger","floor":38},{"not_picked":["Underhanded Strike","Dagger Spray","Caltrops"],"picked":"Singing Bowl","floor":39},{"not_picked":["Underhanded Strike","Bullet Time"],"picked":"Blade Dance+1","floor":40},{"not_picked":["Caltrops","Blade Dance","Quick Slash"],"picked":"Singing Bowl","floor":41},{"not_picked":["Panache","Good Instincts","Apotheosis"],"picked":"Singing Bowl","floor":42},{"not_picked":["Slice+1","Concentrate","Caltrops+1"],"picked":"Singing Bowl","floor":44},{"not_picked":["Quick Slash","Backflip"],"picked":"Dodge and Roll","floor":45},{"not_picked":["Quick Slash","Deflect"],"picked":"Backstab","floor":47},{"not_picked":["Heel Hook","Deadly Poison","Sucker Punch"],"picked":"Singing Bowl","floor":48}],"player_experience":3436107,"relics_obtained":[{"floor":8.0,"key":"Singing Bowl"},{"floor":9.0,"key":"Centennial Puzzle"},{"floor":10.0,"key":"Orichalcum"},{"floor":20.0,"key":"Nilry\u0027s Codex"},{"floor":27.0,"key":"Boot"},{"floor":29.0,"key":"Anchor"},{"floor":41,"key":"Ice Cream"},{"floor":44,"key":"Gremlin Horn"},{"floor":48,"key":"Bottled Flame"}],"event_choices":[{"damage_healed":0.0,"max_hp_gain":0.0,"max_hp_loss":0.0,"gold_gain":0.0,"event_name":"Scrap Ooze","player_choice":"Success","floor":3.0,"gold_loss":0.0,"damage_taken":5.0,"relics_obtained":["Dream Catcher"]},{"damage_healed":0.0,"max_hp_gain":0.0,"max_hp_loss":0.0,"gold_gain":0.0,"event_name":"Shining Light","player_choice":"Entered Light","floor":4.0,"gold_loss":0.0,"damage_taken":20.0,"cards_upgraded":["Survivor","Neutralize"]},{"damage_healed":16.0,"max_hp_gain":0.0,"max_hp_loss":0.0,"gold_gain":0.0,"event_name":"The Cleric","player_choice":"Healed","floor":5.0,"gold_loss":35.0,"damage_taken":0.0},{"damage_healed":0.0,"max_hp_gain":0.0,"max_hp_loss":0.0,"gold_gain":0.0,"event_name":"Dead Adventurer","player_choice":"Searched \u00270\u0027 times","floor":11.0,"gold_loss":0.0,"damage_taken":0.0},{"damage_healed":0.0,"max_hp_gain":0.0,"max_hp_loss":0.0,"gold_gain":0.0,"event_name":"Cursed Tome","player_choice":"Obtained Book","floor":20.0,"gold_loss":0.0,"damage_taken":21.0},{"damage_healed":0.0,"max_hp_gain":0.0,"max_hp_loss":0.0,"gold_gain":0.0,"event_name":"Back to Basics","player_choice":"Simplicity","floor":21.0,"gold_loss":0.0,"damage_taken":0.0,"cards_upgraded":["Strike_G","Strike_G","Strike_G","Strike_G","Defend_G","Defend_G","Defend_G"]},{"damage_healed":15.0,"max_hp_gain":0.0,"max_hp_loss":0.0,"gold_gain":0.0,"event_name":"The Library","player_choice":"Heal","floor":25.0,"gold_loss":0.0,"damage_taken":0.0},{"damage_healed":0.0,"max_hp_gain":0.0,"max_hp_loss":0.0,"gold_gain":0.0,"event_name":"Addict","player_choice":"Obtained Relic","floor":30.0,"gold_loss":85.0,"damage_taken":0.0,"relics_obtained":["Bag of Marbles"]},{"damage_healed":0,"gold_gain":0,"player_choice":"Memory 1","damage_taken":0,"max_hp_gain":0,"max_hp_loss":0,"event_name":"SensoryStone","floor":42,"gold_loss":0},{"damage_healed":0,"gold_gain":0,"player_choice":"Ignored","damage_taken":0,"max_hp_gain":0,"max_hp_loss":0,"event_name":"SecretPortal","floor":46,"gold_loss":0}],"is_beta":true,"boss_relics":[{"not_picked":["Black Star","Fusion Hammer"],"picked":"Cursed Key"},{"not_picked":["Philosopher\u0027s Stone","Runic Dome"],"picked":"WristBlade"}],"items_purged_floors":[37],"is_endless":false,"potions_floor_spawned":[1,7,14,24,27,29,33,35,39,47,48],"killed_by":"Time Eater","ascension_level":20}}