{"host":"d40xu1tklzkpvzv9","time":1609588003,"event":{"mods":["Aspiration","BaseMod","BetterRewards","Colored Map","Colored Powertips","Conspire","Custom Start","DeckTracker","Downfall","Highlight Path","Hubris","Infinite Spire","Mimic Mod","Minty Spire (QoL Compilation)","Quick Restart","Replay The Spire","StSLib","SuperFastMode"],"gold_per_floor":[114,114,133,133,133,144,154,188,212,137,137,137,137,212,212,248,248,346,346,359,359,377,377,388,388,388],"floor_reached":25,"playtime":1542,"items_purged":["Defend_P","Strike_P"],"score":249,"play_id":"29c027e1-bf9c-4b24-a785-d49514808015","local_time":"20210102124643","is_ascension_mode":false,"campfire_choices":[{"data":"Omniscience","floor":11,"key":"SMITH"},{"floor":15,"key":"REST"},{"data":"Eruption","floor":17,"key":"SMITH"}],"circlet_count":0,"master_deck":["Strike_P","Strike_P+1","Defend_P","Defend_P","Eruption+1","Vigilance","JustLucky","LikeWater","ForeignInfluence","Replay:Hum","Omniscience+1","Replay:LoomingThreat","JustLucky","Tantrum","Judgement"],"relics":["PureWater","aspiration:Nostalgia","infinitespire:DarkRift","hubris:Icosahedron","Lantern","Anchor","ReplayFunnel","SlaversCollar"],"acts_visited":["Exordium","TheCity"],"potions_floor_usage":[22,24,25],"damage_taken":[{"damage":5,"enemies":"Small Slimes","floor":1,"turns":3},{"damage":2,"enemies":"conspire:RoseBush","floor":3,"turns":4},{"damage":0,"enemies":"2 Louse","floor":6,"turns":3},{"damage":13,"enemies":"Exordium Wildlife","floor":7,"turns":5},{"damage":10,"enemies":"Replay:BlueRogue","floor":8,"turns":4},{"damage":1,"enemies":"3 Louse","floor":16,"turns":6},{"damage":6,"enemies":"Fading Forest","floor":18,"turns":11},{"damage":21,"enemies":"Spheric Guardian","floor":20,"turns":7},{"damage":15,"enemies":"Shell Parasite","floor":22,"turns":2},{"damage":7,"enemies":"3 Cultists","floor":24,"turns":4},{"damage":36,"enemies":"Nightmare","floor":25,"turns":8}],"seed_played":"-8833269923547168136","potions_obtained":[{"floor":1,"key":"Death Potion"},{"floor":6,"key":"sneckomod:MuddlingPotion"},{"floor":7,"key":"Venom Potion"},{"floor":22,"key":"Explosive Potion"},{"floor":24,"key":"SkillPotion"}],"is_trial":false,"path_per_floor":["M","?","M","?","?","M","M","E","T","$","R","PTL","PTL","?","R","MIM","R","B",null,"M","?","M","AVR","M","NM"],"character_chosen":"WATCHER","items_purchased":[],"campfire_rested":1,"item_purchase_floors":[],"current_hp_per_floor":[67,53,51,51,51,61,48,38,38,38,38,38,38,27,48,47,47,41,72,51,51,36,36,29,0,0],"gold":388,"neow_bonus":"NOSTALGIA","is_daily":false,"chose_seed":false,"campfire_upgraded":2,"win_rate":0.0,"timestamp":1609588003,"path_taken":["M","?","M","?","?","M","M","E","T","?","R","PTL","PTL","?","R","?","R","BOSS","M","?","M","AVR","M","NM"],"items_purchased_type":[],"build_version":"2020-12-22","purchased_purges":2,"victory":false,"max_hp_per_floor":[72,72,72,72,72,72,72,72,72,72,72,72,72,72,72,72,72,72,72,72,72,72,72,72,72,72],"card_choices":[{"not_picked":["FollowUp","Consecrate"],"picked":"JustLucky","floor":1},{"not_picked":["CarveReality","JustLucky"],"picked":"LikeWater","floor":3},{"not_picked":["SignatureMove","Evaluate","FlurryOfBlows"],"picked":"SKIP","floor":6},{"not_picked":["EmptyMind","Perseverance"],"picked":"Replay:Hum","floor":7},{"not_picked":["Protect","Replay:AtTheReady"],"picked":"Omniscience","floor":8},{"not_picked":["Replay:AllIn","MasterReality"],"picked":"Replay:LoomingThreat","floor":18},{"not_picked":["FlurryOfBlows","Replay:Anticipation"],"picked":"JustLucky","floor":20},{"not_picked":["FollowUp","SashWhip","FlurryOfBlows"],"picked":"SKIP","floor":22},{"not_picked":["Protect","Consecrate"],"picked":"Judgement","floor":24}],"player_experience":110011,"relics_obtained":[{"floor":8,"key":"Lantern"},{"floor":9,"key":"Anchor"},{"floor":16,"key":"ReplayFunnel"}],"event_choices":[{"damage_healed":0,"gold_gain":0,"player_choice":"Entered Light","damage_taken":14,"max_hp_gain":0,"max_hp_loss":0,"event_name":"Shining Light","floor":2,"gold_loss":0,"cards_upgraded":["Strike_P","Strike_P"]},{"damage_healed":0,"gold_gain":75,"player_choice":"Gather Gold","damage_taken":11,"max_hp_gain":0,"max_hp_loss":0,"event_name":"World of Goop","floor":14,"gold_loss":0},{"damage_healed":0,"gold_gain":0,"cards_transformed":["Steam"],"player_choice":"Transformed","damage_taken":0,"max_hp_gain":0,"max_hp_loss":0,"event_name":"Transmorgrifier","floor":21,"gold_loss":0,"cards_obtained":["Tantrum"]}],"is_beta":false,"boss_relics":[{"not_picked":["Astrolabe","ReplayTheSpireMod:DimensionalGlitch"],"picked":"SlaversCollar"}],"items_purged_floors":[10,23],"is_endless":false,"potions_floor_spawned":[1,6,7,22,24],"killed_by":"Nightmare","ascension_level":0}}