{"host":"u85py5faooku4mut","time":1609581790,"event":{"mods":["2.2 Compatiblity","AchievementEnabler","BaseMod","Better Skull","Better Third Choice","BetterRewards","Challenge The Spire","Colored Powertips","Halation","Hermit","Hubris","Marisa????????","Minty Spire (QoL Compilation)","Replay The Spire","Shade Mod","Spicy Shops","StSLib","The Bug Knight","The Cursed","The Disciple","The Jungle","The Servant 0.9.4"],"gold_per_floor":[117,392,28,28,43,78,78,112,137,137,172,186,197,207,207,304,304,324,34,34,34,54,73,73,107,107,35,45,45,61,75,75,175,175,185,33,47,47,47,47,77,96,173,173,207,55,71,89,89,89,89],"floor_reached":50,"playtime":2210,"items_purged":["Regret","ReplayTheSpireMod:Splinters"],"score":712,"play_id":"09bb518b-77a7-4c15-b399-e79fcfb6d313","local_time":"20210102170310","is_ascension_mode":false,"campfire_choices":[{"data":"Chrysalis","floor":7,"key":"SMITH"},{"floor":10,"key":"REST"},{"floor":15,"key":"REST"},{"floor":24,"key":"REST"},{"floor":32,"key":"REST"},{"floor":40,"key":"RECALL"},{"data":"Shade:Brains","floor":44,"key":"SMITH"},{"floor":49,"key":"REST"}],"circlet_count":0,"master_deck":["Shade:AnimateDead","Shade:CarefulCut","Shade:FreshBones","Shade:FingerOfDeath","hubris:DuctTapeCard","Shade:FingerOfDeath","Shade:ExtraLimbs","Shade:CoffinDance","Shade:OfferingToTheBeyond","Shade:GreaterAnimation","Shade:FingerOfDeath","Shade:FreshBones","Shade:TouchOfTheGrave","Shade:LichForm","Shade:Putrefaction","Shade:FuneraryArmor","Shade:SelfBurial","Shade:LyeBath+1","Shade:Frenzy+1","Shade:AblativeArmor","Shade:ClawBack","Shade:Brains+1","Shade:Brains+1","Shade:SoulPierce+1","Shade:Bonestorm","Shade:Putrefaction+1","Shade:SanguineRitual+1","Shade:FuneraryJewels+1","Shade:GreaterAnimation+1","Shade:SkeletonHug","Shade:SkeletonArmy","Shade:Bite_Shade+1","Shade:WallOfFlesh+1","Shade:FreshBones"],"relics":["Shade:YorickSkull","Lee\u0027s Waffle","hubris:GlazedTorus","halation:LettersToHer","Whetstone","Garlic","Happy Flower","hubris:DuctTape","Pandora\u0027s Box","Golden Egg","theJungle:PaperFaux","Regal Pillow","Replay:Bottled Steam","Ice Cream","halation:Thesaurus","SacredBark","ReplayTheSpireMod:TigerMarble"],"acts_visited":["Exordium","Exordium","TheBeyond"],"potions_floor_usage":[16,16,33,37,41,41,47,50,50],"damage_taken":[{"damage":2,"enemies":"Cultist","floor":1,"turns":3},{"damage":0,"enemies":"Small Slimes","floor":5,"turns":3},{"damage":20,"enemies":"3 Sentries","floor":6,"turns":5},{"damage":20,"enemies":"Gremlin Nob","floor":8,"turns":4},{"damage":9,"enemies":"Lagavulin","floor":11,"turns":5},{"damage":0,"enemies":"Jaw Worm","floor":12,"turns":2},{"damage":0,"enemies":"2 Fungi Beasts","floor":13,"turns":2},{"damage":3,"enemies":"Exordium Wildlife","floor":14,"turns":3},{"damage":35,"enemies":"Hexaghost","floor":16,"turns":4},{"damage":7,"enemies":"theJungle:MUSHROOMGANG","floor":18,"turns":4},{"damage":7,"enemies":"theJungle:GiantWrat","floor":22,"turns":4},{"damage":23,"enemies":"theJungle:Lyon","floor":23,"turns":5},{"damage":0,"enemies":"theJungle:2_Phrogs","floor":25,"turns":6},{"damage":2,"enemies":"theJungle:SlimyTreeVines","floor":28,"turns":5},{"damage":2,"enemies":"theJungle:JungleHuntersEncounter","floor":30,"turns":4},{"damage":29,"enemies":"theJungle:2_Flameangoes","floor":31,"turns":6},{"damage":50,"enemies":"theJungle:TotemBoss","floor":33,"turns":11},{"damage":2,"enemies":"3 Shapes","floor":35,"turns":3},{"damage":6,"enemies":"3 Darklings","floor":37,"turns":5},{"damage":1,"enemies":"Nemesis","floor":41,"turns":5},{"damage":4,"enemies":"Maw","floor":42,"turns":7},{"damage":5,"enemies":"Sphere and 2 Shapes","floor":47,"turns":3},{"damage":3,"enemies":"Transient","floor":48,"turns":5},{"damage":81,"enemies":"Awakened One","floor":50,"turns":6}],"seed_played":"-860039691906095126","potions_obtained":[{"floor":5,"key":"Weak Potion"},{"floor":6,"key":"ColorlessPotion"},{"floor":11,"key":"ColorlessPotion"},{"floor":13,"key":"SkillPotion"},{"floor":25,"key":"SteroidPotion"},{"floor":30,"key":"FearPotion"},{"floor":33,"key":"ColorlessPotion"},{"floor":35,"key":"Fire Potion"},{"floor":37,"key":"SkillPotion"},{"floor":41,"key":"Elixir"},{"floor":45,"key":"Reflective Coating"},{"floor":45,"key":"Elixir"},{"floor":45,"key":"DistilledChaos"}],"is_trial":false,"path_per_floor":["M","?","$","?","M","E","R","E","T","R","E","M","M","M","R","B",null,"M","$","?","?","M","M","R","E","T","$","M","$","M","M","R","B",null,"M","$","M","?","?","R","E","M","T","R","?","$","M","M","R","B"],"character_chosen":"SHADE","items_purchased":["Lee\u0027s Waffle","hubris:GlazedTorus","Golden Egg","Shade:Frenzy","Shade:Brains","halation:Thesaurus","Shade:Bite_Shade+1"],"campfire_rested":5,"item_purchase_floors":[0,3,19,19,27,36,46],"current_hp_per_floor":[70,70,70,70,70,50,50,30,30,51,42,42,42,39,60,25,72,65,65,65,65,58,35,56,56,56,56,60,60,58,29,65,15,72,70,70,64,67,67,67,66,62,62,62,62,62,57,57,75,0,0],"gold":89,"neow_bonus":"","is_daily":false,"chose_seed":false,"campfire_upgraded":2,"win_rate":0.0,"timestamp":1609581790,"path_taken":["M","?","?","?","M","E","R","E","T","R","E","?","M","?","R","BOSS","M","$","?","?","M","M","R","E","T","?","M","$","?","M","R","BOSS","M","$","M","?","?","R","E","?","T","R","?","$","M","M","R","BOSS"],"items_purchased_type":["Relic","Relic","Relic","Card","Card","Relic","Card"],"build_version":"2020-12-22","purchased_purges":2,"victory":false,"max_hp_per_floor":[72,72,72,72,72,72,72,72,72,72,72,72,72,72,72,72,72,72,72,72,72,72,72,72,72,72,72,72,72,72,72,72,72,72,72,72,72,75,75,75,75,75,75,75,75,75,75,75,75,75,75],"card_choices":[{"not_picked":["Shade:FeralStrike","Shade:Premonition"],"picked":"Shade:Frenzy","floor":1},{"not_picked":["Shade:AncientSpear","Shade:FeralStrike"],"picked":"Shade:FreshBones","floor":5},{"not_picked":["Shade:Consume","Shade:AncientSpear"],"picked":"Shade:FingerOfDeath","floor":6},{"not_picked":["Shade:Brains","Shade:GraveStillness"],"picked":"Shade:Frenzy","floor":8},{"not_picked":["Shade:AuraOfUnlife","Shade:ExtraLimbs"],"picked":"Shade:FingerOfDeath","floor":11},{"not_picked":["Shade:AuraOfUnlife","Shade:Frenzy"],"picked":"Shade:ExtraLimbs","floor":12},{"not_picked":["Shade:LyeBath","Shade:Patience"],"picked":"Shade:CoffinDance","floor":13},{"not_picked":["Shade:Bonestorm","Shade:SoulToxin"],"picked":"Shade:OfferingToTheBeyond","floor":14},{"not_picked":["Shade:LoseControl","Shade:Tombstone"],"picked":"Shade:GreaterAnimation","floor":16},{"not_picked":["Shade:Premonition","Shade:WallOfFlesh"],"picked":"Shade:LyeBath+1","floor":18},{"not_picked":["Shade:TouchOfTheGrave+1","Shade:Premonition+1"],"picked":"Shade:AblativeArmor","floor":22},{"not_picked":["Shade:FingerOfDeath","Shade:SoulToxin"],"picked":"Shade:ClawBack","floor":23},{"not_picked":["Shade:FingerOfDeath","Shade:FreshBones"],"picked":"Shade:Brains","floor":25},{"not_picked":["Shade:Trample+1","Shade:BoneShards","Shade:ExtraLimbs+1"],"picked":"SKIP","floor":28},{"not_picked":["Shade:FeralStrike","Shade:Awaken"],"picked":"Shade:SoulPierce","floor":30},{"not_picked":["Shade:AuraOfUnlife","Shade:Frenzy"],"picked":"Shade:Bonestorm","floor":31},{"not_picked":["Shade:LoseControl","Shade:LastGasp"],"picked":"Shade:Putrefaction","floor":33},{"not_picked":["Shade:ClawBack+1","Shade:FingerOfDeath"],"picked":"Shade:SanguineRitual+1","floor":35},{"not_picked":["Shade:Premonition+1","Shade:AblativeArmor+1"],"picked":"Shade:FuneraryJewels+1","floor":37},{"not_picked":["Shade:Patience","Shade:GoDigging"],"picked":"Shade:GreaterAnimation","floor":41},{"not_picked":["Shade:RitualOffering+1","Shade:WallOfFlesh"],"picked":"Shade:SkeletonHug","floor":42},{"not_picked":["Shade:CommandSoldier","Shade:FleshToFlesh+1"],"picked":"Shade:SkeletonArmy","floor":45},{"not_picked":["Shade:CallOfTheGrave+1","Shade:Doomsay+1"],"picked":"Shade:WallOfFlesh+1","floor":47},{"not_picked":["Shade:FuneraryArmor+1","Shade:FeralStrike+1"],"picked":"Shade:FreshBones","floor":48}],"player_experience":241327,"relics_obtained":[{"floor":6,"key":"Whetstone"},{"floor":8,"key":"Garlic"},{"floor":9,"key":"halation:LettersToHer"},{"floor":9,"key":"Happy Flower"},{"floor":11,"key":"hubris:DuctTape"},{"floor":25,"key":"Regal Pillow"},{"floor":26,"key":"halation:LettersToHer"},{"floor":26,"key":"Replay:Bottled Steam"},{"floor":41,"key":"ReplayTheSpireMod:TigerMarble"},{"floor":43,"key":"halation:LettersToHer"}],"event_choices":[{"damage_healed":0,"gold_gain":275,"player_choice":"Desecrate","damage_taken":0,"max_hp_gain":0,"max_hp_loss":0,"event_name":"Golden Shrine","floor":2,"gold_loss":0,"cards_obtained":["Regret"]},{"cards_removed":["Shade:Frenzy"],"damage_healed":0,"gold_gain":0,"player_choice":"Gave Card","damage_taken":0,"relics_obtained":["halation:LettersToHer"],"max_hp_gain":0,"max_hp_loss":0,"event_name":"WeMeetAgain","floor":4,"gold_loss":0},{"cards_removed":["Shame"],"damage_healed":0,"gold_gain":0,"player_choice":"Purged","damage_taken":0,"max_hp_gain":0,"max_hp_loss":0,"event_name":"Purifier","floor":39,"gold_loss":0}],"is_beta":false,"boss_relics":[{"not_picked":["Busted Crown","Ectoplasm"],"picked":"Pandora\u0027s Box"},{"not_picked":["hubris:VirtuousBlindfold","halation:HeavySnake"],"picked":"hubris:Backtick"}],"items_purged_floors":[3,46],"is_endless":false,"potions_floor_spawned":[5,6,11,13,23,25,30,33,35,37,41],"killed_by":"Awakened One","ascension_level":0}}