{"host":"g7trc0x2teqyd8ye","time":1609613953,"event":{"mods":["BaseMod","Key Reminder","Minty Spire (QoL Compilation)","Relic Stats"],"gold_per_floor":[113,132,145,6,21,51,64,64,139,139,164,179,198,230,230,326,326,340,340,340,356,356,356],"floor_reached":22,"playtime":2890,"items_purged":[],"score":291,"play_id":"c70c8cb1-f4ab-40e6-9e0f-6976ace04053","local_time":"20210102195913","is_ascension_mode":true,"campfire_choices":[{"data":"Enlightenment","floor":8,"key":"SMITH"},{"floor":10,"key":"REST"},{"floor":15,"key":"REST"}],"circlet_count":0,"master_deck":["Strike_B","Strike_B","Strike_B","Strike_B","Defend_B","Defend_B","Defend_B","Defend_B","Zap","Dualcast","Enlightenment+1","Cold Snap","Force Field","Coolheaded","Buffer","Conserve Battery","Echo Form","BootSequence","Consume","Capacitor","Conserve Battery","Darkness","Amplify","Defragment"],"relics":["Cracked Core","Pantograph","Shuriken","Lizard Tail","Pen Nib","Sozu"],"acts_visited":["Exordium","TheCity"],"potions_floor_usage":[11,14,16],"damage_taken":[{"damage":1,"enemies":"Cultist","floor":1,"turns":3},{"damage":1,"enemies":"2 Louse","floor":2,"turns":3},{"damage":0,"enemies":"Jaw Worm","floor":3,"turns":5},{"damage":0,"enemies":"Large Slime","floor":5,"turns":5},{"damage":16,"enemies":"3 Sentries","floor":6,"turns":13},{"damage":18,"enemies":"Lots of Slimes","floor":7,"turns":8},{"damage":4,"enemies":"Lagavulin","floor":11,"turns":10},{"damage":1,"enemies":"Looter","floor":12,"turns":2},{"damage":9,"enemies":"Large Slime","floor":13,"turns":7},{"damage":36,"enemies":"Gremlin Nob","floor":14,"turns":6},{"damage":33,"enemies":"Slime Boss","floor":16,"turns":11},{"damage":70,"enemies":"3 Byrds","floor":18,"turns":7},{"damage":20,"enemies":"Shell Parasite","floor":21,"turns":7},{"damage":3,"enemies":"Centurion and Healer","floor":22,"turns":3}],"seed_played":"-187115118163221701","potions_obtained":[{"floor":2,"key":"Energy Potion"},{"floor":3,"key":"PotionOfCapacity"},{"floor":6,"key":"PowerPotion"},{"floor":11,"key":"Energy Potion"},{"floor":16,"key":"FearPotion"}],"is_trial":false,"path_per_floor":["M","M","M","$","M","E","M","R","T","R","E","M","M","E","R","B",null,"M","?","?","M","M"],"character_chosen":"DEFECT","items_purchased":["Buffer"],"campfire_rested":2,"item_purchase_floors":[4],"current_hp_per_floor":[67,66,66,66,66,50,32,32,32,54,50,49,40,4,26,18,61,37,37,23,3,0,0],"gold":356,"neow_bonus":"RANDOM_COLORLESS","is_daily":false,"chose_seed":false,"campfire_upgraded":1,"win_rate":0.0,"timestamp":1609613953,"path_taken":["M","M","M","$","M","E","M","R","T","R","E","?","M","E","R","BOSS","M","?","?","M","M"],"items_purchased_type":["Card"],"build_version":"2020-12-22","purchased_purges":0,"victory":false,"max_hp_per_floor":[75,75,75,75,75,75,75,75,75,75,75,75,75,75,75,75,75,75,75,80,80,80,80],"relic_stats":{"Sozu":1,"Lizard Tail":37,"counters":[14,90],"Shuriken":[4],"Pantograph":25,"Pen Nib":[2],"obtain_stats":[{"Sozu":17,"Lizard Tail":11,"Shuriken":9,"Pantograph":6,"Pen Nib":14,"Cracked Core":0},{"Sozu":11,"Lizard Tail":7,"Shuriken":6,"Pantograph":5,"Pen Nib":10,"Cracked Core":0},{"Sozu":73,"Lizard Tail":47,"Shuriken":37,"Pantograph":29,"Pen Nib":62,"Cracked Core":0}]},"card_choices":[{"not_picked":["Dramatic Entrance","Impatience"],"picked":"Enlightenment","floor":0},{"not_picked":["Genetic Algorithm","Rip and Tear"],"picked":"Cold Snap","floor":1},{"not_picked":["Turbo","Steam"],"picked":"Force Field","floor":2},{"not_picked":["Scrape","Sweeping Beam"],"picked":"Coolheaded","floor":3},{"not_picked":["Beam Cell","Rebound"],"picked":"Conserve Battery","floor":5},{"not_picked":["Compile Driver","Static Discharge"],"picked":"Echo Form","floor":6},{"not_picked":["Beam Cell","Rip and Tear"],"picked":"BootSequence","floor":7},{"not_picked":["Cold Snap","Undo"],"picked":"Consume","floor":11},{"not_picked":["Force Field","Compile Driver"],"picked":"Capacitor","floor":12},{"not_picked":["Turbo","Leap"],"picked":"Conserve Battery","floor":13},{"not_picked":["Gash","Coolheaded"],"picked":"Darkness","floor":14},{"not_picked":["Thunder Strike","Machine Learning"],"picked":"Amplify","floor":16},{"not_picked":["Hologram","Conserve Battery"],"picked":"Defragment","floor":18},{"not_picked":["Conserve Battery","Sweeping Beam","Go for the Eyes"],"picked":"SKIP","floor":21}],"player_experience":872319,"relics_obtained":[{"floor":6,"key":"Pantograph"},{"floor":9,"key":"Shuriken"},{"floor":11,"key":"Lizard Tail"},{"floor":14,"key":"Pen Nib"}],"event_choices":[{"damage_healed":0,"gold_gain":0,"player_choice":"Ignored","damage_taken":0,"max_hp_gain":0,"max_hp_loss":0,"event_name":"Vampires","floor":19,"gold_loss":0},{"damage_healed":0,"gold_gain":0,"player_choice":"Shed Blood","damage_taken":19,"max_hp_gain":5,"max_hp_loss":0,"event_name":"Forgotten Altar","floor":20,"gold_loss":0}],"is_beta":false,"boss_relics":[{"not_picked":["Coffee Dripper","Busted Crown"],"picked":"Sozu"}],"items_purged_floors":[],"is_endless":false,"potions_floor_spawned":[2,3,6,11,16,21],"killed_by":"Centurion and Healer","ascension_level":8}}