{"host":"4sl6z5xrlou33vwc","time":1609619919,"event":{"mods":["AchievementEnabler","BaseMod","Colored Powertips","DeckTracker","Downfall","Marisa????????","Minty Spire (QoL Compilation)","StSLib"],"gold_per_floor":[113,113,130,162,87,87,87,121,189,235,235,235,259,274,274,386,386,409,430,449,464,494,494,529,529,554,602,625,625,636,648,648,648,648],"floor_reached":33,"playtime":1846,"items_purged":["Strike_MRS"],"score":257,"play_id":"463ff135-63d0-4738-b800-4e82ee20093d","local_time":"20210102213839","is_ascension_mode":false,"campfire_choices":[{"data":"UnstableBomb","floor":6,"key":"SMITH"},{"data":"JA","floor":12,"key":"SMITH"},{"data":"DoubleSpark","floor":15,"key":"SMITH"},{"data":"UpSweep","floor":23,"key":"SMITH"},{"data":"6A","floor":25,"key":"SMITH"},{"floor":29,"key":"REST"},{"data":"AsteroidBelt","floor":32,"key":"SMITH"}],"circlet_count":0,"master_deck":["Strike_MRS+1","Defend_MRS","Defend_MRS+1","Defend_MRS","UpSweep+1","AsteroidBelt+1","Robbery","UnstableBomb+1","JA+1","MeteoricShower","DoubleSpark+1","CasketOfStar","PropBag+1","MysteriousBeam+1","6A+1","ShootingEcho+1","DoubleSpark","Acceleration","Occultation+1","ManaConvection","6A+1","DoubleSpark","CasketOfStar"],"relics":["MiniHakkero","HandmadeGrimoire","Smiling Mask","Astrolabe","Mummified Hand"],"acts_visited":["Exordium","TheCity"],"potions_floor_usage":[10,14,21,30,30,30,31],"damage_taken":[{"damage":0,"enemies":"2 Louse","floor":1,"turns":2},{"damage":0,"enemies":"Small Slimes","floor":3,"turns":3},{"damage":6,"enemies":"Jaw Worm","floor":4,"turns":3},{"damage":0,"enemies":"2 Fungi Beasts","floor":8,"turns":3},{"damage":3,"enemies":"Lagavulin","floor":10,"turns":6},{"damage":12,"enemies":"Blue Slaver","floor":13,"turns":2},{"damage":10,"enemies":"Gremlin Gang","floor":14,"turns":6},{"damage":25,"enemies":"Hexaghost","floor":16,"turns":7},{"damage":0,"enemies":"Chosen","floor":18,"turns":2},{"damage":0,"enemies":"Spheric Guardian","floor":19,"turns":2},{"damage":0,"enemies":"Centurion and Healer","floor":20,"turns":3},{"damage":2,"enemies":"Chosen and Byrds","floor":21,"turns":4},{"damage":42,"enemies":"Snake Plant","floor":22,"turns":4},{"damage":12,"enemies":"Cultist and Chosen","floor":24,"turns":6},{"damage":3,"enemies":"Snecko","floor":27,"turns":5},{"damage":20,"enemies":"Centurion and Healer","floor":28,"turns":5},{"damage":2,"enemies":"Sentry and Sphere","floor":30,"turns":3},{"damage":10,"enemies":"Shelled Parasite and Fungi","floor":31,"turns":3},{"damage":29,"enemies":"Collector","floor":33,"turns":3}],"seed_played":"5639862241567557036","potions_obtained":[{"floor":8,"key":"ColorlessPotion"},{"floor":13,"key":"ColorlessPotion"},{"floor":16,"key":"GamblersBrew"},{"floor":18,"key":"ShroomBrew"},{"floor":21,"key":"Fire Potion"},{"floor":22,"key":"Slimebound:ThreeZeroPotion"},{"floor":30,"key":"sneckomod:MuddlingPotion"}],"is_trial":false,"path_per_floor":["M","?","M","M","$","R","?","M","T","E","?","R","M","M","R","B",null,"M","M","M","M","M","R","M","R","T","M","M","R","M","M","R","B"],"character_chosen":"MARISA","items_purchased":[],"campfire_rested":1,"item_purchase_floors":[],"current_hp_per_floor":[82,66,66,60,60,60,65,65,65,62,55,55,43,33,33,8,87,87,87,87,85,43,43,31,31,31,28,8,34,36,26,26,0,0],"gold":648,"neow_bonus":"TEN_PERCENT_HP_BONUS","is_daily":false,"chose_seed":false,"campfire_upgraded":6,"win_rate":0.0,"timestamp":1609619919,"path_taken":["M","?","M","M","$","R","?","M","T","E","?","R","M","?","R","BOSS","M","M","M","M","M","R","M","R","T","M","M","R","M","M","R","BOSS"],"items_purchased_type":[],"build_version":"2020-12-22","purchased_purges":1,"victory":false,"max_hp_per_floor":[82,82,82,82,82,82,87,87,87,87,87,87,87,87,87,87,87,87,87,87,87,87,87,87,87,87,87,87,87,87,87,87,87,87],"card_choices":[{"not_picked":["MysteriousBeam","SporeBomb"],"picked":"AsteroidBelt","floor":1},{"not_picked":["GravityBeat","EnergyFlow"],"picked":"Robbery","floor":3},{"not_picked":["SuperPerseids","EnergyFlow"],"picked":"UnstableBomb","floor":4},{"not_picked":["DarkSpark","6A","AsteroidBelt"],"picked":"SKIP","floor":8},{"not_picked":["PowerUp","DragonMeteor"],"picked":"JA","floor":10},{"not_picked":["Orbital","OpenUniverse"],"picked":"MeteoricShower","floor":13},{"not_picked":["PowerUp","MilkyWay"],"picked":"DoubleSpark","floor":14},{"not_picked":["BlazingStar","SatelliteIllusion"],"picked":"CasketOfStar","floor":16},{"not_picked":["SporeBomb","PowerUp"],"picked":"ShootingEcho+1","floor":18},{"not_picked":["GrandCross","DragonMeteor"],"picked":"DoubleSpark","floor":19},{"not_picked":["NonDirectionalLaser","IllusionStar"],"picked":"Acceleration","floor":20},{"not_picked":["Robbery","DarkMatter"],"picked":"Occultation+1","floor":21},{"not_picked":["UnstableBomb+1","MachineGunSpark"],"picked":"ManaConvection","floor":22},{"not_picked":["FairyDestructionRay","ShootTheMoon"],"picked":"6A","floor":24},{"not_picked":["GrandCross","MysteriousBeam"],"picked":"DoubleSpark","floor":27},{"not_picked":["UnstableBomb","AsteroidBelt"],"picked":"CasketOfStar","floor":28},{"not_picked":["PowerUp+1","StarlightTyphoon","UnstableBomb"],"picked":"SKIP","floor":30},{"not_picked":["LuminesStrike","AlicesGift","IllusionStar"],"picked":"SKIP","floor":31}],"player_experience":364180,"relics_obtained":[{"floor":9,"key":"HandmadeGrimoire"},{"floor":10,"key":"Smiling Mask"}],"event_choices":[{"damage_healed":0,"gold_gain":0,"player_choice":"Entered Light","damage_taken":16,"max_hp_gain":0,"max_hp_loss":0,"event_name":"Shining Light","floor":2,"gold_loss":0,"cards_upgraded":["Strike_MRS","Defend_MRS"]},{"damage_healed":0,"gold_gain":0,"player_choice":"Donut","damage_taken":0,"max_hp_gain":5,"max_hp_loss":0,"event_name":"Big Fish","floor":7,"gold_loss":0},{"cards_removed":["Strike_MRS"],"damage_healed":0,"gold_gain":0,"player_choice":"Card Removal","damage_taken":7,"max_hp_gain":0,"max_hp_loss":0,"event_name":"Golden Wing","floor":11,"gold_loss":0}],"is_beta":false,"boss_relics":[{"not_picked":["Cursed Key","Calling Bell"],"picked":"Astrolabe"}],"items_purged_floors":[5],"is_endless":false,"potions_floor_spawned":[8,13,16,18,21,22,28,30],"killed_by":"Collector","ascension_level":0}}