{"host":"9tzam4717zt8ei1o","time":1609617479,"event":{"mods":["BaseMod","Colored Map","Keyboard Shortcuts","Minty Spire (QoL Compilation)","Quick Restart","StSLib","SuperFastMode"],"gold_per_floor":[113,113,188,188,188,214,214,45,100,100,119,133,55,82,82,158,158,170,220,84,94,112,112,137,152,178,210,225,225,259,269,269,343,343,359,384,435,449,133,162,172,201,228,258,258,275,295,323,323,323,323,323,323,44,72,72],"floor_reached":57,"playtime":2942,"items_purged":["Strike_G","Cloak And Dagger","Concentrate+1"],"score":3226,"play_id":"42d771ea-dbcf-4fd0-9906-69ae3f4d68f3","local_time":"20210103045759","is_ascension_mode":true,"campfire_choices":[{"data":"Backflip","floor":7.0,"key":"SMITH"},{"floor":10.0,"key":"REST"},{"data":"Prepared","floor":15.0,"key":"SMITH"},{"data":"Concentrate","floor":23.0,"key":"SMITH"},{"data":"Tactician","floor":29.0,"key":"SMITH"},{"data":"Acrobatics","floor":32.0,"key":"SMITH"},{"floor":49.0,"key":"RECALL"},{"data":"Calculated Gamble","floor":53,"key":"SMITH"}],"circlet_count":0,"master_deck":["AscendersBane","Survivor","Neutralize+1","Acrobatics+1","Backflip+1","Masterful Stab","Dagger Throw","Prepared+1","Eviscerate","Acrobatics+1","Flechettes","Crippling Poison","Endless Agony","Backstab","A Thousand Cuts","Tools of the Trade","Well Laid Plans","Escape Plan","Tactician+1","Grand Finale","Wraith Form v2+1","Master of Strategy","Wraith Form v2+1","Calculated Gamble+1"],"relics":["Ring of the Snake","NeowsBlessing","Toy Ornithopter","Lantern","Tingsha","Pandora\u0027s Box","Singing Bowl","Nunchaku","Frozen Egg 2","Thread and Needle","Busted Crown","TungstenRod","FossilizedHelix","Art of War","Centennial Puzzle","Blood Vial","Ornamental Fan","Orichalcum"],"acts_visited":["Exordium","TheCity","TheBeyond","TheEnding"],"potions_floor_usage":[51,56],"damage_taken":[{"damage":0.0,"enemies":"Cultist","floor":1.0,"turns":1.0},{"damage":0.0,"enemies":"3 Sentries","floor":6.0,"turns":1.0},{"damage":0.0,"enemies":"Jaw Worm","floor":11.0,"turns":1.0},{"damage":0.0,"enemies":"Small Slimes","floor":12.0,"turns":3.0},{"damage":7.0,"enemies":"Lagavulin","floor":14.0,"turns":5.0},{"damage":26.0,"enemies":"Slime Boss","floor":16.0,"turns":8.0},{"damage":0.0,"enemies":"Spheric Guardian","floor":18.0,"turns":2.0},{"damage":14.0,"enemies":"2 Thieves","floor":21.0,"turns":2.0},{"damage":3.0,"enemies":"Centurion and Healer","floor":22.0,"turns":4.0},{"damage":6.0,"enemies":"Slavers","floor":24.0,"turns":3.0},{"damage":3.0,"enemies":"Sentry and Sphere","floor":25.0,"turns":3.0},{"damage":0.0,"enemies":"Gremlin Leader","floor":27.0,"turns":4.0},{"damage":0.0,"enemies":"Cultist and Chosen","floor":28.0,"turns":2.0},{"damage":21.0,"enemies":"Book of Stabbing","floor":30.0,"turns":3.0},{"damage":5.0,"enemies":"3 Cultists","floor":31.0,"turns":3.0},{"damage":10.0,"enemies":"Champ","floor":33.0,"turns":3.0},{"damage":0.0,"enemies":"Orb Walker","floor":35.0,"turns":2.0},{"damage":3.0,"enemies":"Mind Bloom Boss Battle","floor":36.0,"turns":4.0},{"damage":0.0,"enemies":"2 Orb Walkers","floor":37.0,"turns":3.0},{"damage":4.0,"enemies":"3 Darklings","floor":38.0,"turns":3.0},{"damage":0.0,"enemies":"Reptomancer","floor":40.0,"turns":4.0},{"damage":0.0,"enemies":"Spire Growth","floor":41.0,"turns":3.0},{"damage":0.0,"enemies":"Giant Head","floor":42.0,"turns":3.0},{"damage":0.0,"enemies":"Reptomancer","floor":44.0,"turns":3.0},{"damage":0.0,"enemies":"4 Shapes","floor":46.0,"turns":3.0},{"damage":0.0,"enemies":"3 Darklings","floor":47.0,"turns":2.0},{"damage":4.0,"enemies":"Nemesis","floor":48.0,"turns":5.0},{"damage":11.0,"enemies":"Awakened One","floor":50.0,"turns":6.0},{"damage":16,"enemies":"Time Eater","floor":51,"turns":8},{"damage":0,"enemies":"Shield and Spear","floor":55,"turns":5},{"damage":16,"enemies":"The Heart","floor":56,"turns":7}],"seed_played":"-4087194859138123602","potions_obtained":[{"floor":12.0,"key":"PowerPotion"},{"floor":14.0,"key":"Swift Potion"},{"floor":25.0,"key":"Ancient Potion"},{"floor":37.0,"key":"GamblersBrew"},{"floor":41.0,"key":"Swift Potion"},{"floor":48.0,"key":"Regen Potion"},{"floor":55,"key":"SpeedPotion"}],"is_trial":false,"path_per_floor":["M","$","?","?","?","E","R","$","T","R","M","M","$","E","R","B",null,"M","?","$","M","M","R","E","M","T","E","M","R","E","M","R","B",null,"M","?","?","M","$","E","M","E","T","E","?","M","M","E","R","B","B",null,"R","$","E","B",null],"character_chosen":"THE_SILENT","items_purchased":["Masterful Stab","Dagger Throw","Eviscerate","Well Laid Plans","Master of Strategy","Ornamental Fan"],"campfire_rested":1,"item_purchase_floors":[8,8,13,20,39,54],"current_hp_per_floor":[59,59,48,41,21,21,21,21,21,40,40,40,40,33,33,7,51,51,51,51,37,34,34,35,34,34,36,36,36,15,12,12,7,57,59,58,60,58,58,60,62,64,64,64,64,66,71,69,69,60,51,79,79,79,83,83],"gold":72,"neow_bonus":"THREE_ENEMY_KILL","is_daily":false,"chose_seed":false,"campfire_upgraded":6,"win_rate":0.0,"timestamp":1609617479,"path_taken":["M","$","?","?","?","E","R","$","T","R","M","M","$","E","R","BOSS","M","?","$","M","M","R","E","M","T","E","M","R","E","M","R","BOSS","M","?","?","M","$","E","M","E","T","E","?","?","M","E","R","BOSS","BOSS","R","$","E","BOSS"],"items_purchased_type":["Card","Card","Card","Card","Card","Relic"],"build_version":"2020-12-22","purchased_purges":3,"victory":true,"max_hp_per_floor":[66,66,66,66,66,66,66,66,66,66,66,66,66,66,66,66,66,66,66,66,66,66,66,68,70,70,72,72,72,72,74,74,74,74,76,78,80,82,82,84,86,88,88,88,84,86,86,88,88,88,88,88,88,88,90,90],"card_choices":[{"not_picked":["Dagger Spray","Reflex"],"picked":"Acrobatics","floor":1.0},{"not_picked":["Sucker Punch","Terror"],"picked":"Backflip","floor":6.0},{"not_picked":["Deadly Poison","Underhanded Strike","Leg Sweep"],"picked":"SKIP","floor":11.0},{"not_picked":["Blade Dance","Poisoned Stab"],"picked":"Prepared","floor":12.0},{"not_picked":["Dagger Spray","Dash"],"picked":"Acrobatics","floor":14.0},{"not_picked":["Blade Dance","Dagger Spray","Cloak And Dagger"],"picked":"SKIP","floor":18.0},{"not_picked":["Blade Dance","Finisher","Acrobatics"],"picked":"SKIP","floor":21.0},{"not_picked":["Catalyst","Poisoned Stab"],"picked":"Escape Plan","floor":22.0},{"not_picked":["Blade Dance","Deflect","Cloak And Dagger"],"picked":"Singing Bowl","floor":24.0},{"not_picked":["Outmaneuver","Unload","Dagger Throw"],"picked":"Singing Bowl","floor":25.0},{"not_picked":["Bane","Catalyst","Distraction"],"picked":"Singing Bowl","floor":27.0},{"not_picked":["Flying Knee","Accuracy+1"],"picked":"Tactician","floor":28.0},{"not_picked":["Flying Knee","Deflect"],"picked":"Grand Finale","floor":30.0},{"not_picked":["PiercingWail","Deflect+1","Distraction+1"],"picked":"Singing Bowl","floor":31.0},{"not_picked":["Die Die Die","Glass Knife"],"picked":"Wraith Form v2+1","floor":33.0},{"not_picked":["Flying Knee"],"picked":"Singing Bowl","floor":35.0},{"not_picked":["Backflip"],"picked":"Singing Bowl","floor":36.0},{"not_picked":["Catalyst+1"],"picked":"Singing Bowl","floor":37.0},{"not_picked":["Backstab"],"picked":"Singing Bowl","floor":38.0},{"not_picked":["Leg Sweep"],"picked":"Singing Bowl","floor":40.0},{"not_picked":["Deflect"],"picked":"Singing Bowl","floor":41.0},{"not_picked":["Underhanded Strike"],"picked":"Singing Bowl","floor":42.0},{"not_picked":[],"picked":"Wraith Form v2+1","floor":44.0},{"not_picked":["Flying Knee+1"],"picked":"Singing Bowl","floor":46.0},{"not_picked":[],"picked":"Calculated Gamble","floor":47.0},{"not_picked":["Skewer+1"],"picked":"Singing Bowl","floor":48.0},{"not_picked":["Dagger Throw"],"picked":"Singing Bowl","floor":55}],"player_experience":145753,"relics_obtained":[{"floor":6.0,"key":"Toy Ornithopter"},{"floor":9.0,"key":"Lantern"},{"floor":14.0,"key":"Tingsha"},{"floor":24.0,"key":"Singing Bowl"},{"floor":26.0,"key":"Nunchaku"},{"floor":27.0,"key":"Frozen Egg 2"},{"floor":30.0,"key":"Thread and Needle"},{"floor":37.0,"key":"TungstenRod"},{"floor":40.0,"key":"FossilizedHelix"},{"floor":42.0,"key":"Art of War"},{"floor":44.0,"key":"Centennial Puzzle"},{"floor":48.0,"key":"Blood Vial"},{"floor":55,"key":"Orichalcum"}],"event_choices":[{"damage_healed":0.0,"max_hp_gain":0.0,"max_hp_loss":0.0,"gold_gain":75.0,"event_name":"World of Goop","player_choice":"Gather Gold","floor":3.0,"gold_loss":0.0,"damage_taken":11.0},{"cards_removed":["Strike_G"],"damage_healed":0.0,"max_hp_gain":0.0,"max_hp_loss":0.0,"gold_gain":0.0,"event_name":"Golden Wing","player_choice":"Card Removal","floor":4.0,"gold_loss":0.0,"damage_taken":7.0},{"damage_healed":0.0,"max_hp_gain":0.0,"max_hp_loss":0.0,"gold_gain":0.0,"event_name":"Shining Light","player_choice":"Entered Light","floor":5.0,"gold_loss":0.0,"damage_taken":20.0,"cards_upgraded":["Neutralize","Acrobatics"]},{"damage_healed":0.0,"max_hp_gain":0.0,"max_hp_loss":0.0,"gold_gain":50.0,"event_name":"Nest","player_choice":"Stole From Cult","floor":19.0,"gold_loss":0.0,"damage_taken":0.0},{"damage_healed":0.0,"max_hp_gain":0.0,"max_hp_loss":0.0,"gold_gain":0.0,"event_name":"MindBloom","player_choice":"Fight","floor":36.0,"gold_loss":0.0,"damage_taken":0.0},{"damage_healed":0.0,"max_hp_gain":0.0,"max_hp_loss":0.0,"gold_gain":0.0,"event_name":"Mysterious Sphere","player_choice":"Fight","floor":37.0,"gold_loss":0.0,"damage_taken":0.0},{"damage_healed":0.0,"max_hp_gain":0.0,"max_hp_loss":4.0,"gold_gain":0.0,"event_name":"Winding Halls","player_choice":"Max HP","floor":45.0,"gold_loss":0.0,"damage_taken":0.0}],"is_beta":false,"boss_relics":[{"not_picked":["Philosopher\u0027s Stone","Fusion Hammer"],"picked":"Pandora\u0027s Box"},{"not_picked":["HoveringKite","Runic Dome"],"picked":"Busted Crown"}],"items_purged_floors":[8,20,39],"is_endless":false,"potions_floor_spawned":[12,14,21,25,30,37,38,41,42,46,48,55],"ascension_level":20}}