{"host":"gsp4qlltb0c3ynci","time":1609585581,"event":{"mods":["2.2 Compatiblity","Ascension Reborn","BaseMod","Friendly Minions","Minty Spire (QoL Compilation)","Replay The Spire","Say the Spire","StSLib"],"gold_per_floor":[144,183,231,267,300,378,423,523,523,613,703,796,832,883,883,1174,1174,1225,1225,436,541,550,640,640,749,749,99,193,283,346,448,448,751,751,807,286,453,2,0,100,152,262,262,362,477,525,621,727,736,738],"floor_reached":51,"playtime":1825,"items_purged":["Strike_R+1","Strike_R+1","Strike_R+1"],"score":1871,"play_id":"9e5b7a65-e515-46cc-9bfe-d1ddd12755e3","local_time":"20210102200621","daily_mods":["Vintage","Heirloom","Time Dilation","Flight","DeadlyEvents","Elite Swarm","Midas"],"is_ascension_mode":true,"campfire_choices":[{"floor":15,"key":"REST"},{"floor":32,"key":"REST"}],"circlet_count":0,"master_deck":["Strike_R+1","Strike_R+1","Defend_R+1","Defend_R+1","Defend_R+1","Defend_R+1","Bash+1","Juggernaut+1","Feed+1","ReplayTheSpireMod:Limb From Limb+1","ReplayUltimateDefense+1","Panacea+1","Survey Options+1","Body Slam+1","Demon Form+1","Master of Strategy","Specialist+1","Demon Form+1","Demon Form+1","Inflame+1","ReplayUltimateDefense+1","Replay:Undeath\u0027s Touch+1","Demon Form+1","Berserk+1","Bludgeon+1","Demon Form+1","Impervious","Juggernaut+1","Crow Ritual+1"],"relics":["Burning Blood","Durian","Quantum Egg","Blood Vial","Pantograph","Kunai","Divine Protection","Sundial","Replay:Bottled Eggs","Counterbalance","CeramicFish","Pen Nib","Molten Egg 2","ReplayTheSpireMod:Spearhead","Replay:WaspNest","Replay:Bronze Core","Centennial Puzzle","Replay:Bottled Snecko","Onion Ring","ReplayTheSpireMod:ShopPack","Mercury Hourglass","Replay:Arrowhead","Replay:Bandana","Replay:Rubber Ducky","Frozen Egg 2","Whetstone","War Paint","Replay:Towering Pillar of Hats","Bronze Scales","Mirror","StrikeDummy","Fusion Hammer","Happy Flower","Guide Book","Torii","Calipers","TheAbacus","Red Mask","Bag of Preparation","PreservedInsect","Anchor","ReplayTheSpireMod:Shallot","Eternal Feather","Garlic","White Beast Statue","Gremlin Horn","HornCleat"],"acts_visited":["Exordium","TheCity","TheBeyond"],"potions_floor_usage":[6,7,7,16,16,16,21,21,33,33,40,50,50,50],"damage_taken":[{"damage":0,"enemies":"Jaw Worm","floor":1,"turns":3},{"damage":0,"enemies":"Cultist","floor":2,"turns":2},{"damage":0,"enemies":"Small Slimes","floor":3,"turns":2},{"damage":31,"enemies":"Gremlin Gang","floor":4,"turns":5},{"damage":3,"enemies":"3 Louse","floor":5,"turns":4},{"damage":0,"enemies":"Gremlin Nob","floor":6,"turns":3},{"damage":0,"enemies":"2 Fungi Beasts","floor":7,"turns":3},{"damage":0,"enemies":"Replay:BlueRogue","floor":10,"turns":5},{"damage":14,"enemies":"3 Sentries","floor":11,"turns":9},{"damage":6,"enemies":"Gremlin Nob","floor":12,"turns":3},{"damage":5,"enemies":"Red Slaver","floor":13,"turns":2},{"damage":0,"enemies":"Blue Slaver","floor":14,"turns":2},{"damage":0,"enemies":"Fading Forest","floor":16,"turns":11},{"damage":0,"enemies":"3 Byrds","floor":18,"turns":5},{"damage":0,"enemies":"Gremlin Leader","floor":21,"turns":10},{"damage":2,"enemies":"Slavers","floor":23,"turns":3},{"damage":6,"enemies":"Book of Stabbing","floor":25,"turns":3},{"damage":0,"enemies":"Gremlin Leader","floor":28,"turns":3},{"damage":0,"enemies":"Replay:Snechameleon","floor":29,"turns":4},{"damage":0,"enemies":"Spheric Guardian","floor":30,"turns":4},{"damage":0,"enemies":"Slavers","floor":31,"turns":2},{"damage":0,"enemies":"Pondfish","floor":33,"turns":6},{"damage":0,"enemies":"3 Darklings","floor":35,"turns":3},{"damage":0,"enemies":"Mind Bloom Boss Battle","floor":37,"turns":6},{"damage":0,"enemies":"R_Hoarder","floor":40,"turns":4},{"damage":0,"enemies":"3 Shapes","floor":41,"turns":2},{"damage":0,"enemies":"Giant Head","floor":42,"turns":5},{"damage":0,"enemies":"Nemesis","floor":44,"turns":5},{"damage":0,"enemies":"R_Hoarder","floor":45,"turns":5},{"damage":0,"enemies":"3 Darklings","floor":46,"turns":3},{"damage":0,"enemies":"Giant Head","floor":47,"turns":6},{"damage":0,"enemies":"R_Hoarder","floor":48,"turns":3},{"damage":0,"enemies":"Donu and Deca","floor":50,"turns":7}],"seed_played":"8236909112965602933","potions_obtained":[{"floor":4,"key":"Energy Potion"},{"floor":5,"key":"FearPotion"},{"floor":6,"key":"Weak Potion"},{"floor":10,"key":"Ancient Potion"},{"floor":12,"key":"Energy Potion"},{"floor":13,"key":"BlessingOfTheForge"},{"floor":18,"key":"ColorlessPotion"},{"floor":25,"key":"Block Potion"},{"floor":30,"key":"LiquidBronze"},{"floor":37,"key":"SkillPotion"},{"floor":40,"key":"Swift Potion"}],"is_trial":true,"path_per_floor":["M","M","M","M","M","E","M","?","T","E","E","E","M","M","R","B",null,"M","?","$","E","?","E","T","E","T","$","E","E","M","E","R","B",null,"M","$","?","$","?","E","M","E","T","E","E","M","E","E","R","B",null],"character_chosen":"IRONCLAD","items_purchased":["Replay:Bottled Snecko","Onion Ring","ReplayTheSpireMod:ShopPack","Dexterity Potion","ReplayTheSpireMod:Limb From Limb+1","Whetstone","War Paint","Master of Strategy","Specialist+1","Guide Book","Inflame+1","ReplayUltimateDefense+1","Calipers","TheAbacus"],"campfire_rested":2,"item_purchase_floors":[20,20,20,20,20,27,27,27,27,36,36,36,38,38],"current_hp_per_floor":[85,85,85,60,65,73,81,81,81,85,77,79,82,88,88,88,88,88,88,88,88,88,91,91,91,91,91,91,91,95,99,99,99,99,99,99,99,99,99,99,99,103,103,103,103,103,107,107,107,107],"gold":738,"neow_bonus":"","is_daily":false,"chose_seed":false,"campfire_upgraded":0,"win_rate":0.0,"timestamp":1609585581,"path_taken":["M","M","M","M","M","E","M","?","T","E","E","?","?","?","R","BOSS","M","?","$","?","?","E","?","E","T","$","E","E","M","?","R","BOSS","M","$","?","$","?","E","M","E","T","E","E","?","?","E","R","BOSS"],"items_purchased_type":["Relic","Relic","Relic","Potion","Card","Relic","Relic","Card","Card","Relic","Card","Card","Relic","Relic"],"build_version":"2020-12-22","purchased_purges":3,"victory":true,"max_hp_per_floor":[85,85,85,85,85,85,85,85,85,85,85,85,85,88,88,88,88,88,88,88,88,88,91,91,91,91,91,91,91,95,99,99,99,99,99,99,99,99,99,99,99,103,103,103,103,103,107,107,107,107],"card_choices":[{"not_picked":["Double Tap","Eclipse"],"picked":"Juggernaut","floor":6},{"not_picked":["Offering","Juggernaut","Reaper"],"picked":"SKIP","floor":10},{"not_picked":["Impervious","Exhume"],"picked":"Feed","floor":11},{"not_picked":["Impervious","Fiend Fire+1","Juggernaut"],"picked":"SKIP","floor":12},{"not_picked":["ReplayTheSpireMod:Brewmster","Chrysalis"],"picked":"ReplayUltimateDefense","floor":20},{"not_picked":["Violence","Purity"],"picked":"Panacea","floor":20},{"not_picked":["Replay:Sssssssssshield","Replay:Sssssssssstrike"],"picked":"Survey Options","floor":20},{"not_picked":["Bludgeon+1","Demonic Infusion","Offering"],"picked":"SKIP","floor":21},{"not_picked":["Demonic Infusion","Corruption","Double Tap"],"picked":"SKIP","floor":23},{"not_picked":["Offering","Double Tap"],"picked":"Demon Form","floor":25},{"not_picked":["Immolate+1","Exhume","Double Tap"],"picked":"SKIP","floor":28},{"not_picked":["Offering","Eclipse"],"picked":"Demon Form+1","floor":29},{"not_picked":["Offering","Reaper+1"],"picked":"Demon Form+1","floor":31},{"not_picked":["Havoc","Thunderclap+1"],"picked":"Replay:Undeath\u0027s Touch+1","floor":37},{"not_picked":["Feed+1","Eclipse"],"picked":"Demon Form+1","floor":40},{"not_picked":["Impervious","Feed+1"],"picked":"Berserk+1","floor":42},{"not_picked":["Double Tap","Juggernaut+1"],"picked":"Bludgeon+1","floor":44},{"not_picked":["Hemogenesis+1","Corruption+1"],"picked":"Demon Form+1","floor":45},{"not_picked":["Replay:Many Hands","Double Tap"],"picked":"Impervious","floor":47},{"not_picked":["Exhume","Hemogenesis+1"],"picked":"Juggernaut+1","floor":48},{"not_picked":["Secret Technique","Metamorphosis"],"picked":"Crow Ritual+1","floor":49}],"player_experience":392047,"relics_obtained":[{"floor":1,"key":"Quantum Egg"},{"floor":2,"key":"Blood Vial"},{"floor":3,"key":"Pantograph"},{"floor":4,"key":"Kunai"},{"floor":5,"key":"Divine Protection"},{"floor":6,"key":"Sundial"},{"floor":7,"key":"Replay:Bottled Eggs"},{"floor":9,"key":"Counterbalance"},{"floor":10,"key":"CeramicFish"},{"floor":11,"key":"Pen Nib"},{"floor":12,"key":"Molten Egg 2"},{"floor":13,"key":"ReplayTheSpireMod:Spearhead"},{"floor":14,"key":"Replay:WaspNest"},{"floor":18,"key":"Centennial Puzzle"},{"floor":21,"key":"Mercury Hourglass"},{"floor":23,"key":"Replay:Arrowhead"},{"floor":24,"key":"Replay:Bandana"},{"floor":25,"key":"Replay:Rubber Ducky"},{"floor":26,"key":"Frozen Egg 2"},{"floor":28,"key":"Replay:Towering Pillar of Hats"},{"floor":29,"key":"Bronze Scales"},{"floor":30,"key":"Mirror"},{"floor":31,"key":"StrikeDummy"},{"floor":35,"key":"Happy Flower"},{"floor":37,"key":"Torii"},{"floor":40,"key":"Bag of Preparation"},{"floor":41,"key":"PreservedInsect"},{"floor":42,"key":"Anchor"},{"floor":43,"key":"ReplayTheSpireMod:Shallot"},{"floor":44,"key":"Eternal Feather"},{"floor":45,"key":"Garlic"},{"floor":46,"key":"White Beast Statue"},{"floor":47,"key":"Gremlin Horn"},{"floor":48,"key":"HornCleat"}],"event_choices":[{"damage_healed":0,"gold_gain":100,"player_choice":"Pray","damage_taken":0,"max_hp_gain":0,"max_hp_loss":0,"event_name":"Golden Shrine","floor":8,"gold_loss":0},{"damage_healed":0,"gold_gain":0,"player_choice":"Full Heal","damage_taken":0,"max_hp_gain":0,"max_hp_loss":0,"event_name":"Wheel of Change","floor":19,"gold_loss":0},{"damage_healed":0,"gold_gain":0,"player_choice":"Read","damage_taken":0,"max_hp_gain":0,"max_hp_loss":0,"event_name":"The Library","floor":22,"gold_loss":0,"cards_obtained":["Body Slam"]},{"damage_healed":0,"gold_gain":0,"player_choice":"Fight","damage_taken":0,"max_hp_gain":0,"max_hp_loss":0,"event_name":"MindBloom","floor":37,"gold_loss":0},{"damage_healed":0,"gold_gain":0,"player_choice":"Paid","damage_taken":0,"relics_obtained":["Red Mask"],"max_hp_gain":0,"max_hp_loss":0,"event_name":"Tomb of Lord Red Mask","floor":39,"gold_loss":2},{"damage_healed":0,"gold_gain":0,"player_choice":"Memory 1","damage_taken":0,"max_hp_gain":0,"max_hp_loss":0,"event_name":"SensoryStone","floor":49,"gold_loss":0}],"is_beta":false,"boss_relics":[{"not_picked":["Mark of Pain","Runic Cube"],"picked":"Replay:Bronze Core"},{"not_picked":["Electric Blood","Pandora\u0027s Box"],"picked":"Fusion Hammer"}],"items_purged_floors":[20,27,36],"is_endless":false,"potions_floor_spawned":[4,5,6,10,12,13,14,18,25,30,37,40,41,46,47,48],"ascension_level":0}}