{"host":"cyiefo55v5hz1ih5","time":1609613307,"event":{"mods":["2.2 Compatiblity","AchievementEnabler","Arknights The Spire","BaseMod","GifTheSpireLib","Hubris","Jorbs\u0027s Wanderer Trilogy","Minty Spire (QoL Compilation)","Replay The Spire","Spicy Shops","StSLib","The Animator","The Marked"],"gold_per_floor":[110,110,128,128,154,181,181,181,205,233,233,233,250,250,250,348,348,364,364,46,46,58,58,58,58,58,75,94,127,147,147,147,247,247,266,266,266,266],"floor_reached":37,"playtime":3241,"items_purged":["stsjorbsmod:Strike_Wanderer"],"score":395,"play_id":"2ed960bb-7a83-46f4-b5d7-e2e08b576c02","local_time":"20210102134827","is_ascension_mode":false,"campfire_choices":[{"floor":8.0,"key":"RECALL"},{"data":"stsjorbsmod:FranticSearch","floor":11.0,"key":"SMITH"},{"data":"stsjorbsmod:ArcaneWeapon","floor":15.0,"key":"SMITH"},{"data":"stsjorbsmod:MirrorImage","floor":23.0,"key":"SMITH"},{"floor":32.0,"key":"REST"}],"circlet_count":0,"master_deck":["stsjorbsmod:ForbiddenGrimoire+1","stsjorbsmod:Strike_Wanderer","stsjorbsmod:Defend_Wanderer","stsjorbsmod:Defend_Wanderer","stsjorbsmod:Defend_Wanderer","stsjorbsmod:Defend_Wanderer","stsjorbsmod:FreshAdventure","stsjorbsmod:EyeOfTheStorm+1","stsjorbsmod:Counterspell","stsjorbsmod:FracturedMind","stsjorbsmod:FranticSearch+1","stsjorbsmod:Counterspell","stsjorbsmod:Mending","stsjorbsmod:ArcaneWeapon+1","stsjorbsmod:MirrorImage+1","CurseOfTheBell","stsjorbsmod:FracturedMind+1","stsjorbsmod:IvoryTower","stsjorbsmod:BookOfTongues+1","stsjorbsmod:ArcaneForm"],"relics":["stsjorbsmod:GrimoireRelic","Calipers","hubris:Towel","PreservedInsect","Gremlin Food","Juzu Bracelet","Regal Pillow","Calling Bell","hubris:SlimyHat","Bird Faced Urn","hubris:BottledRain","Molten Egg 2","Boot","Toxic Egg 2","Membership Card","Fusion Hammer"],"acts_visited":[],"potions_floor_usage":[],"damage_taken":[{"damage":5.0,"enemies":"Small Slimes","floor":1.0,"turns":3.0},{"damage":2.0,"enemies":"Jaw Worm","floor":3.0,"turns":3.0},{"damage":0.0,"enemies":"2 Louse","floor":5.0,"turns":3.0},{"damage":4.0,"enemies":"3 Sentries","floor":6.0,"turns":4.0},{"damage":7.0,"enemies":"Gremlin Nob","floor":10.0,"turns":3.0},{"damage":0.0,"enemies":"Looter","floor":13.0,"turns":4.0},{"damage":24.0,"enemies":"Slime Boss","floor":16.0,"turns":8.0},{"damage":17.0,"enemies":"Spheric Guardian","floor":18.0,"turns":6.0},{"damage":6.0,"enemies":"Shell Parasite","floor":22.0,"turns":7.0},{"damage":15.0,"enemies":"Centurion and Healer","floor":27.0,"turns":7.0},{"damage":2.0,"enemies":"Snake Plant","floor":28.0,"turns":6.0},{"damage":18.0,"enemies":"Replay:Snechameleon","floor":29.0,"turns":7.0},{"damage":20.0,"enemies":"Shelled Parasite and Fungi","floor":30.0,"turns":6.0},{"damage":52.0,"enemies":"hubris:MusketHawk","floor":33.0,"turns":10.0},{"damage":0.0,"enemies":"Orb Walker","floor":35.0,"turns":5.0},{"damage":0,"enemies":"3 Darklings","floor":37,"turns":1}],"seed_played":"9173792246115435313","potions_obtained":[{"floor":1.0,"key":"stsjorbsmod:BurningPotion"},{"floor":5.0,"key":"Adrenaline Potion"},{"floor":6.0,"key":"SpeedPotion"},{"floor":10.0,"key":"DuplicationPotion"},{"floor":16.0,"key":"Fruit Juice"},{"floor":19.0,"key":"AttackPotion"},{"floor":19.0,"key":"SpeedPotion"},{"floor":22.0,"key":"Dexterity Potion"},{"floor":29.0,"key":"Dexterity Potion"},{"floor":33.0,"key":"SmokeBomb"}],"is_trial":false,"path_per_floor":["M","?","M","T","M","E","?","R","T","E","R","?","M","?","R","B",null,"M","?","$","?","M","R","?","?","T","M","M","E","M","$","R","B",null,"M","?","M"],"character_chosen":"WANDERER","items_purchased":["Molten Egg 2","Membership Card"],"campfire_rested":1,"item_purchase_floors":[20,31],"current_hp_per_floor":[58,58,57,57,59,58,58,58,58,52,52,52,57,62,62,49,74,63,63,63,63,66,66,66,66,66,57,63,50,38,28,65,21,74,74,74,74,74],"gold":266,"neow_bonus":"ONE_RARE_RELIC","is_daily":false,"chose_seed":false,"campfire_upgraded":3,"win_rate":0.0,"timestamp":1609613307,"path_taken":["M","?","M","?","M","E","?","R","T","E","R","?","M","?","R","BOSS","M","?","$","?","M","R","?","?","T","M","M","E","M","?","R","BOSS","M","?","M"],"items_purchased_type":["Relic","Relic"],"build_version":"2020-12-22","purchased_purges":1,"victory":false,"max_hp_per_floor":[62,62,62,62,62,62,62,62,62,62,62,62,64,69,69,74,74,74,74,74,74,74,74,74,74,74,74,74,74,74,74,74,74,74,74,74,74,74],"card_choices":[{"not_picked":["stsjorbsmod:LoseGrip","stsjorbsmod:Inferno"],"picked":"stsjorbsmod:Counterspell","floor":1.0},{"not_picked":["stsjorbsmod:DoubleCheck","stsjorbsmod:BurningFlask"],"picked":"stsjorbsmod:FracturedMind","floor":3.0},{"not_picked":["stsjorbsmod:Rest","stsjorbsmod:Prepare"],"picked":"stsjorbsmod:FranticSearch","floor":5.0},{"not_picked":["stsjorbsmod:Message","stsjorbsmod:Inferno"],"picked":"stsjorbsmod:Counterspell","floor":6.0},{"not_picked":["stsjorbsmod:Introspection","stsjorbsmod:LoseGrip"],"picked":"stsjorbsmod:Mending","floor":10.0},{"not_picked":["stsjorbsmod:DisguiseSelf","stsjorbsmod:UnseenServant"],"picked":"stsjorbsmod:ArcaneWeapon","floor":13.0},{"not_picked":["stsjorbsmod:Pyromancy","stsjorbsmod:HoldMonster"],"picked":"stsjorbsmod:MirrorImage","floor":16.0},{"not_picked":["stsjorbsmod:BurningFlask","stsjorbsmod:RayOfFrost","stsjorbsmod:OldPocket"],"picked":"SKIP","floor":18.0},{"not_picked":["stsjorbsmod:PurgeMind+1","stsjorbsmod:Rest"],"picked":"stsjorbsmod:FracturedMind+1","floor":22.0},{"not_picked":["stsjorbsmod:Thorns","stsjorbsmod:Prepare+1"],"picked":"stsjorbsmod:IvoryTower","floor":27.0},{"not_picked":["stsjorbsmod:Feast","stsjorbsmod:OldPocket","stsjorbsmod:WanderingMind+1"],"picked":"SKIP","floor":28.0},{"not_picked":["stsjorbsmod:TrueStrike+1","stsjorbsmod:Materialize+1"],"picked":"stsjorbsmod:BookOfTongues","floor":29.0},{"not_picked":["stsjorbsmod:DoubleCheck+1","stsjorbsmod:LocateObject+1"],"picked":"stsjorbsmod:ArcaneForm","floor":30.0},{"not_picked":["stsjorbsmod:Prepare+1","stsjorbsmod:UnseenServant+1","stsjorbsmod:Materialize+1"],"picked":"SKIP","floor":35.0},{"not_picked":["stsjorbsmod:Prepare+1","stsjorbsmod:UnseenServant+1","stsjorbsmod:Materialize+1"],"picked":"SKIP","floor":35.0}],"player_experience":758266,"relics_obtained":[{"floor":4.0,"key":"PreservedInsect"},{"floor":6.0,"key":"Gremlin Food"},{"floor":9.0,"key":"Juzu Bracelet"},{"floor":10.0,"key":"Regal Pillow"},{"floor":17.0,"key":"hubris:SlimyHat"},{"floor":17.0,"key":"Bird Faced Urn"},{"floor":17.0,"key":"hubris:BottledRain"},{"floor":29.0,"key":"Toxic Egg 2"}],"event_choices":[{"cards_removed":["stsjorbsmod:Strike_Wanderer"],"damage_healed":0.0,"max_hp_gain":0.0,"max_hp_loss":0.0,"gold_gain":0.0,"event_name":"Living Wall","player_choice":"Forget","floor":12.0,"gold_loss":0.0,"damage_taken":0.0},{"damage_healed":0.0,"max_hp_gain":5.0,"max_hp_loss":0.0,"gold_gain":0.0,"event_name":"Big Fish","player_choice":"Donut","floor":14.0,"gold_loss":0.0,"damage_taken":0.0},{"damage_healed":0.0,"max_hp_gain":0.0,"max_hp_loss":0.0,"gold_gain":0.0,"event_name":"Lab","player_choice":"Got Potions","floor":19.0,"gold_loss":0.0,"damage_taken":0.0},{"cards_removed":["stsjorbsmod:Strike_Wanderer"],"damage_healed":0.0,"max_hp_gain":0.0,"max_hp_loss":0.0,"gold_gain":0.0,"event_name":"Purifier","player_choice":"Purged","floor":21.0,"gold_loss":0.0,"damage_taken":0.0},{"damage_healed":0.0,"max_hp_gain":0.0,"max_hp_loss":0.0,"gold_gain":0.0,"event_name":"WeMeetAgain","player_choice":"Gave Potion","floor":25.0,"gold_loss":0.0,"damage_taken":0.0,"relics_obtained":["Boot"]},{"damage_healed":0.0,"max_hp_gain":0.0,"max_hp_loss":0.0,"gold_gain":0.0,"event_name":"NoteForYourself","player_choice":"Ignored","floor":36.0,"gold_loss":0.0,"damage_taken":0.0}],"is_beta":false,"boss_relics":[{"not_picked":["hubris:Backtick","Astrolabe"],"picked":"Calling Bell"},{"not_picked":["Replay:Wanted Poster","Runic Dome"],"picked":"Fusion Hammer"}],"items_purged_floors":[20],"is_endless":false,"potions_floor_spawned":[1,5,6,10,16,22,29,33],"killed_by":"3 Darklings","ascension_level":0}}