{"host":"rmsq46plbpwfbxcc","time":1609612678,"event":{"mods":["AchievementEnabler","BaseMod","Colored Map","Colored Powertips","DeckTracker","KOR Keyword Fix","Minty Spire (QoL Compilation)","Permanent Neow","Quick Restart","SuperFastMode"],"gold_per_floor":[116,7,26,37,37,37,71,71,71,106,124,137,137,155,155,260,260,272,285,305,380,396,396,396],"floor_reached":23,"playtime":565,"items_purged":["Defend_G"],"score":344,"play_id":"d835b783-0419-4b88-8c0e-54b85013aaa4","local_time":"20210103033758","is_ascension_mode":true,"campfire_choices":[{"data":"Cloak And Dagger","floor":6.0,"key":"SMITH"},{"data":"Terror","floor":8.0,"key":"SMITH"},{"data":"Accuracy","floor":13.0,"key":"SMITH"},{"data":"Neutralize","floor":15.0,"key":"SMITH"}],"circlet_count":0,"master_deck":["Strike_G","Strike_G","Strike_G","Strike_G","Defend_G","Defend_G","Defend_G","Defend_G","Survivor","Neutralize+1","Cloak And Dagger+1","Terror+1","Accuracy+1","Dash","Tactician","Bullet Time","Blade Dance","Blur+1"],"relics":["WristBlade","Pantograph","Mercury Hourglass","Calipers","Coffee Dripper"],"acts_visited":["Exordium","TheCity"],"potions_floor_usage":[22],"damage_taken":[{"damage":8.0,"enemies":"Small Slimes","floor":1.0,"turns":5.0},{"damage":0.0,"enemies":"2 Louse","floor":3.0,"turns":3.0},{"damage":0.0,"enemies":"Cultist","floor":4.0,"turns":3.0},{"damage":6.0,"enemies":"Lagavulin","floor":7.0,"turns":6.0},{"damage":2.0,"enemies":"Gremlin Nob","floor":10.0,"turns":3.0},{"damage":7.0,"enemies":"Blue Slaver","floor":11.0,"turns":3.0},{"damage":0.0,"enemies":"Looter","floor":12.0,"turns":3.0},{"damage":0.0,"enemies":"Large Slime","floor":14.0,"turns":5.0},{"damage":0.0,"enemies":"Slime Boss","floor":16.0,"turns":3.0},{"damage":13.0,"enemies":"3 Byrds","floor":18.0,"turns":5.0},{"damage":5.0,"enemies":"Shell Parasite","floor":19.0,"turns":4.0},{"damage":11.0,"enemies":"Snake Plant","floor":20.0,"turns":4.0},{"damage":9,"enemies":"Centurion and Healer","floor":22,"turns":5},{"damage":29,"enemies":"Gremlin Leader","floor":23,"turns":4}],"seed_played":"4133345066055197190","potions_obtained":[{"floor":3.0,"key":"LiquidMemories"},{"floor":7.0,"key":"CunningPotion"},{"floor":11.0,"key":"FearPotion"},{"floor":12.0,"key":"CunningPotion"},{"floor":16.0,"key":"EssenceOfSteel"},{"floor":19.0,"key":"Weak Potion"}],"is_trial":false,"path_per_floor":["M","$","M","M","?","R","E","R","T","E","M","M","R","M","R","B",null,"M","M","M","?","M","E"],"character_chosen":"THE_SILENT","items_purchased":["Terror"],"campfire_rested":0,"item_purchase_floors":[2],"current_hp_per_floor":[55,55,55,55,48,48,42,42,42,40,33,33,33,33,33,58,67,54,49,38,31,22,0,0],"gold":396,"neow_bonus":"BOSS_RELIC","is_daily":false,"chose_seed":false,"campfire_upgraded":4,"win_rate":0.0,"timestamp":1609612678,"path_taken":["M","$","M","M","?","R","E","R","T","E","M","M","R","M","R","BOSS","M","M","M","?","?","E"],"items_purchased_type":["Card"],"build_version":"2020-12-22","purchased_purges":1,"victory":false,"max_hp_per_floor":[70,70,70,70,70,70,70,70,70,70,70,70,70,70,70,70,70,70,70,70,70,70,70,70],"card_choices":[{"not_picked":["Dagger Spray","Dagger Throw"],"picked":"Cloak And Dagger","floor":1.0},{"not_picked":["Expertise","Dodge and Roll"],"picked":"Accuracy","floor":3.0},{"not_picked":["Prepared","Sucker Punch","Expertise"],"picked":"SKIP","floor":4.0},{"not_picked":["Grand Finale","Skewer","Catalyst"],"picked":"SKIP","floor":7.0},{"not_picked":["Dagger Spray","Dagger Throw"],"picked":"Dash","floor":10.0},{"not_picked":["Dodge and Roll","Calculated Gamble","Dagger Spray"],"picked":"SKIP","floor":11.0},{"not_picked":["Concentrate","Sucker Punch"],"picked":"Tactician","floor":12.0},{"not_picked":["Deflect","Caltrops","Sucker Punch"],"picked":"SKIP","floor":14.0},{"not_picked":["A Thousand Cuts","Storm of Steel"],"picked":"Bullet Time","floor":16.0},{"not_picked":["Expertise+1","Sucker Punch+1","Outmaneuver"],"picked":"SKIP","floor":18.0},{"not_picked":["Flying Knee+1","Bane"],"picked":"Blade Dance","floor":19.0},{"not_picked":["PiercingWail","Dagger Spray"],"picked":"Blur+1","floor":20.0},{"not_picked":["Flying Knee","Distraction+1","Deadly Poison"],"picked":"SKIP","floor":22}],"player_experience":654706,"relics_obtained":[{"floor":7.0,"key":"Pantograph"},{"floor":9.0,"key":"Mercury Hourglass"},{"floor":10.0,"key":"Calipers"}],"event_choices":[{"cards_removed":["Strike_G"],"damage_healed":0.0,"max_hp_gain":0.0,"max_hp_loss":0.0,"gold_gain":0.0,"event_name":"Golden Wing","player_choice":"Card Removal","floor":5.0,"gold_loss":0.0,"damage_taken":7.0},{"damage_healed":0,"gold_gain":75,"player_choice":"Touch","damage_taken":7,"max_hp_gain":0,"max_hp_loss":0,"event_name":"FaceTrader","floor":21,"gold_loss":0}],"is_beta":false,"boss_relics":[{"not_picked":["Sozu","SlaversCollar"],"picked":"Coffee Dripper"}],"items_purged_floors":[2],"is_endless":false,"potions_floor_spawned":[3,7,11,12,16,18,19],"killed_by":"Gremlin Leader","ascension_level":7}}