{"host":"q1ejl7hv5l3527la","time":1609553923,"event":{"mods":["Aspiration","Bard","BaseMod","Better Third Choice","Colored Powertips","Downfall","Energized Spire","Hermit","Highlight Path","Hubris","Infinite Spire","Minty Spire (QoL Compilation)","Replay The Spire","Shop Mod","StSLib","The Bladedancer","The Cursed","The Forsaken","The Juggle","The Jungle","The Runesmith"],"gold_per_floor":[99,115,115,115,128,140,188,113,136,164,164,194,230,380,410,530,530,530,567,595,627,662,23,23,46,46,46,73,101,101,127,157,269,269,290,329,357,390,390,390,390,390,414,414,451,476,476,22,53,67],"floor_reached":51,"playtime":4328,"items_purged":["Shame"],"score":676,"play_id":"87590a6f-81c5-4686-bd18-df65da960368","local_time":"20210101201843","is_ascension_mode":false,"campfire_choices":[{"floor":1,"key":"RECALL"},{"data":"Guardian:TwinSlam","floor":8,"key":"SMITH"},{"data":"Guardian:CurlUp","floor":11,"key":"SMITH"},{"data":"Guardian:RevengeProtocol","floor":18,"key":"SMITH"},{"floor":27,"key":"REST"},{"data":"Guardian:EvasiveProtocol","floor":30,"key":"SMITH"},{"floor":40,"key":"REST"},{"floor":44,"key":"REST"},{"data":"Guardian:SentryBeam","floor":47,"key":"SMITH"}],"circlet_count":0,"master_deck":["Guardian:Strike_Guardian","Guardian:Strike_Guardian","Guardian:Strike_Guardian","Guardian:Strike_Guardian","Guardian:Defend_Guardian","Guardian:Defend_Guardian","Guardian:Defend_Guardian","Guardian:Defend_Guardian","Guardian:CurlUp+1","Guardian:TwinSlam+1","Guardian:Reroute","Guardian:PiercingHide","Guardian:Reroute","Slimebound:Icky","Guardian:RollAttack","Guardian:RevengeProtocol+1","CurseOfTheBell","Guardian:RefractedBeam","Guardian:PiercingHide+1","Guardian:EvasiveProtocol+1","Guardian:Gem_Synthetic","Guardian:ShieldCharger+1","Guardian:Gem_Synthetic","Guardian:CrystalBeam+1","Guardian:Gem_Green","Guardian:ChargeCore+1","Guardian:TimeBomb","Guardian:Incinerate+1","Guardian:TimeSifter+1","Guardian:VentSteam","Guardian:PrimingBeam+1","Guardian:Gem_Cyan","Guardian:Gem_Blue","Parasite","Guardian:SentryBeam+1","Guardian:WalkerClaw+1","Guardian:ChargeUp+1","Guardian:TemporalStrike+1","Guardian:SpikerProtocol+1","Guardian:SpikerProtocol+1","hubris:Wrath","Guardian:SentryBeam+1","Guardian:RefractedBeam+1","Guardian:Gem_Red","Guardian:CrystalBeam"],"relics":["Guardian:ModeShifter","Replay:Bandana","downfall:HeartBlessingRed","Calling Bell","Lantern","Golden Egg","Thread and Needle","Guardian:SackOfGems","hubris:SphereOfDissonance","Eternal Feather","Strawberry","Philosopher\u0027s Stone","downfall:HeartBlessingBlue","ReplayTheSpireMod:Ninjato","ReplayTheSpireMod:CursedCoin","StoneCalendar"],"acts_visited":["Exordium","TheCity","TheBeyond"],"potions_floor_usage":[33],"damage_taken":[{"damage":2,"enemies":"Small Slimes","floor":2,"turns":5},{"damage":0,"enemies":"2 Louse","floor":5,"turns":2},{"damage":4,"enemies":"Cultist","floor":6,"turns":4},{"damage":1,"enemies":"3 Louse","floor":9,"turns":2},{"damage":0,"enemies":"Large Slime","floor":10,"turns":4},{"damage":1,"enemies":"Exordium Wildlife","floor":12,"turns":2},{"damage":0,"enemies":"Gremlin Gang","floor":13,"turns":4},{"damage":0,"enemies":"Lots of Slimes","floor":15,"turns":3},{"damage":39,"enemies":"downfall:Ironclad","floor":16,"turns":8},{"damage":0,"enemies":"Shell Parasite","floor":19,"turns":4},{"damage":2,"enemies":"Centurion and Healer","floor":20,"turns":6},{"damage":8,"enemies":"Snake Plant","floor":21,"turns":4},{"damage":9,"enemies":"Chosen and Byrds","floor":22,"turns":6},{"damage":0,"enemies":"downfall:FleeingMerchant","floor":23,"turns":4},{"damage":10,"enemies":"3 Cultists","floor":25,"turns":5},{"damage":5,"enemies":"Snake Plant","floor":28,"turns":2},{"damage":8,"enemies":"Shelled Parasite and Fungi","floor":29,"turns":4},{"damage":8,"enemies":"Sentry and Sphere","floor":32,"turns":5},{"damage":11,"enemies":"downfall:Silent","floor":33,"turns":7},{"damage":28,"enemies":"3 Shapes","floor":36,"turns":3},{"damage":8,"enemies":"Orb Walker","floor":37,"turns":2},{"damage":42,"enemies":"Transient","floor":38,"turns":5},{"damage":15,"enemies":"Writhing Mass","floor":43,"turns":5},{"damage":6,"enemies":"4 Shapes","floor":45,"turns":6},{"damage":18,"enemies":"Maw","floor":46,"turns":7},{"damage":0,"enemies":"downfall:FleeingMerchant","floor":48,"turns":4},{"damage":0,"enemies":"Sphere and 2 Shapes","floor":49,"turns":4},{"damage":30,"enemies":"downfall:Watcher","floor":50,"turns":8}],"seed_played":"-410135437608036240","potions_obtained":[{"floor":2,"key":"SteroidPotion"},{"floor":6,"key":"sneckomod:MuddlingPotion"},{"floor":9,"key":"FairyPotion"},{"floor":16,"key":"Languid Potion"},{"floor":28,"key":"champ:CounterPotion"},{"floor":37,"key":"Adrenaline Potion"}],"is_trial":false,"path_per_floor":["R","M","?","?","M","M","T","R","M","M","R","M","M","?","M","B",null,"R","M","M","M","M","$","T","M","?","R","M","M","R","T","M","B",null,"R","M","M","M","?","R","T","?","M","R","M","M","R","$","M","B",null],"character_chosen":"GUARDIAN","items_purchased":["Guardian:SackOfGems","Guardian:CrystalBeam","Guardian:Gem_Lightblue","hubris:SphereOfDissonance","Guardian:SpikerProtocol","ReplayTheSpireMod:CursedCoin","StoneCalendar","Guardian:SentryBeam","Guardian:RefractedBeam","Guardian:Gem_Red"],"campfire_rested":3,"item_purchase_floors":[23,23,23,23,48,48,48,48,48,48],"current_hp_per_floor":[88,86,88,88,88,84,84,84,83,83,83,82,82,82,82,43,88,88,88,86,78,69,69,69,59,66,95,90,82,95,95,87,76,95,105,77,69,27,27,79,79,79,64,105,99,81,102,102,102,72],"gold":67,"neow_bonus":"TEN_PERCENT_HP_BONUS","is_daily":false,"chose_seed":false,"campfire_upgraded":5,"win_rate":0.0,"timestamp":1609553923,"path_taken":["R","M","?","?","?","M","T","R","M","M","R","M","M","?","M","BOSS","R","M","M","M","M","$","T","M","?","R","M","M","R","?","M","BOSS","R","M","M","?","?","R","T","?","M","R","M","M","R","$","M","BOSS"],"items_purchased_type":["Relic","Card","Card","Relic","Card","Relic","Relic","Card","Card","Card"],"build_version":"2020-12-22","purchased_purges":1,"victory":true,"max_hp_per_floor":[88,88,88,88,88,88,88,88,88,88,88,88,88,88,88,88,88,88,88,88,88,88,88,88,88,95,95,95,95,95,95,95,95,95,105,105,105,105,105,105,105,105,105,105,105,105,105,105,105,105],"card_choices":[{"not_picked":["Guardian:ChargeCore","Guardian:ShieldCharger"],"picked":"Guardian:Reroute","floor":2},{"not_picked":["Guardian:RollAttack","Guardian:Reroute"],"picked":"Guardian:Gem_Purple","floor":5},{"not_picked":["Guardian:Gem_Lightblue","Guardian:PrimingBeam"],"picked":"Guardian:PiercingHide","floor":6},{"not_picked":["Guardian:Gem_Green","Guardian:CrystalBeam"],"picked":"Guardian:Gem_Lightblue","floor":9},{"not_picked":["Guardian:TemporalShield","Guardian:Gem_Cyan"],"picked":"Guardian:Gem_Orange","floor":10},{"not_picked":["Guardian:Planning","Guardian:Gem_White"],"picked":"Guardian:Gem_Blue","floor":12},{"not_picked":["Guardian:CrystalBeam","Guardian:Harden"],"picked":"Guardian:Reroute","floor":13},{"not_picked":["Guardian:Gem_Green","Guardian:CrystalBeam"],"picked":"Guardian:RollAttack","floor":15},{"not_picked":["Guardian:ExploitGems","Guardian:HyperBeam_Guardian"],"picked":"Guardian:RevengeProtocol","floor":16},{"not_picked":["Guardian:Clone","Guardian:Repulse"],"picked":"Guardian:RefractedBeam","floor":19},{"not_picked":["Guardian:PrismaticBarrier","Guardian:GuardianWhirl+1"],"picked":"Guardian:PiercingHide+1","floor":20},{"not_picked":["Guardian:Emergency","Guardian:ArmoredProtocol"],"picked":"Guardian:EvasiveProtocol","floor":21},{"not_picked":["Guardian:TimeCapacitor","Guardian:CrystalBeam+1"],"picked":"Guardian:Gem_Synthetic","floor":22},{"not_picked":["Guardian:EvasiveProtocol","Guardian:Gem_Green"],"picked":"Guardian:ShieldCharger","floor":23},{"not_picked":["Guardian:ShieldSpikes","Guardian:EvasiveProtocol"],"picked":"Guardian:Gem_Green","floor":25},{"not_picked":["Guardian:RollAttack","Guardian:Suspension"],"picked":"Guardian:ChargeCore+1","floor":28},{"not_picked":["Guardian:Gem_Lightblue","Guardian:Gem_Green"],"picked":"Guardian:TimeBomb","floor":29},{"not_picked":["Guardian:ArmoredProtocol","Guardian:TemporalStrike"],"picked":"Guardian:Incinerate+1","floor":32},{"not_picked":["Guardian:SphericShield","Guardian:BaubleBeam"],"picked":"Guardian:TimeSifter","floor":33},{"not_picked":["Guardian:Planning","Guardian:Gem_Purple"],"picked":"Guardian:VentSteam","floor":36},{"not_picked":["Guardian:Suspension","Guardian:SentryBeam"],"picked":"Guardian:PrimingBeam+1","floor":37},{"not_picked":["Guardian:Suspension+1","Guardian:RollAttack"],"picked":"Guardian:Gem_Cyan","floor":38},{"not_picked":["Guardian:Suspension","Guardian:TemporalStrike+1"],"picked":"Guardian:SentryBeam","floor":43},{"not_picked":["Guardian:Gem_Purple","Guardian:HyperBeam_Guardian"],"picked":"Guardian:WalkerClaw+1","floor":45},{"not_picked":["Guardian:TemporalStrike+1","Guardian:Gem_Lightblue"],"picked":"Guardian:ChargeUp+1","floor":46},{"not_picked":["Guardian:FloatingOrbs","Guardian:RollAttack"],"picked":"Guardian:TemporalStrike","floor":48},{"not_picked":["Guardian:BronzeOrb+1","Guardian:PiercingHide+1"],"picked":"Guardian:CrystalBeam","floor":49}],"player_experience":61979,"relics_obtained":[{"floor":7,"key":"Replay:Bandana"},{"floor":17,"key":"Lantern"},{"floor":17,"key":"Golden Egg"},{"floor":17,"key":"Thread and Needle"},{"floor":24,"key":"Eternal Feather"},{"floor":41,"key":"ReplayTheSpireMod:Ninjato"}],"event_choices":[{"damage_healed":0,"gold_gain":0,"player_choice":"Stole Relic","damage_taken":0,"relics_obtained":["Strawberry"],"max_hp_gain":0,"max_hp_loss":0,"event_name":"Addict","floor":26,"gold_loss":0,"cards_obtained":["Shame"]},{"damage_healed":0,"gold_gain":0,"player_choice":"Ignored","damage_taken":0,"max_hp_gain":0,"max_hp_loss":0,"event_name":"Mysterious Sphere","floor":39,"gold_loss":0}],"is_beta":false,"boss_relics":[{"not_picked":["Replay:Ancient Bell","Tiny House"],"picked":"Calling Bell"},{"not_picked":["Guardian:StasisSlotReductionRelic","Fusion Hammer"],"picked":"Philosopher\u0027s Stone"}],"items_purged_floors":[48],"is_endless":false,"potions_floor_spawned":[2,6,9,13,16,21,28,32,37,46,49],"ascension_level":0}}