{"host":"gbbz8f5svnnpwo8d","time":1609574029,"event":{"mods":["AchievementEnabler","AlwaysNeverKeys","BaseMod","Bestiary","Better Altar","Better Match","Better Note","Better Sensory Stone","Better Silent Start","Better Skull","Better Third Choice","Better Vampires","Better-Laid Plans","BetterRewards","Block Reminder","Colored Map","Colored Powertips","Displayed Cursed Tome","Downfall","GifTheSpireLib","Minty Spire (QoL Compilation)","MonsterHotkey","Permanent Neow","Potion Indicator Mod","Quick Restart","Random Character Button","Rare Cards Sparkle","Relic Stats","Shop Mod","Spicy Shops","Spire Birthday Party","StSLib","Transform Curses"],"gold_per_floor":[116,131,141,216,228,228,259,314,314,330,384,401,401,2,2,107,107,118,118,145,157,177,177,205,205,205,205,221,238,250,1,1,103,103,117,129,144,157,207,207,132,132,132,152,172,394,394,408,408,408,408,408,18,48,48,48],"floor_reached":55,"playtime":2420,"items_purged":[],"score":768,"play_id":"00092ad3-e7c0-4b1e-8524-2d302f13d648","local_time":"20210102005349","is_ascension_mode":false,"campfire_choices":[{"data":"Riddle With Holes","floor":6.0,"key":"SMITH"},{"data":"Phantasmal Killer","floor":13.0,"key":"SMITH"},{"data":"Blade Dance","floor":15.0,"key":"SMITH"},{"floor":23.0,"key":"DIG"},{"floor":25.0,"key":"REST"},{"floor":27.0,"key":"DIG"},{"floor":32.0,"key":"REST"},{"floor":40.0,"key":"REST"},{"floor":42.0,"key":"DIG"},{"floor":49.0,"key":"DIG"},{"floor":52,"key":"DIG"}],"circlet_count":0,"master_deck":["Survivor","Neutralize","Slice","Dash","Endless Agony","Riddle With Holes+1","Phantasmal Killer+1","Dagger Spray","Well Laid Plans","Night Terror","Blade Dance+1","Bullet Time","Quick Slash","Prepared","Blade Dance","Finisher","Leg Sweep","Blade Dance","PiercingWail","Flying Knee+1","Wraith Form v2","Flying Knee+1","Venomology","Bane+1","Flechettes+1","Predator+1","Noxious Fumes","Underhanded Strike+1","PiercingWail","Cloak And Dagger+1","Finisher+1","Outmaneuver+1","A Thousand Cuts+1","Adrenaline+1","Venomology+1","Accuracy+1","Blur+1","Distraction+1","Escape Plan+1","Acrobatics+1"],"relics":["Ring of the Snake","Torii","MerchantsRug","Kunai","White Beast Statue","Letter Opener","The Courier","Regal Pillow","Shovel","Fusion Hammer","Red Mask","Vajra","Ice Cream","Molten Egg 2","Tiny Chest","Bottled Tornado","Pandora\u0027s Box","Ginger","Anchor","Singing Bowl","Toxic Egg 2","Nunchaku","Gremlin Horn","Happy Flower","Bag of Marbles","Gambling Chip"],"acts_visited":["Exordium","TheCity","TheBeyond","TheEnding"],"potions_floor_usage":[50,50,50,54,55,55,55,55],"damage_taken":[{"damage":0.0,"enemies":"2 Louse","floor":1.0,"turns":3.0},{"damage":0.0,"enemies":"Small Slimes","floor":2.0,"turns":3.0},{"damage":0.0,"enemies":"Jaw Worm","floor":3.0,"turns":3.0},{"damage":0.0,"enemies":"Exordium Wildlife","floor":5.0,"turns":5.0},{"damage":0.0,"enemies":"Gremlin Nob","floor":7.0,"turns":3.0},{"damage":23.0,"enemies":"Lagavulin Event","floor":8.0,"turns":7.0},{"damage":0.0,"enemies":"Exordium Thugs","floor":10.0,"turns":3.0},{"damage":0.0,"enemies":"Large Slime","floor":12.0,"turns":3.0},{"damage":27.0,"enemies":"The Guardian","floor":16.0,"turns":8.0},{"damage":0.0,"enemies":"3 Byrds","floor":18.0,"turns":5.0},{"damage":7.0,"enemies":"Masked Bandits","floor":20.0,"turns":4.0},{"damage":0.0,"enemies":"Spheric Guardian","floor":21.0,"turns":3.0},{"damage":16.0,"enemies":"Snake Plant","floor":22.0,"turns":6.0},{"damage":28.0,"enemies":"Book of Stabbing","floor":24.0,"turns":5.0},{"damage":24.0,"enemies":"Shelled Parasite and Fungi","floor":28.0,"turns":3.0},{"damage":0.0,"enemies":"Chosen and Byrds","floor":29.0,"turns":2.0},{"damage":0.0,"enemies":"Centurion and Healer","floor":30.0,"turns":4.0},{"damage":21.0,"enemies":"Collector","floor":33.0,"turns":8.0},{"damage":1.0,"enemies":"Orb Walker","floor":35.0,"turns":3.0},{"damage":0.0,"enemies":"3 Darklings","floor":36.0,"turns":3.0},{"damage":12.0,"enemies":"Maw","floor":37.0,"turns":6.0},{"damage":9.0,"enemies":"Writhing Mass","floor":38.0,"turns":4.0},{"damage":23.0,"enemies":"Mind Bloom Boss Battle","floor":39.0,"turns":6.0},{"damage":0.0,"enemies":"4 Shapes","floor":44.0,"turns":2.0},{"damage":0.0,"enemies":"Jaw Worm Horde","floor":45.0,"turns":3.0},{"damage":0.0,"enemies":"Maw","floor":48.0,"turns":3.0},{"damage":6,"enemies":"Donu and Deca","floor":50,"turns":5},{"damage":3,"enemies":"Shield and Spear","floor":54,"turns":6},{"damage":104,"enemies":"The Heart","floor":55,"turns":8}],"seed_played":"-179674255436210421","potions_obtained":[{"floor":1.0,"key":"Fruit Juice"},{"floor":5.0,"key":"CunningPotion"},{"floor":7.0,"key":"Regen Potion"},{"floor":8.0,"key":"ColorlessPotion"},{"floor":10.0,"key":"SpeedPotion"},{"floor":12.0,"key":"Energy Potion"},{"floor":16.0,"key":"Weak Potion"},{"floor":18.0,"key":"FairyPotion"},{"floor":20.0,"key":"PowerPotion"},{"floor":22.0,"key":"Dexterity Potion"},{"floor":24.0,"key":"SteroidPotion"},{"floor":28.0,"key":"Strength Potion"},{"floor":29.0,"key":"GamblersBrew"},{"floor":30.0,"key":"Slimebound:ThreeZeroPotion"},{"floor":33.0,"key":"EssenceOfSteel"},{"floor":36.0,"key":"GamblersBrew"},{"floor":44.0,"key":"FearPotion"},{"floor":45.0,"key":"SkillPotion"},{"floor":48.0,"key":"Energy Potion"}],"is_trial":false,"path_per_floor":["M","M","M","?","M","R","E","?","T","M","?","M","R","$","R","B",null,"M","?","?","M","M","R","E","R","T","R","M","M","M","$","R","B",null,"M","M","M","M","?","R","?","R","T","M","M","?","T","M","R","B",null,"R","$","E","B"],"character_chosen":"THE_SILENT","items_purchased":["MerchantsRug","Regal Pillow","Shovel","Blade Dance","Flying Knee+1","Bottled Tornado","Blur+1","Distraction+1","Escape Plan+1","Happy Flower","Bag of Marbles"],"campfire_rested":3,"item_purchase_floors":[0,14,14,14,31,31,53,53,53,53,53],"current_hp_per_floor":[70,70,70,59,59,59,59,56,56,56,56,56,56,56,56,29,75,75,75,68,68,52,52,24,61,61,61,37,37,37,37,74,53,75,74,74,62,53,30,67,67,67,67,69,71,71,71,71,71,65,79,79,79,76,0,0],"gold":48,"neow_bonus":"","is_daily":false,"chose_seed":false,"campfire_upgraded":3,"win_rate":0.0,"timestamp":1609574029,"path_taken":["M","M","M","?","M","R","E","?","T","M","?","?","R","$","R","BOSS","M","?","?","M","M","R","E","R","T","R","M","M","M","$","R","BOSS","M","M","M","M","?","R","?","R","T","M","M","?","?","?","R","BOSS","R","$","E","BOSS"],"items_purchased_type":["Relic","Relic","Relic","Card","Card","Relic","Card","Card","Card","Relic","Relic"],"build_version":"2020-12-22","purchased_purges":0,"victory":false,"max_hp_per_floor":[70,70,70,70,70,70,70,75,75,75,75,75,75,75,75,75,75,75,75,75,75,75,75,75,75,75,75,75,75,75,75,75,75,75,75,75,75,75,75,75,75,75,75,77,79,79,79,79,79,79,79,79,79,79,79,79],"relic_stats":{"Regal Pillow":45,"Torii":45,"Singing Bowl":4,"Gremlin Horn":[1,1],"Happy Flower":[4],"counters":[66,324],"Letter Opener":[207],"Ginger":[5],"Nunchaku":[8],"Shovel":5,"Gambling Chip":[1],"Tiny Chest":1,"Pandora\u0027s Box":["Flying Knee","Venomology","Bane","Flechettes","Predator","Noxious Fumes","Underhanded Strike","PiercingWail"],"Kunai":[117],"obtain_stats":[{"Ice Cream":48,"Regal Pillow":14,"Torii":0,"Singing Bowl":43,"Gremlin Horn":52,"Vajra":23,"Ginger":39,"Bottled Tornado":45,"Empty Cage":34,"Emotion Chip":0,"Nunchaku":49,"Shovel":14,"Gambling Chip":54,"Tiny Chest":27,"Fusion Hammer":17,"Red Mask":20,"Kunai":0,"Toxic Egg 2":47,"Cracked Core":0,"InkBottle":43,"Ring of the Snake":0,"Girya":37,"MerchantsRug":0,"Happy Flower":7,"Golden Idol":11,"Eternal Feather":9,"PreservedInsect":0,"The Courier":9,"Letter Opener":8,"Frozen Egg 2":9,"White Beast Statue":7,"Nuclear Battery":17,"SlaversCollar":17,"Anchor":42,"Ornamental Fan":0,"Bloody Idol":28,"Bronze Scales":54,"Molten Egg 2":26,"Pandora\u0027s Box":34,"Art of War":26,"Bag of Marbles":53,"Unceasing Top":0,"Meat on the Bone":10},{"Ice Cream":30,"Regal Pillow":45,"Torii":37,"Singing Bowl":60,"Gremlin Horn":64,"Vajra":50,"Ginger":60,"Bottled Tornado":28,"Empty Cage":25,"Emotion Chip":0,"Nunchaku":63,"Shovel":45,"Gambling Chip":65,"Tiny Chest":51,"Fusion Hammer":46,"Red Mask":48,"Kunai":37,"Toxic Egg 2":62,"Cracked Core":0,"InkBottle":27,"Ring of the Snake":0,"Girya":27,"MerchantsRug":33,"Happy Flower":4,"Golden Idol":5,"Eternal Feather":4,"PreservedInsect":0,"The Courier":43,"Letter Opener":43,"Frozen Egg 2":15,"White Beast Statue":42,"Nuclear Battery":19,"SlaversCollar":7,"Anchor":60,"Ornamental Fan":0,"Bloody Idol":23,"Bronze Scales":32,"Molten Egg 2":51,"Pandora\u0027s Box":55,"Art of War":22,"Bag of Marbles":64,"Unceasing Top":33,"Meat on the Bone":5},{"Ice Cream":146,"Regal Pillow":227,"Torii":197,"Singing Bowl":297,"Gremlin Horn":310,"Vajra":253,"Ginger":297,"Bottled Tornado":134,"Empty Cage":106,"Emotion Chip":0,"Nunchaku":305,"Shovel":227,"Gambling Chip":316,"Tiny Chest":258,"Fusion Hammer":235,"Red Mask":244,"Kunai":197,"Toxic Egg 2":302,"Cracked Core":0,"InkBottle":121,"Ring of the Snake":0,"Girya":121,"MerchantsRug":176,"Happy Flower":12,"Golden Idol":15,"Eternal Feather":12,"PreservedInsect":0,"The Courier":221,"Letter Opener":221,"Frozen Egg 2":51,"White Beast Statue":214,"Nuclear Battery":66,"SlaversCollar":26,"Anchor":297,"Ornamental Fan":0,"Bloody Idol":91,"Bronze Scales":170,"Molten Egg 2":258,"Pandora\u0027s Box":275,"Art of War":85,"Bag of Marbles":310,"Unceasing Top":176,"Meat on the Bone":15}],"Ring of the Snake":[0]},"card_choices":[{"not_picked":["Leg Sweep","Backflip"],"picked":"Slice","floor":1.0},{"not_picked":["Dagger Throw","PiercingWail"],"picked":"Dash","floor":2.0},{"not_picked":["Malaise","Underhanded Strike"],"picked":"Endless Agony","floor":3.0},{"not_picked":["Backflip","Bane"],"picked":"Riddle With Holes","floor":5.0},{"not_picked":["Deadly Poison","Backflip"],"picked":"Phantasmal Killer","floor":7.0},{"not_picked":["Deadly Poison","PiercingWail"],"picked":"Dagger Spray","floor":8.0},{"not_picked":["Flechettes","Calculated Gamble"],"picked":"Well Laid Plans","floor":10.0},{"not_picked":["Underhanded Strike","Dagger Spray"],"picked":"Night Terror","floor":12.0},{"not_picked":["Storm of Steel","Doppelganger"],"picked":"Bullet Time","floor":16.0},{"not_picked":["Deflect","Poisoned Stab"],"picked":"Quick Slash","floor":18.0},{"not_picked":["Well Laid Plans","Quick Slash"],"picked":"Prepared","floor":20.0},{"not_picked":["Riddle With Holes+1","Poisoned Stab+1"],"picked":"Blade Dance","floor":21.0},{"not_picked":["Outmaneuver","Dagger Spray"],"picked":"Finisher","floor":22.0},{"not_picked":["Endless Agony","Outmaneuver","Underhanded Strike"],"picked":"SKIP","floor":24.0},{"not_picked":["Deadly Poison","Tools of the Trade"],"picked":"Leg Sweep","floor":28.0},{"not_picked":["Prepared","Slice+1"],"picked":"Blade Dance","floor":29.0},{"not_picked":["Dagger Throw+1","Leg Sweep"],"picked":"PiercingWail","floor":30.0},{"not_picked":["Envenom","Unload+1"],"picked":"Wraith Form v2","floor":33.0},{"not_picked":["Prepared+1","Dash+1","Deflect+1"],"picked":"SKIP","floor":35.0},{"not_picked":["Outmaneuver","Tactician+1"],"picked":"Cloak And Dagger+1","floor":36.0},{"not_picked":["Quick Slash+1","Slice+1"],"picked":"Finisher+1","floor":37.0},{"not_picked":["Prepared+1","Dagger Throw+1"],"picked":"Outmaneuver+1","floor":38.0},{"not_picked":["Tools of the Trade+1","Night Terror+1"],"picked":"A Thousand Cuts+1","floor":41.0},{"not_picked":["Venomology+1","Storm of Steel+1"],"picked":"Adrenaline+1","floor":41.0},{"not_picked":["Malaise+1","Unload+1"],"picked":"Venomology+1","floor":41.0},{"not_picked":["Catalyst","Underhanded Strike+1","Flying Knee+1"],"picked":"Singing Bowl","floor":44.0},{"not_picked":["Outmaneuver","Backflip+1","Bane+1"],"picked":"Singing Bowl","floor":45.0},{"not_picked":["Deadly Poison+1","Malaise+1"],"picked":"Accuracy+1","floor":48.0},{"not_picked":["PiercingWail+1","Slice+1"],"picked":"Acrobatics+1","floor":54}],"player_experience":3596938,"relics_obtained":[{"floor":7.0,"key":"White Beast Statue"},{"floor":8.0,"key":"Letter Opener"},{"floor":9.0,"key":"The Courier"},{"floor":20.0,"key":"Red Mask"},{"floor":23.0,"key":"Vajra"},{"floor":24.0,"key":"Ice Cream"},{"floor":26.0,"key":"Molten Egg 2"},{"floor":27.0,"key":"Tiny Chest"},{"floor":39.0,"key":"Ginger"},{"floor":42.0,"key":"Anchor"},{"floor":43.0,"key":"Singing Bowl"},{"floor":47.0,"key":"Toxic Egg 2"},{"floor":49.0,"key":"Nunchaku"},{"floor":52,"key":"Gremlin Horn"},{"floor":54,"key":"Gambling Chip"}],"event_choices":[{"damage_healed":0.0,"max_hp_gain":0.0,"max_hp_loss":0.0,"gold_gain":75.0,"event_name":"betterThird:BetterGoop","player_choice":"Gold","floor":4.0,"gold_loss":0.0,"damage_taken":11.0},{"damage_healed":0.0,"max_hp_gain":0.0,"max_hp_loss":0.0,"gold_gain":0.0,"event_name":"Dead Adventurer","player_choice":"Searched \u00271\u0027 times","floor":8.0,"gold_loss":0.0,"damage_taken":0.0},{"damage_healed":0.0,"max_hp_gain":0.0,"max_hp_loss":0.0,"gold_gain":54.0,"event_name":"Golden Wing","player_choice":"Gained Gold","floor":11.0,"gold_loss":0.0,"damage_taken":0.0},{"cards_removed":["Strike_G"],"damage_healed":0.0,"max_hp_gain":0.0,"max_hp_loss":0.0,"gold_gain":0.0,"event_name":"betterNote:BetterNote","player_choice":"Give","floor":19.0,"gold_loss":0.0,"damage_taken":0.0,"cards_obtained":["Strike_B"]},{"damage_healed":0.0,"max_hp_gain":0.0,"max_hp_loss":0.0,"gold_gain":0.0,"event_name":"Masked Bandits","player_choice":"Fought Bandits","floor":20.0,"gold_loss":0.0,"damage_taken":0.0},{"damage_healed":0.0,"max_hp_gain":0.0,"max_hp_loss":0.0,"gold_gain":0.0,"event_name":"MindBloom","player_choice":"Fight","floor":39.0,"gold_loss":0.0,"damage_taken":0.0},{"damage_healed":0.0,"max_hp_gain":0.0,"max_hp_loss":0.0,"gold_gain":0.0,"event_name":"betterMatch:BetterMatch","player_choice":"3","floor":41.0,"gold_loss":0.0,"damage_taken":0.0,"cards_obtained":["betterMatch:RareCard"]},{"damage_healed":0.0,"max_hp_gain":0.0,"max_hp_loss":0.0,"gold_gain":222.0,"event_name":"Tomb of Lord Red Mask","player_choice":"Wore Mask","floor":46.0,"gold_loss":0.0,"damage_taken":0.0}],"is_beta":false,"boss_relics":[{"not_picked":["Black Star","Runic Pyramid"],"picked":"Fusion Hammer"},{"not_picked":["Ring of the Serpent","SacredBark"],"picked":"Pandora\u0027s Box"}],"items_purged_floors":[],"is_endless":false,"potions_floor_spawned":[1,5,7,8,10,12,16,18,20,21,22,24,28,29,30,33,35,36,37,38,39,44,45,48,54],"killed_by":"The Heart","ascension_level":0}}