{"host":"56ghxnzsglgdq727","time":1609573501,"event":{"mods":["AchievementEnabler","BaseMod","Downfall","Minty Spire (QoL Compilation)","StSLib"],"gold_per_floor":[99,99,99,63,163,163,163,163,174,193,193,193,210,227,242,342,342,342,353,353,203,222,40,65,74,90,90,117,135,176,187,207,207,207,207],"floor_reached":33,"playtime":1507,"items_purged":[],"score":257,"play_id":"28dfb49d-fda3-49e4-a787-1633956e3a6b","local_time":"20210102024501","is_ascension_mode":false,"campfire_choices":[{"data":"Guardian:TwinSlam","floor":1,"key":"SMITH"},{"data":"Guardian:TimeBomb","floor":6,"key":"SMITH"},{"data":"Guardian:BaubleBeam","floor":18,"key":"SMITH"},{"data":"Transmutation","floor":27,"key":"SMITH"}],"circlet_count":0,"master_deck":["Guardian:Strike_Guardian","Guardian:Strike_Guardian","Guardian:Defend_Guardian","Guardian:Defend_Guardian","Guardian:CurlUp","Guardian:TwinSlam+1","Guardian:TimeBomb+1","Guardian:Incinerate","Guardian:RefractedBeam","Guardian:BronzeArmor","Guardian:SentryBeam","Guardian:BaubleBeam+1","Guardian:Planning","Ghostly","Guardian:TimeBomb","Transmutation+1","Guardian:CrystalBeam","Guardian:BronzeOrb","Guardian:Suspension","Guardian:CrystalBeam"],"relics":["Guardian:ModeShifter","downfall:HeartsMalice","Shuriken","Guardian:PickAxe","Ice Cream","Sozu","CeramicFish","Kunai"],"acts_visited":["Exordium","TheCity"],"potions_floor_usage":[16,16,16,28],"damage_taken":[{"damage":0,"enemies":"Small Slimes","floor":2,"turns":1},{"damage":0,"enemies":"Jaw Worm","floor":3,"turns":1},{"damage":0,"enemies":"downfall:FleeingMerchant","floor":4,"turns":1},{"damage":13,"enemies":"downfall:FleeingMerchant","floor":8,"turns":5},{"damage":6,"enemies":"2 Louse","floor":9,"turns":3},{"damage":6,"enemies":"2 Fungi Beasts","floor":10,"turns":3},{"damage":4,"enemies":"Exordium Wildlife","floor":13,"turns":3},{"damage":10,"enemies":"3 Louse","floor":14,"turns":4},{"damage":9,"enemies":"2 Fungi Beasts","floor":15,"turns":4},{"damage":22,"enemies":"downfall:Silent","floor":16,"turns":7},{"damage":10,"enemies":"Chosen","floor":19,"turns":3},{"damage":0,"enemies":"Snake Plant","floor":22,"turns":3},{"damage":5,"enemies":"downfall:FleeingMerchant","floor":23,"turns":4},{"damage":12,"enemies":"Centurion and Healer","floor":26,"turns":4},{"damage":6,"enemies":"3 Cultists","floor":28,"turns":3},{"damage":7,"enemies":"Book of Stabbing","floor":30,"turns":3},{"damage":7,"enemies":"Snake Plant","floor":31,"turns":4},{"damage":7,"enemies":"Cultist and Chosen","floor":32,"turns":3},{"damage":27,"enemies":"downfall:Ironclad","floor":33,"turns":4}],"seed_played":"-7454616878466580752","potions_obtained":[{"floor":10,"key":"Guardian:DefensiveModePotion"},{"floor":13,"key":"FearPotion"},{"floor":14,"key":"Strength Potion"},{"floor":15,"key":"Dexterity Potion"},{"floor":16,"key":"Explosive Potion"}],"is_trial":false,"path_per_floor":["R","M","M","$","?","R","T","?","M","M","?","T","M","M","M","B",null,"R","M","?","?","M","$","T","?","M","R","M","?","E","M","M","B"],"character_chosen":"GUARDIAN","items_purchased":["Guardian:RefractedBeam","Transmutation"],"campfire_rested":0,"item_purchase_floors":[4,23],"current_hp_per_floor":[80,80,80,80,80,80,80,67,61,55,55,55,51,41,32,10,80,80,70,70,70,70,65,65,65,53,53,47,47,40,33,26,0,0,0],"gold":207,"neow_bonus":"THREE_ENEMY_KILL","is_daily":false,"chose_seed":false,"campfire_upgraded":4,"win_rate":0.0,"timestamp":1609573501,"path_taken":["R","M","M","$","?","R","T","?","M","M","?","?","M","M","M","BOSS","R","M","?","?","M","$","T","?","M","R","M","?","E","M","M","BOSS"],"items_purchased_type":["Card","Card"],"build_version":"2020-12-22","purchased_purges":0,"victory":false,"max_hp_per_floor":[80,80,80,80,80,80,80,80,80,80,80,80,80,80,80,80,80,80,80,80,80,80,80,80,80,80,80,80,80,80,80,80,80,80,80],"card_choices":[{"not_picked":["Guardian:GuardianWhirl","Guardian:VentSteam"],"picked":"Guardian:TimeBomb","floor":2},{"not_picked":["Guardian:Harden","Guardian:Gem_Green"],"picked":"Guardian:Incinerate","floor":3},{"not_picked":["Guardian:BronzeArmor","Guardian:ChargeCore"],"picked":"Guardian:Gem_Crimson","floor":4},{"not_picked":["Guardian:ArmoredProtocol","Guardian:GuardianWhirl","Guardian:Gem_Crimson"],"picked":"SKIP","floor":9},{"not_picked":["Guardian:PolyBeam","Guardian:CrystalBeam"],"picked":"Guardian:Gem_Orange","floor":10},{"not_picked":["Guardian:ShieldSpikes","Guardian:Preprogram"],"picked":"Guardian:BronzeArmor","floor":13},{"not_picked":["Guardian:GuardianWhirl","Guardian:ChargeUp"],"picked":"Guardian:SentryBeam","floor":14},{"not_picked":["Guardian:RefractedBeam","Guardian:ShieldCharger","Guardian:Gem_Red"],"picked":"SKIP","floor":15},{"not_picked":["Guardian:FastForward","Guardian:HyperBeam_Guardian"],"picked":"Guardian:BaubleBeam","floor":16},{"not_picked":["Guardian:Gem_Red","Guardian:Gem_Cyan"],"picked":"Guardian:Planning","floor":19},{"not_picked":["Guardian:Gem_Red","Guardian:Gem_Fragmented"],"picked":"Guardian:TimeBomb","floor":22},{"not_picked":["Guardian:ShieldSpikes","Guardian:RollAttack","Guardian:Gem_Crimson"],"picked":"SKIP","floor":23},{"not_picked":["Guardian:TemporalShield+1","Guardian:Gem_Fragmented","Guardian:RevengeProtocol"],"picked":"SKIP","floor":26},{"not_picked":["Guardian:Gem_Lightblue","Guardian:ChargeCore"],"picked":"Guardian:CrystalBeam","floor":28},{"not_picked":["Guardian:PiercingHide+1","Guardian:TemporalStrike"],"picked":"Guardian:CrystalBeam","floor":30},{"not_picked":["Guardian:VentSteam","Guardian:PiercingHide","Guardian:Gem_Crimson"],"picked":"SKIP","floor":31},{"not_picked":["Guardian:TimeBomb","Guardian:SentryBeam","Guardian:RefractedBeam+1"],"picked":"SKIP","floor":32}],"player_experience":82422,"relics_obtained":[{"floor":7,"key":"Shuriken"},{"floor":12,"key":"Ice Cream"},{"floor":24,"key":"CeramicFish"},{"floor":30,"key":"Kunai"}],"event_choices":[{"damage_healed":0,"gold_gain":0,"cards_transformed":["Guardian:Strike_Guardian","Guardian:Defend_Guardian"],"player_choice":"Became Test Subject","damage_taken":0,"max_hp_gain":0,"max_hp_loss":0,"event_name":"Drug Dealer","floor":29,"gold_loss":0,"cards_obtained":["Guardian:BronzeOrb","Guardian:Suspension"]}],"is_beta":false,"boss_relics":[{"not_picked":["Empty Cage","downfall:Hecktoplasm"],"picked":"Sozu"}],"items_purged_floors":[],"is_endless":false,"potions_floor_spawned":[8,10,13,14,15,16,22,31,32],"killed_by":"downfall:Ironclad","ascension_level":0}}