{"host":"i09pxcjttd31eh4q","time":1609599054,"event":{"mods":["AchievementEnabler","BaseMod","Colored Map","Keyboard Shortcuts","Minty Spire (QoL Compilation)","StSLib","SuperFastMode"],"gold_per_floor":[116,116,26,26,40,40,65,65,65,65,83,94,110,35,35,114,114,133,146,146,146,61,61,61,61],"floor_reached":24,"playtime":967,"items_purged":["Strike_B"],"score":488,"play_id":"3af76523-549a-49a7-b62b-a7381239a74c","local_time":"20210102235054","is_ascension_mode":true,"campfire_choices":[{"data":"Rip and Tear","floor":6.0,"key":"SMITH"},{"data":"Defragment","floor":8.0,"key":"SMITH"},{"data":"Defragment","floor":15,"key":"SMITH"},{"data":"Storm","floor":23,"key":"SMITH"}],"circlet_count":0,"master_deck":["AscendersBane","Strike_B+1","Defend_B","Zap","Dualcast+1","Core Surge","Cold Snap","Rip and Tear+1","Compile Driver","Defragment+1","Storm+1","Glacier","Defragment+1","Buffer","Conserve Battery+1","Rainbow+1","Stack+1","Chill+1","Conserve Battery+1","Machine Learning","Loop"],"relics":["Cracked Core","Matryoshka","Kunai","Astrolabe"],"acts_visited":["Exordium","TheCity"],"potions_floor_usage":[12,16,24],"damage_taken":[{"damage":7.0,"enemies":"2 Louse","floor":1.0,"turns":3.0},{"damage":0.0,"enemies":"Cultist","floor":5.0,"turns":3.0},{"damage":22.0,"enemies":"Gremlin Nob","floor":7.0,"turns":4.0},{"damage":0,"enemies":"Small Slimes","floor":11,"turns":2},{"damage":4,"enemies":"Exordium Thugs","floor":12,"turns":4},{"damage":4,"enemies":"2 Fungi Beasts","floor":13,"turns":3},{"damage":0,"enemies":"Hexaghost","floor":16,"turns":9},{"damage":6,"enemies":"Shell Parasite","floor":18,"turns":6},{"damage":0,"enemies":"Spheric Guardian","floor":19,"turns":4},{"damage":44,"enemies":"Gremlin Leader","floor":24,"turns":8}],"seed_played":"-5864249151891216495","potions_obtained":[{"floor":5.0,"key":"EssenceOfDarkness"},{"floor":7.0,"key":"Explosive Potion"},{"floor":10,"key":"Dexterity Potion"},{"floor":13,"key":"FocusPotion"},{"floor":16,"key":"Energy Potion"},{"floor":18,"key":"PotionOfCapacity"}],"is_trial":false,"path_per_floor":["M","?","$","?","M","R","E","R","T","?","M","M","M","$","R","B",null,"M","M","?","?","$","R","E"],"character_chosen":"DEFECT","items_purchased":["Defragment","Loop"],"campfire_rested":0,"item_purchase_floors":[3,22],"current_hp_per_floor":[57,57,57,38,38,38,16,16,16,16,16,12,8,8,8,8,50,44,44,44,44,44,44,0,0],"gold":61,"neow_bonus":"THREE_RARE_CARDS","is_daily":false,"chose_seed":false,"campfire_upgraded":4,"win_rate":0.0,"timestamp":1609599054,"path_taken":["M","?","$","?","M","R","E","R","T","?","M","M","M","$","R","BOSS","M","M","?","?","$","R","E"],"items_purchased_type":["Card","Card"],"build_version":"2020-12-22","purchased_purges":1,"victory":false,"max_hp_per_floor":[64,64,64,64,64,64,64,64,64,64,64,64,64,64,64,64,64,64,64,64,64,64,64,64,64],"card_choices":[{"not_picked":["Electrodynamics","Hyperbeam"],"picked":"Core Surge","floor":0.0},{"not_picked":["Conserve Battery","Reprogram"],"picked":"Cold Snap","floor":1.0},{"not_picked":["Streamline","Steam"],"picked":"Storm","floor":5.0},{"not_picked":["Reinforced Body","Steam"],"picked":"Glacier","floor":7.0},{"not_picked":["Redo","Rebound","Gash"],"picked":"SKIP","floor":11},{"not_picked":["Ball Lightning","Streamline"],"picked":"Defragment","floor":12},{"not_picked":["Barrage","Stack","Go for the Eyes"],"picked":"SKIP","floor":13},{"not_picked":["Machine Learning","Creative AI"],"picked":"Buffer","floor":16},{"not_picked":["Leap","Hologram"],"picked":"Chill+1","floor":18},{"not_picked":["Compile Driver","Redo"],"picked":"Conserve Battery+1","floor":19}],"player_experience":822437,"relics_obtained":[{"floor":7.0,"key":"Matryoshka"},{"floor":9,"key":"Kunai"}],"event_choices":[{"damage_healed":0.0,"max_hp_gain":0.0,"max_hp_loss":0.0,"gold_gain":0.0,"event_name":"Match and Keep!","player_choice":"2 cards matched","floor":2.0,"gold_loss":0.0,"damage_taken":0.0,"cards_obtained":["Rip and Tear","Compile Driver"]},{"damage_healed":0.0,"max_hp_gain":0.0,"max_hp_loss":0.0,"gold_gain":0.0,"event_name":"Shining Light","player_choice":"Entered Light","floor":4.0,"gold_loss":0.0,"damage_taken":19.0,"cards_upgraded":["Dualcast","Strike_B"]},{"damage_healed":0,"gold_gain":0,"player_choice":"Got Potions","damage_taken":0,"max_hp_gain":0,"max_hp_loss":0,"event_name":"Lab","floor":10,"gold_loss":0},{"damage_healed":0,"gold_gain":0,"cards_transformed":["Defend_B","Defend_B"],"player_choice":"Became Test Subject","damage_taken":0,"max_hp_gain":0,"max_hp_loss":0,"event_name":"Drug Dealer","floor":20,"gold_loss":0,"cards_obtained":["Thunder Strike","Machine Learning"]},{"cards_removed":["Thunder Strike"],"damage_healed":0,"gold_gain":0,"player_choice":"Purged","damage_taken":0,"max_hp_gain":0,"max_hp_loss":0,"event_name":"Purifier","floor":21,"gold_loss":0}],"is_beta":false,"boss_relics":[{"not_picked":["Cursed Key","SacredBark"],"picked":"Astrolabe"}],"items_purged_floors":[14],"is_endless":false,"potions_floor_spawned":[5,7,13,16,18],"killed_by":"Gremlin Leader","ascension_level":20}}