{"host":"2461dio7vetlq1z3","time":1609623984,"event":{"mods":["2.2 Compatiblity","AchievementEnabler","BaseMod","Better Third Choice","Friendly Minions","Minty Spire (QoL Compilation)","Relic Stats","Spicy Shops","StSLib","The Marked","Waifu the Spire"],"gold_per_floor":[112,124,142,142,155,155,167,205,230,266,285,107,107,119,119,233,233,233],"floor_reached":17,"playtime":788,"items_purged":["theMarked:Strike"],"score":169,"play_id":"b9d255d1-2333-4bd7-9e70-6674e62bef6e","local_time":"20210102224624","is_ascension_mode":false,"campfire_choices":[{"data":"theMarked:Improvise","floor":6,"key":"SMITH"},{"floor":13,"key":"REST"},{"floor":15,"key":"REST"}],"circlet_count":0,"master_deck":["theMarked:Strike","theMarked:Strike","theMarked:Strike","theMarked:Strike","theMarked:Defend","theMarked:Defend","theMarked:Defend","theMarked:Defend","theMarked:SoldierOfQuellstein","theMarked:ComboAttacks","theMarked:Improvise+1","theMarked:MysticalArsenal","theMarked:TwofoldDefense","theMarked:SwordAndMagic","theMarked:SelfDefenseTraining","theMarked:RepellingDischarge","theMarked:HeritageOfTheMarked","theMarked:ComboAttacks","theMarked:TakeOffHeels"],"relics":["SacredBark","Shovel","CeramicFish","Bag of Marbles","PreservedInsect","Runic Pyramid"],"acts_visited":["Exordium","TheCity"],"potions_floor_usage":[10,16],"damage_taken":[{"damage":5,"enemies":"Jaw Worm","floor":1,"turns":6},{"damage":0,"enemies":"Cultist","floor":2,"turns":4},{"damage":2,"enemies":"2 Louse","floor":3,"turns":2},{"damage":5,"enemies":"Looter","floor":5,"turns":4},{"damage":4,"enemies":"Large Slime","floor":7,"turns":6},{"damage":32,"enemies":"Gremlin Nob","floor":8,"turns":4},{"damage":4,"enemies":"3 Sentries","floor":10,"turns":6},{"damage":8,"enemies":"Exordium Thugs","floor":11,"turns":4},{"damage":24,"enemies":"Exordium Wildlife","floor":14,"turns":7},{"damage":22,"enemies":"Slime Boss","floor":16,"turns":7}],"seed_played":"-1638585363444571096","potions_obtained":[{"floor":1,"key":"SkillPotion"},{"floor":5,"key":"Dexterity Potion"},{"floor":11,"key":"Strength Potion"},{"floor":16,"key":"Weak Potion"}],"is_trial":false,"path_per_floor":["M","M","M","?","M","R","M","E","T","E","M","$","R","M","R","B",null],"character_chosen":"THE_DEFAULT","items_purchased":["theMarked:ComboAttacks"],"campfire_rested":2,"item_purchase_floors":[12],"current_hp_per_floor":[65,65,63,63,58,58,54,22,22,18,10,10,31,7,28,6,70,70],"gold":233,"neow_bonus":"BOSS_RELIC","is_daily":false,"chose_seed":false,"campfire_upgraded":1,"win_rate":0.0,"timestamp":1609623984,"path_taken":["M","M","M","?","M","R","M","E","T","E","M","?","R","M","R","BOSS"],"items_purchased_type":["Card"],"build_version":"2020-12-22","purchased_purges":1,"victory":false,"max_hp_per_floor":[70,70,70,70,70,70,70,70,70,70,70,70,70,70,70,70,70,70],"relic_stats":{"Shovel":0,"counters":[10,49],"CeramicFish":45,"PreservedInsect":0,"obtain_stats":[{"theMarked:ArtifactOfAir":0,"Shovel":4,"SacredBark":0,"CeramicFish":8,"PreservedInsect":10,"Bag of Marbles":9,"Runic Pyramid":17},{"theMarked:ArtifactOfAir":0,"Shovel":3,"SacredBark":0,"CeramicFish":6,"PreservedInsect":7,"Bag of Marbles":6,"Runic Pyramid":10},{"theMarked:ArtifactOfAir":0,"Shovel":12,"SacredBark":0,"CeramicFish":26,"PreservedInsect":32,"Bag of Marbles":26,"Runic Pyramid":49}]},"card_choices":[{"not_picked":["theMarked:HeritageOfTheMarked","theMarked:ContemptForTheProud"],"picked":"theMarked:ComboAttacks","floor":1},{"not_picked":["theMarked:ChainLightning","theMarked:ElementalBlade"],"picked":"theMarked:Improvise","floor":2},{"not_picked":["theMarked:Indomitable","theMarked:WastefulDefense"],"picked":"theMarked:MysticalArsenal","floor":3},{"not_picked":["theMarked:HeightenedSenses","theMarked:ElectricStrings"],"picked":"theMarked:TwofoldDefense","floor":5},{"not_picked":["theMarked:Parry","theMarked:BanishingStrike"],"picked":"theMarked:SwordAndMagic","floor":7},{"not_picked":["theMarked:Aftermath","theMarked:SwordAndMagic"],"picked":"theMarked:SelfDefenseTraining","floor":8},{"not_picked":["theMarked:Electrify","theMarked:LightningStrikesTwice"],"picked":"theMarked:RepellingDischarge","floor":10},{"not_picked":["theMarked:EnhanceMovement","theMarked:ChainLightning"],"picked":"theMarked:HeritageOfTheMarked","floor":11},{"not_picked":["theMarked:Parkour","theMarked:Reabsorb","theMarked:Frustration"],"picked":"SKIP","floor":14},{"not_picked":["theMarked:SummonStrength","theMarked:SuspiciousRaven"],"picked":"theMarked:TakeOffHeels","floor":16}],"player_experience":1025458,"relics_obtained":[{"floor":8,"key":"CeramicFish"},{"floor":9,"key":"Bag of Marbles"},{"floor":10,"key":"PreservedInsect"}],"event_choices":[{"damage_healed":0,"gold_gain":0,"player_choice":"Gave Potion","damage_taken":0,"relics_obtained":["Shovel"],"max_hp_gain":0,"max_hp_loss":0,"event_name":"WeMeetAgain","floor":4,"gold_loss":0}],"is_beta":false,"boss_relics":[{"not_picked":["Astrolabe","Tiny House"],"picked":"Runic Pyramid"}],"items_purged_floors":[12],"is_endless":false,"potions_floor_spawned":[1,5,11,16],"ascension_level":0}}