{"host":"uiaocagxbjlinul0","time":1609605185,"event":{"mods":["Act Like it!","BaseMod","Better Match","Block Reminder","CapriCore","ChefMod","GifTheSpireLib","Hallownest","Hermit","Minty Spire (QoL Compilation)","Quick Restart","Robot Space Explorer","Shade Mod","StSLib","Stuff the Spire","The Animator","The Bug Knight","The Caster","The Death Knight","The Dragon Tamer","The Forsaken","The Immortal","The Marked","TheSwordswoman","TheVacant","Wandering Minibosses"],"gold_per_floor":[115,0,0,13,13,38,38,38,38,38,37,33,33,39,39,133,133,881,881,836,1294,1307,1307,1362,1393,1393,1393,1393,1090,1090,1109,1109,1204,1204,1223,1223,1098,1111,812,812,823,848,848,848,876,896,916,916,916,916,916],"floor_reached":50,"playtime":3169,"items_purged":["caster:strike"],"score":543,"play_id":"d338e10d-f877-44fd-b062-c4b45fbec7ae","local_time":"20210102083305","is_ascension_mode":false,"campfire_choices":[{"floor":10.0,"key":"REST"},{"data":"caster:Tundra","floor":15.0,"key":"SMITH"},{"data":"caster:ManaOverflow","floor":23.0,"key":"SMITH"},{"data":"caster:Incantation","floor":28.0,"key":"SMITH"},{"data":"caster:WallOfThorns","floor":30.0,"key":"SMITH"},{"floor":32.0,"key":"REST"},{"floor":40.0,"key":"REST"},{"data":"StuffTheSpire:BrainWave","floor":49,"key":"SMITH"}],"circlet_count":0,"master_deck":["caster:Meteor","caster:DivertFocus","caster:strike","caster:defend","caster:defend","caster:defend","caster:defend","caster:Incantation+1","caster:DiablosFlame","caster:WallOfRocks","caster:Fira+1","caster:LightningBolt","caster:Tundra+1","caster:MagicBarrier","caster:ManaOverflow+1","caster:Fireball+1","caster:Elementalize+1","caster:Tundra+1","caster:MeteorStorm+1","caster:WallOfThorns+1","caster:Sandstorm","caster:Unearth+1","caster:Rectify+1","caster:FlashFrost+1","Apotheosis+1","caster:defend","caster:DiablosFlame+1","StuffTheSpire:BrainWave+1"],"relics":["caster:MagicBook","Bronze Scales","StuffTheSpire:Mouthbags","StrikeDummy","Hallownest:DreamNailRelic","Busted Crown","wanderingMiniBosses:MasterThiefsPresence","Red Mask","Ornamental Fan","Pen Nib","SlaversCollar","Hallownest:KingsIdolRelic","Hallownest:SoulVesselRelic","HollowMod:PaleOreRelic","Akabeko","HollowMod:StagPassRelic","Sundial","StoneCalendar"],"acts_visited":["Hallownest:Greenpath","Hallownest:CityofTears","Hallownest:KingdomsEdge"],"potions_floor_usage":[],"damage_taken":[{"damage":0.0,"enemies":"Hallownest:monsterHuskGuard","floor":1.0,"turns":1.0},{"damage":11.0,"enemies":"Hallownest:monsterMarmu","floor":3.0,"turns":2.0},{"damage":0.0,"enemies":"2_ Uuma","floor":4.0,"turns":1.0},{"damage":44.0,"enemies":"Hallownest:eliteCrystalGuardian","floor":6.0,"turns":8.0},{"damage":3.0,"enemies":"Hallownest:2_Baldur","floor":11.0,"turns":6.0},{"damage":9.0,"enemies":"Hallownest:Wandering_and_Horned","floor":12.0,"turns":6.0},{"damage":0.0,"enemies":"Hallownest:Guard_and_Warrior","floor":14.0,"turns":6.0},{"damage":10.0,"enemies":"Hallownest:BossBrokenVessel","floor":16.0,"turns":8.0},{"damage":16.0,"enemies":"Hallownest:Flukemon_and_Top","floor":18.0,"turns":7.0},{"damage":0.0,"enemies":"Hallownest:2_Mistakes","floor":22.0,"turns":7.0},{"damage":5.0,"enemies":"Hallownest:Glutton_and_Coward","floor":24.0,"turns":4.0},{"damage":16.0,"enemies":"Hallownest:eliteWatcherKnight","floor":25.0,"turns":11.0},{"damage":20.0,"enemies":"Hallownest:3_Mistakes","floor":31.0,"turns":7.0},{"damage":29.0,"enemies":"Hallownest:BossMantisLord","floor":33.0,"turns":8.0},{"damage":25.0,"enemies":"Hallownest:2_Littles","floor":35.0,"turns":5.0},{"damage":25.0,"enemies":"Hallownest:3_Siblings","floor":38.0,"turns":6.0},{"damage":8.0,"enemies":"Hallownest:monsterPrimalAspid","floor":41.0,"turns":4.0},{"damage":7.0,"enemies":"Hallownest:eliteCollector","floor":42.0,"turns":7.0},{"damage":13,"enemies":"Hallownest:StalkingDevout","floor":45,"turns":6},{"damage":0,"enemies":"Hallownest:2_Great","floor":46,"turns":5},{"damage":4,"enemies":"Hallownest:2_Wing_and_1_Kings","floor":47,"turns":4},{"damage":32,"enemies":"Hallownest:BossGreyPrinceZote","floor":50,"turns":4}],"seed_played":"9124698166724730058","potions_obtained":[{"floor":6.0,"key":"Energy Potion"},{"floor":11.0,"key":"DeathKnight:BottledBloodEchoes"},{"floor":14.0,"key":"Regen Potion"},{"floor":22.0,"key":"Strength Potion"},{"floor":33.0,"key":"DistilledChaos"},{"floor":35.0,"key":"LiquidBronze"},{"floor":46,"key":"SteroidPotion"}],"is_trial":false,"path_per_floor":["M","?","?","M","?","E","$","?","T","R","M","M","?","M","R","B",null,"M","?","?","?","M","R","M","E","T","?","R","$","R","M","R","B",null,"M","?","?","M","$","R","M","E","T","?","E","M","M","?","R","B"],"character_chosen":"THE_CASTER","items_purchased":["Pen Nib","caster:WallOfThorns","HollowMod:PaleOreRelic","Akabeko"],"campfire_rested":3,"item_purchase_floors":[29,29,39,39],"current_hp_per_floor":[64,64,53,53,53,9,9,9,9,28,25,16,16,16,16,21,64,48,48,54,54,54,54,49,33,33,33,33,33,33,13,34,9,70,47,47,47,24,24,45,37,34,34,34,24,26,24,24,24,0,0],"gold":916,"neow_bonus":"THREE_ENEMY_KILL","is_daily":false,"chose_seed":false,"campfire_upgraded":5,"win_rate":0.0,"timestamp":1609605185,"path_taken":["M","?","?","M","?","E","$","?","T","R","M","M","?","M","R","BOSS","M","?","?","?","M","R","M","E","T","?","R","$","R","M","R","BOSS","M","?","?","M","$","R","M","E","T","?","E","M","?","?","R","BOSS"],"items_purchased_type":["Relic","Card","Relic","Relic"],"build_version":"2020-12-22","purchased_purges":1,"victory":false,"max_hp_per_floor":[64,64,64,64,64,64,64,64,64,64,64,64,64,64,64,64,64,64,64,70,70,70,70,70,70,70,70,70,70,70,70,70,70,70,70,70,70,70,70,70,70,70,70,70,70,70,70,70,70,70,70],"card_choices":[{"not_picked":["caster:FireWall","caster:DiablosFlame"],"picked":"caster:Incantation","floor":1.0},{"not_picked":["caster:Sultry","caster:Charge"],"picked":"caster:DiablosFlame","floor":4.0},{"not_picked":["caster:BookThrow","caster:Charge"],"picked":"caster:WallOfRocks","floor":6.0},{"not_picked":["caster:LAZER","caster:Sandstorm"],"picked":"caster:LightningBolt","floor":11.0},{"not_picked":["caster:Sandstorm","caster:Sleet"],"picked":"caster:Tundra","floor":12.0},{"not_picked":["caster:FireWall","caster:Discharge"],"picked":"caster:MagicBarrier","floor":14.0},{"not_picked":["caster:Demi","caster:LordOfVermillion"],"picked":"caster:ManaOverflow","floor":16.0},{"not_picked":[],"picked":"caster:Fireball+1","floor":18.0},{"not_picked":["caster:Surge"],"picked":"SKIP","floor":22.0},{"not_picked":["caster:LAZER"],"picked":"SKIP","floor":24.0},{"not_picked":[],"picked":"caster:Elementalize+1","floor":25.0},{"not_picked":[],"picked":"caster:Tundra+1","floor":27.0},{"not_picked":[],"picked":"caster:MeteorStorm+1","floor":27.0},{"not_picked":[],"picked":"caster:Sandstorm","floor":31.0},{"not_picked":[],"picked":"caster:Unearth+1","floor":35.0},{"not_picked":["caster:LightningBolt"],"picked":"SKIP","floor":38.0},{"not_picked":[],"picked":"caster:Rectify+1","floor":41.0},{"not_picked":[],"picked":"caster:FlashFrost+1","floor":42.0},{"not_picked":[],"picked":"Apotheosis+1","floor":44.0},{"not_picked":[],"picked":"caster:DiablosFlame+1","floor":45},{"not_picked":["caster:AshesToAshes"],"picked":"SKIP","floor":46},{"not_picked":["caster:LightningBolt+1"],"picked":"SKIP","floor":47},{"not_picked":["StuffTheSpire:Perfection","StuffTheSpire:Brawn"],"picked":"StuffTheSpire:BrainWave","floor":48}],"player_experience":194745,"relics_obtained":[{"floor":6.0,"key":"StuffTheSpire:Mouthbags"},{"floor":9.0,"key":"StrikeDummy"},{"floor":18.0,"key":"wanderingMiniBosses:MasterThiefsPresence"},{"floor":25.0,"key":"StuffTheSpire:Gunfinga"},{"floor":26.0,"key":"Ornamental Fan"},{"floor":42.0,"key":"HollowMod:StagPassRelic"},{"floor":43.0,"key":"Sundial"},{"floor":45,"key":"StoneCalendar"}],"event_choices":[{"damage_healed":0.0,"max_hp_gain":0.0,"max_hp_loss":0.0,"gold_gain":0.0,"event_name":"betterMatch:BetterMatch","player_choice":"2","floor":44.0,"gold_loss":0.0,"damage_taken":0.0,"cards_obtained":["betterMatch:ColorlessRareCard","betterMatch:CommonCard"]}],"is_beta":false,"boss_relics":[{"not_picked":["Fusion Hammer","Tiny House"],"picked":"Busted Crown"},{"not_picked":["Empty Cage","Runic Pyramid"],"picked":"SlaversCollar"}],"items_purged_floors":[29],"is_endless":false,"potions_floor_spawned":[3,6,11,14,22,33,35,46,47],"killed_by":"Hallownest:BossGreyPrinceZote","ascension_level":0}}