{"host":"v9ordiuf4xzdpttp","time":1609567673,"event":{"mods":["AchievementEnabler","Act Like it!","AlwaysNeverKeys","Aspiration","Bartender","BaseMod","Better Third Choice","Better Vampires","BetterRewards","Colored Map","Conspire","Dio Mod","Downfall","Energized Spire","Gold Saver","GungeonMod","Halation","Hubris","Infinite Spire","Ironclad Rager","Jedi Mod","Marked Mod","Melee Mod","Minty Spire (QoL Compilation)","Pale of the Ancients","Remove Card Discount Mod","Replay The Spire","Robot Space Explorer","SOS???????","Shop Mod","Small Relic Pack","Somnambulant","Spicy Shops","StSLib","The Bladedancer","The Bug Knight","The Construct","The Death Knight","The Exalted","The Hayseed","The Runesmith","The Senshi","The Servant 0.9.4","The Wild Card","TheBandit","??????REMEMod"],"gold_per_floor":[110,130,130,130,150,180,180,180,180,180,200,218,235,249,249,346,346,346],"floor_reached":17,"playtime":866,"items_purged":[],"score":184,"play_id":"90431936-32d9-4d3d-a653-da8d64f673f2","local_time":"20210102010753","is_ascension_mode":false,"campfire_choices":[{"data":"Bitters","floor":7,"key":"SMITH"},{"floor":10,"key":"REST"},{"floor":15,"key":"RECALL"}],"circlet_count":0,"master_deck":["Strike_Bartender","Strike_Bartender","Strike_Bartender","Strike_Bartender","Defend_Bartender","Defend_Bartender","Defend_Bartender","Defend_Bartender","Somersault","Rope_A_Dope+1","Beat_Rush+1","Sucker_Punch","DeusExMachina","Bitters+1","Sucker_Punch","Scowl+1","Ball_Of_Ice","Snap_Punch","Rising_Crane","Momentum","Fight_Dirty","With_A_Twist","Combo_Master"],"relics":["Sneakers","REME_ComplimentaryCards","BargainBundle","Ice Cream","Lee\u0027s Waffle","MerchantsRug","relicPack:OneForAll","Regal Pillow","Dream Catcher","DemoMod:GlassGuonStoneRelic","aspiration:RitualDagger"],"acts_visited":["Exordium","TheCity"],"potions_floor_usage":[],"damage_taken":[{"damage":11,"enemies":"Jaw Worm","floor":1,"turns":2},{"damage":0,"enemies":"Small Slimes","floor":2,"turns":2},{"damage":0,"enemies":"Cultist","floor":5,"turns":1},{"damage":0,"enemies":"3 Sentries","floor":6,"turns":6},{"damage":0,"enemies":"2 Fungi Beasts","floor":11,"turns":1},{"damage":1,"enemies":"3 Louse","floor":12,"turns":2},{"damage":0,"enemies":"Blue Slaver","floor":13,"turns":1},{"damage":0,"enemies":"2 Fungi Beasts","floor":14,"turns":2},{"damage":8,"enemies":"Slime Boss","floor":16,"turns":6}],"seed_played":"5313822393997534903","potions_obtained":[{"floor":2,"key":"sneckomod:MuddlingPotion"},{"floor":6,"key":"FearPotion"},{"floor":11,"key":"Explosive Potion"}],"is_trial":false,"path_per_floor":["M","M","?","?","M","E","R","?","T","R","M","M","M","M","R","B",null],"character_chosen":"BARTENDER","items_purchased":["Rope_A_Dope+1","BargainBundle","Ice Cream","Lee\u0027s Waffle","Beat_Rush","MerchantsRug"],"campfire_rested":1,"item_purchase_floors":[0,0,0,0,0,0],"current_hp_per_floor":[66,66,66,66,66,66,66,66,66,77,77,76,76,76,76,68,77,77],"gold":346,"neow_bonus":"","is_daily":false,"chose_seed":false,"campfire_upgraded":1,"win_rate":0.0,"timestamp":1609567673,"path_taken":["M","M","?","?","?","E","R","?","T","R","M","M","M","M","R","BOSS"],"items_purchased_type":["Card","Relic","Relic","Relic","Card","Relic"],"build_version":"2020-12-22","purchased_purges":0,"victory":false,"max_hp_per_floor":[77,77,77,77,77,77,77,77,77,77,77,77,77,77,77,77,77,77],"card_choices":[{"not_picked":["Ripple","Waterkick"],"picked":"Bitters","floor":1},{"not_picked":["Cross","Stick_and_Move"],"picked":"Sucker_Punch","floor":2},{"not_picked":["Pony_Shot","Ripple"],"picked":"Scowl","floor":5},{"not_picked":["Fading_Blow","Well_Drinks"],"picked":"Ball_Of_Ice","floor":6},{"not_picked":["Step_Of_The_Wind","Pony_Shot"],"picked":"Snap_Punch","floor":10},{"not_picked":["Free_Pour","Pony_Shot"],"picked":"Rising_Crane","floor":11},{"not_picked":["Surge","Free_Pour"],"picked":"Momentum","floor":12},{"not_picked":["Fading_Blow","Dancing_Jab"],"picked":"Fight_Dirty","floor":13},{"not_picked":["On_The_Rocks","Pony_Shot"],"picked":"With_A_Twist","floor":14},{"not_picked":["Breathe_Deep","High_Tide"],"picked":"Combo_Master","floor":16}],"player_experience":232249,"relics_obtained":[{"floor":6,"key":"Regal Pillow"},{"floor":9,"key":"Dream Catcher"}],"event_choices":[{"damage_healed":0,"gold_gain":0,"player_choice":"Upgraded","damage_taken":0,"max_hp_gain":0,"max_hp_loss":0,"event_name":"Upgrade Shrine","floor":4,"gold_loss":0,"cards_upgraded":["Beat_Rush"]},{"damage_healed":0,"gold_gain":0,"player_choice":"Grow","damage_taken":0,"max_hp_gain":0,"max_hp_loss":0,"event_name":"Living Wall","floor":8,"gold_loss":0,"cards_upgraded":["Scowl"]}],"is_beta":false,"boss_relics":[{"not_picked":["aspiration:ServantSkillbook","hubris:BlackHole"],"picked":"aspiration:RitualDagger"}],"items_purged_floors":[],"is_endless":false,"potions_floor_spawned":[2,6,11,14],"ascension_level":0}}