{"host":"m2106ztvmcgfoyc9","time":1609576506,"event":{"mods":["BaseMod","Minty Spire (QoL Compilation)","Relic Stats"],"gold_per_floor":[119,130,143,68,68,68,68,68,68,93,93,134,134,146,146,233,233,252,252,252],"floor_reached":19,"playtime":531,"items_purged":["Strike_G"],"score":350,"play_id":"4141d663-30fb-4507-a176-290ecc7ea434","local_time":"20210102093506","is_ascension_mode":true,"campfire_choices":[{"data":"Underhanded Strike","floor":6,"key":"SMITH"},{"data":"Neutralize","floor":8,"key":"SMITH"},{"data":"All Out Attack","floor":11,"key":"SMITH"},{"data":"Corpse Explosion","floor":13,"key":"SMITH"},{"floor":15,"key":"REST"}],"circlet_count":0,"master_deck":["AscendersBane","Strike_G","Strike_G","Strike_G","Defend_G","Defend_G","Defend_G","Defend_G","Defend_G","Survivor","Neutralize+1","Poisoned Stab","Catalyst","Underhanded Strike+1","Infinite Blades","Pain","All Out Attack+1","Corpse Explosion+1","Unload"],"relics":["HoveringKite","WarpedTongs","Mercury Hourglass","White Beast Statue","CeramicFish","Runic Pyramid"],"acts_visited":["Exordium","TheCity"],"potions_floor_usage":[12,16],"damage_taken":[{"damage":0,"enemies":"Cultist","floor":1,"turns":4},{"damage":1,"enemies":"2 Louse","floor":2,"turns":3},{"damage":0,"enemies":"Small Slimes","floor":3,"turns":4},{"damage":11,"enemies":"Lagavulin","floor":10,"turns":6},{"damage":15,"enemies":"Gremlin Nob","floor":12,"turns":4},{"damage":1,"enemies":"2 Fungi Beasts","floor":14,"turns":2},{"damage":29,"enemies":"The Guardian","floor":16,"turns":9},{"damage":31,"enemies":"Shell Parasite","floor":18,"turns":4},{"damage":0,"enemies":"Spheric Guardian","floor":19,"turns":2}],"seed_played":"-4526282766202590207","potions_obtained":[{"floor":1,"key":"Block Potion"},{"floor":12,"key":"SneckoOil"},{"floor":14,"key":"DistilledChaos"},{"floor":16,"key":"SpeedPotion"},{"floor":18,"key":"Energy Potion"}],"is_trial":false,"path_per_floor":["M","M","M","$","?","R","?","R","T","E","R","E","R","M","R","B",null,"M","M"],"character_chosen":"THE_SILENT","items_purchased":[],"campfire_rested":1,"item_purchase_floors":[],"current_hp_per_floor":[59,58,58,58,58,58,58,58,58,47,47,32,32,31,50,21,55,24,24,24],"gold":252,"neow_bonus":"BOSS_RELIC","is_daily":false,"chose_seed":false,"campfire_upgraded":4,"win_rate":0.0,"timestamp":1609576506,"path_taken":["M","M","M","$","?","R","?","R","T","E","R","E","R","?","R","BOSS","M","?"],"items_purchased_type":[],"build_version":"2020-12-22","purchased_purges":1,"victory":false,"max_hp_per_floor":[66,66,66,66,66,66,66,66,66,66,66,66,66,66,66,66,66,66,66,66],"relic_stats":{"counters":[9,38],"CeramicFish":18,"HoveringKite":[12],"obtain_stats":[{"CeramicFish":12,"HoveringKite":0,"White Beast Statue":10,"Ring of the Snake":0,"WarpedTongs":7,"Mercury Hourglass":9,"Runic Pyramid":17},{"CeramicFish":5,"HoveringKite":0,"White Beast Statue":4,"Ring of the Snake":0,"WarpedTongs":3,"Mercury Hourglass":3,"Runic Pyramid":7},{"CeramicFish":21,"HoveringKite":0,"White Beast Statue":17,"Ring of the Snake":0,"WarpedTongs":11,"Mercury Hourglass":11,"Runic Pyramid":32}],"WarpedTongs":[27],"Mercury Hourglass":[51]},"card_choices":[{"not_picked":["Leg Sweep","Outmaneuver"],"picked":"Poisoned Stab","floor":1},{"not_picked":["Quick Slash","Heel Hook"],"picked":"Catalyst","floor":2},{"not_picked":["Heel Hook","Masterful Stab"],"picked":"Underhanded Strike","floor":3},{"not_picked":["Tactician","Backstab"],"picked":"All Out Attack","floor":10},{"not_picked":["Reflex","Prepared"],"picked":"Corpse Explosion","floor":12},{"not_picked":["Quick Slash","Setup","Caltrops"],"picked":"SKIP","floor":14},{"not_picked":["Envenom","Storm of Steel"],"picked":"Unload","floor":16},{"not_picked":["Acrobatics","Sucker Punch","Expertise"],"picked":"SKIP","floor":18}],"player_experience":969563,"relics_obtained":[{"floor":9,"key":"Mercury Hourglass"},{"floor":10,"key":"White Beast Statue"},{"floor":12,"key":"CeramicFish"}],"event_choices":[{"damage_healed":0,"gold_gain":0,"cards_transformed":["Strike_G"],"player_choice":"Change","damage_taken":0,"max_hp_gain":0,"max_hp_loss":0,"event_name":"Living Wall","floor":5,"gold_loss":0,"cards_obtained":["Infinite Blades"]},{"damage_healed":0,"gold_gain":0,"player_choice":"Rummage","damage_taken":0,"relics_obtained":["WarpedTongs"],"max_hp_gain":0,"max_hp_loss":0,"event_name":"Accursed Blacksmith","floor":7,"gold_loss":0,"cards_obtained":["Pain"]}],"is_beta":false,"boss_relics":[{"not_picked":["Coffee Dripper","Tiny House"],"picked":"Runic Pyramid"}],"items_purged_floors":[4],"is_endless":false,"potions_floor_spawned":[1,12,14,16,18],"killed_by":"Spheric Guardian","ascension_level":20}}