{"host":"ttx8tv95o5vka1nm","time":1609561663,"event":{"mods":["AchievementEnabler","BaseMod","Colored Map","Downfall","Infinite Spire","Minty Spire (QoL Compilation)","Replay The Spire","Shop Mod","StSLib","The Jungle"],"gold_per_floor":[116,130,130,174,192,217,229,229,229,229,27,58,71,81,81,183,183,201,211,221,271,271],"floor_reached":21,"playtime":1822,"items_purged":["Defend_P","Voices"],"score":262,"play_id":"3324a32b-7e85-4975-94e5-8b1989845782","local_time":"20210102142743","is_ascension_mode":true,"campfire_choices":[{"data":"Establishment","floor":8,"key":"SMITH"},{"data":"Eruption","floor":10,"key":"SMITH"},{"floor":15,"key":"REST"}],"circlet_count":0,"master_deck":["Eruption+1","Vigilance","SandsOfTime","Protect","ClearTheMind","Crescendo","Establishment+1","Indignation+1","BattleHymn","TalkToTheHand","Protect+1","Devotion","Brilliance","Omniscience+1","DeusExMachina+1","ForeignInfluence+1","Replay:Vibes+1","Conclude","Swivel+1","Consecrate+1","FearNoEvil"],"relics":["PureWater","NeowsBlessing","Toxic Egg 2","TungstenRod","MerchantsRug","Calipers","Pandora\u0027s Box","ReplayTheSpireMod:CursedCoin"],"acts_visited":["Exordium","TheCity"],"potions_floor_usage":[6,12],"damage_taken":[{"damage":0,"enemies":"Small Slimes","floor":1,"turns":1},{"damage":0,"enemies":"2 Louse","floor":2,"turns":2},{"damage":0,"enemies":"Cultist","floor":5,"turns":1},{"damage":0,"enemies":"Lagavulin","floor":6,"turns":5},{"damage":2,"enemies":"Exordium Thugs","floor":7,"turns":4},{"damage":11,"enemies":"Gremlin Nob","floor":12,"turns":3},{"damage":27,"enemies":"Gremlin Gang","floor":13,"turns":4},{"damage":4,"enemies":"Blue Slaver","floor":14,"turns":3},{"damage":6,"enemies":"Hexaghost","floor":16,"turns":5},{"damage":17,"enemies":"Chosen","floor":18,"turns":6},{"damage":17,"enemies":"Shell Parasite","floor":19,"turns":4},{"damage":15,"enemies":"Shelled Parasite and Fungi","floor":20,"turns":3}],"seed_played":"6362868570657638455","potions_obtained":[{"floor":4,"key":"Death Potion"},{"floor":4,"key":"Doom Potion"},{"floor":4,"key":"Block Potion"},{"floor":7,"key":"Swift Potion"},{"floor":13,"key":"Fire Potion"},{"floor":19,"key":"FearPotion"}],"is_trial":false,"path_per_floor":["M","M","?","?","M","E","M","R","T","R","$","E","M","M","R","B",null,"M","M","M","$"],"character_chosen":"WATCHER","items_purchased":["MerchantsRug","ReplayTheSpireMod:CursedCoin"],"campfire_rested":1,"item_purchase_floors":[11,21],"current_hp_per_floor":[72,72,58,58,58,58,56,56,56,56,56,45,18,14,35,29,72,55,38,23,23,23],"gold":271,"neow_bonus":"THREE_ENEMY_KILL","is_daily":false,"chose_seed":false,"campfire_upgraded":2,"win_rate":0.0,"timestamp":1609561663,"path_taken":["M","M","?","?","?","E","?","R","T","R","?","E","M","M","R","BOSS","M","M","M","$"],"items_purchased_type":["Relic","Relic"],"build_version":"2020-12-22","purchased_purges":2,"victory":false,"max_hp_per_floor":[72,72,72,72,72,72,72,72,72,72,72,72,72,72,72,72,72,72,72,72,72,72],"card_choices":[{"not_picked":["Replay:BluntJabs","Nirvana"],"picked":"SandsOfTime","floor":1},{"not_picked":["Crescendo","FollowUp"],"picked":"Protect","floor":2},{"not_picked":["CutThroughFate","Evaluate"],"picked":"ClearTheMind","floor":4},{"not_picked":["Replay:Vibes","Devotion"],"picked":"Crescendo","floor":5},{"not_picked":["Scrawl+1","Collect+1"],"picked":"Establishment","floor":6},{"not_picked":["JustLucky","FlurryOfBlows"],"picked":"Indignation+1","floor":7},{"not_picked":["PathToVictory+1","Replay:BluntJabs"],"picked":"BattleHymn","floor":12},{"not_picked":["CutThroughFate","SignatureMove"],"picked":"TalkToTheHand","floor":13},{"not_picked":["Evaluate+1","Consecrate"],"picked":"Protect+1","floor":14},{"not_picked":["Brilliance","SpiritShield+1"],"picked":"Devotion","floor":16},{"not_picked":["FollowUp","Replay:ManipulateFuture+1"],"picked":"Consecrate+1","floor":18},{"not_picked":["Nirvana","BowlingBash","Replay:ManipulateFuture+1"],"picked":"SKIP","floor":19},{"not_picked":["SashWhip","PathToVictory+1"],"picked":"FearNoEvil","floor":20}],"player_experience":563992,"relics_obtained":[{"floor":6,"key":"Toxic Egg 2"},{"floor":9,"key":"TungstenRod"},{"floor":12,"key":"Calipers"}],"event_choices":[{"damage_healed":0,"gold_gain":0,"player_choice":"Entered Light","damage_taken":14,"max_hp_gain":0,"max_hp_loss":0,"event_name":"Shining Light","floor":3,"gold_loss":0,"cards_upgraded":["Defend_P","Strike_P"]}],"is_beta":false,"boss_relics":[{"not_picked":["Kintsugi","Cursed Key"],"picked":"Pandora\u0027s Box"}],"items_purged_floors":[11,21],"is_endless":false,"potions_floor_spawned":[7,13,19],"ascension_level":4}}