{"host":"aibqmozag2xz7y1n","time":1609613532,"event":{"mods":["AchievementEnabler","BaseMod","Colored Map","Marisa????????","Minty Spire (QoL Compilation)","StSLib","The Servant 0.9.4"],"gold_per_floor":[114,129,144,144,159,159,159,189,189,204,234,159,174,189,189,289,289,304,229,229,244,259,289,289,304,379,379,379,394,394,409,409,509,509,524,524,539,554,554,554,569,569,594,609,624,624,624,0,0,0,0],"floor_reached":50,"playtime":4218,"items_purged":["Fire Breathing"],"score":578,"play_id":"b0df5ab7-f43c-4b14-b93a-e2672c8c6baa","local_time":"20210102195212","daily_mods":["Insanity","Time Dilation","Binary"],"is_ascension_mode":false,"campfire_choices":[{"data":"Anger","floor":6,"key":"SMITH"},{"data":"Rage","floor":15,"key":"SMITH"},{"data":"Flex","floor":24,"key":"SMITH"},{"floor":28,"key":"REST"},{"floor":30,"key":"REST"},{"floor":32,"key":"REST"},{"floor":40,"key":"REST"},{"floor":42,"key":"REST"},{"floor":49,"key":"REST"}],"circlet_count":0,"master_deck":["Havoc","Anger+1","Clothesline","Thunderclap","Disarm","True Grit","Whirlwind","Twin Strike","Clash","Rampage","Cleave","Clash","Hemokinesis","Sword Boomerang","Dark Embrace","Searing Blow","Sword Boomerang","Cleave","Dual Wield","Armaments","Battle Trance","Rage","Spot Weakness","Searing Blow","Sword Boomerang","Sword Boomerang","Twin Strike","Armaments","Warcry","Armaments","Cleave","Rage+1","Havoc","Shrug It Off","Wild Strike","Clash","Flex","Intimidate","Pommel Strike","Whirlwind","Body Slam","Clothesline","Anger","Flex+1","Evolve","Warcry","Headbutt","Whirlwind","Demon Form","Twin Strike","True Grit","Wild Strike","Armaments","Feed","CurseOfTheBell","Pain","Madness","Madness"],"relics":["Burning Blood","Kunai","Bag of Preparation","Pear","Happy Flower","Busted Crown","Smiling Mask","Shuriken","Calling Bell","Strawberry","Ornamental Fan","Turnip","WarpedTongs","Bronze Scales","Red Mask"],"acts_visited":["Exordium","TheCity","TheBeyond"],"potions_floor_usage":[8,8,18,23,24,33,33,50,50],"damage_taken":[{"damage":3,"enemies":"Cultist","floor":1,"turns":3},{"damage":0,"enemies":"Jaw Worm","floor":2,"turns":2},{"damage":2,"enemies":"2 Louse","floor":3,"turns":1},{"damage":4,"enemies":"Blue Slaver","floor":5,"turns":3},{"damage":20,"enemies":"Gremlin Nob","floor":8,"turns":4},{"damage":0,"enemies":"2 Fungi Beasts","floor":10,"turns":1},{"damage":26,"enemies":"Lagavulin","floor":11,"turns":5},{"damage":0,"enemies":"Lots of Slimes","floor":13,"turns":1},{"damage":0,"enemies":"Looter","floor":14,"turns":2},{"damage":49,"enemies":"Hexaghost","floor":16,"turns":6},{"damage":14,"enemies":"2 Thieves","floor":18,"turns":3},{"damage":5,"enemies":"Shell Parasite","floor":21,"turns":3},{"damage":24,"enemies":"Centurion and Healer","floor":22,"turns":4},{"damage":27,"enemies":"Slavers","floor":23,"turns":5},{"damage":32,"enemies":"Sentry and Sphere","floor":25,"turns":4},{"damage":20,"enemies":"Colosseum Slavers","floor":27,"turns":3},{"damage":24,"enemies":"Snake Plant","floor":29,"turns":4},{"damage":16,"enemies":"Shelled Parasite and Fungi","floor":31,"turns":3},{"damage":24,"enemies":"Collector","floor":33,"turns":6},{"damage":10,"enemies":"Orb Walker","floor":35,"turns":2},{"damage":20,"enemies":"3 Darklings","floor":37,"turns":4},{"damage":62,"enemies":"Spire Growth","floor":38,"turns":6},{"damage":20,"enemies":"Transient","floor":41,"turns":5},{"damage":67,"enemies":"Sphere and 2 Shapes","floor":44,"turns":4},{"damage":38,"enemies":"Writhing Mass","floor":45,"turns":6},{"damage":102,"enemies":"Donu and Deca","floor":50,"turns":8}],"seed_played":"-4486375853315586652","potions_obtained":[{"floor":1,"key":"SmokeBomb"},{"floor":2,"key":"Weak Potion"},{"floor":5,"key":"Fire Potion"},{"floor":11,"key":"FearPotion"},{"floor":16,"key":"SneckoOil"},{"floor":22,"key":"BloodPotion"},{"floor":25,"key":"FairyPotion"},{"floor":29,"key":"ElixirPotion"},{"floor":31,"key":"FearPotion"},{"floor":38,"key":"Dexterity Potion"},{"floor":44,"key":"Weak Potion"}],"is_trial":false,"path_per_floor":["M","M","M","?","M","R","T","E","T","M","E","$","M","M","R","B",null,"M","?","$","M","M","E","R","M","T","?","R","M","R","M","R","B",null,"M","?","M","M","?","R","M","R","T","M","M","?","?","?","R","B"],"character_chosen":"IRONCLAD","items_purchased":[],"campfire_rested":6,"item_purchase_floors":[],"current_hp_per_floor":[80,80,80,80,80,80,80,66,76,82,62,62,68,74,74,31,90,82,82,82,83,65,44,62,36,36,25,52,37,65,55,83,65,103,99,99,85,29,29,59,45,75,75,14,22,90,79,79,90,0,0],"gold":0,"neow_bonus":"","is_daily":true,"chose_seed":false,"campfire_upgraded":3,"win_rate":0.0,"timestamp":1609613532,"path_taken":["M","?","M","?","M","R","?","E","T","M","E","$","M","M","R","BOSS","M","?","$","M","M","E","R","M","T","?","R","M","R","M","R","BOSS","M","?","M","M","?","R","M","R","T","M","?","?","?","?","R","BOSS"],"items_purchased_type":[],"build_version":"2020-12-22","purchased_purges":1,"victory":false,"max_hp_per_floor":[80,80,80,80,80,80,80,80,90,90,90,90,90,90,90,90,90,90,90,90,90,90,90,90,90,90,93,93,96,96,96,96,96,103,103,103,103,103,103,103,103,103,103,103,103,90,90,90,90,90,90],"card_choices":[{"not_picked":["Clothesline","Warcry"],"picked":"SKIP","floor":1},{"not_picked":["Sword Boomerang"],"picked":"Whirlwind","floor":2},{"not_picked":["Cleave","Thunderclap"],"picked":"SKIP","floor":3},{"not_picked":["Body Slam"],"picked":"Demon Form","floor":5},{"not_picked":["Disarm"],"picked":"Twin Strike","floor":8},{"not_picked":["Clothesline","Dual Wield"],"picked":"SKIP","floor":10},{"not_picked":["Uppercut"],"picked":"True Grit","floor":11},{"not_picked":["True Grit"],"picked":"Wild Strike","floor":13},{"not_picked":["Cleave"],"picked":"Armaments","floor":14},{"not_picked":["Berserk"],"picked":"Feed","floor":16}],"player_experience":197270,"relics_obtained":[{"floor":7,"key":"Kunai"},{"floor":8,"key":"Bag of Preparation"},{"floor":9,"key":"Pear"},{"floor":11,"key":"Happy Flower"},{"floor":23,"key":"Smiling Mask"},{"floor":26,"key":"Shuriken"},{"floor":34,"key":"Strawberry"},{"floor":34,"key":"Ornamental Fan"},{"floor":34,"key":"Turnip"},{"floor":43,"key":"Bronze Scales"}],"event_choices":[{"damage_healed":0,"gold_gain":0,"player_choice":"Ignored","damage_taken":0,"max_hp_gain":0,"max_hp_loss":0,"event_name":"Shining Light","floor":4,"gold_loss":0},{"cards_removed":["Rupture"],"damage_healed":0,"gold_gain":0,"player_choice":"Gave Gold","damage_taken":0,"max_hp_gain":0,"max_hp_loss":0,"event_name":"Beggar","floor":19,"gold_loss":75},{"damage_healed":0,"gold_gain":0,"player_choice":"Fight","damage_taken":0,"max_hp_gain":0,"max_hp_loss":0,"event_name":"Colosseum","floor":27,"gold_loss":0},{"damage_healed":0,"gold_gain":0,"player_choice":"Fled From Nobs","damage_taken":0,"max_hp_gain":0,"max_hp_loss":0,"event_name":"Colosseum","floor":27,"gold_loss":0},{"cards_removed":["Pommel Strike"],"damage_healed":0,"gold_gain":0,"player_choice":"Removed Attack","damage_taken":0,"max_hp_gain":0,"max_hp_loss":0,"event_name":"Falling","floor":36,"gold_loss":0},{"damage_healed":0,"gold_gain":0,"player_choice":"Rummage","damage_taken":0,"relics_obtained":["WarpedTongs"],"max_hp_gain":0,"max_hp_loss":0,"event_name":"Accursed Blacksmith","floor":39,"gold_loss":0,"cards_obtained":["Pain"]},{"damage_healed":90,"gold_gain":0,"player_choice":"Heal","damage_taken":0,"max_hp_gain":0,"max_hp_loss":13,"event_name":"The Moai Head","floor":46,"gold_loss":0},{"damage_healed":0,"gold_gain":0,"player_choice":"Embrace Madness","damage_taken":11,"max_hp_gain":0,"max_hp_loss":0,"event_name":"Winding Halls","floor":47,"gold_loss":0,"cards_obtained":["Madness","Madness"]},{"damage_healed":0,"gold_gain":0,"player_choice":"Paid","damage_taken":0,"relics_obtained":["Red Mask"],"max_hp_gain":0,"max_hp_loss":0,"event_name":"Tomb of Lord Red Mask","floor":48,"gold_loss":624}],"is_beta":false,"boss_relics":[{"not_picked":["Cursed Key","Sozu"],"picked":"Busted Crown"},{"not_picked":["SlaversCollar","Black Star"],"picked":"Calling Bell"}],"items_purged_floors":[12],"is_endless":false,"potions_floor_spawned":[1,2,5,11,16,22,25,29,31,38,44],"killed_by":"Donu and Deca","ascension_level":0}}