{"host":"vhikgave70uorr7d","time":1609611092,"event":{"mods":["AchievementEnabler","Act Like it!","Ascension Reborn","Ascension Unlocker","BaseMod","Beaked The Cultist","Better Altar","Better Match","Better Note","Better Sensory Stone","Better Skull","Better Third Choice","BetterRewards","ChefMod","Colored Powertips","Custom Start","Defuse TimeMaze Blight","Downfall","Elementarium","Energized Spire","GifTheSpireLib","Hermit","Hero for Fun","Highlight Path","Hubris","Infinite Spire","JesterMod","Menagerie","Mimic Mod","Minty Spire (QoL Compilation)","MostiFishMod","Permanent Neow","Pikachu Mod","Quick Restart","Rare Cards Sparkle","Relic Filter","Remove Card Discount Mod","Replay The Spire","Retaliation","Shade Mod","Shedinja","Small Relic Pack","Spicy Shops","StSLib","Swap Starting Deck Mod","Td1madao Mod","The Accelerator","The Alterego","The Animator","The Bladedancer","The Blue Laboratory","The Bug Knight","The Construct","The Cursed","The Disciple","The Hayseed","The Hierophant","The Mystic","The Necromancer","The Runesmith","The Servant 0.9.4","The Vixen","The Wild Card","TheFirefly","TheSwordswoman","TheVacant","Transform Curses"],"gold_per_floor":[117,137,137,47,64,99,99,99,179,179,196,223,83,94,94,189,189,200,200,214,289,239,272,272,290,290,290,30,57,70,70,70,166,166,196,227,327,358,392,392,392,428,428,468,510,303,303,355,355,355],"floor_reached":51,"playtime":8229,"items_purged":["Strike_S","Defend_S","Defend_S","Strike_S","Defend_S","Strike_S","Strike_S","KidneyShot","TimeWarp","Comet+1","Defend_S","InstantArmor"],"score":902,"play_id":"7a18d7c8-060b-43f4-a85e-84ba7cb8450a","local_time":"20210102131132","is_ascension_mode":false,"campfire_choices":[{"data":"BottledTime","floor":8.0,"key":"SMITH"},{"data":"SurpressingFire","floor":10.0,"key":"SMITH"},{"data":"Starlight","floor":15.0,"key":"SMITH"},{"data":"Starlight","floor":24.0,"key":"SMITH"},{"floor":27.0,"key":"RECALL"},{"data":"BottledTime","floor":32,"key":"SMITH"},{"data":"Rearm","floor":40,"key":"SMITH"},{"data":"Contraction","floor":49,"key":"SMITH"}],"circlet_count":0,"master_deck":["Exchange","BottledTime+1","Starlight+1","SurpressingFire+1","Starlight+1","Rearm+1","Advance","Advance","Potential+1","BottledTime+1","Starlight+1","Contraction+1","BottledTime+1","BestPractice+1","SilverBlades+1","FloweringNight+1","SilverBlades+1","Ricochet+1","ReplayTheSpireMod:Echoes of Time","Starlight+1","SurpressingFire+1","SurpressingFire+1","ShatteredReality+1","Decay","RealityMarble+1"],"relics":["Uniform","DaveBox","ChiXiaoBlade","SynthV:TestCard","Vajra","Chameleon Ring","Mercury Hourglass","Molten Egg 2","Ancient Tea Set","Art of War","BargainBundle","Potion Belt","hubris:BottledRain","hubris:EmptyBottle","Frozen Egg 2","energizedSpire:RedRose","GreenFoldingFan","infinitespire:EvilPickle","DianPoetry","ReplayTheSpireMod:Lightbulb","infinitespire:WardingShard","Strawberry","hubris:DisguiseKit"],"acts_visited":["Exordium","TheCity","TheBeyond"],"potions_floor_usage":[37,37,37,37,37,37],"damage_taken":[{"damage":6.0,"enemies":"Jaw Worm","floor":1.0,"turns":4.0},{"damage":0.0,"enemies":"Cultist","floor":2.0,"turns":3.0},{"damage":0.0,"enemies":"2 Louse","floor":5.0,"turns":2.0},{"damage":7.0,"enemies":"Gremlin Nob","floor":6.0,"turns":4.0},{"damage":8.0,"enemies":"Gremlin Gang","floor":11.0,"turns":2.0},{"damage":3.0,"enemies":"3 Sentries","floor":12.0,"turns":3.0},{"damage":3.0,"enemies":"Blue Slaver","floor":14.0,"turns":2.0},{"damage":0.0,"enemies":"Slime Boss","floor":16.0,"turns":1.0},{"damage":7.0,"enemies":"2 Thieves","floor":18.0,"turns":2.0},{"damage":0.0,"enemies":"3 Byrds","floor":20.0,"turns":2.0},{"damage":0.0,"enemies":"Nightmare","floor":23.0,"turns":3.0},{"damage":0.0,"enemies":"Snecko","floor":25.0,"turns":1.0},{"damage":0.0,"enemies":"Book of Stabbing","floor":29.0,"turns":2.0},{"damage":0.0,"enemies":"3 Cultists","floor":30.0,"turns":2.0},{"damage":1,"enemies":"Pondfish","floor":33,"turns":3},{"damage":23,"enemies":"3 Darklings","floor":35,"turns":2},{"damage":20,"enemies":"3 Shapes","floor":36,"turns":2},{"damage":2,"enemies":"infinitespire:Three Voidlings","floor":37,"turns":2},{"damage":137,"enemies":"Nightmare_Alpha","floor":37,"turns":10},{"damage":2,"enemies":"Sphere and 2 Shapes","floor":38,"turns":2},{"damage":5,"enemies":"Jaw Worm Horde","floor":39,"turns":2},{"damage":2,"enemies":"3 Darklings","floor":42,"turns":2},{"damage":5,"enemies":"Sphere and 2 Shapes","floor":44,"turns":1},{"damage":11,"enemies":"Jaw Worm Horde","floor":45,"turns":2},{"damage":6,"enemies":"Giant Head","floor":48,"turns":3},{"damage":6,"enemies":"Time Eater","floor":50,"turns":4}],"seed_played":"-3332914217234886932","potions_obtained":[{"floor":1.0,"key":"blueLaboratory:LouseDecoction"},{"floor":5.0,"key":"Fire Potion"},{"floor":6.0,"key":"blueLaboratory:CorrosionFlask"},{"floor":14.0,"key":"LifebloodPotion"},{"floor":16.0,"key":"PowerPotion"},{"floor":29.0,"key":"Dexterity Potion"},{"floor":35,"key":"blueLaboratory:FruitPunch"},{"floor":37,"key":"Explosive Potion"}],"is_trial":false,"path_per_floor":["M","M","?","$","M","E","?","R","T","R","M","E","$","M","R","B",null,"M","?","M","?","?","NM","R","M","T","R","$","E","M","?","R","B",null,"M","M","?","M","M","R","?","M","T","M","M","$","?","E","R","B",null],"character_chosen":"THE_SERVANT","items_purchased":["Vajra","Advance","Comet+1","BargainBundle","BestPractice","PowerPotion","Adrenaline Potion","Potion Belt","SkillPotion","hubris:BottledRain","hubris:EmptyBottle","Strawberry","Energy Potion"],"campfire_rested":0,"item_purchase_floors":[4,13,13,28,28,28,28,28,28,28,28,46,46],"current_hp_per_floor":[59,59,65,65,65,58,58,58,58,58,50,47,47,44,44,44,65,58,61,61,55,55,55,55,55,55,55,55,55,55,55,55,54,65,52,42,69,71,71,71,71,71,71,71,70,77,77,78,78,78],"gold":355,"neow_bonus":"THREE_CARDS","is_daily":false,"chose_seed":false,"campfire_upgraded":7,"win_rate":0.0,"timestamp":1609611092,"path_taken":["M","M","?","?","?","E","?","R","T","R","M","E","$","M","R","BOSS","M","?","M","?","?","NM","R","M","T","R","$","E","?","?","R","BOSS","M","M","?","M","M","R","?","M","T","M","M","$","?","E","R","BOSS"],"items_purchased_type":["Relic","Card","Card","Relic","Card","Potion","Potion","Relic","Potion","Relic","Relic","Relic","Potion"],"build_version":"2020-12-22","purchased_purges":12,"victory":true,"max_hp_per_floor":[65,65,65,65,65,65,65,65,65,65,65,65,65,65,65,65,65,65,65,65,65,65,65,65,65,65,65,65,65,65,65,65,65,65,65,65,111,71,71,71,71,71,71,71,71,78,78,78,78,78],"card_choices":[{"not_picked":["Unruled","Rearm"],"picked":"TimeWarp","floor":0.0},{"not_picked":["Replace","FastForward"],"picked":"BottledTime","floor":1.0},{"not_picked":["Potential","BottledTime","Defy","Desolation"],"picked":"Starlight","floor":2.0},{"not_picked":["ShatteredReality","Alleviate","MurderousAura","Spin"],"picked":"SurpressingFire","floor":5.0},{"not_picked":["Duplication","Read","Collapse","DoubleEdge"],"picked":"Starlight","floor":6.0},{"not_picked":["Ricochet+1","Alleviate","Replace","StarChef"],"picked":"Rearm","floor":11.0},{"not_picked":["SoulSculpture+1","FastForward","SpecialFormula","Replace"],"picked":"Advance","floor":12.0},{"not_picked":["DualDimension","WasteNot","Sabotage+1","Defy"],"picked":"Potential+1","floor":14.0},{"not_picked":["Solidify","TheWorld","FloweringNight","Sunlight+1"],"picked":"MurderousAura","floor":16.0},{"not_picked":["Contraction+1","Unruled+1","Spin+1","Replace","DoubleEdge+1"],"picked":"SKIP","floor":18.0},{"not_picked":["Desolation+1","Comet+1","Defy","Potential+1"],"picked":"BottledTime+1","floor":20.0},{"not_picked":["Replace","KillingDoll+1","BottledTime","Desolation+1"],"picked":"Starlight+1","floor":23.0},{"not_picked":["Revamp","Defy","TimeWarp+1","Misdirection"],"picked":"Contraction","floor":25.0},{"not_picked":["LightFlow+1","FastForward","Desolation+1","Contraction"],"picked":"BottledTime","floor":29.0},{"not_picked":["ShatteredReality+1","Unruled+1","Spin+1","Sabotage+1"],"picked":"BestPractice+1","floor":30},{"not_picked":["FlawlessForm+1","TheWorld","Duplication","Initiator+1"],"picked":"FloweringNight+1","floor":33},{"not_picked":["Revamp+1","SurpressingFire+1","ShiftingGears","Potential+1"],"picked":"SilverBlades+1","floor":35},{"not_picked":["Barrier","Potential+1","Spin+1","ShatteredReality+1"],"picked":"Ricochet+1","floor":36},{"not_picked":["Alleviate+1","ReturningBlade+1","Replace+1","Rewind"],"picked":"InstantArmor","floor":37},{"not_picked":["ReplayTheSpireMod:Book of Names","infinitespire:SealOfDarkness+"],"picked":"ReplayTheSpireMod:Echoes of Time","floor":37},{"not_picked":["Potential+1","TimeWarp+1","Ricochet+1","BottledTime"],"picked":"Starlight+1","floor":38},{"not_picked":["Barrier","Snipe+1","Spin+1","Rearm+1"],"picked":"SurpressingFire+1","floor":39},{"not_picked":["Rewind","Barrier","Unruled+1","Read","Replace"],"picked":"SKIP","floor":42},{"not_picked":["TimeWarp+1","Replace+1","Starlight+1","BestPractice+1"],"picked":"SurpressingFire+1","floor":44},{"not_picked":["Barrier+1","Alleviate+1","ReturningBlade+1","Sabotage+1"],"picked":"ShatteredReality+1","floor":45},{"not_picked":["Solidify","WasteNot+1","Ricochet+1","Revamp"],"picked":"RealityMarble+1","floor":48}],"player_experience":347491,"relics_obtained":[{"floor":1.0,"key":"SynthV:TestCard"},{"floor":6.0,"key":"Chameleon Ring"},{"floor":9.0,"key":"Molten Egg 2"},{"floor":12.0,"key":"Ancient Tea Set"},{"floor":23.0,"key":"Art of War"},{"floor":29.0,"key":"Frozen Egg 2"},{"floor":37,"key":"DianPoetry"},{"floor":43,"key":"infinitespire:WardingShard"},{"floor":48,"key":"hubris:DisguiseKit"}],"event_choices":[{"damage_healed":6.0,"max_hp_gain":0.0,"max_hp_loss":0.0,"gold_gain":0.0,"event_name":"Wheel of Change","player_choice":"Full Heal","floor":3.0,"gold_loss":0.0,"damage_taken":0.0},{"damage_healed":3.0,"max_hp_gain":0.0,"max_hp_loss":0.0,"gold_gain":0.0,"event_name":"betterSkull:BetterSkull","player_choice":"LEAVE ","floor":19.0,"gold_loss":0.0,"damage_taken":0.0,"cards_upgraded":[],"relics_obtained":[]},{"damage_healed":0.0,"max_hp_gain":0.0,"max_hp_loss":0.0,"gold_gain":75.0,"event_name":"FaceTrader","player_choice":"Touch","floor":21.0,"gold_loss":0.0,"damage_taken":6.0},{"damage_healed":0.0,"max_hp_gain":0.0,"max_hp_loss":0.0,"gold_gain":0.0,"event_name":"The Joust","player_choice":"Bet on Murderer","floor":22.0,"gold_loss":50.0,"damage_taken":0.0},{"cards_removed":["BestPractice"],"damage_healed":0,"gold_gain":0,"player_choice":"Card Removal","damage_taken":0,"max_hp_gain":0,"max_hp_loss":0,"event_name":"Wheel of Change","floor":31,"gold_loss":0},{"damage_healed":0,"gold_gain":0,"player_choice":"Cursed","damage_taken":0,"max_hp_gain":0,"max_hp_loss":0,"event_name":"Wheel of Change","floor":47,"gold_loss":0,"cards_obtained":["Decay"]}],"is_beta":false,"boss_relics":[{"not_picked":["MoonlightInvasionPlan","GuanYuAspect"],"picked":"energizedSpire:DeadBattery"},{"not_picked":["Runic Pyramid","xbg"],"picked":"GreenFoldingFan"}],"items_purged_floors":[4,4,4,4,4,4,4,46,46,46,46,46],"is_endless":false,"potions_floor_spawned":[1,5,6,14,16,29,33,35,36,37,37],"ascension_level":0}}