{"host":"mytek2nu1hrzdnew","time":1609613956,"event":{"mods":["Aspiration","BaseMod","Conspire","Evolution","GifTheSpireLib","Gold Saver","Hubris","Minty Spire (QoL Compilation)","Replay The Spire","StSLib","Stuff the Spire","Uncapped"],"gold_per_floor":[705,705,705,724,737,770,770,789,843,843,88,122,159,184,184,311,311,342,377,420,451,188,188,222,222,249,249,269,271,271],"floor_reached":29,"playtime":1621,"items_purged":["Barrage","Leap"],"score":231,"play_id":"5e711931-5a59-4ec7-950f-9acf33fcea89","local_time":"20210102135916","is_ascension_mode":false,"campfire_choices":[{"data":"Zap","floor":7,"key":"SMITH"},{"data":"Capacitor","floor":10,"key":"SMITH"},{"floor":15,"key":"REST"},{"floor":23,"key":"REST"},{"floor":25,"key":"REST"}],"circlet_count":0,"master_deck":["Barrage","Barrage","Barrage","Leap","Leap","Leap","Zap+1","Replay:Bootleg Shield Generator","Coolheaded","Capacitor+1","Sadistic Nature","Ball Lightning","Gash","StuffTheSpire:Synthwave+1","StuffTheSpire:Plugnplay","Defragment","StuffTheSpire:Plugnplay","Creative AI","Gash+1","Beam Cell","StuffTheSpire:Synthwave","ReplayTheSpireMod:Brewmster","Beam Cell","Redo","Redo+1","Concentrate+1","Prostrate+1"],"relics":["Cracked Core","EVO:Axolotl","Vajra","Replay:Bandana","Question Card","hubris:EmptyBottle","conspire:RoyalGoblet","Prayer Wheel","BargainBundle","Happy Flower","PrismaticShard"],"acts_visited":["Exordium","TheCity"],"potions_floor_usage":[13,16,18,19,20,20,24,24,24,24,28,28,28,28,28,28,29],"damage_taken":[{"damage":0,"enemies":"Cultist","floor":1,"turns":4},{"damage":0,"enemies":"2 Louse","floor":4,"turns":3},{"damage":0,"enemies":"Small Slimes","floor":5,"turns":3},{"damage":7,"enemies":"3 Sentries","floor":6,"turns":6},{"damage":0,"enemies":"Exordium Wildlife","floor":8,"turns":2},{"damage":4,"enemies":"3 Louse","floor":12,"turns":3},{"damage":14,"enemies":"Large Slime","floor":13,"turns":3},{"damage":0,"enemies":"2 Fungi Beasts","floor":14,"turns":3},{"damage":2,"enemies":"Fading Forest","floor":16,"turns":11},{"damage":16,"enemies":"3 Byrds","floor":18,"turns":5},{"damage":0,"enemies":"Spheric Guardian","floor":19,"turns":2},{"damage":1,"enemies":"Centurion and Healer","floor":20,"turns":4},{"damage":46,"enemies":"3 Cultists","floor":21,"turns":5},{"damage":5,"enemies":"Snecko","floor":24,"turns":3},{"damage":7,"enemies":"Chosen and Byrds","floor":28,"turns":4},{"damage":40,"enemies":"Book of Stabbing","floor":29,"turns":4}],"seed_played":"1433734022212614830","potions_obtained":[{"floor":16,"key":"SkillPotion"},{"floor":19,"key":"Fire Potion"}],"is_trial":false,"path_per_floor":["M","?","?","M","M","E","R","M","T","R","$","M","M","M","R","B",null,"M","M","M","M","$","R","M","R","T","?","M","E"],"character_chosen":"DEFECT","items_purchased":["Question Card","Sadistic Nature","hubris:EmptyBottle","FocusPotion","Adrenaline Potion","BargainBundle","ReplayTheSpireMod:Brewmster","Adrenaline Potion"],"campfire_rested":3,"item_purchase_floors":[11,11,11,11,11,22,22,22],"current_hp_per_floor":[77,77,77,77,77,70,70,70,70,70,70,66,52,52,75,77,77,61,61,60,14,14,37,32,55,55,47,40,0,0],"gold":271,"neow_bonus":"RANDOM_COLORLESS","is_daily":false,"chose_seed":false,"campfire_upgraded":2,"win_rate":0.0,"timestamp":1609613956,"path_taken":["M","?","?","M","M","E","R","M","T","R","$","M","M","M","R","BOSS","M","M","M","M","$","R","?","R","T","?","M","E"],"items_purchased_type":["Relic","Card","Relic","Potion","Potion","Relic","Card","Potion"],"build_version":"2020-12-22","purchased_purges":2,"victory":false,"max_hp_per_floor":[77,77,77,77,77,77,77,77,77,77,77,77,77,77,77,77,77,77,77,77,77,77,77,77,77,77,77,77,77,77],"card_choices":[{"not_picked":["ReplayTheSpireMod:Uncanny Aura","Survey Options"],"picked":"Replay:Bootleg Shield Generator","floor":0},{"not_picked":["Hologram","BootSequence","BasicCrystalCard"],"picked":"SKIP","floor":1},{"not_picked":["Rebound","conspire:SharedLibrary","Redo"],"picked":"SKIP","floor":4},{"not_picked":["ReplayTheSpireMod:GoodbyeWorld","Steam"],"picked":"Coolheaded","floor":5},{"not_picked":["BasicCrystalCard","Redo","StuffTheSpire:LoadUp"],"picked":"SKIP","floor":6},{"not_picked":["Hologram","Streamline"],"picked":"Capacitor","floor":8},{"not_picked":["Panic Button","Sweeping Beam","Compile Driver"],"picked":"Ball Lightning","floor":12},{"not_picked":["Skim","StuffTheSpire:LaunchingStrike","Genetic Algorithm"],"picked":"Gash","floor":13},{"not_picked":["Coolheaded","FIFO Queue","Undo","Compile Driver"],"picked":"SKIP","floor":14},{"not_picked":["hubris:SpecializedCircuitry","Buffer","Electrodynamics"],"picked":"ReplayTheSpireMod:Fabricate Wheel","floor":16},{"not_picked":["Reinforced Body","conspire:SharedLibrary","Sweeping Beam+1"],"picked":"StuffTheSpire:Synthwave+1","floor":18},{"not_picked":["Crystallizer","Leap","Barrage"],"picked":"StuffTheSpire:Plugnplay","floor":18},{"not_picked":["Fusion","Turbo","Stack"],"picked":"Defragment","floor":19},{"not_picked":["Conserve Battery","Cold Snap+1","Turbo"],"picked":"StuffTheSpire:Plugnplay","floor":19},{"not_picked":["StuffTheSpire:Rend","Conserve Battery+1","StuffTheSpire:Plugnplay"],"picked":"Creative AI","floor":20},{"not_picked":["BasicCrystalCard","Leap","Beam Cell"],"picked":"Gash+1","floor":20},{"not_picked":["StuffTheSpire:Plugnplay+1","Rebound","Sweeping Beam"],"picked":"Beam Cell","floor":21},{"not_picked":["Ball Lightning","Crystallizer+1","Leap+1"],"picked":"StuffTheSpire:Synthwave","floor":21},{"not_picked":["Steam","Rip and Tear","Cold Snap+1"],"picked":"Beam Cell","floor":24},{"not_picked":["Blizzard","StuffTheSpire:LoadUp+1","Rebound+1"],"picked":"Redo","floor":24},{"not_picked":["Fusion","Seek","Compile Driver"],"picked":"Redo+1","floor":27},{"not_picked":["Wild Strike+1","Poisoned Stab","Blizzard"],"picked":"Concentrate+1","floor":28},{"not_picked":["Replay:ManipulateFuture+1","StuffTheSpire:Injection","Coolheaded"],"picked":"Prostrate+1","floor":28}],"player_experience":992691,"relics_obtained":[{"floor":6,"key":"Vajra"},{"floor":9,"key":"Replay:Bandana"},{"floor":26,"key":"Happy Flower"},{"floor":27,"key":"PrismaticShard"}],"event_choices":[{"cards_removed":["Dualcast"],"damage_healed":0,"gold_gain":0,"player_choice":"Purged","damage_taken":0,"max_hp_gain":0,"max_hp_loss":0,"event_name":"Purifier","floor":3,"gold_loss":0}],"is_beta":false,"boss_relics":[{"not_picked":["hubris:GrandSneckoEye","Replay:Grab Bag"],"picked":"conspire:RoyalGoblet"}],"items_purged_floors":[11,22],"is_endless":false,"potions_floor_spawned":[4,8,16,19],"killed_by":"Book of Stabbing","ascension_level":0}}