{"host":"r4e4q8yhb91dmdr8","time":1609555199,"event":{"mods":["AchievementEnabler","BaseMod","Better Note","Better Skull","Colored Map","Colored Powertips","Duelist Mod","GifTheSpireLib","Highlight Path","Jorbs\u0027s Wanderer Trilogy","Minty Spire (QoL Compilation)","Nova Terra(??·??)","Quick Restart","Random Character Button","Rare Cards Sparkle","Relic Stats","Remove Card Discount Mod","Shop Mod","StSLib","The Alterego","The Death Knight","The Fake Hero","The Marked","The Mystic","The Necromancer","The Wild Card","TheHero","TheWitcher"],"gold_per_floor":[138,151,163,163,934,960,960,974,1026,1105,1119,1130,1158,1172,1172,1271,1271,1284,1303,1320,1332,1114,1114,1127,1127,1127],"floor_reached":25,"playtime":3624,"items_purged":[],"score":294,"play_id":"e115eda1-502d-4a82-8abc-8f66a2b11e9e","local_time":"20210101183959","is_ascension_mode":false,"campfire_choices":[{"data":"theDuelist:GaiaMidNightSun","floor":7,"key":"SMITH"},{"floor":15,"key":"REST"},{"floor":23,"key":"REST"}],"circlet_count":0,"master_deck":["theDuelist:BeaverWarrior","theDuelist:BeaverWarrior","theDuelist:CastleWalls","theDuelist:CastleWalls","theDuelist:FinalFlame","theDuelist:GiantSoldier","theDuelist:GiantSoldier","theDuelist:ScrapFactory","theDuelist:Sparks","theDuelist:Sparks","theDuelist:SpellShatteringArrow","theDuelist:CombinationAttack","theDuelist:WhiteMagicalHat","theDuelist:DeltaAttacker","theDuelist:WhiteHowling","theDuelist:GaiaMidNightSun+1","theDuelist:ImperialOrder","theDuelist:CombinationAttack","theDuelist:SilentDoom","theDuelist:GravityAxe","theDuelist:KamionTimelord","theDuelist:YamiForm","CurseOfTheBell","theDuelist:CircleFireKings+1","theDuelist:CrystalRaigeki+1","theDuelist:YellowBelliedOni","theDuelist:KamionTimelord","theDuelist:PotForbidden","theDuelist:SolarWindJammer"],"relics":["theDuelist:MillenniumPuzzle","theDuelist:CardPoolRelic","theDuelist:CardPoolBasicRelic","theDuelist:BoosterPackPoolRelic","theDuelist:CardPoolAddRelic","theDuelist:CardPoolMinusRelic","theDuelist:CardPoolSaveRelic","theDuelist:CardPoolOptionsRelic","theDuelist:SummonAnchor","SnafuTest:CatRelic","theDuelist:MillenniumRod","Calling Bell","PreservedInsect","theDuelist:SolderToken","Incense Burner","theDuelist:ShopToken"],"acts_visited":["Exordium","TheCity"],"potions_floor_usage":[6,16,24],"damage_taken":[{"damage":8,"enemies":"Small Slimes","floor":1,"turns":5},{"damage":5,"enemies":"Cultist","floor":2,"turns":5},{"damage":0,"enemies":"2 Louse","floor":3,"turns":3},{"damage":37,"enemies":"Gremlin Nob","floor":6,"turns":6},{"damage":15,"enemies":"Large Slime","floor":8,"turns":5},{"damage":4,"enemies":"2 Fungi Beasts","floor":11,"turns":3},{"damage":3,"enemies":"Looter","floor":12,"turns":3},{"damage":1,"enemies":"Lagavulin","floor":13,"turns":5},{"damage":3,"enemies":"Blue Slaver","floor":14,"turns":4},{"damage":0,"enemies":"Slime Boss","floor":16,"turns":7},{"damage":33,"enemies":"2 Thieves","floor":18,"turns":4},{"damage":8,"enemies":"3 Byrds","floor":19,"turns":5},{"damage":4,"enemies":"3 Cultists","floor":20,"turns":3},{"damage":37,"enemies":"Centurion and Healer","floor":21,"turns":5},{"damage":11,"enemies":"Sentry and Sphere","floor":24,"turns":4},{"damage":28,"enemies":"Slavers","floor":25,"turns":1}],"seed_played":"-8710247553960212449","potions_obtained":[{"floor":1,"key":"Block Potion"},{"floor":6,"key":"theDuelist:LavaBottle"},{"floor":13,"key":"theDuelist:MegaupgradePotion"},{"floor":16,"key":"theDuelist:TokenPotion"},{"floor":19,"key":"PowerPotion"},{"floor":24,"key":"FocusPotion"}],"is_trial":false,"path_per_floor":["M","M","M","?","$","E","R","M","T","?","M","M","E","M","R","B",null,"M","M","M","M","$","R","M","E"],"character_chosen":"THE_DUELIST","items_purchased":["theDuelist:WhiteHowling","theDuelist:SummonAnchor","theDuelist:PotForbidden","theDuelist:ShopToken"],"campfire_rested":2,"item_purchase_floors":[5,5,22,22],"current_hp_per_floor":[80,75,75,75,75,38,38,23,23,23,19,16,15,12,38,38,88,55,47,43,6,6,32,21,0,0],"gold":1127,"neow_bonus":"TEN_PERCENT_HP_BONUS","is_daily":false,"chose_seed":false,"campfire_upgraded":1,"win_rate":0.0,"timestamp":1609555199,"path_taken":["M","M","M","?","?","E","R","M","T","?","M","M","E","M","R","BOSS","M","M","M","M","$","R","M","E"],"items_purchased_type":["Card","Relic","Card","Relic"],"build_version":"2020-12-22","purchased_purges":0,"victory":false,"max_hp_per_floor":[88,88,88,88,88,88,88,88,88,88,88,88,88,88,88,88,88,88,88,88,88,88,88,88,88,88],"relic_stats":{"counters":[16,68],"PreservedInsect":39,"obtain_stats":[{"theDuelist:MillenniumRod":13,"theDuelist:SummonAnchor":5,"PreservedInsect":17,"Incense Burner":17,"theDuelist:MillenniumPuzzle":0,"theDuelist:CardPoolSaveRelic":0,"theDuelist:SolderToken":17,"theDuelist:ShopToken":22,"Calling Bell":17,"SnafuTest:CatRelic":6,"theDuelist:BoosterPackPoolRelic":0,"theDuelist:CardPoolMinusRelic":0,"theDuelist:CardPoolBasicRelic":0,"theDuelist:CardPoolAddRelic":0,"theDuelist:CardPoolOptionsRelic":0,"theDuelist:CardPoolRelic":0},{"theDuelist:MillenniumRod":8,"theDuelist:SummonAnchor":3,"PreservedInsect":10,"Incense Burner":10,"theDuelist:MillenniumPuzzle":0,"theDuelist:CardPoolSaveRelic":0,"theDuelist:SolderToken":10,"theDuelist:ShopToken":14,"Calling Bell":10,"SnafuTest:CatRelic":4,"theDuelist:BoosterPackPoolRelic":0,"theDuelist:CardPoolMinusRelic":0,"theDuelist:CardPoolBasicRelic":0,"theDuelist:CardPoolAddRelic":0,"theDuelist:CardPoolOptionsRelic":0,"theDuelist:CardPoolRelic":0},{"theDuelist:MillenniumRod":35,"theDuelist:SummonAnchor":13,"PreservedInsect":46,"Incense Burner":46,"theDuelist:MillenniumPuzzle":0,"theDuelist:CardPoolSaveRelic":0,"theDuelist:SolderToken":46,"theDuelist:ShopToken":63,"Calling Bell":46,"SnafuTest:CatRelic":19,"theDuelist:BoosterPackPoolRelic":0,"theDuelist:CardPoolMinusRelic":0,"theDuelist:CardPoolBasicRelic":0,"theDuelist:CardPoolAddRelic":0,"theDuelist:CardPoolOptionsRelic":0,"theDuelist:CardPoolRelic":0}]},"card_choices":[{"not_picked":["theDuelist:EgoBoost","theDuelist:Tuningware","theDuelist:Downbeat","theDuelist:OnslaughtFireKings"],"picked":"theDuelist:SpellShatteringArrow","floor":1},{"not_picked":["theDuelist:Hinotama","theDuelist:AfterTheStorm","theDuelist:Eva","theDuelist:SpiritHarp"],"picked":"theDuelist:CombinationAttack","floor":2},{"not_picked":["theDuelist:BigFire","theDuelist:PowerWall","theDuelist:MeteorDestruction","theDuelist:EgoBoost"],"picked":"theDuelist:WhiteMagicalHat","floor":3},{"not_picked":["theDuelist:BattleOx","theDuelist:EarthquakeGiant","theDuelist:Sangan","theDuelist:HammerShot"],"picked":"theDuelist:GaiaMidNightSun","floor":6},{"not_picked":["theDuelist:WhiteHowling","theDuelist:Electrowhip","theDuelist:MiraculousDescent","theDuelist:GridRod"],"picked":"theDuelist:ImperialOrder","floor":8},{"not_picked":["theDuelist:SpellShatteringArrow","theDuelist:MeteorDestruction","theDuelist:BigFire","theDuelist:FusionWeapon"],"picked":"theDuelist:CombinationAttack","floor":11},{"not_picked":["theDuelist:SpellShatteringArrow","theDuelist:MeteorDestruction","theDuelist:Hinotama","theDuelist:BigFire"],"picked":"theDuelist:SilentDoom","floor":12},{"not_picked":["theDuelist:UnderworldCannon","theDuelist:BlackPendant","theDuelist:Electrowhip","theDuelist:GravityBlaster"],"picked":"theDuelist:GravityAxe","floor":13},{"not_picked":["theDuelist:HappyLover","theDuelist:Eva","theDuelist:RainbowKuriboh","theDuelist:RainbowOverdragon"],"picked":"theDuelist:KamionTimelord","floor":14},{"not_picked":["theDuelist:SwordsConcealing","theDuelist:SevenCompleted","theDuelist:GravityLash","theDuelist:ForbiddenLance"],"picked":"theDuelist:YamiForm","floor":16},{"not_picked":["theDuelist:SpellShatteringArrow","theDuelist:MeteorDestruction","theDuelist:OnslaughtFireKings","theDuelist:DarkBurningAttack"],"picked":"theDuelist:CircleFireKings+1","floor":18},{"not_picked":["theDuelist:HappyLover","theDuelist:WhiteNinja","theDuelist:AssaultArmor","theDuelist:PineappleBlast"],"picked":"theDuelist:CrystalRaigeki+1","floor":19},{"not_picked":["theDuelist:EvilswarmHeliotrope","theDuelist:DarkCreator","theDuelist:ObeliskTormentor","theDuelist:UltraPolymerization"],"picked":"theDuelist:YellowBelliedOni","floor":20},{"not_picked":["theDuelist:GridRod+1","theDuelist:ForbiddenLance+1"],"picked":"theDuelist:KamionTimelord","floor":21},{"not_picked":["theDuelist:MiracleFertilizer+1","theDuelist:CrystalBlessing","theDuelist:BlackPendant","theDuelist:BattleFootballer"],"picked":"theDuelist:SolarWindJammer","floor":24}],"player_experience":39849,"relics_obtained":[{"floor":6,"key":"SnafuTest:CatRelic"},{"floor":13,"key":"theDuelist:MillenniumRod"},{"floor":17,"key":"PreservedInsect"},{"floor":17,"key":"theDuelist:SolderToken"},{"floor":17,"key":"Incense Burner"}],"event_choices":[{"damage_healed":0,"gold_gain":0,"cards_transformed":["theDuelist:DinnerParty"],"player_choice":"Transformed","damage_taken":0,"max_hp_gain":0,"max_hp_loss":0,"event_name":"Transmorgrifier","floor":4,"gold_loss":0,"cards_obtained":["theDuelist:DeltaAttacker"]},{"damage_healed":0,"gold_gain":79,"player_choice":"Gained Gold","damage_taken":0,"max_hp_gain":0,"max_hp_loss":0,"event_name":"Golden Wing","floor":10,"gold_loss":0}],"is_beta":false,"boss_relics":[{"not_picked":["Velvet Choker","theDuelist:HauntedRelic"],"picked":"Calling Bell"}],"items_purged_floors":[],"is_endless":false,"potions_floor_spawned":[1,6,13,16,19,24],"killed_by":"Slavers","ascension_level":0}}