{"host":"uuef13iiy6j2c50k","time":1609545690,"event":{"mods":["BaseMod","Minty Spire (QoL Compilation)","Quick Restart","Relic Stats","Slay-I","StSLib","SuperFastMode"],"gold_per_floor":[119,129,148,12,12,12,12,12,12,23,43,59,90,103,103,208,208,220,234,254,138,237,237,248,12,35,64,64,95,95,50,50,50,50],"floor_reached":33,"playtime":1031,"items_purged":["Strike_R"],"score":369,"play_id":"35036f12-29f5-4dcd-bf12-b1dc1890b2d7","local_time":"20210101140130","is_ascension_mode":true,"campfire_choices":[{"data":"Fiend Fire","floor":6.0,"key":"SMITH"},{"data":"Anger","floor":8.0,"key":"SMITH"},{"data":"Clothesline","floor":15,"key":"SMITH"},{"data":"Shockwave","floor":23,"key":"SMITH"},{"data":"Limit Break","floor":28,"key":"SMITH"},{"data":"True Grit","floor":32,"key":"SMITH"}],"circlet_count":0,"master_deck":["Strike_R+1","Strike_R+1","Defend_R+1","Defend_R+1","Defend_R+1","Defend_R+1","Bash","Anger+1","Thunderclap","Fiend Fire+1","Clothesline+1","Metallicize","Feed","Carnage","Offering","Spot Weakness","Inflame+1","Shockwave+1","Disarm","Limit Break+1","Heavy Blade","True Grit+1"],"relics":["Burning Blood","TungstenRod","Pear","Eternal Feather","Mark of Pain","Happy Flower","Mercury Hourglass","InkBottle"],"acts_visited":["Exordium","TheCity"],"potions_floor_usage":[13,16,27,29,33,33],"damage_taken":[{"damage":0.0,"enemies":"Cultist","floor":1.0,"turns":3.0},{"damage":4.0,"enemies":"Small Slimes","floor":2.0,"turns":3.0},{"damage":6.0,"enemies":"Jaw Worm","floor":3.0,"turns":4.0},{"damage":10.0,"enemies":"Large Slime","floor":10.0,"turns":6.0},{"damage":9,"enemies":"Blue Slaver","floor":11,"turns":3},{"damage":0,"enemies":"3 Louse","floor":12,"turns":4},{"damage":20,"enemies":"Gremlin Nob","floor":13,"turns":4},{"damage":4,"enemies":"Red Slaver","floor":14,"turns":6},{"damage":22,"enemies":"Hexaghost","floor":16,"turns":9},{"damage":13,"enemies":"Shell Parasite","floor":18,"turns":5},{"damage":8,"enemies":"3 Byrds","floor":19,"turns":6},{"damage":16,"enemies":"Centurion and Healer","floor":20,"turns":7},{"damage":5,"enemies":"Cultist and Chosen","floor":24,"turns":3},{"damage":25,"enemies":"Gremlin Leader","floor":27,"turns":7},{"damage":36,"enemies":"Slavers","floor":29,"turns":5},{"damage":84,"enemies":"Automaton","floor":33,"turns":8}],"seed_played":"-2151110095337939314","potions_obtained":[{"floor":2.0,"key":"ElixirPotion"},{"floor":10.0,"key":"ColorlessPotion"},{"floor":12,"key":"SmokeBomb"},{"floor":14,"key":"ColorlessPotion"},{"floor":16,"key":"Regen Potion"},{"floor":19,"key":"DuplicationPotion"},{"floor":20,"key":"PowerPotion"},{"floor":27,"key":"DuplicationPotion"}],"is_trial":false,"path_per_floor":["M","M","M","$","?","R","?","R","T","M","M","M","E","M","R","B",null,"M","M","M","$","?","R","M","$","T","E","R","E","?","$","R","B"],"character_chosen":"IRONCLAD","items_purchased":["Fiend Fire","Shockwave","Disarm","Limit Break","True Grit"],"campfire_rested":0,"item_purchase_floors":[4,21,21,25,31],"current_hp_per_floor":[62,64,64,64,58,58,58,58,68,64,61,67,53,58,67,51,93,86,87,80,80,80,92,93,93,93,89,99,72,72,72,84,0,0],"gold":50,"neow_bonus":"ONE_RARE_RELIC","is_daily":false,"chose_seed":false,"campfire_upgraded":6,"win_rate":0.0,"timestamp":1609545690,"path_taken":["M","M","?","$","?","R","?","R","T","M","M","M","E","?","R","BOSS","M","M","?","$","?","R","M","$","T","E","R","E","?","?","R","BOSS"],"items_purchased_type":["Card","Card","Card","Card","Card"],"build_version":"2020-12-22","purchased_purges":1,"victory":false,"max_hp_per_floor":[80,80,80,80,80,80,80,80,90,90,90,90,90,93,93,93,93,93,96,99,99,99,99,99,99,99,99,99,102,102,102,102,102,102],"relic_stats":{"Happy Flower":[6],"counters":[16,83],"Eternal Feather":43,"obtain_stats":[{"Pear":9,"Happy Flower":26,"Eternal Feather":13,"Mark of Pain":17,"Burning Blood":0,"TungstenRod":0,"InkBottle":29,"Mercury Hourglass":27},{"Pear":3,"Happy Flower":13,"Eternal Feather":7,"Mark of Pain":9,"Burning Blood":0,"TungstenRod":0,"InkBottle":15,"Mercury Hourglass":14},{"Pear":10,"Happy Flower":63,"Eternal Feather":27,"Mark of Pain":42,"Burning Blood":0,"TungstenRod":0,"InkBottle":75,"Mercury Hourglass":70}],"Burning Blood":90,"TungstenRod":72,"InkBottle":[3],"Mercury Hourglass":[66]},"card_choices":[{"not_picked":["Havoc","Pommel Strike"],"picked":"Anger","floor":1.0},{"not_picked":["Anger","Pommel Strike"],"picked":"Thunderclap","floor":2.0},{"not_picked":["Twin Strike","Warcry","Flex"],"picked":"SKIP","floor":3.0},{"not_picked":["Flex","Body Slam","Twin Strike"],"picked":"SKIP","floor":10.0},{"not_picked":["Dropkick","Heavy Blade"],"picked":"Clothesline","floor":11},{"not_picked":["Second Wind","Warcry"],"picked":"Metallicize","floor":12},{"not_picked":["Perfected Strike","Seeing Red"],"picked":"Feed","floor":13},{"not_picked":["Thunderclap","Sever Soul"],"picked":"Carnage","floor":14},{"not_picked":["Feed","Fiend Fire"],"picked":"Offering","floor":16},{"not_picked":["True Grit","Shrug It Off"],"picked":"Spot Weakness","floor":18},{"not_picked":["Warcry","Clothesline","Cleave"],"picked":"SKIP","floor":19},{"not_picked":["Armaments+1","Rupture"],"picked":"Inflame+1","floor":20},{"not_picked":["Spot Weakness","Searing Blow","Perfected Strike"],"picked":"SKIP","floor":24},{"not_picked":["Juggernaut","Flex"],"picked":"Heavy Blade","floor":27},{"not_picked":["Bloodletting+1","Pommel Strike","Twin Strike"],"picked":"SKIP","floor":29}],"player_experience":38706,"relics_obtained":[{"floor":9.0,"key":"Pear"},{"floor":13,"key":"Eternal Feather"},{"floor":26,"key":"Happy Flower"},{"floor":27,"key":"Mercury Hourglass"},{"floor":29,"key":"InkBottle"}],"event_choices":[{"cards_removed":["Strike_R"],"damage_healed":0.0,"max_hp_gain":0.0,"max_hp_loss":0.0,"gold_gain":0.0,"event_name":"Golden Wing","player_choice":"Card Removal","floor":5.0,"gold_loss":0.0,"damage_taken":7.0},{"cards_removed":["Strike_R"],"damage_healed":0.0,"max_hp_gain":0.0,"max_hp_loss":0.0,"gold_gain":0.0,"event_name":"Bonfire Elementals","player_choice":"Offered Basic","floor":7.0,"gold_loss":0.0,"damage_taken":0.0},{"damage_healed":0,"gold_gain":99,"player_choice":"Stole From Cult","damage_taken":0,"max_hp_gain":0,"max_hp_loss":0,"event_name":"Nest","floor":22,"gold_loss":0},{"damage_healed":0,"gold_gain":0,"player_choice":"Simplicity","damage_taken":0,"max_hp_gain":0,"max_hp_loss":0,"event_name":"Back to Basics","floor":30,"gold_loss":0,"cards_upgraded":["Strike_R","Strike_R","Defend_R","Defend_R","Defend_R","Defend_R"]}],"is_beta":false,"boss_relics":[{"not_picked":["Calling Bell","Black Star"],"picked":"Mark of Pain"}],"items_purged_floors":[25],"is_endless":false,"potions_floor_spawned":[2,10,12,14,16,19,20,27],"killed_by":"Automaton","ascension_level":4}}