{"host":"ogk9ry5953hr85uy","time":1614416383,"event":{"mods":["Act Like it!","BaseMod","Bestiary","Better Third Choice","BetterRewards","Conspire","Downfall","Gremlin Mod","Halation","Hallownest","Hubris","Lobotomy","LobotomyExtend","Mimic Mod","Minty Spire (QoL Compilation)","Reliquary","Replay The Spire","Ruina","Shop Mod","Spicy Shops","StSLib","The Bug Knight","The Disciple","The Jungle","The Marked","Waifu the Spire"],"gold_per_floor":[272,272,285,285,303,303,331,36,66,81,81,81,81,91,91,190,190,206,217,9,20,30,45,60,4,31,31,50,50,69,85,85,180,180,199,10,10,10,29,29,29,29],"floor_reached":41,"language":"RUS","playtime":2548,"items_purged":["Strike_B","Regret"],"score":472,"play_id":"2f8a9f8f-a2bd-4866-9155-d53c161014e9","local_time":"20210227135943","is_ascension_mode":false,"campfire_choices":[{"floor":11,"key":"REST"},{"data":"Defragment","floor":13,"key":"SMITH"},{"floor":15,"key":"REST"},{"floor":32,"key":"REST"},{"data":"Electrodynamics","floor":40,"key":"SMITH"}],"circlet_count":0,"master_deck":["Strike_B","Strike_B+1","Defend_B","Defend_B","Defend_B","Defend_B","Zap","Dualcast","Conserve Battery","UniverseFragment","Ball Lightning","Bloodbath","Defragment","Wellcheers","Defragment+1","ShyLook","Coolheaded","Cold Snap","MHz","Aggregate","Electrodynamics+1","GreedKing","Streamline+1","VoidDream","Streamline+1","OSAHOGD","Ball Lightning","QueenOfHatred","conspire:SharedLibrary+1","BlackArmy","Capacitor+1","OldLady","Madness","OSAHOGD","Chaos","RedShoes","Fusion","DespairKnight","Melter","Buffer","Conserve Battery","Sunder","Pain","hubris:NaturalOne","BootSequence+1","Scorched"],"relics":["Cracked Core","CogitoBucket","LetterFromLob","hubris:Towel","Replay:Wax Seal","HollowMod:PaleOreRelic","Replay:Rubber Ducky","PreservedInsect","SkinProphecy","halation:VictoryRuler","hubris:HollowSoul","MerchantsRug","BehaviorAdjustment","Anchor","AtMidnight","ChangeAnything","hubris:TerracottaHorce","hubris:EmptyBottle","hubris:Icosahedron","WarpedTongs"],"acts_visited":["Exordium","TheCity","TheBeyond"],"potions_floor_usage":[16,16,21,24,33,41,41,41],"damage_taken":[{"damage":6,"enemies":"2 Louse","floor":1,"turns":2},{"damage":1,"enemies":"Jaw Worm","floor":3,"turns":4},{"damage":0,"enemies":"Small Slimes","floor":5,"turns":3},{"damage":26,"enemies":"Gremlin Nob","floor":7,"turns":5},{"damage":7,"enemies":"Blue Slaver","floor":9,"turns":6},{"damage":31,"enemies":"Blue Slaver","floor":10,"turns":7},{"damage":0,"enemies":"Exordium Wildlife","floor":14,"turns":2},{"damage":18,"enemies":"The Guardian","floor":16,"turns":11},{"damage":2,"enemies":"3 Byrds","floor":18,"turns":3},{"damage":4,"enemies":"Shell Parasite","floor":19,"turns":5},{"damage":10,"enemies":"Chosen and Byrds","floor":21,"turns":7},{"damage":2,"enemies":"Snecko","floor":22,"turns":5},{"damage":15,"enemies":"3 Cultists","floor":23,"turns":4},{"damage":0,"enemies":"Chosen and Byrds","floor":24,"turns":5},{"damage":22,"enemies":"Centurion and Healer","floor":28,"turns":9},{"damage":3,"enemies":"Snake Plant","floor":30,"turns":4},{"damage":20,"enemies":"Cultist and Chosen","floor":31,"turns":5},{"damage":31,"enemies":"conspire:MysteriousRune","floor":33,"turns":11},{"damage":5,"enemies":"3 Shapes","floor":35,"turns":5},{"damage":30,"enemies":"Orb Walker","floor":39,"turns":4},{"damage":61,"enemies":"Giant Head","floor":41,"turns":8}],"seed_played":"95232732997216549","potions_obtained":[{"floor":1,"key":"Elixir"},{"floor":3,"key":"Swift Potion"},{"floor":10,"key":"Guardian:BlockOnCardUsePotion"},{"floor":16,"key":"Milkshake"},{"floor":23,"key":"ColorlessPotion"},{"floor":24,"key":"Dexterity Potion"},{"floor":30,"key":"SpeedPotion"},{"floor":33,"key":"BlessingOfTheForge"},{"floor":39,"key":"Regen Potion"}],"is_trial":false,"path_per_floor":["M","?","M","?","M","?","E","$","MIM","M","R","?","R","M","R","B",null,"M","M","$","M","M","M","M","$","T","?","M","$","M","M","R","B",null,"M","$","?","?","M","R","E"],"character_chosen":"DEFECT","items_purchased":["hubris:HerbalPaste","HollowMod:PaleOreRelic","MerchantsRug","Madness","hubris:EmptyBottle","Sunder"],"campfire_rested":3,"item_purchase_floors":[8,8,20,25,36,36],"current_hp_per_floor":[69,69,68,61,62,62,38,38,42,22,44,44,44,43,66,59,79,79,78,78,62,60,42,49,49,49,49,42,42,32,22,52,29,85,86,86,86,86,60,60,0,0],"gold":29,"neow_bonus":"","is_daily":false,"chose_seed":false,"campfire_upgraded":2,"win_rate":0.0,"timestamp":1614416383,"path_taken":["M","?","M","?","M","?","E","?","MIM","M","R","?","R","M","R","BOSS","M","M","$","M","?","M","M","$","T","?","?","$","M","M","R","BOSS","M","$","?","?","?","R","E"],"items_purchased_type":["Relic","Relic","Relic","Card","Relic","Card"],"build_version":"2020-12-22","purchased_purges":2,"victory":false,"max_hp_per_floor":[75,75,75,75,75,75,75,75,75,75,75,75,75,77,77,79,79,81,83,83,87,89,91,93,93,93,93,95,95,99,101,101,103,103,105,105,105,105,107,107,109,109],"card_choices":[{"not_picked":["Coolheaded","Fusion"],"picked":"Conserve Battery","floor":1},{"not_picked":["Murderer","CherryBlossoms","LittleHelper"],"picked":"Singing Bowl","floor":1},{"not_picked":["ShyLook","MeatLantern"],"picked":"UniverseFragment","floor":1},{"not_picked":["Steam","hubris:PowerSurge"],"picked":"Ball Lightning","floor":3},{"not_picked":["BigBadWolf","FairyFestival","PunishingBird"],"picked":"Singing Bowl","floor":3},{"not_picked":["Murderer","HappyTeddy"],"picked":"Bloodbath","floor":3},{"not_picked":["Leap","hubris:DoWhile"],"picked":"Defragment","floor":5},{"not_picked":["Murderer","Scorched"],"picked":"Wellcheers","floor":5},{"not_picked":["Mercenary","SnowQueen","BeautyBeast"],"picked":"Singing Bowl","floor":7},{"not_picked":["Hyperbeam","Blizzard"],"picked":"Defragment","floor":7},{"not_picked":["CrumblingArmor","WallGazer"],"picked":"ShyLook","floor":9},{"not_picked":["Hologram","FTL"],"picked":"Coolheaded","floor":9},{"not_picked":["Mirror Shield","Sweeping Beam"],"picked":"Cold Snap","floor":10},{"not_picked":["VoidDream","BeautyBeast"],"picked":"MHz","floor":10},{"not_picked":["Consume","Hologram"],"picked":"Aggregate","floor":14},{"not_picked":["Scarecrow","PunishingBird","Murderer"],"picked":"Singing Bowl","floor":14},{"not_picked":["All For One","Core Surge"],"picked":"Electrodynamics","floor":16},{"not_picked":["LongBird","OldLady","CrumblingArmor"],"picked":"Singing Bowl","floor":16},{"not_picked":["PunishingBird","Scorched"],"picked":"GreedKing","floor":18},{"not_picked":["Beam Cell+1","Scrape","Barrage"],"picked":"SKIP","floor":18},{"not_picked":["Cold Snap","Steam"],"picked":"Streamline+1","floor":19},{"not_picked":["WhitesApple","MeatLantern"],"picked":"VoidDream","floor":19},{"not_picked":["Sweeping Beam+1","ReplayGash"],"picked":"Streamline+1","floor":21},{"not_picked":["LittlePrince","HeroicMonk"],"picked":"OSAHOGD","floor":21},{"not_picked":["ReplayTheSpireMod:System Scan","Panic Button"],"picked":"Ball Lightning","floor":22},{"not_picked":["Scorched","QueenBee","PunishingBird"],"picked":"Singing Bowl","floor":22},{"not_picked":["BlueStar","CherryBlossoms"],"picked":"QueenOfHatred","floor":22},{"not_picked":["Turbo","Steam"],"picked":"conspire:SharedLibrary+1","floor":23},{"not_picked":["PunishingBird","Yin"],"picked":"BlackArmy","floor":23},{"not_picked":["Tempest+1","All For One"],"picked":"Capacitor+1","floor":24},{"not_picked":["GalaxyChild","NothingThere","SnowQueen"],"picked":"Singing Bowl","floor":24},{"not_picked":["LaLuna","Funeral"],"picked":"OldLady","floor":24},{"not_picked":["Stack","Coolheaded"],"picked":"Chaos","floor":28},{"not_picked":["Murderer","SingingMachine","Yin"],"picked":"Singing Bowl","floor":28},{"not_picked":["MeatLantern","FairyFestival"],"picked":"RedShoes","floor":28},{"not_picked":["ReplayGash","Recycle"],"picked":"Fusion","floor":30},{"not_picked":["BeautyBeast","Alriune","FairyFestival"],"picked":"Singing Bowl","floor":30},{"not_picked":["BeautyBeast","MeatLantern"],"picked":"DespairKnight","floor":30},{"not_picked":["BasicCrystalCard+1","Ball Lightning"],"picked":"Melter","floor":31},{"not_picked":["Murderer","BodiesMountain","Scorched"],"picked":"Singing Bowl","floor":31},{"not_picked":["hubris:DoWhile","ReplayTheSpireMod:Fabricate Wheel"],"picked":"Buffer","floor":33},{"not_picked":["LaLuna","Variant","SnowQueen"],"picked":"Singing Bowl","floor":33},{"not_picked":["Hologram+1","Cold Snap+1"],"picked":"Conserve Battery","floor":35},{"not_picked":["Yin","LittleHelper","BigBadWolf"],"picked":"Singing Bowl","floor":35},{"not_picked":["Coolheaded","Force Field+1"],"picked":"BootSequence+1","floor":39},{"not_picked":["Rudolta","Yin","HeroicMonk"],"picked":"Singing Bowl","floor":39},{"not_picked":["NakedNest","Freischutz"],"picked":"Scorched","floor":39}],"player_experience":122051,"relics_obtained":[{"floor":1,"key":"LetterFromLob"},{"floor":7,"key":"Replay:Wax Seal"},{"floor":9,"key":"Replay:Rubber Ducky"},{"floor":9,"key":"PreservedInsect"},{"floor":26,"key":"Anchor"},{"floor":30,"key":"AtMidnight"}],"event_choices":[{"cards_removed":["Strike_B"],"damage_healed":0,"gold_gain":0,"player_choice":"Card Removal","damage_taken":7,"max_hp_gain":0,"max_hp_loss":0,"event_name":"Golden Wing","floor":4,"gold_loss":0},{"damage_healed":0,"gold_gain":0,"player_choice":"Box","damage_taken":0,"relics_obtained":["halation:VictoryRuler"],"max_hp_gain":0,"max_hp_loss":0,"event_name":"Big Fish","floor":12,"gold_loss":0,"cards_obtained":["Regret"]},{"damage_healed":0,"gold_gain":0,"player_choice":"Copied","damage_taken":0,"max_hp_gain":0,"max_hp_loss":0,"event_name":"Duplicator","floor":27,"gold_loss":0,"cards_obtained":["OSAHOGD"]},{"damage_healed":0,"gold_gain":0,"player_choice":"Rummage","damage_taken":0,"relics_obtained":["WarpedTongs"],"max_hp_gain":0,"max_hp_loss":0,"event_name":"Accursed Blacksmith","floor":38,"gold_loss":0,"cards_obtained":["Pain"]}],"is_beta":false,"boss_relics":[{"not_picked":["halation:Risk","Ectoplasm"],"picked":"hubris:HollowSoul"},{"not_picked":["halation:MonkeysPaw","Sozu"],"picked":"hubris:TerracottaHorce"}],"items_purged_floors":[8,20],"is_endless":false,"potions_floor_spawned":[1,3,10,16,23,24,30,33,39],"killed_by":"Giant Head","ascension_level":0}}