{"host":"bplbr8uekuotory4","time":1614425353,"event":{"mods":["Act Like it!","BaseMod","GungeonMod","Hermit","KinomotoSakuraMod(木之本樱)","Marisa（F雨　魔理沙）","Minty Spire (QoL Compilation)","Prisma Mod","Quick Restart","Reimu（博丽灵梦）","SOS（斯巴达之子）","Spicy Shops","StSLib","TestMod","The Blackbeard","The Cursed","The Mystic","The Saiyan","The Senshi","The Servant 0.9.4","Yuri Mod","[IsaacMod]以撒尖塔"],"gold_per_floor":[118,178,23,23,42,42,42,42,42,76,76,22,97,97,97,97,97],"floor_reached":16,"language":"ZHS","playtime":254,"items_purged":[],"score":179,"play_id":"8bb5dc30-1cdf-46b6-89e0-0259cb4f984e","local_time":"20210227192913","is_ascension_mode":true,"campfire_choices":[{"data":"theSenshi:MoonPrismPowerMakeUp","floor":6,"key":"SMITH"},{"data":"theSenshi:RoseThrow","floor":8,"key":"SMITH"},{"data":"theSenshi:MoonCosmicPowerMakeUp","floor":11,"key":"SMITH"},{"data":"theSenshi:MoonCrisisMakeUp","floor":15,"key":"SMITH"}],"circlet_count":0,"master_deck":["AscendersBane","theSenshi:SailorKick","theSenshi:SailorKick","theSenshi:SailorKick","theSenshi:SailorBlock","theSenshi:SailorBlock","theSenshi:SailorBlock","theSenshi:SailorBlock","theSenshi:RoseThrow+1","theSenshi:MoonPrismPowerMakeUp+1","theSenshi:MoonCosmicPowerMakeUp+1","theSenshi:MoonCrisisMakeUp+1"],"relics":["theSenshi:TransformationBroochRelic","testmod-TestBox","HushsDoor","Damocles","testmod-IndustrialRevolution","Art of War","DemoMod:GlassGuonStoneRelic","DemoMod:LamentConfigurum","SteamSale","Pantograph","BookofShadows","BelialBook","Void","theSenshi:RedHairPiecesRelic"],"acts_visited":["Exordium"],"potions_floor_usage":[10],"damage_taken":[{"damage":0,"enemies":"Jaw Worm","floor":1,"turns":6},{"damage":0,"enemies":"Cultist","floor":5,"turns":4},{"damage":0,"enemies":"Gremlin Nob","floor":10,"turns":4},{"damage":6,"enemies":"Hexaghost","floor":16,"turns":2}],"seed_played":"8847659922762594519","potions_obtained":[{"floor":1,"key":"ColorlessPotion"}],"is_trial":false,"path_per_floor":["M","?","$","T","M","R","$","R","T","E","R","$","?","?","R","B"],"character_chosen":"THE_SENSHI","items_purchased":["SteamSale","theSenshi:RedHairPiecesRelic","theSenshi:MoonCrisisMakeUp"],"campfire_rested":0,"item_purchase_floors":[3,12,12],"current_hp_per_floor":[68,53,53,53,53,53,53,53,53,53,53,53,42,35,35,0,0],"gold":97,"neow_bonus":"RANDOM_COMMON_RELIC","is_daily":false,"chose_seed":false,"campfire_upgraded":4,"win_rate":0.0,"timestamp":1614425353,"path_taken":["M","?","$","?","?","R","?","R","T","E","R","$","?","?","R","BOSS"],"items_purchased_type":["Relic","Relic","Card"],"build_version":"2020-12-22","purchased_purges":0,"victory":false,"max_hp_per_floor":[75,75,75,75,75,75,75,75,75,75,75,75,75,75,75,75,75],"card_choices":[{"not_picked":["theSenshi:Sidestep","theSenshi:KlutzyLuck","theSenshi:SailorStarMakerAssists"],"picked":"SKIP","floor":1},{"not_picked":["theSenshi:Sidestep","theSenshi:SupersonicWaves","theSenshi:MoonHealingEscalation"],"picked":"SKIP","floor":5},{"not_picked":["theSenshi:SailorUranusAssists","theSenshi:LateForSchool"],"picked":"theSenshi:MoonCosmicPowerMakeUp","floor":10}],"player_experience":1207286,"relics_obtained":[{"floor":1,"key":"DemoMod:LamentConfigurum"},{"floor":5,"key":"Pantograph"},{"floor":9,"key":"BookofShadows"},{"floor":10,"key":"BelialBook"},{"floor":10,"key":"Void"}],"event_choices":[{"damage_healed":0,"gold_gain":75,"player_choice":"Gather Gold","damage_taken":11,"max_hp_gain":0,"max_hp_loss":0,"event_name":"World of Goop","floor":13,"gold_loss":0},{"cards_removed":["theSenshi:SailorKick"],"damage_healed":0,"gold_gain":0,"player_choice":"Card Removal","damage_taken":7,"max_hp_gain":0,"max_hp_loss":0,"event_name":"Golden Wing","floor":14,"gold_loss":0}],"is_beta":false,"boss_relics":[],"items_purged_floors":[],"is_endless":false,"potions_floor_spawned":[1],"killed_by":"Hexaghost","ascension_level":10}}