{"host":"8vqkh0x3c7vpgzzm","time":1614459737,"event":{"mods":["AchievementEnabler","BaseMod","Colored Map","Colored Powertips","Curses Come First","DeckTracker","Highlight Path","Minty Spire (QoL Compilation)","Permanent Neow","Quick Restart","Random Character Mod","Rare Cards Sparkle","Relic Sorter","Relic Stats","StSLib","SuperFastMode","Unceasing Turn Reminder","egg","everything is the same but u backflip on backflip"],"gold_per_floor":[360,360,435,435,38,38,55,80,105,133,150,23,23,23,23,98,98,78,78,96,112,0,0,0],"floor_reached":23,"language":"ENG","playtime":688,"items_purged":["Strike_G"],"score":424,"play_id":"86abf672-7c58-44f7-b9b9-120fec4cb618","local_time":"20210227220217","is_ascension_mode":true,"campfire_choices":[{"data":"Neutralize","floor":6,"key":"SMITH"},{"data":"Footwork","floor":13,"key":"SMITH"},{"data":"Noxious Fumes","floor":15,"key":"SMITH"}],"circlet_count":0,"master_deck":["AscendersBane","Strike_G","Strike_G","Strike_G+1","Strike_G","Defend_G","Defend_G","Defend_G","Defend_G","Defend_G","Survivor","Neutralize+1","Dagger Throw+1","Footwork+1","Dagger Spray","Cloak And Dagger","Accuracy","Backflip","Noxious Fumes+1","Burst","Prepared"],"relics":["Ring of the Snake","Dream Catcher","Potion Belt","Toy Ornithopter","Happy Flower","Whetstone","Coffee Dripper"],"acts_visited":["Exordium","TheCity"],"potions_floor_usage":[10,10,10,21,21],"damage_taken":[{"damage":3,"enemies":"Cultist","floor":1,"turns":5},{"damage":1,"enemies":"Jaw Worm","floor":7,"turns":5},{"damage":0,"enemies":"3 Sentries","floor":10,"turns":1},{"damage":0,"enemies":"2 Louse","floor":11,"turns":2},{"damage":23,"enemies":"The Guardian","floor":16,"turns":13},{"damage":27,"enemies":"2 Thieves","floor":18,"turns":5},{"damage":4,"enemies":"Spheric Guardian","floor":20,"turns":6},{"damage":25,"enemies":"Cultist and Chosen","floor":21,"turns":8}],"seed_played":"-3127059460253361849","potions_obtained":[{"floor":7,"key":"AttackPotion"},{"floor":21,"key":"Dexterity Potion"}],"is_trial":false,"path_per_floor":["M","?","?","?","$","R","M","T","T","E","M","$","R","$","R","B",null,"M","?","M","M","?","R"],"character_chosen":"THE_SILENT","items_purchased":["Footwork","Potion Belt","EntropicBrew","Backflip","Noxious Fumes"],"campfire_rested":0,"item_purchase_floors":[5,5,5,12,12],"current_hp_per_floor":[56,30,19,39,39,39,38,38,38,53,53,53,53,53,53,30,53,26,26,22,7,7,7,7],"gold":0,"neow_bonus":"TWO_FIFTY_GOLD","is_daily":false,"chose_seed":false,"campfire_upgraded":3,"win_rate":0.0,"timestamp":1614459737,"path_taken":["M","?","?","?","$","R","M","?","T","E","?","$","R","?","R","BOSS","M","?","M","M","?","R"],"items_purchased_type":["Card","Relic","Potion","Card","Card"],"build_version":"2020-12-22","purchased_purges":1,"victory":false,"max_hp_per_floor":[60,60,60,60,60,60,60,60,60,60,60,60,60,60,60,60,60,60,60,60,60,60,60,60],"relic_stats":{"Dream Catcher":0,"Happy Flower":[11],"counters":[8,45],"Whetstone":["Dagger Throw","Strike_G"],"obtain_stats":[{"Potion Belt":5,"Dream Catcher":2,"Happy Flower":9,"Coffee Dripper":17,"Whetstone":10,"Toy Ornithopter":8,"Ring of the Snake":0},{"Potion Belt":1,"Dream Catcher":1,"Happy Flower":2,"Coffee Dripper":5,"Whetstone":3,"Toy Ornithopter":2,"Ring of the Snake":0},{"Potion Belt":5,"Dream Catcher":5,"Happy Flower":10,"Coffee Dripper":26,"Whetstone":11,"Toy Ornithopter":10,"Ring of the Snake":0}],"Toy Ornithopter":25,"Ring of the Snake":[16]},"card_choices":[{"not_picked":["Expertise","Dodge and Roll"],"picked":"Dagger Throw","floor":1},{"not_picked":["PiercingWail","Deadly Poison"],"picked":"Dagger Spray","floor":7},{"not_picked":["Dagger Throw","Flying Knee"],"picked":"Cloak And Dagger","floor":10},{"not_picked":["Deflect","Predator"],"picked":"Accuracy","floor":11},{"not_picked":["Storm of Steel","Grand Finale"],"picked":"Burst","floor":16},{"not_picked":["Dagger Spray","Sucker Punch","Outmaneuver"],"picked":"SKIP","floor":18},{"not_picked":["Tactician+1","Expertise"],"picked":"Prepared","floor":20},{"not_picked":["Bouncing Flask","Quick Slash","Expertise"],"picked":"SKIP","floor":21}],"player_experience":671421,"relics_obtained":[{"floor":8,"key":"Toy Ornithopter"},{"floor":9,"key":"Happy Flower"},{"floor":10,"key":"Whetstone"}],"event_choices":[{"damage_healed":0,"gold_gain":0,"player_choice":"Success","damage_taken":26,"relics_obtained":["Dream Catcher"],"max_hp_gain":0,"max_hp_loss":0,"event_name":"Scrap Ooze","floor":2,"gold_loss":0},{"damage_healed":0,"gold_gain":75,"player_choice":"Gather Gold","damage_taken":11,"max_hp_gain":0,"max_hp_loss":0,"event_name":"World of Goop","floor":3,"gold_loss":0},{"damage_healed":20,"gold_gain":0,"player_choice":"Banana","damage_taken":0,"max_hp_gain":0,"max_hp_loss":0,"event_name":"Big Fish","floor":4,"gold_loss":0},{"damage_healed":0,"gold_gain":0,"player_choice":"Ignored","damage_taken":0,"max_hp_gain":0,"max_hp_loss":0,"event_name":"The Mausoleum","floor":19,"gold_loss":0},{"damage_healed":0,"gold_gain":0,"player_choice":"Paid Fearfully","damage_taken":0,"max_hp_gain":0,"max_hp_loss":0,"event_name":"Masked Bandits","floor":22,"gold_loss":112}],"is_beta":false,"boss_relics":[{"not_picked":["SacredBark","Runic Pyramid"],"picked":"Coffee Dripper"}],"items_purged_floors":[5],"is_endless":false,"potions_floor_spawned":[7,21],"ascension_level":20}}