{"host":"lg1piimdyocafd6j","time":1614427465,"event":{"mods":["AchievementEnabler","BaseMod","Better Third Choice","BetterRewards","Colored Map","Colored Powertips","Downfall","Minty Spire (QoL Compilation)","Quick Restart","Rare Cards Sparkle","Remove Card Discount Mod","Shop Mod","StSLib","SuperFastMode"],"gold_per_floor":[114,114,114,126,141,141,141,141],"floor_reached":7,"language":"ENG","playtime":338,"items_purged":["Strike_B","Strike_B","Strike_B","Strike_B","Defend_B"],"score":41,"play_id":"a99ebaf8-796e-4af3-b6e5-de152eb45098","local_time":"20210227130425","is_ascension_mode":false,"campfire_choices":[{"floor":6,"key":"RECALL"}],"circlet_count":0,"master_deck":["Defend_B","Defend_B","Defend_B","Zap","Dualcast","Redo","Loop","Conserve Battery","Leap+1","Conserve Battery+1","BootSequence+1","Conserve Battery+1","BootSequence+1"],"relics":["Cracked Core","Membership Card","Toxic Egg 2","Lantern"],"acts_visited":["Exordium"],"potions_floor_usage":[7,7],"damage_taken":[{"damage":0,"enemies":"2 Louse","floor":1,"turns":3},{"damage":0,"enemies":"Cultist","floor":4,"turns":4},{"damage":0,"enemies":"Small Slimes","floor":5,"turns":3},{"damage":85,"enemies":"Gremlin Nob","floor":7,"turns":7}],"seed_played":"6669956737899515051","potions_obtained":[{"floor":1,"key":"Weak Potion"},{"floor":5,"key":"FearPotion"}],"is_trial":false,"path_per_floor":["M","?","$","M","M","R","E"],"character_chosen":"DEFECT","items_purchased":["Redo","Loop","Conserve Battery","Membership Card","Toxic Egg 2","Leap+1","Lantern","Conserve Battery+1"],"campfire_rested":0,"item_purchase_floors":[0,0,0,0,0,0,0,0],"current_hp_per_floor":[75,80,80,80,80,80,0,0],"gold":141,"neow_bonus":"","is_daily":false,"chose_seed":false,"campfire_upgraded":0,"win_rate":0.0,"timestamp":1614427465,"path_taken":["M","?","$","M","M","R","E"],"items_purchased_type":["Card","Card","Card","Relic","Relic","Card","Relic","Card"],"build_version":"2020-12-22","purchased_purges":5,"victory":false,"max_hp_per_floor":[75,80,80,80,80,80,80,80],"card_choices":[{"not_picked":["Hello World","Force Field+1"],"picked":"BootSequence+1","floor":1},{"not_picked":["Steam+1","Force Field+1"],"picked":"Conserve Battery+1","floor":4},{"not_picked":["Rip and Tear","Fusion+1"],"picked":"BootSequence+1","floor":5}],"player_experience":244284,"relics_obtained":[],"event_choices":[{"damage_healed":0,"gold_gain":0,"player_choice":"Donut","damage_taken":0,"max_hp_gain":5,"max_hp_loss":0,"event_name":"Big Fish","floor":2,"gold_loss":0}],"is_beta":false,"boss_relics":[],"items_purged_floors":[0,0,0,0,0],"is_endless":false,"potions_floor_spawned":[1,5],"killed_by":"Gremlin Nob","ascension_level":0}}