{"host":"ecvfachamqf62ewl","time":1614399268,"event":{"mods":["AchievementEnabler","BaseMod","Colored Map","Colored Powertips","Minty Spire (QoL Compilation)","Rare Cards Sparkle","Relic Stats","StSLib","SuperFastMode"],"gold_per_floor":[12,26,44,60,75,75,93,93,120,148,166,166,197,212,212,316,316,331,348,145,155,155,155],"floor_reached":22,"language":"ENG","playtime":981,"items_purged":["Strike_B"],"score":192,"play_id":"9415a9cf-c2ca-4269-b005-5c7f9ecc581c","local_time":"20210226231428","is_ascension_mode":false,"campfire_choices":[{"data":"Loop","floor":6,"key":"SMITH"},{"data":"Capacitor","floor":8,"key":"SMITH"},{"data":"Aggregate","floor":15,"key":"SMITH"}],"circlet_count":0,"master_deck":["Strike_B","Strike_B","Strike_B","Defend_B","Defend_B","Defend_B","Defend_B","Zap","Dualcast","Loop+1","Capacitor+1","Ball Lightning","Aggregate+1","Conserve Battery","Compile Driver","Steam","All For One","Coolheaded","Rainbow","Hologram+1","Stack+1","Coolheaded","Self Repair","Barrage+1"],"relics":["Cracked Core"],"acts_visited":["Exordium","TheCity"],"potions_floor_usage":[5,10,16,22],"damage_taken":[{"damage":2,"enemies":"Small Slimes","floor":1,"turns":4},{"damage":1,"enemies":"Cultist","floor":2,"turns":3},{"damage":2,"enemies":"2 Louse","floor":3,"turns":3},{"damage":0,"enemies":"Large Slime","floor":4,"turns":5},{"damage":19,"enemies":"Gremlin Gang","floor":5,"turns":4},{"damage":10,"enemies":"Looter","floor":7,"turns":3},{"damage":25,"enemies":"The Mushroom Lair","floor":10,"turns":4},{"damage":8,"enemies":"3 Louse","floor":11,"turns":4},{"damage":29,"enemies":"Lagavulin","floor":13,"turns":7},{"damage":12,"enemies":"Blue Slaver","floor":14,"turns":3},{"damage":38,"enemies":"The Guardian","floor":16,"turns":12},{"damage":3,"enemies":"Shell Parasite","floor":18,"turns":5},{"damage":28,"enemies":"Spheric Guardian","floor":19,"turns":6},{"damage":40,"enemies":"Snake Plant","floor":21,"turns":7},{"damage":26,"enemies":"3 Cultists","floor":22,"turns":5}],"seed_played":"5354913384646515993","potions_obtained":[{"floor":1,"key":"Strength Potion"},{"floor":3,"key":"Regen Potion"},{"floor":7,"key":"EssenceOfSteel"},{"floor":11,"key":"Energy Potion"},{"floor":13,"key":"PotionOfCapacity"},{"floor":16,"key":"Swift Potion"}],"is_trial":false,"path_per_floor":["M","M","M","M","M","R","M","R","T","?","M","?","E","M","R","B",null,"M","M","$","M","M"],"character_chosen":"DEFECT","items_purchased":["Coolheaded","Self Repair"],"campfire_rested":0,"item_purchase_floors":[20,20],"current_hp_per_floor":[73,72,70,70,51,51,41,41,41,21,13,85,56,44,44,6,85,82,54,54,21,0,0],"gold":155,"neow_bonus":"THREE_RARE_CARDS","is_daily":false,"chose_seed":false,"campfire_upgraded":3,"win_rate":0.0,"timestamp":1614399268,"path_taken":["M","M","M","M","M","R","M","R","T","?","M","?","E","M","R","BOSS","M","M","?","M","M"],"items_purchased_type":["Card","Card"],"build_version":"2020-12-22","purchased_purges":1,"victory":false,"max_hp_per_floor":[75,75,75,75,75,75,75,75,75,75,75,85,85,85,85,85,85,85,85,85,85,85,85],"relic_stats":{"counters":[15,74],"obtain_stats":[{"Cracked Core":0},{"Cracked Core":0},{"Cracked Core":0}]},"card_choices":[{"not_picked":["Meteor Strike","Thunder Strike"],"picked":"Multi-Cast","floor":0},{"not_picked":["Redo","Consume"],"picked":"Loop","floor":1},{"not_picked":["Steam","Stack","Beam Cell"],"picked":"SKIP","floor":2},{"not_picked":["Stack","Blizzard"],"picked":"Capacitor","floor":3},{"not_picked":["Compile Driver","Darkness"],"picked":"Ball Lightning","floor":4},{"not_picked":["Go for the Eyes","Steam Power"],"picked":"Aggregate","floor":5},{"not_picked":["Rebound","Sweeping Beam"],"picked":"Conserve Battery","floor":7},{"not_picked":["Hologram","Go for the Eyes"],"picked":"Compile Driver","floor":10},{"not_picked":["Beam Cell","Redo"],"picked":"Steam","floor":11},{"not_picked":["Hologram","Tempest"],"picked":"All For One","floor":13},{"not_picked":["Aggregate","Steam"],"picked":"Coolheaded","floor":14},{"not_picked":["Meteor Strike","Amplify"],"picked":"Rainbow","floor":16},{"not_picked":["Coolheaded+1","Sweeping Beam+1"],"picked":"Hologram+1","floor":18},{"not_picked":["Rebound","All For One"],"picked":"Stack+1","floor":19},{"not_picked":["Sweeping Beam","Steam"],"picked":"Barrage+1","floor":21}],"player_experience":460012,"relics_obtained":[],"event_choices":[{"damage_healed":0,"gold_gain":0,"player_choice":"Fought Mushrooms","damage_taken":0,"max_hp_gain":0,"max_hp_loss":0,"event_name":"Mushrooms","floor":10,"gold_loss":0},{"cards_removed":["Multi-Cast"],"damage_healed":62,"gold_gain":0,"player_choice":"Offered Rare","damage_taken":0,"max_hp_gain":10,"max_hp_loss":0,"event_name":"Bonfire Elementals","floor":12,"gold_loss":0}],"is_beta":false,"boss_relics":[{"not_picked":["Runic Pyramid","Ectoplasm","Philosopher\u0027s Stone"]}],"items_purged_floors":[20],"is_endless":false,"potions_floor_spawned":[1,3,7,11,13,14,16,18],"killed_by":"3 Cultists","ascension_level":0}}