{"host":"nwyj08ts91jkyezn","time":1614428626,"event":{"mods":["AchievementEnabler","BaseMod","Colored Map","DeckTracker","Minty Spire (QoL Compilation)","Rare Cards Sparkle","StSLib","SuperFastMode","everything is the same but u backflip on backflip"],"gold_per_floor":[110,124,142,142,17,43,57,83,83,83,116,116,130,149,149,224,224,244,244,94,94,94],"floor_reached":21,"language":"KOR","playtime":622,"items_purged":["Strike_R","Defend_R"],"score":378,"play_id":"efd4b276-1a35-409b-b818-0864e4a18ddf","local_time":"20210227212346","is_ascension_mode":true,"campfire_choices":[{"data":"1","floor":12.0,"key":"LIFT"},{"floor":15.0,"key":"REST"}],"circlet_count":0,"master_deck":["AscendersBane","Strike_R","Strike_R","Defend_R","Defend_R","Defend_R","Bash","Uppercut","Pommel Strike","Evolve","Whirlwind","Shockwave","Body Slam","Wild Strike","Flame Barrier","Ghostly","Ghostly","Ghostly","Shrug It Off"],"relics":["Burning Blood","NeowsBlessing","Strawberry","Nunchaku","Bronze Scales","Pantograph","Girya","Empty Cage"],"acts_visited":["Exordium","TheCity"],"potions_floor_usage":[16,21],"damage_taken":[{"damage":0.0,"enemies":"Cultist","floor":1.0,"turns":1.0},{"damage":0.0,"enemies":"Jaw Worm","floor":2.0,"turns":1.0},{"damage":0.0,"enemies":"Small Slimes","floor":3.0,"turns":1.0},{"damage":8.0,"enemies":"Gremlin Nob","floor":6.0,"turns":3.0},{"damage":10.0,"enemies":"2 Fungi Beasts","floor":7.0,"turns":3.0},{"damage":23.0,"enemies":"3 Sentries","floor":8.0,"turns":6.0},{"damage":40.0,"enemies":"Lagavulin","floor":11.0,"turns":7.0},{"damage":11.0,"enemies":"3 Louse","floor":13.0,"turns":2.0},{"damage":9.0,"enemies":"Blue Slaver","floor":14.0,"turns":3.0},{"damage":48,"enemies":"Slime Boss","floor":16,"turns":9},{"damage":52,"enemies":"Spheric Guardian","floor":18,"turns":6},{"damage":28,"enemies":"Chosen","floor":21,"turns":7}],"seed_played":"1165235885069118599","potions_obtained":[{"floor":1.0,"key":"SteroidPotion"},{"floor":3.0,"key":"AttackPotion"},{"floor":7.0,"key":"Block Potion"},{"floor":13.0,"key":"Swift Potion"},{"floor":18,"key":"ColorlessPotion"}],"is_trial":false,"path_per_floor":["M","M","M","T","$","E","M","E","T","?","E","R","M","M","R","B",null,"M","?","$","M"],"character_chosen":"IRONCLAD","items_purchased":["Perfected Strike","Shrug It Off"],"campfire_rested":1,"item_purchase_floors":[5,20],"current_hp_per_floor":[74,75,75,82,82,80,76,59,59,59,25,25,20,17,41,24,68,22,22,22,0,0],"gold":94,"neow_bonus":"THREE_ENEMY_KILL","is_daily":false,"chose_seed":false,"campfire_upgraded":0,"win_rate":0.0,"timestamp":1614428626,"path_taken":["M","?","M","?","?","E","M","E","T","?","E","R","M","?","R","BOSS","M","?","$","M"],"items_purchased_type":["Card","Card"],"build_version":"2020-12-22","purchased_purges":2,"victory":false,"max_hp_per_floor":[75,75,75,82,82,82,82,82,82,82,82,82,82,82,82,82,82,82,41,41,41,41],"card_choices":[{"not_picked":["Ghostly Armor","Flex"],"picked":"Uppercut","floor":1.0},{"not_picked":["Anger","Iron Wave"],"picked":"Pommel Strike","floor":2.0},{"not_picked":["Rupture","Dual Wield"],"picked":"Evolve","floor":3.0},{"not_picked":["Flex","Shockwave"],"picked":"Whirlwind","floor":6.0},{"not_picked":["Heavy Blade","Entrench"],"picked":"Shockwave","floor":7.0},{"not_picked":["Warcry","Evolve"],"picked":"Body Slam","floor":8.0},{"not_picked":["Thunderclap","Anger"],"picked":"Wild Strike","floor":11.0},{"not_picked":["Second Wind","Shrug It Off"],"picked":"Flame Barrier","floor":13.0},{"not_picked":["Iron Wave","Twin Strike","Immolate"],"picked":"SKIP","floor":14.0},{"not_picked":["Metallicize","Iron Wave","Thunderclap"],"picked":"SKIP","floor":18}],"player_experience":1070097,"relics_obtained":[{"floor":4.0,"key":"Strawberry"},{"floor":6.0,"key":"Nunchaku"},{"floor":8.0,"key":"Bronze Scales"},{"floor":9.0,"key":"Pantograph"},{"floor":11.0,"key":"Girya"}],"event_choices":[{"cards_removed":["Strike_R"],"damage_healed":0.0,"max_hp_gain":0.0,"max_hp_loss":0.0,"gold_gain":0.0,"event_name":"Bonfire Elementals","player_choice":"Offered Basic","floor":10.0,"gold_loss":0.0,"damage_taken":0.0},{"damage_healed":0,"gold_gain":0,"player_choice":"Became a Ghost","damage_taken":0,"max_hp_gain":0,"max_hp_loss":41,"event_name":"Ghosts","floor":19,"gold_loss":0,"cards_obtained":["Ghostly","Ghostly","Ghostly"]}],"is_beta":false,"boss_relics":[{"not_picked":["Velvet Choker","Fusion Hammer"],"picked":"Empty Cage"}],"items_purged_floors":[5,20],"is_endless":false,"potions_floor_spawned":[1,3,7,13,18],"killed_by":"Chosen","ascension_level":18}}