{"host":"8fnghcq8tvbg6z9e","time":1614433674,"event":{"mods":["BaseMod","Downfall","Minty Spire (QoL Compilation)","Quick Restart","StSLib"],"gold_per_floor":[119,139,156,170,181,181,191,206,206,131,142,162,180,193,193,298,298,311,326,342,359,372,59,77,93,93,104,124,2,13,29,29,134,134,151,161,181,192,211,211,223,234,261,273,292,309,319,19,19,19],"floor_reached":51,"language":"ZHS","playtime":2414,"items_purged":["bronze:ChildClass","bronze:Boost","bronze:Assembly","bronze:DarkDash+1"],"score":771,"play_id":"cc83a40a-29ca-494c-a1dd-54d57ba5adc8","local_time":"20210227214754","daily_mods":["Draft","Vintage","Heirloom","Time Dilation","Flight"],"is_ascension_mode":false,"campfire_choices":[{"data":"bronze:Overheat","floor":6.0,"key":"SMITH"},{"data":"bronze:NullPointer","floor":15.0,"key":"SMITH"},{"data":"bronze:MaxOutput","floor":32,"key":"SMITH"},{"data":"bronze:BuggyMess","floor":40,"key":"SMITH"},{"data":"bronze:WhirlingStrike","floor":49,"key":"SMITH"}],"circlet_count":0,"master_deck":["bronze:OilSpill","bronze:Branch","bronze:WhirlingStrike+1","bronze:Frontload+1","bronze:OilSpill","bronze:WildBeam","bronze:Overheat+1","bronze:NullPointer+1","bronze:Shield+1","bronze:Branch","bronze:ChildClass+1","bronze:Allocate+1","bronze:MaxOutput+1","bronze:BuggyMess+1","bronze:WildBeam","bronze:WildBeam","bronze:Break"],"relics":["bronze:BronzeCore","bronze:AnalyticalCore","Pocketwatch","War Paint","Bronze Scales","Bag of Preparation","Matryoshka","Singing Bowl","StoneCalendar","bronze:BronzeIdol","Eternal Feather","Sundial","Vajra","Pen Nib","Bottled Flame","Orichalcum","Astrolabe","Smiling Mask","Tiny Chest","Shuriken","Juzu Bracelet","The Courier","Frozen Egg 2","Ancient Tea Set","hexamod:CandleOfCauterizing","Bottled Tornado","Mercury Hourglass","Happy Flower","Letter Opener","MealTicket","Oddly Smooth Stone","bronze:MakeshiftBattery","Guardian:PocketSentry","Slimebound:StickyStick","HornCleat","Akabeko","Lantern","bronze:SilverBullet","Turnip","sneckomod:BlankCard","Pantograph","Regal Pillow","Gremlin Horn","Ornamental Fan","Guardian:GemstoneGun"],"acts_visited":["Exordium","TheCity","TheBeyond"],"potions_floor_usage":[],"damage_taken":[{"damage":5.0,"enemies":"2 Louse","floor":1.0,"turns":2.0},{"damage":0.0,"enemies":"Small Slimes","floor":2.0,"turns":1.0},{"damage":0.0,"enemies":"Jaw Worm","floor":3.0,"turns":2.0},{"damage":0.0,"enemies":"Large Slime","floor":4.0,"turns":3.0},{"damage":0.0,"enemies":"Exordium Wildlife","floor":5.0,"turns":2.0},{"damage":0.0,"enemies":"Blue Slaver","floor":7.0,"turns":1.0},{"damage":13.0,"enemies":"Red Slaver","floor":8.0,"turns":2.0},{"damage":0.0,"enemies":"Looter","floor":11.0,"turns":2.0},{"damage":0.0,"enemies":"Large Slime","floor":12.0,"turns":3.0},{"damage":0.0,"enemies":"Exordium Thugs","floor":13.0,"turns":1.0},{"damage":0.0,"enemies":"Looter","floor":14.0,"turns":2.0},{"damage":0.0,"enemies":"Slime Boss","floor":16.0,"turns":4.0},{"damage":0.0,"enemies":"Chosen","floor":18.0,"turns":1.0},{"damage":0.0,"enemies":"Shell Parasite","floor":19.0,"turns":2.0},{"damage":0.0,"enemies":"Cultist and Chosen","floor":20.0,"turns":3.0},{"damage":20.0,"enemies":"Centurion and Healer","floor":21.0,"turns":4.0},{"damage":0.0,"enemies":"Sentry and Sphere","floor":22.0,"turns":4.0},{"damage":0.0,"enemies":"Snecko","floor":24.0,"turns":2.0},{"damage":0.0,"enemies":"Cultist and Chosen","floor":25.0,"turns":2.0},{"damage":0.0,"enemies":"Sentry and Sphere","floor":27.0,"turns":2.0},{"damage":0.0,"enemies":"Snecko","floor":28.0,"turns":2.0},{"damage":0.0,"enemies":"Centurion and Healer","floor":30.0,"turns":2.0},{"damage":0,"enemies":"Cultist and Chosen","floor":31,"turns":2},{"damage":5,"enemies":"Automaton","floor":33,"turns":5},{"damage":0,"enemies":"Orb Walker","floor":35,"turns":1},{"damage":0,"enemies":"3 Shapes","floor":36,"turns":2},{"damage":0,"enemies":"Jaw Worm Horde","floor":37,"turns":1},{"damage":0,"enemies":"3 Darklings","floor":38,"turns":2},{"damage":0,"enemies":"Maw","floor":39,"turns":3},{"damage":0,"enemies":"Jaw Worm Horde","floor":41,"turns":1},{"damage":7,"enemies":"4 Shapes","floor":42,"turns":1},{"damage":3,"enemies":"Sphere and 2 Shapes","floor":44,"turns":1},{"damage":0,"enemies":"Spire Growth","floor":45,"turns":1},{"damage":0,"enemies":"4 Shapes","floor":46,"turns":1},{"damage":0,"enemies":"Jaw Worm Horde","floor":47,"turns":1},{"damage":44,"enemies":"Time Eater","floor":50,"turns":6}],"seed_played":"7565092909352921648","potions_obtained":[{"floor":4.0,"key":"bronze:BuildAFunctionPotion"},{"floor":5.0,"key":"Fire Potion"},{"floor":7.0,"key":"Fire Potion"},{"floor":13.0,"key":"CultistPotion"},{"floor":19.0,"key":"Block Potion"},{"floor":38,"key":"EntropicBrew"}],"is_trial":true,"path_per_floor":["M","M","M","M","M","R","M","M","T","$","M","M","M","M","R","B",null,"M","M","M","M","M","$","M","M","T","M","M","$","M","M","R","B",null,"M","M","M","M","M","R","M","M","T","M","M","M","M","$","R","B",null],"character_chosen":"THE_AUTOMATON","items_purchased":["bronze:MaxOutput","bronze:BuggyMess","Frozen Egg 2","bronze:WildBeam","bronze:WildBeam","Guardian:GemstoneGun"],"campfire_rested":0,"item_purchase_floors":[23,23,23,29,29,48],"current_hp_per_floor":[65,65,65,65,65,65,65,52,52,52,52,52,52,52,58,58,70,70,70,70,50,50,50,50,50,50,50,50,50,50,50,59,54,70,70,70,70,70,70,70,70,63,63,60,60,60,60,70,70,26],"gold":19,"neow_bonus":"","is_daily":false,"chose_seed":false,"campfire_upgraded":5,"win_rate":0.0,"timestamp":1614433674,"path_taken":["M","M","M","M","M","R","M","M","T","$","M","M","M","M","R","BOSS","M","M","M","M","M","$","M","M","T","M","M","$","M","M","R","BOSS","M","M","M","M","M","R","M","M","T","M","M","M","M","$","R","BOSS"],"items_purchased_type":["Card","Card","Relic","Card","Card","Relic"],"build_version":"2020-12-22","purchased_purges":4,"victory":true,"max_hp_per_floor":[70,70,70,70,70,70,70,70,70,70,70,70,70,70,70,70,70,70,70,70,70,70,70,70,70,70,70,70,70,70,70,70,70,70,70,70,70,70,70,70,70,70,70,70,70,70,70,70,70,70],"card_choices":[{"not_picked":["bronze:BuggyMess","bronze:Shield"],"picked":"bronze:OilSpill","floor":0.0},{"not_picked":["bronze:BugBarrage","bronze:Allocate"],"picked":"bronze:Boost","floor":0.0},{"not_picked":["bronze:BuggyMess","bronze:CutThrough"],"picked":"bronze:Deprecate","floor":0.0},{"not_picked":["bronze:Overload","bronze:OilSpill"],"picked":"bronze:Boost","floor":0.0},{"not_picked":["bronze:BitShift","bronze:Shell"],"picked":"bronze:ChildClass","floor":0.0},{"not_picked":["bronze:Turbo","bronze:Iterate"],"picked":"bronze:Branch","floor":0.0},{"not_picked":["bronze:Philosophize","bronze:BugBarrage"],"picked":"bronze:Invalidate","floor":0.0},{"not_picked":["bronze:ChosenStrike","bronze:Fortify"],"picked":"bronze:WhirlingStrike","floor":0.0},{"not_picked":["bronze:Overload","bronze:Allocate"],"picked":"bronze:Frontload","floor":0.0},{"not_picked":["bronze:DelayedSlice","bronze:FineTuning"],"picked":"bronze:OilSpill","floor":0.0},{"not_picked":["bronze:BugBarrage","bronze:Separator"],"picked":"bronze:WildBeam","floor":0.0},{"not_picked":["bronze:BugBarrage","bronze:Branch"],"picked":"bronze:Overheat","floor":0.0},{"not_picked":["bronze:Invalidate","bronze:Return"],"picked":"bronze:NullPointer","floor":0.0},{"not_picked":["bronze:BitShift","bronze:CloningBeam"],"picked":"bronze:Shield","floor":0.0},{"not_picked":["bronze:Turbo","bronze:Iterate"],"picked":"bronze:Branch","floor":0.0},{"not_picked":["bronze:FindAndReplace","bronze:HyperBeam"],"picked":"bronze:Assembly","floor":16.0},{"not_picked":["bronze:FindAndReplace","bronze:Mutator+1"],"picked":"bronze:Break","floor":33}],"player_experience":213116,"relics_obtained":[{"floor":1.0,"key":"War Paint"},{"floor":2.0,"key":"Bronze Scales"},{"floor":3.0,"key":"Bag of Preparation"},{"floor":4.0,"key":"Matryoshka"},{"floor":5.0,"key":"Singing Bowl"},{"floor":7.0,"key":"StoneCalendar"},{"floor":8.0,"key":"bronze:BronzeIdol"},{"floor":9.0,"key":"Eternal Feather"},{"floor":9.0,"key":"Sundial"},{"floor":11.0,"key":"Vajra"},{"floor":12.0,"key":"Pen Nib"},{"floor":13.0,"key":"Bottled Flame"},{"floor":14.0,"key":"Orichalcum"},{"floor":18.0,"key":"Smiling Mask"},{"floor":19.0,"key":"Tiny Chest"},{"floor":20.0,"key":"Shuriken"},{"floor":21.0,"key":"Juzu Bracelet"},{"floor":22.0,"key":"The Courier"},{"floor":24.0,"key":"Ancient Tea Set"},{"floor":25.0,"key":"hexamod:CandleOfCauterizing"},{"floor":26.0,"key":"Bottled Tornado"},{"floor":26.0,"key":"Mercury Hourglass"},{"floor":27.0,"key":"Happy Flower"},{"floor":28.0,"key":"Letter Opener"},{"floor":30.0,"key":"MealTicket"},{"floor":31,"key":"Oddly Smooth Stone"},{"floor":35,"key":"Guardian:PocketSentry"},{"floor":36,"key":"Slimebound:StickyStick"},{"floor":37,"key":"HornCleat"},{"floor":38,"key":"Akabeko"},{"floor":39,"key":"Lantern"},{"floor":41,"key":"bronze:SilverBullet"},{"floor":42,"key":"Turnip"},{"floor":43,"key":"sneckomod:BlankCard"},{"floor":44,"key":"Pantograph"},{"floor":45,"key":"Regal Pillow"},{"floor":46,"key":"Gremlin Horn"},{"floor":47,"key":"Ornamental Fan"}],"event_choices":[],"is_beta":false,"boss_relics":[{"not_picked":["Ectoplasm","Coffee Dripper"],"picked":"Astrolabe"},{"not_picked":["Snecko Eye","Velvet Choker"],"picked":"bronze:MakeshiftBattery"}],"items_purged_floors":[10,23,29,48],"is_endless":false,"potions_floor_spawned":[4,5,7,8,13,19,21,25,28,30,35,38,41,42],"ascension_level":0}}