{"host":"rtw1tnr74gozsrw1","time":1614457660,"event":{"mods":["BaseMod","Colored Map","Colored Powertips","Highlight Path","Infinite Spire","Minty Spire (QoL Compilation)","StSLib"],"gold_per_floor":[113,38,38,52,69,69,87,87,87,87,87],"floor_reached":10,"language":"ENG","playtime":186,"items_purged":["Strike_B"],"score":78,"play_id":"88fc95a8-c3fa-4c35-bca3-2f38b86169e5","local_time":"20210227212740","is_ascension_mode":true,"campfire_choices":[{"data":"Defragment","floor":6,"key":"SMITH"},{"data":"Amplify","floor":8,"key":"SMITH"}],"circlet_count":0,"master_deck":["Strike_B","Strike_B","Strike_B","Defend_B","Defend_B","Defend_B","Zap","Dualcast","Amplify+1","Defragment+1"],"relics":["Cracked Core","DataDisk"],"acts_visited":["Exordium"],"potions_floor_usage":[],"damage_taken":[{"damage":1,"enemies":"Cultist","floor":1,"turns":3},{"damage":6,"enemies":"Jaw Worm","floor":4,"turns":4},{"damage":2,"enemies":"2 Louse","floor":5,"turns":2},{"damage":17,"enemies":"2 Fungi Beasts","floor":7,"turns":4},{"damage":35,"enemies":"Lagavulin","floor":10,"turns":4}],"seed_played":"-9092421048338347496","potions_obtained":[{"floor":1,"key":"Dexterity Potion"},{"floor":5,"key":"FocusPotion"}],"is_trial":false,"path_per_floor":["M","$","?","M","M","R","M","R","T","E"],"character_chosen":"DEFECT","items_purchased":[],"campfire_rested":0,"item_purchase_floors":[],"current_hp_per_floor":[67,67,67,61,59,59,42,42,42,7,7],"gold":87,"neow_bonus":"ONE_RANDOM_RARE_CARD","is_daily":false,"chose_seed":false,"campfire_upgraded":2,"win_rate":0.0,"timestamp":1614457660,"path_taken":["M","$","?","M","M","R","?","R","T","E"],"items_purchased_type":[],"build_version":"2020-12-22","purchased_purges":1,"victory":false,"max_hp_per_floor":[75,75,75,75,75,75,75,75,75,75,75],"card_choices":[{"not_picked":["Coolheaded","Steam Power","Rebound"],"picked":"SKIP","floor":1},{"not_picked":["Sweeping Beam","Leap"],"picked":"Defragment","floor":4},{"not_picked":["Melter","Recycle","Coolheaded"],"picked":"SKIP","floor":5},{"not_picked":["Chill","Consume","Reinforced Body"],"picked":"SKIP","floor":7}],"player_experience":175718,"relics_obtained":[{"floor":9,"key":"DataDisk"}],"event_choices":[{"cards_removed":["Defend_B"],"damage_healed":0,"gold_gain":0,"player_choice":"Offered Basic","damage_taken":0,"max_hp_gain":0,"max_hp_loss":0,"event_name":"Bonfire Elementals","floor":3,"gold_loss":0}],"is_beta":false,"boss_relics":[],"items_purged_floors":[2],"is_endless":false,"potions_floor_spawned":[1,5],"killed_by":"Lagavulin","ascension_level":7}}