{"host":"jyt8vqv30ansoqx1","time":1614404558,"event":{"mods":["BaseMod","Colored Map","DeckTracker","Highlight Path","Minty Spire (QoL Compilation)","Relic Stats","StSLib","SuperFastMode"],"gold_per_floor":[118,37,37,48,62,89,89,120,146,146,146,172,188,149,149,223,223,234,244,244,244,273,306,306,306,306,306,319,319,351,14,14,14,14],"floor_reached":33,"language":"ENG","playtime":1607,"items_purged":[],"score":698,"play_id":"00747b1e-9c32-4308-8764-80779b5a91b4","local_time":"20210227004238","is_ascension_mode":true,"campfire_choices":[{"data":"Burst","floor":7,"key":"SMITH"},{"data":"Skewer","floor":10,"key":"SMITH"},{"data":"Accuracy","floor":15,"key":"SMITH"},{"data":"Ghostly","floor":24,"key":"SMITH"},{"data":"Ghostly","floor":27,"key":"SMITH"},{"data":"Ghostly","floor":29,"key":"SMITH"},{"data":"Footwork","floor":32,"key":"SMITH"}],"circlet_count":0,"master_deck":["AscendersBane","Strike_G","Strike_G","Strike_G","Defend_G","Defend_G","Defend_G","Defend_G","Defend_G","Survivor","Neutralize","Bouncing Flask+1","Masterful Stab","Quick Slash","Burst+1","Blade Dance","Skewer+1","Blade Dance","Backflip","Accuracy+1","Adrenaline","Ghostly+1","Ghostly+1","Ghostly+1","Calculated Gamble","Glass Knife","Deflect","Cloak And Dagger+1","Phantasmal Killer","Footwork+1"],"relics":["Ring of the Serpent","NeowsBlessing","Oddly Smooth Stone","Omamori","Snake Skull","WarpedTongs","Pear","Red Mask","Tough Bandages","Ice Cream","Potion Belt","TwistedFunnel"],"acts_visited":["Exordium","TheCity"],"potions_floor_usage":[12,22,23,30],"damage_taken":[{"damage":0,"enemies":"Jaw Worm","floor":1,"turns":1},{"damage":0,"enemies":"Cultist","floor":4,"turns":1},{"damage":0,"enemies":"2 Louse","floor":5,"turns":1},{"damage":7,"enemies":"Lagavulin","floor":6,"turns":4},{"damage":2,"enemies":"Gremlin Nob","floor":8,"turns":3},{"damage":0,"enemies":"3 Sentries","floor":12,"turns":7},{"damage":0,"enemies":"Large Slime","floor":13,"turns":5},{"damage":3,"enemies":"Slime Boss","floor":16,"turns":6},{"damage":22,"enemies":"3 Byrds","floor":18,"turns":4},{"damage":0,"enemies":"Chosen","floor":19,"turns":2},{"damage":8,"enemies":"Masked Bandits","floor":22,"turns":5},{"damage":8,"enemies":"Slavers","floor":23,"turns":5},{"damage":11,"enemies":"Snake Plant","floor":28,"turns":5},{"damage":0,"enemies":"Gremlin Leader","floor":30,"turns":4},{"damage":13,"enemies":"Champ","floor":33,"turns":2}],"seed_played":"-2226581674105033731","potions_obtained":[{"floor":4,"key":"EssenceOfSteel"},{"floor":6,"key":"Swift Potion"},{"floor":16,"key":"Explosive Potion"},{"floor":19,"key":"DuplicationPotion"},{"floor":28,"key":"SpeedPotion"}],"is_trial":false,"path_per_floor":["M","$","?","M","M","E","R","E","T","R","?","E","M","$","R","B",null,"M","M","?","?","?","E","R","?","T","R","M","R","E","$","R","B"],"character_chosen":"THE_SILENT","items_purchased":["Masterful Stab","Accuracy","Footwork","TwistedFunnel","DuplicationPotion"],"campfire_rested":0,"item_purchase_floors":[2,14,31,31,31],"current_hp_per_floor":[59,59,59,59,59,52,52,50,50,50,50,60,60,60,60,57,71,49,49,38,38,30,22,22,22,22,22,11,11,11,11,11,0,0],"gold":14,"neow_bonus":"THREE_ENEMY_KILL","is_daily":false,"chose_seed":false,"campfire_upgraded":7,"win_rate":0.0,"timestamp":1614404558,"path_taken":["M","$","?","M","M","E","R","E","T","R","?","E","?","$","R","BOSS","M","?","?","?","?","E","R","?","T","R","?","R","E","$","R","BOSS"],"items_purchased_type":["Card","Card","Card","Relic","Potion"],"build_version":"2020-12-22","purchased_purges":0,"victory":false,"max_hp_per_floor":[66,66,66,66,66,66,66,66,66,66,66,76,76,76,76,76,76,76,76,38,38,38,38,38,38,38,38,38,38,38,38,38,38,38],"relic_stats":{"Tough Bandages":[21],"counters":[15,55],"Snake Skull":[41],"obtain_stats":[{"Ice Cream":26,"Potion Belt":30,"TwistedFunnel":31,"Pear":12,"NeowsBlessing":0,"Oddly Smooth Stone":6,"Snake Skull":9,"Omamori":8,"WarpedTongs":11,"Tough Bandages":23,"Red Mask":22,"Ring of the Serpent":17,"Ring of the Snake":0},{"Ice Cream":12,"Potion Belt":14,"TwistedFunnel":14,"Pear":6,"NeowsBlessing":0,"Oddly Smooth Stone":4,"Snake Skull":5,"Omamori":5,"WarpedTongs":5,"Tough Bandages":12,"Red Mask":11,"Ring of the Serpent":8,"Ring of the Snake":0},{"Ice Cream":44,"Potion Belt":53,"TwistedFunnel":53,"Pear":17,"NeowsBlessing":0,"Oddly Smooth Stone":7,"Snake Skull":10,"Omamori":10,"WarpedTongs":10,"Tough Bandages":44,"Red Mask":39,"Ring of the Serpent":28,"Ring of the Snake":0}],"WarpedTongs":[45]},"card_choices":[{"not_picked":["Dagger Throw","Choke"],"picked":"Bouncing Flask","floor":1},{"not_picked":["Blur","Expertise"],"picked":"Quick Slash","floor":4},{"not_picked":["Dagger Throw","Quick Slash"],"picked":"Burst","floor":5},{"not_picked":["Riddle With Holes","Acrobatics"],"picked":"Blade Dance","floor":6},{"not_picked":["Flechettes","Bane"],"picked":"Skewer","floor":8},{"not_picked":["Quick Slash","Backstab"],"picked":"Blade Dance","floor":12},{"not_picked":["Caltrops","Dodge and Roll"],"picked":"Backflip","floor":13},{"not_picked":["Envenom","Glass Knife"],"picked":"Adrenaline","floor":16},{"not_picked":["Setup","Predator","Prepared"],"picked":"SKIP","floor":18},{"not_picked":["Quick Slash","Choke","Sucker Punch"],"picked":"SKIP","floor":19},{"not_picked":["Cloak And Dagger","Setup"],"picked":"Deflect","floor":22},{"not_picked":["Skewer","Dagger Throw"],"picked":"Cloak And Dagger+1","floor":23},{"not_picked":["Choke","Masterful Stab","Slice"],"picked":"SKIP","floor":28},{"not_picked":["Dash","Bane","Quick Slash+1"],"picked":"SKIP","floor":30}],"player_experience":1716202,"relics_obtained":[{"floor":6,"key":"Oddly Smooth Stone"},{"floor":8,"key":"Omamori"},{"floor":9,"key":"Snake Skull"},{"floor":12,"key":"Pear"},{"floor":22,"key":"Red Mask"},{"floor":23,"key":"Tough Bandages"},{"floor":26,"key":"Ice Cream"},{"floor":30,"key":"Potion Belt"}],"event_choices":[{"damage_healed":0,"gold_gain":0,"player_choice":"Grow","damage_taken":0,"max_hp_gain":0,"max_hp_loss":0,"event_name":"Living Wall","floor":3,"gold_loss":0,"cards_upgraded":["Bouncing Flask"]},{"damage_healed":0,"gold_gain":0,"player_choice":"Rummage","damage_taken":0,"relics_obtained":["WarpedTongs"],"max_hp_gain":0,"max_hp_loss":0,"event_name":"Accursed Blacksmith","floor":11,"gold_loss":0,"cards_obtained":["Pain"]},{"damage_healed":0,"gold_gain":0,"player_choice":"Became a Ghost","damage_taken":0,"max_hp_gain":0,"max_hp_loss":38,"event_name":"Ghosts","floor":20,"gold_loss":0,"cards_obtained":["Ghostly","Ghostly","Ghostly"]},{"damage_healed":0,"gold_gain":0,"cards_transformed":["Strike_G","Strike_G"],"player_choice":"Became Test Subject","damage_taken":0,"max_hp_gain":0,"max_hp_loss":0,"event_name":"Drug Dealer","floor":21,"gold_loss":0,"cards_obtained":["Calculated Gamble","Glass Knife"]},{"damage_healed":0,"gold_gain":0,"player_choice":"Fought Bandits","damage_taken":0,"max_hp_gain":0,"max_hp_loss":0,"event_name":"Masked Bandits","floor":22,"gold_loss":0},{"damage_healed":0,"gold_gain":0,"player_choice":"Read","damage_taken":0,"max_hp_gain":0,"max_hp_loss":0,"event_name":"The Library","floor":25,"gold_loss":0,"cards_obtained":["Phantasmal Killer"]}],"is_beta":false,"boss_relics":[{"not_picked":["Runic Dome","Tiny House"],"picked":"Ring of the Serpent"}],"items_purged_floors":[],"is_endless":false,"potions_floor_spawned":[4,6,8,16,19,28],"killed_by":"Champ","ascension_level":20}}