{"host":"zlryddw6xv0ljf8b","time":1614423892,"event":{"mods":["AchievementEnabler","BaseMod","Colored Map","Colored Powertips","Highlight Path","Minty Spire (QoL Compilation)","Permanent Neow","Quick Restart","StSLib"],"gold_per_floor":[219,219,236,247,217,244,244,257,283,283,43,62,80,104,104,225,225,246,246],"floor_reached":18,"language":"ENG","playtime":842,"items_purged":["Injury"],"score":166,"play_id":"e2b2adae-77ed-4dc4-9a7d-eda1e89939d8","local_time":"20210227050452","is_ascension_mode":false,"campfire_choices":[{"data":"Blade Dance","floor":7,"key":"SMITH"},{"data":"Blade Dance","floor":15,"key":"SMITH"}],"circlet_count":0,"master_deck":["Strike_G","Strike_G","Strike_G","Strike_G","Strike_G","Defend_G","Defend_G","Defend_G","Defend_G","Survivor","Neutralize","Cloak And Dagger","PiercingWail","Blur","Blade Dance+1","Flying Knee","Blade Dance+1","Finisher","Dodge and Roll","Caltrops","Backstab","Dash","Wraith Form v2"],"relics":["Ring of the Snake","Lantern","Toy Ornithopter","Golden Idol","Runic Pyramid"],"acts_visited":["Exordium","TheCity"],"potions_floor_usage":[6,16,16],"damage_taken":[{"damage":0.0,"enemies":"2 Louse","floor":1.0,"turns":3.0},{"damage":0.0,"enemies":"Cultist","floor":3.0,"turns":4.0},{"damage":0.0,"enemies":"Small Slimes","floor":4.0,"turns":4.0},{"damage":0.0,"enemies":"Looter","floor":5.0,"turns":4.0},{"damage":26,"enemies":"Gremlin Nob","floor":6,"turns":4},{"damage":0,"enemies":"Large Slime","floor":8,"turns":6},{"damage":0,"enemies":"Exordium Thugs","floor":12,"turns":3},{"damage":0,"enemies":"2 Fungi Beasts","floor":13,"turns":1},{"damage":7,"enemies":"Blue Slaver","floor":14,"turns":2},{"damage":8,"enemies":"Slime Boss","floor":16,"turns":6},{"damage":20,"enemies":"2 Thieves","floor":18,"turns":5}],"seed_played":"7518281852876004440","potions_obtained":[{"floor":1.0,"key":"CultistPotion"},{"floor":6,"key":"AttackPotion"},{"floor":12,"key":"CultistPotion"},{"floor":13,"key":"GhostInAJar"},{"floor":18,"key":"Regen Potion"}],"is_trial":false,"path_per_floor":["M","?","M","M","M","E","R","M","T","?","$","M","M","M","R","B",null,"M"],"character_chosen":"THE_SILENT","items_purchased":["Finisher","Dodge and Roll","Caltrops"],"campfire_rested":0,"item_purchase_floors":[11,11,11],"current_hp_per_floor":[70,70,70,70,70,44,44,44,44,44,44,44,44,37,37,39,70,50,50],"gold":246,"neow_bonus":"HUNDRED_GOLD","is_daily":false,"chose_seed":false,"campfire_upgraded":2,"win_rate":0.0,"timestamp":1614423892,"path_taken":["M","?","M","M","?","E","R","M","T","?","$","M","M","M","R","BOSS","M"],"items_purchased_type":["Card","Card","Card"],"build_version":"2020-12-22","purchased_purges":1,"victory":false,"max_hp_per_floor":[70,70,70,70,70,70,70,70,70,70,70,70,70,70,70,70,70,70,70],"card_choices":[{"not_picked":["Footwork","Bane"],"picked":"Cloak And Dagger","floor":1.0},{"not_picked":["Backflip","Endless Agony"],"picked":"PiercingWail","floor":3.0},{"not_picked":["Infinite Blades","Dodge and Roll"],"picked":"Blur","floor":4.0},{"not_picked":["Sucker Punch","Backflip"],"picked":"Blade Dance","floor":5.0},{"not_picked":["Expertise","Catalyst"],"picked":"Flying Knee","floor":6},{"not_picked":["Sucker Punch","Cloak And Dagger"],"picked":"Blade Dance","floor":8},{"not_picked":["Poisoned Stab","Bane"],"picked":"Backstab","floor":12},{"not_picked":["PiercingWail","Flechettes"],"picked":"Dash","floor":13},{"not_picked":["Flying Knee","Unload","Dagger Throw"],"picked":"SKIP","floor":14},{"not_picked":["Envenom","Tools of the Trade"],"picked":"Wraith Form v2","floor":16},{"not_picked":["Outmaneuver","PiercingWail","Predator"],"picked":"SKIP","floor":18}],"player_experience":114166,"relics_obtained":[{"floor":6,"key":"Lantern"},{"floor":9,"key":"Toy Ornithopter"}],"event_choices":[{"cards_removed":["Defend_G"],"damage_healed":0.0,"max_hp_gain":0.0,"max_hp_loss":0.0,"gold_gain":0.0,"event_name":"Purifier","player_choice":"Purged","floor":2.0,"gold_loss":0.0,"damage_taken":0.0},{"damage_healed":0,"gold_gain":0,"player_choice":"Take Wound","damage_taken":0,"relics_obtained":["Golden Idol"],"max_hp_gain":0,"max_hp_loss":0,"event_name":"Golden Idol","floor":10,"gold_loss":0,"cards_obtained":["Injury"]}],"is_beta":false,"boss_relics":[{"not_picked":["Ectoplasm","Fusion Hammer"],"picked":"Runic Pyramid"}],"items_purged_floors":[11],"is_endless":false,"potions_floor_spawned":[1,6,12,13,18],"killed_by":"2 Thieves","ascension_level":0}}