{"host":"or8fr2mp0k3eluj8","time":1614398302,"event":{"mods":["AchievementEnabler","BaseMod","Colored Map","DeckTracker","Keyboard Shortcuts","Minty Spire (QoL Compilation)","StSLib","SuperFastMode","everything is the same but u backflip on backflip"],"gold_per_floor":[117,117,117,42,62,62,92,92,92,92,92,112,139,157,157,259,259,271,283,183,196,196,196,207,221,221,221,96,116,116,143,143,242,242,255,267,317,331,342,342,367,367,393,393,393],"floor_reached":44,"language":"KOR","playtime":2254,"items_purged":["Strike_P","Strike_P","Defend_P"],"score":491,"play_id":"e8e98597-77f2-4ae1-ba0b-e3efa65b6670","local_time":"20210227125822","is_ascension_mode":true,"campfire_choices":[{"data":"Eruption","floor":6,"key":"SMITH"},{"floor":11,"key":"REST"},{"data":"CrushJoints","floor":15,"key":"SMITH"},{"floor":23,"key":"REST"},{"data":"WheelKick","floor":27,"key":"SMITH"},{"floor":32,"key":"REST"},{"data":"MentalFortress","floor":40,"key":"SMITH"}],"circlet_count":0,"master_deck":["Strike_P","Defend_P+1","Eruption+1","Vigilance+1","Adaptation+1","WheelKick+1","CrushJoints+1","Meditate+1","MentalFortress+1"],"relics":["PureWater","War Paint","Darkstone Periapt","Gremlin Horn","Regal Pillow","Empty Cage","Boot","Bag of Preparation","Runic Pyramid","Du-Vu Doll","Omamori"],"acts_visited":["Exordium","TheCity","TheBeyond"],"potions_floor_usage":[7,16,16,18,41],"damage_taken":[{"damage":0,"enemies":"Small Slimes","floor":1,"turns":2},{"damage":0,"enemies":"2 Louse","floor":5,"turns":2},{"damage":13,"enemies":"3 Sentries","floor":7,"turns":9},{"damage":0,"enemies":"Cultist","floor":12,"turns":2},{"damage":24,"enemies":"Gremlin Nob","floor":13,"turns":3},{"damage":0,"enemies":"Large Slime","floor":14,"turns":3},{"damage":6,"enemies":"The Guardian","floor":16,"turns":8},{"damage":8,"enemies":"2 Thieves","floor":18,"turns":2},{"damage":37,"enemies":"3 Byrds","floor":19,"turns":5},{"damage":12,"enemies":"Snake Plant","floor":21,"turns":3},{"damage":0,"enemies":"3 Cultists","floor":24,"turns":3},{"damage":0,"enemies":"Snecko","floor":25,"turns":3},{"damage":6,"enemies":"Centurion and Healer","floor":29,"turns":3},{"damage":34,"enemies":"Slavers","floor":31,"turns":7},{"damage":49,"enemies":"Automaton","floor":33,"turns":8},{"damage":0,"enemies":"Orb Walker","floor":35,"turns":2},{"damage":0,"enemies":"3 Shapes","floor":36,"turns":2},{"damage":13,"enemies":"Mind Bloom Boss Battle","floor":37,"turns":9},{"damage":14,"enemies":"Maw","floor":38,"turns":8},{"damage":0,"enemies":"Spire Growth","floor":39,"turns":4},{"damage":40,"enemies":"Nemesis","floor":41,"turns":9},{"damage":10,"enemies":"Reptomancer","floor":44,"turns":4}],"seed_played":"-857972518784671105","potions_obtained":[{"floor":5,"key":"SkillPotion"},{"floor":12,"key":"PowerPotion"},{"floor":13,"key":"PowerPotion"},{"floor":16,"key":"Explosive Potion"},{"floor":21,"key":"BlessingOfTheForge"},{"floor":31,"key":"BottledMiracle"},{"floor":36,"key":"DistilledChaos"},{"floor":38,"key":"Fire Potion"}],"is_trial":false,"path_per_floor":["M","?","?","$","M","R","E","$","T","?","R","M","E","M","R","B",null,"M","M","$","M","?","R","M","M","T","R","$","M","$","E","R","B",null,"M","M","?","M","M","R","E","?","T","E"],"character_chosen":"WATCHER","items_purchased":[],"campfire_rested":3,"item_purchase_floors":[],"current_hp_per_floor":[72,77,70,70,70,70,57,57,57,57,77,77,53,53,53,47,77,69,32,32,20,20,58,58,58,58,58,58,52,52,18,56,7,77,77,77,64,50,50,50,10,10,10,0,0],"gold":393,"neow_bonus":"RANDOM_COMMON_RELIC","is_daily":false,"chose_seed":false,"campfire_upgraded":4,"win_rate":0.0,"timestamp":1614398302,"path_taken":["M","?","?","$","M","R","E","$","T","?","R","M","E","M","R","BOSS","M","M","$","?","?","R","M","M","T","R","$","M","$","E","R","BOSS","M","M","?","M","M","R","E","?","T","E"],"items_purchased_type":[],"build_version":"2020-12-22","purchased_purges":3,"victory":false,"max_hp_per_floor":[72,77,77,77,77,77,77,77,77,77,77,77,77,77,77,77,77,77,77,77,77,77,77,77,77,77,77,77,77,77,77,77,77,77,77,77,77,77,77,77,77,77,77,77,77],"card_choices":[{"not_picked":["FlurryOfBlows","JustLucky"],"picked":"Adaptation","floor":1},{"not_picked":["Protect","Fasting2","Vengeance"],"picked":"SKIP","floor":5},{"not_picked":["BattleHymn","EmptyBody","Blasphemy"],"picked":"SKIP","floor":7},{"not_picked":["CutThroughFate","Evaluate","Halt"],"picked":"SKIP","floor":12},{"not_picked":["Worship","CutThroughFate"],"picked":"WheelKick","floor":13},{"not_picked":["BowlingBash","PathToVictory"],"picked":"CrushJoints","floor":14},{"not_picked":["SashWhip","Swivel"],"picked":"Meditate+1","floor":18},{"not_picked":["Consecrate+1","PathToVictory","ThirdEye"],"picked":"SKIP","floor":19},{"not_picked":["CutThroughFate","LikeWater","SashWhip+1"],"picked":"SKIP","floor":21},{"not_picked":["Establishment","JustLucky","Crescendo"],"picked":"SKIP","floor":24},{"not_picked":["Halt","JustLucky+1","FlyingSleeves"],"picked":"SKIP","floor":25},{"not_picked":["EmptyMind+1","Evaluate","Crescendo"],"picked":"SKIP","floor":29},{"not_picked":["FlyingSleeves","Evaluate+1"],"picked":"MentalFortress","floor":31},{"not_picked":["EmptyBody","DeceiveReality","Protect+1"],"picked":"SKIP","floor":35},{"not_picked":["Vengeance+1","Fasting2","Wireheading+1"],"picked":"SKIP","floor":36},{"not_picked":["SignatureMove+1","ThirdEye+1","ClearTheMind+1"],"picked":"SKIP","floor":38},{"not_picked":["PathToVictory","WreathOfFlame+1","WindmillStrike+1"],"picked":"SKIP","floor":39},{"not_picked":["Perseverance","ThirdEye","Halt+1"],"picked":"SKIP","floor":41}],"player_experience":472439,"relics_obtained":[{"floor":7,"key":"Darkstone Periapt"},{"floor":9,"key":"Gremlin Horn"},{"floor":13,"key":"Regal Pillow"},{"floor":26,"key":"Boot"},{"floor":31,"key":"Bag of Preparation"},{"floor":37,"key":"Du-Vu Doll"},{"floor":41,"key":"Omamori"}],"event_choices":[{"damage_healed":0,"gold_gain":0,"player_choice":"Donut","damage_taken":0,"max_hp_gain":5,"max_hp_loss":0,"event_name":"Big Fish","floor":2,"gold_loss":0},{"cards_removed":["Defend_P"],"damage_healed":0,"gold_gain":0,"player_choice":"Card Removal","damage_taken":7,"max_hp_gain":0,"max_hp_loss":0,"event_name":"Golden Wing","floor":3,"gold_loss":0},{"damage_healed":0,"gold_gain":0,"player_choice":"Forge","damage_taken":0,"max_hp_gain":0,"max_hp_loss":0,"event_name":"Accursed Blacksmith","floor":10,"gold_loss":0,"cards_upgraded":["Adaptation"]},{"damage_healed":0,"gold_gain":0,"player_choice":"Ignored","damage_taken":0,"max_hp_gain":0,"max_hp_loss":0,"event_name":"The Mausoleum","floor":22,"gold_loss":0},{"damage_healed":0,"gold_gain":0,"player_choice":"Fight","damage_taken":0,"max_hp_gain":0,"max_hp_loss":0,"event_name":"MindBloom","floor":37,"gold_loss":0},{"damage_healed":0,"gold_gain":0,"player_choice":"Ignored","damage_taken":0,"max_hp_gain":0,"max_hp_loss":0,"event_name":"Tomb of Lord Red Mask","floor":42,"gold_loss":0}],"is_beta":false,"boss_relics":[{"not_picked":["Fusion Hammer","SacredBark"],"picked":"Empty Cage"},{"not_picked":["Cursed Key","Runic Dome"],"picked":"Runic Pyramid"}],"items_purged_floors":[4,20,28],"is_endless":false,"potions_floor_spawned":[5,12,13,16,21,31,36,38],"killed_by":"Reptomancer","ascension_level":1}}