{"host":"x4954lblgztusody","time":1614407013,"event":{"mods":["BaseMod","Colored Map","Curses Come First","Minty Spire (QoL Compilation)","Rare Cards Sparkle","StSLib"],"gold_per_floor":[110,122,197,197,197,228,246,94,94,127,150,150,170,25,25,146,146,171,171,195,195,195,195,230,146,228,294,294,294,93,106,106,203,203,221,240,256,256,256,350,350,376,400,400,400],"floor_reached":44,"language":"ENG","playtime":13061,"items_purged":["Regret"],"score":668,"play_id":"9ed42fb2-ef7f-47f5-969d-6f2a052940b2","local_time":"20210226222333","is_ascension_mode":true,"campfire_choices":[{"floor":12,"key":"REST"},{"data":"TalkToTheHand","floor":15,"key":"SMITH"},{"data":"WaveOfTheHand","floor":23,"key":"SMITH"},{"data":"Wish","floor":29,"key":"SMITH"},{"data":"Wish","floor":32,"key":"SMITH"},{"floor":41,"key":"RECALL"}],"circlet_count":0,"master_deck":["Strike_P+1","Strike_P+1","Defend_P+1","Defend_P+1","Defend_P+1","Defend_P+1","Eruption","Vigilance","BowlingBash","WaveOfTheHand+1","EmptyBody","TalkToTheHand+1","Vengeance","FearNoEvil","WheelKick","DevaForm","Protect","SashWhip+1","Wish+1","Fasting2","Vault","Protect","Wireheading","CrushJoints","Tantrum","TalkToTheHand","CutThroughFate+1","WheelKick+1","Protect+1","Protect","Wish+1","Devotion","FlyingSleeves","ThirdEye+1","Trip","MentalFortress+1"],"relics":["Velvet Choker","Bloody Idol","Mummified Hand","Letter Opener","Bottled Lightning","Art of War","Lee\u0027s Waffle","VioletLotus","Ornamental Fan","Meat on the Bone","CaptainsWheel","Orrery","Fusion Hammer","Bag of Marbles","Shuriken"],"acts_visited":["Exordium","TheCity","TheBeyond"],"potions_floor_usage":[6,27],"damage_taken":[{"damage":0,"enemies":"2 Louse","floor":1,"turns":1},{"damage":0,"enemies":"Small Slimes","floor":2,"turns":2},{"damage":32,"enemies":"Lagavulin","floor":6,"turns":6},{"damage":4,"enemies":"Jaw Worm","floor":7,"turns":4},{"damage":20,"enemies":"Gremlin Nob","floor":10,"turns":4},{"damage":3,"enemies":"3 Louse","floor":11,"turns":3},{"damage":3,"enemies":"2 Fungi Beasts","floor":13,"turns":2},{"damage":38,"enemies":"Slime Boss","floor":16,"turns":9},{"damage":3,"enemies":"Chosen","floor":18,"turns":4},{"damage":0,"enemies":"Spheric Guardian","floor":20,"turns":3},{"damage":0,"enemies":"Book of Stabbing","floor":24,"turns":7},{"damage":15,"enemies":"Slavers","floor":27,"turns":6},{"damage":0,"enemies":"Centurion and Healer","floor":31,"turns":6},{"damage":20,"enemies":"Automaton","floor":33,"turns":12},{"damage":0,"enemies":"Orb Walker","floor":35,"turns":4},{"damage":0,"enemies":"3 Shapes","floor":36,"turns":4},{"damage":0,"enemies":"Jaw Worm Horde","floor":37,"turns":6},{"damage":0,"enemies":"Nemesis","floor":40,"turns":11},{"damage":15,"enemies":"Giant Head","floor":42,"turns":5},{"damage":72,"enemies":"Nemesis","floor":44,"turns":2}],"seed_played":"-2078199603765017649","potions_obtained":[{"floor":1,"key":"GamblersBrew"},{"floor":11,"key":"Block Potion"},{"floor":16,"key":"Explosive Potion"},{"floor":20,"key":"Energy Potion"}],"is_trial":false,"path_per_floor":["M","M","?","?","?","E","M","$","T","E","M","R","M","$","R","B",null,"M","?","M","?","?","R","E","$","T","E","?","R","$","M","R","B",null,"M","M","M","?","?","E","R","E","T","E"],"character_chosen":"WATCHER","items_purchased":["TalkToTheHand","Lee\u0027s Waffle","Wireheading","CrushJoints","Orrery","SteroidPotion"],"campfire_rested":1,"item_purchase_floors":[8,14,25,25,30,30],"current_hp_per_floor":[72,72,61,61,61,29,25,25,25,5,2,22,19,74,74,36,74,71,71,71,71,71,71,71,71,71,56,56,56,56,61,61,46,74,74,74,74,74,69,74,74,64,69,0,0],"gold":400,"neow_bonus":"BOSS_RELIC","is_daily":false,"chose_seed":false,"campfire_upgraded":4,"win_rate":0.0,"timestamp":1614407013,"path_taken":["M","M","?","?","?","E","M","$","T","E","M","R","M","?","R","BOSS","M","?","M","?","?","R","E","$","T","E","?","R","?","M","R","BOSS","M","M","M","?","?","E","R","E","T","E"],"items_purchased_type":["Card","Relic","Card","Card","Relic","Potion"],"build_version":"2020-12-22","purchased_purges":1,"victory":false,"max_hp_per_floor":[72,72,72,67,67,67,67,67,67,67,67,67,67,74,74,74,74,74,74,74,74,74,74,74,74,74,74,74,74,74,74,74,74,74,74,74,74,74,74,74,74,74,74,74,74],"card_choices":[{"not_picked":["Weave","JustLucky"],"picked":"BowlingBash","floor":1},{"not_picked":["ClearTheMind","PathToVictory","Study"],"picked":"SKIP","floor":2},{"not_picked":["Sanctity","Consecrate"],"picked":"WaveOfTheHand","floor":6},{"not_picked":["FearNoEvil","Study"],"picked":"EmptyBody","floor":7},{"not_picked":["ThirdEye","BattleHymn"],"picked":"Vengeance","floor":10},{"not_picked":["Adaptation","Collect"],"picked":"FearNoEvil","floor":11},{"not_picked":["Prostrate","SandsOfTime"],"picked":"WheelKick","floor":13},{"not_picked":["LessonLearned","DeusExMachina"],"picked":"DevaForm","floor":16},{"not_picked":["CrushJoints","FlyingSleeves"],"picked":"Protect","floor":18},{"not_picked":["CrushJoints","ThirdEye+1"],"picked":"SashWhip+1","floor":20},{"not_picked":["Evaluate","Halt"],"picked":"Protect","floor":24},{"not_picked":["Vengeance","Conclude"],"picked":"Tantrum","floor":27},{"not_picked":["FlurryOfBlows","MentalFortress"],"picked":"TalkToTheHand","floor":30},{"not_picked":["Brilliance","PathToVictory"],"picked":"CutThroughFate+1","floor":30},{"not_picked":["ClearTheMind","CarveReality+1"],"picked":"WheelKick+1","floor":30},{"not_picked":["JustLucky","Prostrate"],"picked":"Protect+1","floor":30},{"not_picked":["EmptyFist+1","PathToVictory"],"picked":"Protect","floor":30},{"not_picked":["CarveReality","FlurryOfBlows"],"picked":"Wish","floor":31},{"not_picked":["MasterReality","ConjureBlade"],"picked":"Devotion","floor":33},{"not_picked":["Collect+1","PathToVictory","JustLucky+1"],"picked":"SKIP","floor":35},{"not_picked":["Collect+1","FlurryOfBlows+1"],"picked":"FlyingSleeves","floor":36},{"not_picked":["Crescendo+1","PathToVictory"],"picked":"ThirdEye+1","floor":37},{"not_picked":["Flash of Steel","Dark Shackles"],"picked":"Trip","floor":39},{"not_picked":["BattleHymn","Ragnarok"],"picked":"MentalFortress+1","floor":40},{"not_picked":["SashWhip+1","ForeignInfluence","BowlingBash+1"],"picked":"SKIP","floor":42}],"player_experience":65731,"relics_obtained":[{"floor":6,"key":"Letter Opener"},{"floor":9,"key":"Bottled Lightning"},{"floor":10,"key":"Art of War"},{"floor":24,"key":"Ornamental Fan"},{"floor":26,"key":"Meat on the Bone"},{"floor":27,"key":"CaptainsWheel"},{"floor":40,"key":"Bag of Marbles"},{"floor":42,"key":"Shuriken"}],"event_choices":[{"damage_healed":0,"gold_gain":75,"player_choice":"Gather Gold","damage_taken":11,"max_hp_gain":0,"max_hp_loss":0,"event_name":"World of Goop","floor":3,"gold_loss":0},{"damage_healed":0,"gold_gain":0,"player_choice":"Lose Max HP","damage_taken":0,"relics_obtained":["Golden Idol"],"max_hp_gain":0,"max_hp_loss":5,"event_name":"Golden Idol","floor":4,"gold_loss":0},{"damage_healed":0,"gold_gain":0,"player_choice":"Box","damage_taken":0,"relics_obtained":["Mummified Hand"],"max_hp_gain":0,"max_hp_loss":0,"event_name":"Big Fish","floor":5,"gold_loss":0,"cards_obtained":["Regret"]},{"damage_healed":0,"gold_gain":0,"player_choice":"Simplicity","damage_taken":0,"max_hp_gain":0,"max_hp_loss":0,"event_name":"Back to Basics","floor":19,"gold_loss":0,"cards_upgraded":["Strike_P","Strike_P","Strike_P","Strike_P","Defend_P","Defend_P","Defend_P","Defend_P"]},{"damage_healed":0,"gold_gain":0,"player_choice":"Read","damage_taken":0,"max_hp_gain":0,"max_hp_loss":0,"event_name":"The Library","floor":21,"gold_loss":0,"cards_obtained":["Wish"]},{"damage_healed":0,"gold_gain":0,"cards_transformed":["Strike_P","Strike_P"],"player_choice":"Became Test Subject","damage_taken":0,"max_hp_gain":0,"max_hp_loss":0,"event_name":"Drug Dealer","floor":22,"gold_loss":0,"cards_obtained":["Fasting2","Vault"]},{"damage_healed":0,"gold_gain":0,"player_choice":"Gave Idol","damage_taken":0,"relics_obtained":["Bloody Idol"],"max_hp_gain":0,"max_hp_loss":0,"event_name":"Forgotten Altar","floor":28,"relics_lost":["Golden Idol"],"gold_loss":0},{"damage_healed":0,"gold_gain":0,"player_choice":"Ignored","damage_taken":0,"max_hp_gain":0,"max_hp_loss":0,"event_name":"Tomb of Lord Red Mask","floor":38,"gold_loss":0},{"damage_healed":0,"gold_gain":0,"player_choice":"Memory 2","damage_taken":5,"max_hp_gain":0,"max_hp_loss":0,"event_name":"SensoryStone","floor":39,"gold_loss":0}],"is_beta":false,"boss_relics":[{"not_picked":["Black Star","Astrolabe"],"picked":"VioletLotus"},{"not_picked":["Tiny House","Sozu"],"picked":"Fusion Hammer"}],"items_purged_floors":[8],"is_endless":false,"potions_floor_spawned":[1,11,16,20,24,36,37],"killed_by":"Nemesis","ascension_level":2}}