{"host":"8pvw2tcf9wctlvur","time":1614405884,"event":{"mods":["BaseMod","Better Third Choice","Colored Powertips","Curses Come First","Minty Spire (QoL Compilation)","Rare Cards Sparkle","Relic Stats","StSLib","SuperFastMode"],"gold_per_floor":[111,123,134,20,20,46,46,71,139,139,139,156,156,156,156,277,277,297,397,94,108,121,121,139,139,139,160,22,22,56,69,69,69,69],"floor_reached":33,"language":"ENG","playtime":1207,"items_purged":["Pain","Normality"],"score":303,"play_id":"afd8ce57-5cf5-4f77-b6aa-a21bed13234f","local_time":"20210226230444","is_ascension_mode":true,"campfire_choices":[{"floor":7,"key":"REST"},{"floor":13,"key":"REST"},{"floor":15,"key":"REST"},{"floor":23,"key":"REST"},{"floor":25,"key":"REST"},{"floor":29,"key":"REST"},{"floor":32,"key":"REST"}],"circlet_count":0,"master_deck":["Strike_B","Strike_B","Strike_B","Strike_B","Defend_B","Defend_B","Defend_B","Defend_B","Zap","Dualcast","Static Discharge","Cold Snap","Storm+1","Storm","Genetic Algorithm","Rainbow","Consume","Ball Lightning","Injury","Echo Form","Force Field","Loop","Leap","Glacier","Redo","Coolheaded","Static Discharge","Blizzard","Static Discharge+1"],"relics":["Cracked Core","Emotion Chip","Pocketwatch","Potion Belt","Matryoshka","Golden Idol","Cursed Key","Toolbox","Juzu Bracelet","Pear","Boot"],"acts_visited":["Exordium","TheCity"],"potions_floor_usage":[8,12,27],"damage_taken":[{"damage":0,"enemies":"Cultist","floor":1,"turns":3},{"damage":9,"enemies":"Jaw Worm","floor":2,"turns":3},{"damage":8,"enemies":"Small Slimes","floor":3,"turns":3},{"damage":31,"enemies":"3 Sentries","floor":6,"turns":6},{"damage":14,"enemies":"Gremlin Nob","floor":8,"turns":3},{"damage":14,"enemies":"Red Slaver","floor":12,"turns":4},{"damage":40,"enemies":"Hexaghost","floor":16,"turns":8},{"damage":24,"enemies":"Shell Parasite","floor":18,"turns":5},{"damage":18,"enemies":"3 Byrds","floor":21,"turns":4},{"damage":20,"enemies":"Centurion and Healer","floor":22,"turns":7},{"damage":30,"enemies":"Chosen and Byrds","floor":24,"turns":5},{"damage":15,"enemies":"Snake Plant","floor":27,"turns":3},{"damage":43,"enemies":"Gremlin Leader","floor":30,"turns":5},{"damage":0,"enemies":"3 Cultists","floor":31,"turns":3},{"damage":40,"enemies":"Collector","floor":33,"turns":5}],"seed_played":"1394879609487760567","potions_obtained":[{"floor":3,"key":"Weak Potion"},{"floor":8,"key":"DuplicationPotion"},{"floor":18,"key":"SteroidPotion"},{"floor":24,"key":"Fire Potion"}],"is_trial":false,"path_per_floor":["M","M","M","$","?","E","R","E","T","?","?","M","R","?","R","B",null,"M","?","$","M","M","R","M","R","T","M","$","R","E","M","R","B"],"character_chosen":"DEFECT","items_purchased":["Storm","Genetic Algorithm","Loop","Toolbox","Static Discharge"],"campfire_rested":7,"item_purchase_floors":[4,4,20,20,28],"current_hp_per_floor":[75,66,58,58,58,27,49,35,35,35,35,21,43,43,65,25,75,51,51,51,33,13,35,5,27,37,22,22,47,4,4,29,0,0],"gold":69,"neow_bonus":"ONE_RARE_RELIC","is_daily":false,"chose_seed":false,"campfire_upgraded":0,"win_rate":0.0,"timestamp":1614405884,"path_taken":["M","?","M","$","?","E","R","E","T","?","?","?","R","?","R","BOSS","M","?","$","M","M","R","M","R","T","M","$","R","E","M","R","BOSS"],"items_purchased_type":["Card","Card","Card","Relic","Card"],"build_version":"2020-12-22","purchased_purges":2,"victory":false,"max_hp_per_floor":[75,75,75,75,75,75,75,75,75,75,75,75,75,75,75,75,75,75,75,75,75,75,75,75,75,85,85,85,85,85,85,85,85,85],"relic_stats":{"Emotion Chip":[69,50,12,7,0],"counters":[15,67],"Golden Idol":52,"Juzu Bracelet":0,"Cursed Key":1,"Boot":[2],"obtain_stats":[{"Potion Belt":8,"Emotion Chip":0,"Matryoshka":9,"Pear":26,"Golden Idol":14,"Toolbox":20,"Juzu Bracelet":26,"Cracked Core":0,"Cursed Key":17,"Boot":30,"Pocketwatch":6},{"Potion Belt":5,"Emotion Chip":0,"Matryoshka":5,"Pear":11,"Golden Idol":6,"Toolbox":8,"Juzu Bracelet":11,"Cracked Core":0,"Cursed Key":7,"Boot":13,"Pocketwatch":4},{"Potion Belt":18,"Emotion Chip":0,"Matryoshka":18,"Pear":51,"Golden Idol":22,"Toolbox":35,"Juzu Bracelet":51,"Cracked Core":0,"Cursed Key":30,"Boot":59,"Pocketwatch":15}],"Pocketwatch":[75]},"card_choices":[{"not_picked":["Go for the Eyes","Coolheaded"],"picked":"Static Discharge","floor":1},{"not_picked":["Coolheaded","Turbo"],"picked":"Cold Snap","floor":2},{"not_picked":["Genetic Algorithm","Go for the Eyes"],"picked":"Storm","floor":3},{"not_picked":["Auto Shields","Steam Power"],"picked":"Rainbow","floor":6},{"not_picked":["Double Energy","Sweeping Beam"],"picked":"Consume","floor":8},{"not_picked":["Conserve Battery","Sweeping Beam"],"picked":"Ball Lightning","floor":12},{"not_picked":["Amplify","Seek"],"picked":"Echo Form","floor":16},{"not_picked":["Lockon","Scrape"],"picked":"Force Field","floor":18},{"not_picked":["Sunder+1","Turbo"],"picked":"Leap","floor":21},{"not_picked":["Aggregate","Undo+1"],"picked":"Glacier","floor":22},{"not_picked":["BootSequence+1","Sweeping Beam"],"picked":"Redo","floor":24},{"not_picked":["Barrage","Reprogram"],"picked":"Coolheaded","floor":27},{"not_picked":["Lockon","Scrape"],"picked":"Blizzard","floor":30},{"not_picked":["Streamline","Conserve Battery"],"picked":"Static Discharge+1","floor":31}],"player_experience":307741,"relics_obtained":[{"floor":6,"key":"Pocketwatch"},{"floor":8,"key":"Potion Belt"},{"floor":9,"key":"Matryoshka"},{"floor":26,"key":"Juzu Bracelet"},{"floor":26,"key":"Pear"},{"floor":30,"key":"Boot"}],"event_choices":[{"damage_healed":0,"gold_gain":0,"cards_transformed":["Writhe"],"player_choice":"Change","damage_taken":0,"max_hp_gain":0,"max_hp_loss":0,"event_name":"Living Wall","floor":5,"gold_loss":0,"cards_obtained":["Pain"]},{"damage_healed":0,"gold_gain":0,"player_choice":"Searched \u00270\u0027 times","damage_taken":0,"max_hp_gain":0,"max_hp_loss":0,"event_name":"Dead Adventurer","floor":10,"gold_loss":0},{"damage_healed":0,"gold_gain":0,"player_choice":"Upgraded","damage_taken":0,"max_hp_gain":0,"max_hp_loss":0,"event_name":"Upgrade Shrine","floor":11,"gold_loss":0,"cards_upgraded":["Storm"]},{"damage_healed":0,"gold_gain":0,"player_choice":"Take Wound","damage_taken":0,"relics_obtained":["Golden Idol"],"max_hp_gain":0,"max_hp_loss":0,"event_name":"Golden Idol","floor":14,"gold_loss":0,"cards_obtained":["Injury"]},{"damage_healed":0,"gold_gain":100,"player_choice":"Pray","damage_taken":0,"max_hp_gain":0,"max_hp_loss":0,"event_name":"Golden Shrine","floor":19,"gold_loss":0}],"is_beta":false,"boss_relics":[{"not_picked":["SlaversCollar","Black Star"],"picked":"Cursed Key"}],"items_purged_floors":[20,28],"is_endless":false,"potions_floor_spawned":[3,8,18,24],"killed_by":"Collector","ascension_level":2}}