{"host":"m99erlm1wg67zc6c","time":1614444681,"event":{"mods":["2.2 Compatiblity","AchievementEnabler","Act Like it!","Ascension Reborn","Aspiration","BaseMod","Beaked The Cultist","Better Synergies","Better Vampires","Challenge The Spire","Chinese 32Bit Patch","Conspire","Downfall","Easy Mod","Faster Ascension Climbing","Gensokyo","GifTheSpireLib","Gremlin Mod","Hubris","Infinite Spire","Jedi Mod","Minty Spire (QoL Compilation)","Quarter Circle Forward PUNCH!","Quick Restart","READ ME - Guardian Mod","Relic Stats","Replay The Spire","RumiaBox-露米娅的神秘盒子","Shop Mod","Spicy Shops","StSLib","Stuff the Spire","TestMod","The Construct","Waifu the Spire","[GremlinLeader]The Maniac","[IsaacMod]以撒尖塔","【功能Mod】Neow奖励","【功能Mod】强力的原版药水","【功能Mod】混沌之环修复补丁","【功能Mod】精心准备","【功能Mod】聪明的最终Boss","【困难】怪物杀人Mod","【遗物Mod】死灵法师NEW","【遗物Mod】简单游戏","魔戒"],"gold_per_floor":[99,113,113,130,144,157,157,176,196,230,2,2,2,20,38,115,115,115,115,115,127,127,159,183,196,196,214,214,214,226,239,239,239,239],"floor_reached":32,"language":"ZHS","playtime":2234,"items_purged":["Writhe","hexamod:Defend"],"score":732,"play_id":"dac97f7f-d4a2-406b-b557-b2302bed2901","local_time":"20210228005121","is_ascension_mode":true,"campfire_choices":[{"data":"EasyMod:card_1","floor":13,"key":"SMITH"},{"data":"hexamod:ForkedFlame","floor":18,"key":"SMITH"},{"data":"EasyMod:card_1","floor":26,"key":"SMITH"},{"data":"EasyMod:card_1","floor":29,"key":"SMITH"}],"circlet_count":0,"master_deck":["EasyMod:card_1","AscendersBane","hexamod:Strike","hexamod:Strike","hexamod:Strike","hexamod:Defend","hexamod:Defend","hexamod:Defend","hexamod:Sear","hexamod:Float","hexamod:SoulSteal","hexamod:ThermalTransfer","hexamod:InspiringFlames","hexamod:ExtraCrispy","hexamod:WildfireWeapon","hexamod:ForkedFlame+1","hexamod:RadiantFlame"],"relics":["testmod-TestBox","HushsDoor","EasyRelic","HowToJump","testmod-ObsoleteBoomerang","testmod-NegativeEmotionEnhancer","downfall:ShatteredFragment","SatanicBible","SteamSale","Replay:WaspNest","hubris:Backtick","ForgetMeNow","GuppysHairball","downfall:RedIOU","testmod-MagicalMallet","construct:WeddingRing","jedi:crownofsimplicity"],"acts_visited":["Exordium","TheCity"],"potions_floor_usage":[27,27],"damage_taken":[{"damage":9,"enemies":"Small Slimes","floor":2,"turns":4},{"damage":1,"enemies":"2 Louse","floor":4,"turns":3},{"damage":0,"enemies":"Cultist","floor":5,"turns":2},{"damage":21,"enemies":"Large Slime","floor":6,"turns":6},{"damage":7,"enemies":"2 Fungi Beasts","floor":8,"turns":3},{"damage":8,"enemies":"Exordium Thugs","floor":9,"turns":4},{"damage":29,"enemies":"Replay:BlueRogue","floor":10,"turns":4},{"damage":0,"enemies":"downfall:FleeingMerchant","floor":11,"turns":4},{"damage":15,"enemies":"Red Slaver","floor":14,"turns":4},{"damage":25,"enemies":"Blue Slaver","floor":15,"turns":7},{"damage":21,"enemies":"IC_STATUS_ARCHETYPE","floor":16,"turns":4},{"damage":0,"enemies":"conspire:FuzzyDice","floor":21,"turns":3},{"damage":22,"enemies":"Nightmare","floor":23,"turns":5},{"damage":49,"enemies":"Chosen","floor":25,"turns":6},{"damage":44,"enemies":"Shelled Parasite and Fungi","floor":27,"turns":4},{"damage":127,"enemies":"3 Cultists","floor":30,"turns":9},{"damage":24,"enemies":"Snecko","floor":31,"turns":7},{"damage":21,"enemies":"Centurion and Healer","floor":32,"turns":8}],"seed_played":"-4231151349765656115","potions_obtained":[{"floor":5,"key":"Regen Potion"},{"floor":6,"key":"PowerPotion"},{"floor":8,"key":"PowerPotion"}],"is_trial":false,"path_per_floor":["R","M","?","M","M","M","T","M","M","E","$","?","R","M","M","B",null,"R","?","AVR","M","?","NM","T","M","R","M","?","R","M","M","M"],"character_chosen":"THE_SPIRIT","items_purchased":["SteamSale","Replay:WaspNest","hexamod:ForkedFlame","GuppysHairball"],"campfire_rested":0,"item_purchase_floors":[11,11,17,17],"current_hp_per_floor":[42,44,23,38,55,56,56,67,69,48,53,53,53,71,73,62,55,55,55,55,56,56,57,57,23,23,51,51,51,60,61,61,61,61],"gold":239,"neow_bonus":"BOSS_RELIC","is_daily":false,"chose_seed":false,"campfire_upgraded":4,"win_rate":0.0,"timestamp":1614444681,"path_taken":["R","M","?","M","M","?","T","?","M","E","$","?","R","M","M","BOSS","R","?","AVR","M","?","NM","T","?","R","M","?","R","M","?","M"],"items_purchased_type":["Relic","Relic","Card","Relic"],"build_version":"2020-12-22","purchased_purges":2,"victory":false,"max_hp_per_floor":[63,64,64,65,66,67,67,68,69,70,71,71,71,72,73,74,55,55,55,55,56,56,57,57,58,58,59,59,59,60,61,61,61,61],"relic_stats":{"counters":[18,87],"obtain_stats":[{"KeepersGift":0,"testmod-TestBox":0,"downfall:ShatteredFragment":3,"construct:WeddingRing":20,"HowToJump":0,"Replay:WaspNest":11,"testmod-NegativeEmotionEnhancer":0,"jedi:crownofsimplicity":24,"SteamSale":11,"EasyRelic":0,"SatanicBible":7,"hubris:Backtick":17,"ForgetMeNow":17,"testmod-ObsoleteBoomerang":0,"testmod-MagicalMallet":20,"downfall:RedIOU":19,"GuppysHairball":17,"HushsDoor":0,"ReplayTheSpireMod:Lightbulb":10,"hexamod:SpiritBrand":0},{"KeepersGift":0,"testmod-TestBox":0,"downfall:ShatteredFragment":1,"construct:WeddingRing":11,"HowToJump":0,"Replay:WaspNest":8,"testmod-NegativeEmotionEnhancer":0,"jedi:crownofsimplicity":13,"SteamSale":8,"EasyRelic":0,"SatanicBible":4,"hubris:Backtick":11,"ForgetMeNow":11,"testmod-ObsoleteBoomerang":0,"testmod-MagicalMallet":11,"downfall:RedIOU":11,"GuppysHairball":11,"HushsDoor":0,"ReplayTheSpireMod:Lightbulb":7,"hexamod:SpiritBrand":0},{"KeepersGift":0,"testmod-TestBox":0,"downfall:ShatteredFragment":4,"construct:WeddingRing":45,"HowToJump":0,"Replay:WaspNest":30,"testmod-NegativeEmotionEnhancer":0,"jedi:crownofsimplicity":53,"SteamSale":30,"EasyRelic":0,"SatanicBible":15,"hubris:Backtick":45,"ForgetMeNow":45,"testmod-ObsoleteBoomerang":0,"testmod-MagicalMallet":45,"downfall:RedIOU":45,"GuppysHairball":45,"HushsDoor":0,"ReplayTheSpireMod:Lightbulb":26,"hexamod:SpiritBrand":0}]},"card_choices":[{"not_picked":["hexamod:SwordOfDarkness","hexamod:ChargedBarrage","hexamod:BacktrackSmack"],"picked":"SKIP","floor":2},{"not_picked":["hexamod:ShieldOfDarkness","hexamod:CatchUp","hexamod:SwordOfDarkness"],"picked":"SKIP","floor":4},{"not_picked":["hexamod:GhostShield","hexamod:Again"],"picked":"hexamod:SoulSteal","floor":5},{"not_picked":["hexamod:HauntingEcho","hexamod:HeatMetal"],"picked":"hexamod:ThermalTransfer","floor":6},{"not_picked":["hexamod:SpectersWail","hexamod:NightmareGuise","hexamod:NightmareStrike"],"picked":"SKIP","floor":8},{"not_picked":["hexamod:HeatCrush","hexamod:NightmareStrike"],"picked":"hexamod:InspiringFlames","floor":9},{"not_picked":["hexamod:RetreatToShadows","hexamod:PhantomFireball","hexamod:GhostflameBarrier"],"picked":"SKIP","floor":10},{"not_picked":["hexamod:NightmareStrike","hexamod:PhantomFireball"],"picked":"hexamod:ExtraCrispy","floor":11},{"not_picked":["hexamod:SkipABeat","hexamod:ParanormalForm"],"picked":"Bomb","floor":14},{"not_picked":["hexamod:BurningTouch","hexamod:SpectralAdrenaline","hexamod:NightmareGuise"],"picked":"SKIP","floor":15},{"not_picked":["hexamod:SixthSeal","hexamod:Toasty"],"picked":"hexamod:WildfireWeapon","floor":16},{"not_picked":["hexamod:SkipABeat","hexamod:NightmareGuise","hexamod:GhostOfSpirePast"],"picked":"SKIP","floor":21},{"not_picked":["hexamod:Toasty","hexamod:Again"],"picked":"hexamod:RadiantFlame","floor":23},{"not_picked":["hexamod:SwordOfDarkness","hexamod:SuperheatedStrike","hexamod:SpectersWail"],"picked":"SKIP","floor":25},{"not_picked":["hexamod:GhostLash","hexamod:DynamicBlow","hexamod:FastForward"],"picked":"SKIP","floor":27},{"not_picked":["hexamod:BurningTouch","hexamod:ThermalTransfer","hexamod:StepThrough"],"picked":"SKIP","floor":30},{"not_picked":["hexamod:BurningTouch","hexamod:SoulSteal","hexamod:BacktrackSmack"],"picked":"SKIP","floor":31}],"player_experience":168820,"relics_obtained":[{"floor":7,"key":"SatanicBible"},{"floor":10,"key":"ReplayTheSpireMod:Lightbulb"},{"floor":24,"key":"jedi:crownofsimplicity"}],"event_choices":[],"is_beta":false,"boss_relics":[{"not_picked":["ReplayTheSpireMod:DimensionalGlitch","Tiny House"],"picked":"hubris:Backtick"},{"not_picked":[]}],"items_purged_floors":[17,20],"is_endless":false,"potions_floor_spawned":[5,6,8,9,16,23,25],"killed_by":"Centurion and Healer","ascension_level":20}}