{"host":"2pkirg8lp2j2yw4c","time":1614429975,"event":{"mods":["AchievementEnabler","BaseMod","BetterRewards","Colored Map","Colored Powertips","Curses Come First","Googly Eyes","Hubris","Infinite Spire","Minty Spire (QoL Compilation)","Quick Restart","Reliquary","StSLib","slay the spire mod where everything is the same but ironclad has a cowboy hat"],"gold_per_floor":[114,124,134,151,151,181,193,222,258,305,317,342,354,376,388,501,513,535,547,577,589,620,667,679,722,759,771,535,213,213,213,213,213,213],"floor_reached":33,"language":"ENG","playtime":1368,"items_purged":[],"score":539,"play_id":"9ba89913-b38a-468d-8077-59a5cc052bb6","local_time":"20210227074615","is_ascension_mode":true,"campfire_choices":[{"floor":7.0,"key":"REST"},{"data":"Scrape","floor":13,"key":"SMITH"},{"floor":15,"key":"REST"},{"data":"hubris:InfiniteBlow+1","floor":24,"key":"SMITH"},{"floor":30,"key":"REST"},{"data":"hubris:InfiniteBlow+2","floor":32,"key":"SMITH"}],"circlet_count":0,"master_deck":["Strike_B+1","Strike_B+1","Strike_B+1","Strike_B+1","Defend_B+1","Defend_B+1","Defend_B+1","Defend_B+1","Zap","Dualcast","Gash","Genetic Algorithm","Coolheaded","Gash+1","Sweeping Beam","Leap","Streamline+1","Machine Learning","Scrape+1","Aggregate","Rebound","hubris:InfiniteBlow+3","Gash+1","Gash","Self Repair","Go for the Eyes","Dark Shackles"],"relics":["Cracked Core","infinitespire:CursedDice","Omamori","Ice Cream","TheAbacus","MawBank","Lantern","Happy Flower","hubris:TerracottaHorce","infinitespire:FocusingShard","Juzu Bracelet","Smiling Mask","reliquary:ShortFuse","hubris:EmptyBottle","Whetstone","MutagenicStrength"],"acts_visited":["Exordium","TheCity"],"potions_floor_usage":[16,23,25,25,33,33],"damage_taken":[{"damage":0.0,"enemies":"Cultist","floor":1.0,"turns":3.0},{"damage":2.0,"enemies":"Jaw Worm","floor":2.0,"turns":5.0},{"damage":1.0,"enemies":"2 Louse","floor":3.0,"turns":2.0},{"damage":12.0,"enemies":"Exordium Thugs","floor":4.0,"turns":4.0},{"damage":40.0,"enemies":"Gremlin Nob","floor":6.0,"turns":5.0},{"damage":0.0,"enemies":"Exordium Wildlife","floor":8.0,"turns":2.0},{"damage":20.0,"enemies":"Lagavulin","floor":10.0,"turns":6.0},{"damage":0,"enemies":"2 Fungi Beasts","floor":12,"turns":3},{"damage":1,"enemies":"3 Louse","floor":14,"turns":2},{"damage":10,"enemies":"The Guardian","floor":16,"turns":10},{"damage":7,"enemies":"Spheric Guardian","floor":18,"turns":4},{"damage":2,"enemies":"Shell Parasite","floor":20,"turns":5},{"damage":3,"enemies":"3 Cultists","floor":22,"turns":5},{"damage":21,"enemies":"Book of Stabbing","floor":23,"turns":5},{"damage":21,"enemies":"Slavers","floor":25,"turns":5},{"damage":38,"enemies":"hubris:MusketHawk","floor":33,"turns":7}],"seed_played":"-1405436678441091166","potions_obtained":[{"floor":1.0,"key":"Energy Potion"},{"floor":6.0,"key":"GamblersBrew"},{"floor":10.0,"key":"LiquidBronze"},{"floor":18,"key":"FocusPotion"},{"floor":20,"key":"Weak Potion"},{"floor":22,"key":"CultistPotion"}],"is_trial":false,"path_per_floor":["M","M","M","M","?","E","R","M","T","E","?","M","R","M","R","B",null,"M","?","M","AVR","M","E","R","E","T","T","$","$","R","?","R","B"],"character_chosen":"DEFECT","items_purchased":["Gash","Omamori","Ice Cream","Genetic Algorithm","TheAbacus","Gash","hubris:EmptyBottle","Fire Potion","Self Repair","Whetstone","Go for the Eyes","Dark Shackles"],"campfire_rested":3,"item_purchase_floors":[0,0,0,0,0,28,28,28,29,29,29,29],"current_hp_per_floor":[52,50,49,37,37,27,49,49,49,29,26,26,26,25,47,37,66,59,59,57,57,54,33,33,12,12,12,12,12,34,34,34,0,0],"gold":213,"neow_bonus":"","is_daily":false,"chose_seed":false,"campfire_upgraded":3,"win_rate":0.0,"timestamp":1614429975,"path_taken":["M","M","M","M","?","E","R","M","T","E","?","M","R","?","R","BOSS","M","?","M","AVR","M","E","R","E","T","?","?","$","R","?","R","BOSS"],"items_purchased_type":["Card","Relic","Relic","Card","Relic","Card","Relic","Potion","Card","Relic","Card","Card"],"build_version":"2020-12-22","purchased_purges":0,"victory":false,"max_hp_per_floor":[75,75,75,75,75,75,75,75,75,75,75,75,75,75,75,75,75,75,75,75,75,75,75,75,75,75,75,75,75,75,75,75,75,75],"card_choices":[{"not_picked":["Doom and Gloom","Conserve Battery"],"picked":"Coolheaded","floor":1.0},{"not_picked":["Double Energy","Scrape"],"picked":"Gash","floor":2.0},{"not_picked":["Compile Driver","Auto Shields"],"picked":"Sweeping Beam","floor":3.0},{"not_picked":["Consume","Double Energy"],"picked":"Leap","floor":4.0},{"not_picked":["Melter","Conserve Battery","Turbo"],"picked":"SKIP","floor":6.0},{"not_picked":["Darkness","Melter"],"picked":"Streamline","floor":8.0},{"not_picked":["Compile Driver","Sunder"],"picked":"Machine Learning","floor":10.0},{"not_picked":["Go for the Eyes","Recycle"],"picked":"Scrape","floor":12},{"not_picked":["Lockon","Stack"],"picked":"Aggregate","floor":14},{"not_picked":["Compile Driver","FTL+1","Rebound"],"picked":"SKIP","floor":18},{"not_picked":["Compile Driver","FTL+1"],"picked":"Rebound","floor":18},{"not_picked":["Consume+1","Compile Driver+1","Force Field"],"picked":"SKIP","floor":20},{"not_picked":["Aggregate+1","Steam+1"],"picked":"Gash+1","floor":22},{"not_picked":["White Noise","Redo","Streamline"],"picked":"SKIP","floor":23},{"not_picked":["Lockon","Blizzard","Beam Cell"],"picked":"SKIP","floor":25}],"player_experience":171775,"relics_obtained":[{"floor":6.0,"key":"MawBank"},{"floor":10.0,"key":"Lantern"},{"floor":23,"key":"infinitespire:FocusingShard"},{"floor":25,"key":"Juzu Bracelet"},{"floor":26,"key":"Smiling Mask"},{"floor":27,"key":"reliquary:ShortFuse"}],"event_choices":[{"damage_healed":0.0,"max_hp_gain":0.0,"max_hp_loss":0.0,"gold_gain":0.0,"event_name":"Scrap Ooze","player_choice":"Success","floor":11.0,"gold_loss":0.0,"damage_taken":3.0,"relics_obtained":["Happy Flower"]},{"damage_healed":0,"gold_gain":0,"player_choice":"Simplicity","damage_taken":0,"max_hp_gain":0,"max_hp_loss":0,"event_name":"Back to Basics","floor":19,"gold_loss":0,"cards_upgraded":["Strike_B","Strike_B","Strike_B","Strike_B","Defend_B","Defend_B","Defend_B","Defend_B"]},{"damage_healed":0,"gold_gain":0,"player_choice":"Inject Mutagens","damage_taken":0,"relics_obtained":["MutagenicStrength"],"max_hp_gain":0,"max_hp_loss":0,"event_name":"Drug Dealer","floor":31,"gold_loss":0}],"is_beta":false,"boss_relics":[{"not_picked":["reliquary:RedPaperclip","reliquary:RustamsPendant"],"picked":"hubris:TerracottaHorce"}],"items_purged_floors":[],"is_endless":false,"potions_floor_spawned":[1,6,10,18,20,22],"killed_by":"hubris:MusketHawk","ascension_level":6}}