{"host":"4maeg91be5y510he","time":1614415597,"event":{"mods":["BaseMod","Colored Map","Custom Start","Friendly Minions","Gold Saver","Gremlin Skip","KOR Keyword Fix","Minty Spire (QoL Compilation)","Quick Restart","Reorder Act Four","StSLib","SuperFastMode"],"gold_per_floor":[817,828,692,710,710,739,756,768,845,856,703,730,730,740,740,740,740],"floor_reached":16,"language":"KOR","playtime":969,"items_purged":[],"score":180,"play_id":"bc5e76b0-7d7f-4bdb-b794-43b4b7ac246e","local_time":"20210227174637","is_ascension_mode":true,"campfire_choices":[{"floor":13,"key":"RECALL"},{"data":"Warcry","floor":15,"key":"SMITH"}],"circlet_count":0,"master_deck":["Strike_R","Strike_R","Strike_R","Strike_R","Strike_R","Defend_R","Defend_R","Defend_R","Bash","Shockwave","Disarm","Dual Wield","Bloodletting","Body Slam","Pommel Strike","Warcry+1"],"relics":["Burning Blood","Regal Pillow","Mercury Hourglass","Pocketwatch","Frozen Egg 2","Lee\u0027s Waffle","Anchor"],"acts_visited":[],"potions_floor_usage":[16,16],"damage_taken":[{"damage":2.0,"enemies":"2 Louse","floor":1.0,"turns":3.0},{"damage":2.0,"enemies":"Cultist","floor":2.0,"turns":4.0},{"damage":6.0,"enemies":"Small Slimes","floor":4.0,"turns":4.0},{"damage":42.0,"enemies":"3 Sentries","floor":6.0,"turns":11.0},{"damage":5.0,"enemies":"3 Louse","floor":7.0,"turns":3.0},{"damage":22.0,"enemies":"Large Slime","floor":8.0,"turns":5.0},{"damage":10.0,"enemies":"Exordium Thugs","floor":10.0,"turns":4.0},{"damage":25,"enemies":"Gremlin Nob","floor":12,"turns":4},{"damage":2,"enemies":"Red Slaver","floor":14,"turns":3}],"seed_played":"9158857934510916630","potions_obtained":[{"floor":4.0,"key":"SkillPotion"},{"floor":7.0,"key":"HeartOfIron"},{"floor":8.0,"key":"EssenceOfSteel"},{"floor":10.0,"key":"DistilledChaos"}],"is_trial":false,"path_per_floor":["M","M","?","M","?","E","M","M","T","M","$","E","R","M","R","B"],"character_chosen":"IRONCLAD","items_purchased":["Lee\u0027s Waffle"],"campfire_rested":0,"item_purchase_floors":[11],"current_hp_per_floor":[80,80,80,80,80,44,45,29,29,25,87,68,68,72,72,0,0],"gold":740,"neow_bonus":"RANDOM_COMMON_RELIC","is_daily":false,"chose_seed":false,"campfire_upgraded":1,"win_rate":0.0,"timestamp":1614415597,"path_taken":["M","M","?","?","?","E","M","M","T","M","$","E","R","M","R","BOSS"],"items_purchased_type":["Relic"],"build_version":"2020-12-22","purchased_purges":0,"victory":false,"max_hp_per_floor":[80,80,80,80,80,80,80,80,80,80,87,87,87,87,87,87,87],"card_choices":[{"not_picked":["True Grit","Rupture"],"picked":"Shockwave","floor":1.0},{"not_picked":["Cleave","Uppercut"],"picked":"Disarm","floor":2.0},{"not_picked":["Iron Wave","Havoc"],"picked":"Dual Wield","floor":4.0},{"not_picked":["Wild Strike","True Grit"],"picked":"Bloodletting","floor":6.0},{"not_picked":["Iron Wave","Immolate"],"picked":"Body Slam","floor":7.0},{"not_picked":["Flex","Perfected Strike"],"picked":"Pommel Strike","floor":8.0},{"not_picked":["Anger","Body Slam","Power Through"],"picked":"SKIP","floor":10.0},{"not_picked":["Dropkick","Uppercut","Blood for Blood"],"picked":"SKIP","floor":12},{"not_picked":["Havoc","Wild Strike"],"picked":"Warcry","floor":14}],"player_experience":211995,"relics_obtained":[{"floor":6.0,"key":"Pocketwatch"},{"floor":9.0,"key":"Frozen Egg 2"},{"floor":12,"key":"Anchor"}],"event_choices":[{"damage_healed":0.0,"max_hp_gain":0.0,"max_hp_loss":0.0,"gold_gain":0.0,"event_name":"WeMeetAgain","player_choice":"Paid Gold","floor":3.0,"gold_loss":136.0,"damage_taken":0.0,"relics_obtained":["Mercury Hourglass"]},{"cards_removed":["Defend_R"],"damage_healed":0.0,"max_hp_gain":0.0,"max_hp_loss":0.0,"gold_gain":0.0,"event_name":"Bonfire Elementals","player_choice":"Offered Basic","floor":5.0,"gold_loss":0.0,"damage_taken":0.0}],"is_beta":false,"boss_relics":[],"items_purged_floors":[],"is_endless":false,"potions_floor_spawned":[4,7,8,10,12],"killed_by":"The Guardian","ascension_level":2}}