{"host":"d02vqrhhew441p6s","time":1614391497,"event":{"mods":["BaseMod","Downfall","Duelist Mod","Halation","Infinite Spire","Minty Spire (QoL Compilation)","StSLib"],"gold_per_floor":[225,238,238,238,256,256,301,301,332,332,346,361,372,383,402,402,402],"floor_reached":16,"language":"ENG","playtime":472,"items_purged":[],"score":161,"play_id":"b1a36893-89a6-47b8-9ac6-98353633d714","local_time":"20210227030457","is_ascension_mode":true,"campfire_choices":[{"data":"theDuelist:NaturiaBeast","floor":1,"key":"SMITH"},{"data":"theDuelist:NaturiaEggplant","floor":6,"key":"SMITH"},{"data":"theDuelist:SeedSacredTree","floor":10,"key":"SMITH"}],"circlet_count":0,"master_deck":["AscendersBane","theDuelist:CastleWalls","theDuelist:CastleWalls","theDuelist:CastleWalls","theDuelist:NaturiaBeast+1","theDuelist:NaturiaCliff","theDuelist:NaturiaRock","theDuelist:NaturiaTulip","theDuelist:Sparks","theDuelist:Sparks","theDuelist:NaturiaEggplant+1","Regret","theDuelist:NaturiaRosewhip+1","theDuelist:SeedSacredTree+1","theDuelist:VenomShot","theDuelist:ClosedForest","theDuelist:Fissure","theDuelist:NaturiaDragonfly","theDuelist:NaturiaLandoise"],"relics":["theDuelist:MillenniumPuzzle","theDuelist:CardPoolRelic","theDuelist:CardPoolBasicRelic","theDuelist:BoosterPackPoolRelic","theDuelist:CardPoolAddRelic","theDuelist:CardPoolMinusRelic","theDuelist:CardPoolSaveRelic","theDuelist:CardPoolOptionsRelic","Bag of Preparation","theDuelist:NaturiaRelic","Anchor"],"acts_visited":["Exordium"],"potions_floor_usage":[9,15],"damage_taken":[{"damage":8,"enemies":"Small Slimes","floor":2,"turns":4},{"damage":2,"enemies":"Jaw Worm","floor":5,"turns":4},{"damage":39,"enemies":"Gremlin Nob","floor":9,"turns":4},{"damage":3,"enemies":"Cultist","floor":11,"turns":3},{"damage":0,"enemies":"2 Fungi Beasts","floor":12,"turns":2},{"damage":5,"enemies":"Lots of Slimes","floor":13,"turns":2},{"damage":9,"enemies":"Exordium Thugs","floor":14,"turns":3},{"damage":0,"enemies":"downfall:LooterAlt","floor":15,"turns":2},{"damage":27,"enemies":"DF_ARCHETYPE_STREAMLINE","floor":16,"turns":3}],"seed_played":"1969013310581449783","potions_obtained":[{"floor":2,"key":"theDuelist:SealedPackC"},{"floor":9,"key":"theDuelist:ReducerPotion"},{"floor":14,"key":"Fire Potion"}],"is_trial":false,"path_per_floor":["R","M","?","?","M","R","T","?","E","R","M","M","M","M","M","B"],"character_chosen":"THE_DUELIST","items_purchased":[],"campfire_rested":0,"item_purchase_floors":[],"current_hp_per_floor":[72,64,64,64,62,62,62,62,23,23,20,20,15,6,6,0,0],"gold":402,"neow_bonus":"HUNDRED_GOLD","is_daily":false,"chose_seed":false,"campfire_upgraded":3,"win_rate":0.0,"timestamp":1614391497,"path_taken":["R","M","?","?","?","R","T","?","E","R","M","?","M","M","M","BOSS"],"items_purchased_type":[],"build_version":"2020-12-22","purchased_purges":0,"victory":false,"max_hp_per_floor":[80,80,80,80,80,80,80,80,80,80,80,80,80,80,80,80,80],"card_choices":[{"not_picked":["theDuelist:NaturiaHydrangea","theDuelist:NaturiaDragonfly","theDuelist:NaturiaCliff","theDuelist:NaturiaBambooShoot"],"picked":"theDuelist:NaturiaEggplant","floor":2},{"not_picked":["theDuelist:NaturiaGuardian","theDuelist:CrystalRose","theDuelist:NaturiaWhiteOak","theDuelist:SeedSacredTree"],"picked":"theDuelist:NaturiaRosewhip","floor":5},{"not_picked":["theDuelist:FuryFire","theDuelist:VenomShot","theDuelist:AfterGenocide","theDuelist:FossilExcavation"],"picked":"theDuelist:SeedSacredTree","floor":9},{"not_picked":["theDuelist:FuryFire","theDuelist:FrozenRose","theDuelist:ExterioFang","theDuelist:FossilExcavation"],"picked":"theDuelist:VenomShot","floor":11},{"not_picked":["theDuelist:Canyon","theDuelist:HeartUnderdog"],"picked":"theDuelist:ClosedForest","floor":12},{"not_picked":["theDuelist:AttackTheMoon","theDuelist:MillenniumGolem","theDuelist:MudGolem","theDuelist:DestroyerGolem"],"picked":"theDuelist:Fissure","floor":13},{"not_picked":["theDuelist:NaturiaHydrangea","theDuelist:NaturiaRosewhip","theDuelist:NaturiaMantis","theDuelist:NaturiaMarron"],"picked":"theDuelist:NaturiaDragonfly","floor":14},{"not_picked":["theDuelist:NaturiaRock","theDuelist:NaturiaGaiastrio","theDuelist:CrystalRose","theDuelist:NaturiaCliff"],"picked":"theDuelist:NaturiaLandoise","floor":15}],"player_experience":640391,"relics_obtained":[{"floor":7,"key":"theDuelist:NaturiaRelic"},{"floor":9,"key":"Anchor"}],"event_choices":[{"damage_healed":0,"gold_gain":0,"player_choice":"Box","damage_taken":0,"relics_obtained":["Bag of Preparation"],"max_hp_gain":0,"max_hp_loss":0,"event_name":"Big Fish","floor":3,"gold_loss":0,"cards_obtained":["Regret"]},{"damage_healed":0,"gold_gain":0,"player_choice":"Forge","damage_taken":0,"max_hp_gain":0,"max_hp_loss":0,"event_name":"Accursed Blacksmith","floor":8,"gold_loss":0,"cards_upgraded":["theDuelist:NaturiaRosewhip"]}],"is_beta":false,"boss_relics":[],"items_purged_floors":[],"is_endless":false,"potions_floor_spawned":[2,9,14],"killed_by":"DF_ARCHETYPE_STREAMLINE","ascension_level":11}}