{"host":"3asmp5aovk69ekg9","time":1614407546,"event":{"mods":["100% Spire Juice","BaseMod","BetterRewards","Colored Map","Colored Powertips","Dark Map","Hermit","Koishi","Magitek Elite","Minty Spire (QoL Compilation)","Permanent Neow","Prisma Mod","Remove Card Discount Mod","Shade Mod","StSLib","The Alterego","The Cursed","The Death Knight","The Fake Hero","The IronCluck","The Marked","The Senshi","The Wild Card"],"gold_per_floor":[135,153,153,192,43,43,92,160,184,214,34,80,255,285,285,390,390,423,423,437,437,477,477,503,559,609,676,676,727,779,847,847,952,952,1007,1057,1094,1094,822,849,849,889,915,947,947,1008,1018,1033,1033,1063,1063,1063,785,844,844],"floor_reached":56,"language":"ENG","playtime":9067,"items_purged":["PrismaMod:IllyaCommonAttack","PrismaMod:IllyaCommonDefend","PrismaMod:IllyaCommonAttack","PrismaMod:IllyaCommonAttack","PrismaMod:IllyaCommonDefend","PrismaMod:IllyaCommonDefend","PrismaMod:IllyaCommonAttack","PrismaMod:IllyaCommonAttack","Pain","PrismaMod:IllyaCommonDefend","PrismaMod:IllyaCommonDefend","PrismaMod:IllyaUncommonAttack","HandOfGreed"],"score":2791,"play_id":"9bac6a73-2180-4b4c-b545-31963382c9a6","local_time":"20210226223226","is_ascension_mode":true,"campfire_choices":[{"data":"PrismaMod:IllyaUncommonDefend","floor":6,"key":"SMITH"},{"data":"PrismaMod:IllyaUncommonDefend","floor":15,"key":"SMITH"},{"floor":23,"key":"DIG"},{"floor":28,"key":"DIG"},{"floor":32,"key":"DIG"},{"floor":41,"key":"RECALL"},{"floor":45,"key":"DIG"},{"floor":49,"key":"DIG"},{"floor":52,"key":"DIG"}],"circlet_count":0,"master_deck":["PrismaMod:IllyaUncommonDefend+1","PrismaMod:IllyaBerserCAR","PrismaMod:IllyaMinorReinForce","PrismaMod:IllyaCarnivalAttack","Finesse","PrismaMod:IllyaMinorZwei","PrismaMod:IllyaInstallLancer","PrismaMod:IllyaUncommonAOEAttack","PrismaMod:IllyaUncommonAOEAttack","PrismaMod:IllyaMinorZwei","PrismaMod:IllyaBerserCAR","PrismaMod:IllyaUncommonDefend+1","PrismaMod:IllyaBerserCAR","PrismaMod:IllyaGrail","Panacea","PrismaMod:IllyaGrail","PrismaMod:IllyaAlice","PrismaMod:IllyaGrail","PrismaMod:IllyaMinorZwei","PrismaMod:IllyaCarnivalPrismaAstolfo","Panache","Magnetism","Apotheosis","PrismaMod:IllyaBerserCAR","PrismaMod:IllyaMinorZwei+1","PrismaMod:IllyaRubysPotion"],"relics":["PrismaMod:PrismaRuby","Medical Kit","Blood Vial","Membership Card","theSenshi:SuperSailorFukuRelic","WarpedTongs","Lee\u0027s Waffle","PreservedInsect","DollysMirror","Shovel","Golden_Hairpin","MutagenicStrength","StrikeDummy","Tintinnabulum","theSenshi:SailorFukuRelic","Oddly Smooth Stone","Happy Flower","InkBottle","Kunai","Fusion Hammer","PrismaMod:AliceRelic","Thread and Needle","Pear","Bottled Lightning","Meat on the Bone","Dream Catcher","Eternal Feather","Guard_Bracelet","Bag of Marbles","Sundial","HornCleat","Pen Nib","OrangePellets","DeathKnight:PutricidesVial"],"acts_visited":["Exordium","TheCity","TheBeyond","TheEnding"],"potions_floor_usage":[7,30,33,55],"damage_taken":[{"damage":0.0,"enemies":"2 Louse","floor":1.0,"turns":2.0},{"damage":0.0,"enemies":"Cultist","floor":2.0,"turns":3.0},{"damage":0.0,"enemies":"Small Slimes","floor":4.0,"turns":2.0},{"damage":2,"enemies":"Gremlin Nob","floor":7,"turns":4},{"damage":0,"enemies":"Lagavulin","floor":10,"turns":5},{"damage":0,"enemies":"Gremlin Nob","floor":12,"turns":3},{"damage":0,"enemies":"Exordium Thugs","floor":14,"turns":3},{"damage":8,"enemies":"Hexaghost","floor":16,"turns":7},{"damage":0,"enemies":"3 Byrds","floor":18,"turns":4},{"damage":0,"enemies":"Spheric Guardian","floor":20,"turns":3},{"damage":0,"enemies":"Centurion and Healer","floor":22,"turns":4},{"damage":0,"enemies":"Book of Stabbing","floor":24,"turns":4},{"damage":0,"enemies":"Shelled Parasite and Fungi","floor":25,"turns":4},{"damage":0,"enemies":"Slavers","floor":27,"turns":3},{"damage":0,"enemies":"Sentry and Sphere","floor":29,"turns":3},{"damage":0,"enemies":"Book of Stabbing","floor":30,"turns":4},{"damage":0,"enemies":"Centurion and Healer","floor":31,"turns":3},{"damage":0,"enemies":"Collector","floor":33,"turns":6},{"damage":0,"enemies":"3 Shapes","floor":35,"turns":4},{"damage":0,"enemies":"Mind Bloom Boss Battle","floor":36,"turns":5},{"damage":0,"enemies":"Orb Walker","floor":37,"turns":2},{"damage":0,"enemies":"Giant Head","floor":40,"turns":3},{"damage":0,"enemies":"Sphere and 2 Shapes","floor":42,"turns":2},{"damage":0,"enemies":"Reptomancer","floor":44,"turns":2},{"damage":0,"enemies":"Nemesis","floor":46,"turns":5},{"damage":0,"enemies":"Jaw Worm Horde","floor":47,"turns":1},{"damage":0,"enemies":"Maw","floor":48,"turns":4},{"damage":0,"enemies":"Awakened One","floor":50,"turns":8},{"damage":0,"enemies":"Shield and Spear","floor":54,"turns":3},{"damage":0,"enemies":"The Heart","floor":55,"turns":6}],"seed_played":"4876722688831122707","potions_obtained":[{"floor":2.0,"key":"Weak Potion"},{"floor":4,"key":"Swift Potion"},{"floor":14,"key":"Swift Potion"},{"floor":16,"key":"SteroidPotion"},{"floor":18,"key":"Dexterity Potion"},{"floor":30,"key":"Fruit Juice"},{"floor":35,"key":"Regen Potion"},{"floor":42,"key":"SpeedPotion"},{"floor":46,"key":"CultistPotion"}],"is_trial":false,"path_per_floor":["M","M","?","M","$","R","E","?","T","E","$","E","?","M","R","B",null,"M","?","M","?","M","R","E","M","T","E","R","M","E","M","R","B",null,"M","?","M","?","$","E","R","M","T","E","R","E","M","M","R","B",null,"R","$","E","B",null],"character_chosen":"ILLYA","items_purchased":["PrismaMod:IllyaBerserCAR","Medical Kit","PrismaMod:IllyaMinorReinForce","HandOfGreed","Blood Vial","PrismaMod:IllyaCarnivalAttack","Membership Card","Finesse","PrismaMod:IllyaMinorZwei","PrismaMod:IllyaInstallLancer","PrismaMod:IllyaUncommonAOEAttack","PrismaMod:IllyaUncommonAOEAttack","Fruit Juice","theSenshi:SuperSailorFukuRelic","Lee\u0027s Waffle","PrismaMod:IllyaUncommonDefend","PrismaMod:IllyaBerserCAR","PrismaMod:IllyaGrail","Panacea","DollysMirror","PrismaMod:IllyaAlice","Pear","PrismaMod:IllyaBerserCAR","Bottled Lightning","HornCleat","Pen Nib","OrangePellets"],"campfire_rested":0,"item_purchase_floors":[0,0,0,0,0,0,0,0,0,0,0,0,0,0,5,5,5,11,11,11,11,39,39,39,53,53,53],"current_hp_per_floor":[27,29,29,31,87,87,85,85,85,87,87,87,87,87,87,84,86,87,87,87,87,87,87,87,87,87,87,87,87,92,92,92,92,92,94,96,96,86,97,108,109,109,109,109,109,109,109,109,109,109,109,109,109,109,109],"gold":844,"neow_bonus":"","is_daily":false,"chose_seed":false,"campfire_upgraded":2,"win_rate":0.0,"timestamp":1614407546,"path_taken":["M","M","?","M","?","R","E","?","T","E","$","E","?","M","R","BOSS","M","?","M","?","M","R","E","?","T","E","R","M","E","M","R","BOSS","M","?","M","?","?","E","R","M","T","E","R","E","?","M","R","BOSS","R","$","E","BOSS"],"items_purchased_type":["Card","Relic","Card","Card","Relic","Card","Relic","Card","Card","Card","Card","Card","Potion","Relic","Relic","Card","Card","Card","Card","Relic","Card","Relic","Card","Relic","Relic","Relic","Relic"],"build_version":"2020-12-22","purchased_purges":13,"victory":true,"max_hp_per_floor":[80,80,80,80,87,87,87,87,87,87,87,87,87,87,87,87,87,87,87,87,87,87,87,87,87,87,87,87,87,92,92,92,92,92,94,96,96,96,106,109,109,109,109,109,109,109,109,109,109,109,109,109,109,109,109],"card_choices":[{"not_picked":["PrismaMod:IllyaUncommonAOEAttack","PrismaMod:IllyaUncommonAttack","PrismaMod:IllyaStunPoison"],"picked":"SKIP","floor":1.0},{"not_picked":["PrismaMod:IllyaDualEvoke","PrismaMod:IllyaGrailKun"],"picked":"PrismaMod:IllyaMinorZwei","floor":2.0},{"not_picked":["PrismaMod:IllyaMaid","PrismaMod:IllyaHassanGift"],"picked":"PrismaMod:IllyaBerserCAR","floor":4},{"not_picked":["PrismaMod:IllyaEvokeAll","PrismaMod:IllyaStunPoison","PrismaMod:IllyaHassanGift"],"picked":"SKIP","floor":7},{"not_picked":["PrismaMod:IllyaPoisoningPhantasm","PrismaMod:IllyaInstallAlterEgo","PrismaMod:IllyaSaphire"],"picked":"SKIP","floor":10},{"not_picked":["PrismaMod:IllyaCommonEvoke","PrismaMod:IllyaBride","PrismaMod:IllyaAlice"],"picked":"SKIP","floor":12},{"not_picked":["PrismaMod:IllyaAOECommonAttack","PrismaMod:IllyaPoisonTippedWeapons","PrismaMod:IllyaPartialInstallAssassin"],"picked":"SKIP","floor":14},{"not_picked":["PrismaMod:IllyaCheapChannelAttack+1","PrismaMod:IllyaStunPoison","PrismaMod:IllyaFeed"],"picked":"SKIP","floor":18},{"not_picked":["PrismaMod:IllyaUncommonAOEAttack","PrismaMod:IllyaUpgradeOrbs+1"],"picked":"PrismaMod:IllyaGrail","floor":20},{"not_picked":["PrismaMod:IllyaUberChannel","PrismaMod:IllyaCheapAttack","PrismaMod:IllyaMaid"],"picked":"SKIP","floor":22},{"not_picked":["PrismaMod:IllyaCommandSeal+1","PrismaMod:IllyaMinorReinForce","PrismaMod:IllyaUpgradeOrbs"],"picked":"SKIP","floor":24},{"not_picked":["PrismaMod:IllyaCommonEvoke","PrismaMod:IllyaPoisoningPhantasm"],"picked":"PrismaMod:IllyaMinorZwei","floor":25},{"not_picked":["PrismaMod:IllyaInstallAvenger","PrismaMod:IllyaRapidFire","PrismaMod:IllyaEvokeAll"],"picked":"SKIP","floor":27},{"not_picked":["PrismaMod:IllyaHassanGift+1","PrismaMod:IllyaUncommonAOEAttack","PrismaMod:IllyaUberPoisonBlock"],"picked":"SKIP","floor":29},{"not_picked":["PrismaMod:IllyaPoisonBomb","PrismaMod:IllyaStunPoison+1","PrismaMod:IllyaCheapChannelPoison"],"picked":"SKIP","floor":30},{"not_picked":["PrismaMod:IllyaStunPoison","PrismaMod:IllyaDetonatingBlow","PrismaMod:IllyaFeed"],"picked":"SKIP","floor":31},{"not_picked":["PrismaMod:IllyaCarnivalAttack","PrismaMod:IllyaUberDefendChannel"],"picked":"PrismaMod:IllyaCarnivalPrismaAstolfo","floor":33},{"not_picked":["PrismaMod:IllyaPoisoningPhantasm","PrismaMod:IllyaDevil+1","PrismaMod:IllyaCheapAttack+1"],"picked":"SKIP","floor":35},{"not_picked":["PrismaMod:IllyaFeed","PrismaMod:IllyaUberChannel","PrismaMod:IllyaGun+1"],"picked":"SKIP","floor":37},{"not_picked":["Trip","Enlightenment"],"picked":"Panache","floor":38},{"not_picked":["Dark Shackles","Good Instincts"],"picked":"Magnetism","floor":38},{"not_picked":["Purity","Madness"],"picked":"Apotheosis","floor":38},{"not_picked":["PrismaMod:IllyaCommonEvoke","PrismaMod:IllyaInstallMoonCancer"],"picked":"PrismaMod:IllyaMinorZwei+1","floor":40},{"not_picked":["PrismaMod:IllyaAlice","PrismaMod:IllyaDetonatingBlow","PrismaMod:IllyaDevil"],"picked":"SKIP","floor":42},{"not_picked":["PrismaMod:IllyaGrailKun+1","PrismaMod:IllyaPoisonTippedWeapons"],"picked":"PrismaMod:IllyaRubysPotion","floor":44},{"not_picked":["PrismaMod:IllyaBoysLove","PrismaMod:IllyaFriendMaker+1","PrismaMod:IllyaPoisonBlock"],"picked":"SKIP","floor":46},{"not_picked":["PrismaMod:IllyaMinorReinForce+1","PrismaMod:IllyaCheapDefend+1","PrismaMod:IllyaPartialInstallAssassin"],"picked":"SKIP","floor":47},{"not_picked":["PrismaMod:IllyaAssassinRevenge+1","PrismaMod:IllyaBlindPoisonToss+1","PrismaMod:IllyaCheapChannelPoison"],"picked":"SKIP","floor":48},{"not_picked":["PrismaMod:IllyaFeed","PrismaMod:IllyaCommandSeal","PrismaMod:IllyaCheapChannelAttack"],"picked":"SKIP","floor":54}],"player_experience":1559335,"relics_obtained":[{"floor":7,"key":"PreservedInsect"},{"floor":12,"key":"Shovel"},{"floor":23,"key":"StrikeDummy"},{"floor":24,"key":"Tintinnabulum"},{"floor":26,"key":"theSenshi:SailorFukuRelic"},{"floor":27,"key":"Oddly Smooth Stone"},{"floor":28,"key":"Happy Flower"},{"floor":30,"key":"InkBottle"},{"floor":32,"key":"Kunai"},{"floor":36,"key":"Thread and Needle"},{"floor":40,"key":"Meat on the Bone"},{"floor":43,"key":"Dream Catcher"},{"floor":44,"key":"Eternal Feather"},{"floor":45,"key":"Guard_Bracelet"},{"floor":46,"key":"Bag of Marbles"},{"floor":52,"key":"Sundial"},{"floor":54,"key":"DeathKnight:PutricidesVial"}],"event_choices":[{"damage_healed":0.0,"max_hp_gain":0.0,"max_hp_loss":0.0,"gold_gain":0.0,"event_name":"Accursed Blacksmith","player_choice":"Rummage","floor":3.0,"gold_loss":0.0,"damage_taken":0.0,"relics_obtained":["WarpedTongs"],"cards_obtained":["Pain"]},{"damage_healed":0,"gold_gain":68,"player_choice":"Gained Gold","damage_taken":0,"max_hp_gain":0,"max_hp_loss":0,"event_name":"Golden Wing","floor":8,"gold_loss":0},{"damage_healed":0,"gold_gain":175,"player_choice":"AGREE","damage_taken":0,"max_hp_gain":0,"max_hp_loss":0,"event_name":"Liars Game","floor":13,"gold_loss":0,"cards_obtained":["Doubt"]},{"damage_healed":0,"gold_gain":0,"player_choice":"Inject Mutagens","damage_taken":0,"relics_obtained":["MutagenicStrength"],"max_hp_gain":0,"max_hp_loss":0,"event_name":"Drug Dealer","floor":19,"gold_loss":0},{"cards_removed":["Doubt"],"damage_healed":0,"gold_gain":0,"player_choice":"Purged","damage_taken":0,"max_hp_gain":0,"max_hp_loss":0,"event_name":"Purifier","floor":21,"gold_loss":0},{"damage_healed":0,"gold_gain":0,"player_choice":"Fight","damage_taken":0,"max_hp_gain":0,"max_hp_loss":0,"event_name":"MindBloom","floor":36,"gold_loss":0},{"damage_healed":0,"gold_gain":0,"player_choice":"Memory 3","damage_taken":10,"max_hp_gain":0,"max_hp_loss":0,"event_name":"SensoryStone","floor":38,"gold_loss":0}],"is_beta":false,"boss_relics":[{"not_picked":["Astrolabe","Velvet Choker"],"picked":"Golden_Hairpin"},{"not_picked":["Runic Dome","Pandora\u0027s Box"],"picked":"Fusion Hammer"}],"items_purged_floors":[0,0,0,0,0,0,0,0,5,5,5,5,39],"is_endless":false,"potions_floor_spawned":[2,4,14,16,18,20,29,30,35,42,46,48,54],"ascension_level":8}}