{"host":"9gxprskaw0c5jpbt","time":1614460494,"event":{"mods":["AchievementEnabler","BaseMod","Colored Map","Highlight Path","KOR Keyword Fix","Keyboard Shortcuts","Minty Spire (QoL Compilation)","Rare Cards Sparkle","StSLib","SuperFastMode","everything is the same but u backflip on backflip"],"gold_per_floor":[109,109,259,275,42,71,346,378,433,433,447,465,477,493,493,493,493],"floor_reached":16,"language":"KOR","playtime":330,"items_purged":["Doubt"],"score":274,"play_id":"ae6ddf54-6702-475c-9cd9-8c98da987873","local_time":"20210228061454","is_ascension_mode":true,"campfire_choices":[{"floor":10,"key":"REST"},{"floor":15,"key":"REST"}],"circlet_count":0,"master_deck":["AscendersBane","Strike_R","Strike_R","Strike_R","Strike_R","Strike_R","Defend_R","Defend_R","Defend_R","Defend_R","Bash","Armaments+1","Ghostly Armor","Bloodletting","Regret","Wild Strike","Sword Boomerang","Twin Strike","Shrug It Off"],"relics":["Burning Blood","NeowsBlessing","Akabeko","Happy Flower","Torii","PreservedInsect"],"acts_visited":["Exordium"],"potions_floor_usage":[8,14,14,14],"damage_taken":[{"damage":0,"enemies":"Jaw Worm","floor":1,"turns":1},{"damage":0,"enemies":"Small Slimes","floor":4,"turns":1},{"damage":0,"enemies":"Lagavulin","floor":6,"turns":1},{"damage":85,"enemies":"Gremlin Nob","floor":8,"turns":6},{"damage":3,"enemies":"Cultist","floor":11,"turns":3},{"damage":23,"enemies":"Exordium Thugs","floor":12,"turns":3},{"damage":11,"enemies":"2 Fungi Beasts","floor":13,"turns":3},{"damage":7,"enemies":"Large Slime","floor":14,"turns":6},{"damage":39,"enemies":"Hexaghost","floor":16,"turns":9}],"seed_played":"3077640742233446702","potions_obtained":[{"floor":1,"key":"Regen Potion"},{"floor":8,"key":"LiquidBronze"},{"floor":12,"key":"LiquidMemories"},{"floor":14,"key":"Fruit Juice"}],"is_trial":false,"path_per_floor":["M","?","?","M","$","E","?","E","T","R","M","M","M","M","R","B"],"character_chosen":"IRONCLAD","items_purchased":["Akabeko"],"campfire_rested":2,"item_purchase_floors":[5],"current_hp_per_floor":[74,74,74,75,75,75,75,8,8,30,33,16,11,15,39,0,0],"gold":493,"neow_bonus":"THREE_ENEMY_KILL","is_daily":false,"chose_seed":false,"campfire_upgraded":0,"win_rate":0.0,"timestamp":1614460494,"path_taken":["M","?","?","M","$","E","?","E","T","R","M","?","M","M","R","BOSS"],"items_purchased_type":["Relic"],"build_version":"2020-12-22","purchased_purges":1,"victory":false,"max_hp_per_floor":[75,75,75,75,75,75,75,75,75,75,75,75,75,80,80,80,80],"card_choices":[{"not_picked":["Body Slam","Perfected Strike"],"picked":"Armaments","floor":1},{"not_picked":["Flex","Rampage"],"picked":"Ghostly Armor","floor":4},{"not_picked":["Inflame","Feed"],"picked":"Bloodletting","floor":6},{"not_picked":["Armaments","Searing Blow"],"picked":"Wild Strike","floor":8},{"not_picked":["Cleave","Perfected Strike"],"picked":"Sword Boomerang","floor":11},{"not_picked":["Sword Boomerang","Metallicize"],"picked":"Twin Strike","floor":12},{"not_picked":["Body Slam","Perfected Strike","Bludgeon"],"picked":"SKIP","floor":13},{"not_picked":["Shockwave","Warcry"],"picked":"Shrug It Off","floor":14}],"player_experience":1009918,"relics_obtained":[{"floor":6,"key":"Happy Flower"},{"floor":8,"key":"Torii"},{"floor":9,"key":"PreservedInsect"}],"event_choices":[{"damage_healed":0,"gold_gain":0,"player_choice":"Grow","damage_taken":0,"max_hp_gain":0,"max_hp_loss":0,"event_name":"Living Wall","floor":2,"gold_loss":0,"cards_upgraded":["Armaments"]},{"damage_healed":0,"gold_gain":150,"player_choice":"AGREE","damage_taken":0,"max_hp_gain":0,"max_hp_loss":0,"event_name":"Liars Game","floor":3,"gold_loss":0,"cards_obtained":["Doubt"]},{"damage_healed":0,"gold_gain":275,"player_choice":"Desecrate","damage_taken":0,"max_hp_gain":0,"max_hp_loss":0,"event_name":"Golden Shrine","floor":7,"gold_loss":0,"cards_obtained":["Regret"]}],"is_beta":false,"boss_relics":[],"items_purged_floors":[5],"is_endless":false,"potions_floor_spawned":[1,8,12,14],"killed_by":"Hexaghost","ascension_level":20}}