{"host":"q57ekfojy3i00x9o","time":1614449863,"event":{"mods":["Act Like it!","Arknights","Aspiration","BaseMod","Colored Map","Energized Spire","Hermit","Minty Spire (QoL Compilation)","Quick Restart","Ruina","Spicy Shops","Spikes Relics","StSLib","slay the spire mod where everything is the same but ironclad has a cowboy hat"],"gold_per_floor":[114,126,126,126,139,167,167,177,204,218,218,218,245,245,245,343,343,357,21,21,37,37,37,62,62,62,62,72,72,90,119,119,119,119],"floor_reached":33,"language":"RUS","playtime":810,"items_purged":["Strike_B"],"score":425,"play_id":"c5dd2bf7-2cfc-4054-8001-1de571ac1653","local_time":"20210227231743","is_ascension_mode":true,"campfire_choices":[{"data":"Zap","floor":7,"key":"SMITH"},{"floor":11,"key":"REST"},{"floor":15,"key":"REST"},{"data":"Defragment","floor":23,"key":"SMITH"},{"data":"Buffer","floor":27,"key":"SMITH"},{"floor":29,"key":"REST"},{"floor":32,"key":"REST"}],"circlet_count":0,"master_deck":["Strike_B","Strike_B","Defend_B","Defend_B","Defend_B","Defend_B","Zap+1","Dualcast","FTL","Redo+1","Ball Lightning","Leap","Leap","Creative AI","Steam","Thunder Strike","Defragment+1","BootSequence","Seek","Buffer+1","Conserve Battery","Leap","aspiration:Polymerization"],"relics":["Cracked Core","NeowsBlessing","aspiration:ChemicalBlood","SpikesRelics:DaevaFist","Cables","Nuclear Battery","Runic Capacitor","Vajra","Girya","HornCleat"],"acts_visited":["Exordium","TheCity"],"potions_floor_usage":[10,13,13,16,16,21,24,28,30,31,31,31],"damage_taken":[{"damage":0,"enemies":"Cultist","floor":1,"turns":1},{"damage":0,"enemies":"2 Louse","floor":2,"turns":1},{"damage":0,"enemies":"Jaw Worm","floor":5,"turns":1},{"damage":35,"enemies":"Lagavulin","floor":6,"turns":5},{"damage":12,"enemies":"3 Louse","floor":8,"turns":3},{"damage":17,"enemies":"Lots of Slimes","floor":10,"turns":4},{"damage":32,"enemies":"Gremlin Nob","floor":13,"turns":5},{"damage":25,"enemies":"The Guardian","floor":16,"turns":10},{"damage":16,"enemies":"Chosen","floor":18,"turns":5},{"damage":11,"enemies":"2 Thieves","floor":21,"turns":3},{"damage":7,"enemies":"Book of Stabbing","floor":24,"turns":6},{"damage":36,"enemies":"Chosen and Byrds","floor":28,"turns":5},{"damage":0,"enemies":"3 Cultists","floor":30,"turns":4},{"damage":39,"enemies":"Slavers","floor":31,"turns":4},{"damage":43,"enemies":"Collector","floor":33,"turns":3}],"seed_played":"4328732221554238765","potions_obtained":[{"floor":6,"key":"Swift Potion"},{"floor":8,"key":"PowerPotion"},{"floor":13,"key":"SteroidPotion"},{"floor":21,"key":"BlessingOfTheForge"},{"floor":28,"key":"Explosive Potion"},{"floor":30,"key":"SkillPotion"}],"is_trial":false,"path_per_floor":["M","M","$","?","M","E","R","M","T","M","R","?","E","?","R","B",null,"M","$","?","M","?","R","E","$","T","R","M","R","M","E","R","B"],"character_chosen":"DEFECT","items_purchased":["Defragment","Runic Capacitor","BootSequence"],"campfire_rested":4,"item_purchase_floors":[19,19,19],"current_hp_per_floor":[68,68,68,68,68,33,33,21,21,4,26,51,24,24,48,38,70,54,54,80,69,69,69,62,62,62,62,26,50,50,11,35,0,0],"gold":119,"neow_bonus":"THREE_ENEMY_KILL","is_daily":false,"chose_seed":false,"campfire_upgraded":3,"win_rate":0.0,"timestamp":1614449863,"path_taken":["M","?","$","?","M","E","R","M","T","M","R","?","E","?","R","BOSS","M","?","?","?","?","R","E","?","T","R","M","R","M","E","R","BOSS"],"items_purchased_type":["Card","Relic","Card"],"build_version":"2020-12-22","purchased_purges":1,"victory":false,"max_hp_per_floor":[75,75,75,75,75,75,75,75,75,75,75,75,80,80,80,80,80,80,80,80,80,80,80,80,80,80,80,80,80,80,80,80,80,80],"card_choices":[{"not_picked":["Turbo","Cold Snap"],"picked":"FTL","floor":1},{"not_picked":["Steam Power","Sweeping Beam"],"picked":"Redo","floor":2},{"not_picked":["Reinforced Body","Loop"],"picked":"Ball Lightning","floor":5},{"not_picked":["Hologram","Coolheaded"],"picked":"Leap","floor":6},{"not_picked":["Blizzard","Sweeping Beam"],"picked":"Leap","floor":8},{"not_picked":["Compile Driver","Barrage"],"picked":"Creative AI","floor":10},{"not_picked":["Stack","Rip and Tear"],"picked":"Steam","floor":13},{"not_picked":["All For One","Rainbow"],"picked":"Thunder Strike","floor":16},{"not_picked":["Recycle","Streamline+1"],"picked":"RefreshScreen+1","floor":18},{"not_picked":["Ball Lightning","Barrage"],"picked":"Seek","floor":21},{"not_picked":["Tempest","Coolheaded+1"],"picked":"Buffer","floor":24},{"not_picked":["Steam","Doom and Gloom"],"picked":"Conserve Battery","floor":28},{"not_picked":["Beam Cell","Rip and Tear"],"picked":"Leap","floor":30},{"not_picked":["Leap","Ball Lightning"],"picked":"aspiration:Polymerization","floor":31}],"player_experience":801577,"relics_obtained":[{"floor":6,"key":"aspiration:ChemicalBlood"},{"floor":9,"key":"SpikesRelics:DaevaFist"},{"floor":13,"key":"Cables"},{"floor":24,"key":"Vajra"},{"floor":26,"key":"Girya"},{"floor":31,"key":"HornCleat"}],"event_choices":[{"damage_healed":0,"gold_gain":0,"player_choice":"Ignored","damage_taken":0,"max_hp_gain":0,"max_hp_loss":0,"event_name":"Golden Wing","floor":4,"gold_loss":0},{"damage_healed":25,"gold_gain":0,"player_choice":"Banana","damage_taken":0,"max_hp_gain":0,"max_hp_loss":0,"event_name":"Big Fish","floor":12,"gold_loss":0},{"damage_healed":0,"gold_gain":0,"player_choice":"Upgraded","damage_taken":0,"max_hp_gain":0,"max_hp_loss":0,"event_name":"Upgrade Shrine","floor":14,"gold_loss":0,"cards_upgraded":["Redo"]},{"cards_removed":["RefreshScreen"],"damage_healed":26,"gold_gain":0,"player_choice":"Offered Uncommon","damage_taken":0,"max_hp_gain":0,"max_hp_loss":0,"event_name":"Bonfire Elementals","floor":20,"gold_loss":0},{"cards_removed":["Strike_B"],"damage_healed":0,"gold_gain":0,"player_choice":"Card Removal","damage_taken":0,"max_hp_gain":0,"max_hp_loss":0,"event_name":"Wheel of Change","floor":22,"gold_loss":0}],"is_beta":false,"boss_relics":[{"not_picked":["energizedSpire:RedRose","SacredBark"],"picked":"Nuclear Battery"}],"items_purged_floors":[19],"is_endless":false,"potions_floor_spawned":[6,8,13,18,21,24,30],"killed_by":"Collector","ascension_level":9}}