{"host":"gk5m6v7zec9neb0j","time":1614389440,"event":{"mods":["AchievementEnabler","AlwaysNeverKeys","BaseMod","BetterRewards","Block Reminder","Minty Spire (QoL Compilation)","RNG Fix","Rare Cards Sparkle","Relic Stats","StSLib"],"gold_per_floor":[112,130,143,153,165,196,196,196,219,219,231,256,256,65,65,161,161,171,184,204,215,234,234,268,268,291,324,324,324,324,335,335,439,439,457,471,482,492,273,304,304,314,314,324,136,236,266,283,283,283,283,283,31,64,64],"floor_reached":56,"language":"ENG","playtime":1704,"items_purged":["Strike_G","Strike_G","Strike_G","Defend_G","Outmaneuver+1"],"score":1813,"play_id":"5ec4155b-9be9-4fd5-a544-cb8e79fe6601","local_time":"20210226203040","is_ascension_mode":false,"campfire_choices":[{"data":"Neutralize","floor":8,"key":"SMITH"},{"floor":15,"key":"REST"},{"data":"Burst","floor":23,"key":"SMITH"},{"data":"A Thousand Cuts","floor":25,"key":"SMITH"},{"data":"Accuracy","floor":28,"key":"SMITH"},{"data":"Infinite Blades","floor":32,"key":"SMITH"},{"data":"Accuracy","floor":41,"key":"SMITH"},{"data":"Noxious Fumes","floor":49,"key":"SMITH"},{"data":"Footwork","floor":52,"key":"SMITH"}],"circlet_count":0,"master_deck":["Defend_G+1","Defend_G","Defend_G","Defend_G","Survivor","Neutralize+1","Blade Dance+1","Footwork+1","Blade Dance","Blade Dance","Blade Dance","Escape Plan","Dodge and Roll","Die Die Die+1","Accuracy+1","Infinite Blades+1","Burst+1","Noxious Fumes+1","A Thousand Cuts+1","Accuracy+1","Noxious Fumes+1","Caltrops","Acrobatics","Footwork"],"relics":["Ring of the Snake","Membership Card","Vajra","DollysMirror","Omamori","Shuriken","White Beast Statue","Singing Bowl","Mummified Hand","Bag of Preparation","Unceasing Top","Pantograph","MealTicket","War Paint","Calling Bell","Anchor","Eternal Feather","Ice Cream","Ginger","Lantern","Whetstone","Happy Flower","Sozu","PreservedInsect","Lee\u0027s Waffle","Art of War","Orichalcum","Paper Crane","Toolbox","Bag of Marbles","Bottled Tornado","Ornamental Fan"],"acts_visited":["Exordium","TheCity","TheBeyond","TheEnding"],"potions_floor_usage":[6,24,50,55],"damage_taken":[{"damage":1,"enemies":"Jaw Worm","floor":1,"turns":2},{"damage":0,"enemies":"Cultist","floor":2,"turns":2},{"damage":0,"enemies":"2 Louse","floor":3,"turns":1},{"damage":0,"enemies":"Gremlin Gang","floor":4,"turns":3},{"damage":0,"enemies":"2 Fungi Beasts","floor":5,"turns":2},{"damage":0,"enemies":"3 Sentries","floor":6,"turns":4},{"damage":0,"enemies":"Red Slaver","floor":11,"turns":1},{"damage":1,"enemies":"Lagavulin","floor":12,"turns":4},{"damage":19,"enemies":"Hexaghost","floor":16,"turns":5},{"damage":0,"enemies":"Shell Parasite","floor":18,"turns":2},{"damage":0,"enemies":"Chosen","floor":19,"turns":2},{"damage":0,"enemies":"Sentry and Sphere","floor":20,"turns":1},{"damage":1,"enemies":"Snake Plant","floor":21,"turns":4},{"damage":0,"enemies":"3 Cultists","floor":22,"turns":4},{"damage":0,"enemies":"Slavers","floor":24,"turns":2},{"damage":4,"enemies":"Book of Stabbing","floor":27,"turns":3},{"damage":0,"enemies":"Centurion and Healer","floor":31,"turns":3},{"damage":0,"enemies":"Automaton","floor":33,"turns":5},{"damage":0,"enemies":"3 Darklings","floor":35,"turns":1},{"damage":0,"enemies":"3 Shapes","floor":36,"turns":2},{"damage":0,"enemies":"Spire Growth","floor":37,"turns":2},{"damage":7,"enemies":"Maw","floor":38,"turns":3},{"damage":0,"enemies":"Giant Head","floor":40,"turns":1},{"damage":0,"enemies":"3 Darklings","floor":42,"turns":3},{"damage":0,"enemies":"4 Shapes","floor":44,"turns":4},{"damage":0,"enemies":"Reptomancer","floor":47,"turns":2},{"damage":0,"enemies":"Jaw Worm Horde","floor":48,"turns":1},{"damage":75,"enemies":"Time Eater","floor":50,"turns":13},{"damage":0,"enemies":"Shield and Spear","floor":54,"turns":3},{"damage":29,"enemies":"The Heart","floor":55,"turns":5}],"seed_played":"5121517463502369182","potions_obtained":[{"floor":3,"key":"Energy Potion"},{"floor":4,"key":"Ancient Potion"},{"floor":6,"key":"PowerPotion"},{"floor":11,"key":"Dexterity Potion"},{"floor":18,"key":"DuplicationPotion"}],"is_trial":false,"path_per_floor":["M","M","M","M","M","E","?","R","T","?","M","E","?","$","R","B",null,"M","M","M","M","M","R","E","R","T","E","R","?","T","M","R","B",null,"M","M","M","M","$","E","R","M","T","M","$","?","E","M","R","B",null,"R","$","E","B",null],"character_chosen":"THE_SILENT","items_purchased":["Membership Card","Blade Dance","Vajra","Footwork","DollysMirror","Omamori","Shuriken","Blade Dance","White Beast Statue","Blade Dance","Singing Bowl","MealTicket","War Paint","Infinite Blades","PreservedInsect","Lee\u0027s Waffle","Art of War","Noxious Fumes","Toolbox","Caltrops","Bottled Tornado","Acrobatics"],"campfire_rested":1,"item_purchase_floors":[0,0,0,0,0,0,0,0,0,0,0,14,14,14,39,39,39,45,45,53,53,53],"current_hp_per_floor":[29,31,31,33,33,35,35,35,35,35,35,36,36,36,60,61,80,82,82,82,83,85,86,86,86,86,84,88,88,88,90,90,92,92,94,96,96,91,105,107,107,109,109,111,111,111,113,115,115,40,115,115,115,115,86],"gold":64,"neow_bonus":"","is_daily":false,"chose_seed":false,"campfire_upgraded":8,"win_rate":0.0,"timestamp":1614389440,"path_taken":["M","M","M","M","M","E","?","R","T","?","?","E","?","$","R","BOSS","M","M","M","M","M","R","E","R","T","E","R","?","?","M","R","BOSS","M","M","M","M","$","E","R","M","T","M","$","?","E","M","R","BOSS","R","$","E","BOSS"],"items_purchased_type":["Relic","Card","Relic","Card","Relic","Relic","Relic","Card","Relic","Card","Relic","Relic","Relic","Card","Relic","Relic","Relic","Card","Relic","Card","Relic","Card"],"build_version":"2020-12-22","purchased_purges":5,"victory":true,"max_hp_per_floor":[72,74,74,76,76,78,78,78,78,78,78,80,80,80,80,80,80,82,82,82,84,86,86,86,86,86,88,88,88,88,90,90,92,92,94,96,96,98,105,107,107,109,109,111,111,111,113,115,115,115,115,115,115,115,115],"relic_stats":{"Lee\u0027s Waffle":7,"Singing Bowl":62,"Happy Flower":[16],"counters":[1139,5908],"Eternal Feather":5,"PreservedInsect":251,"Bag of Preparation":[48],"Ginger":[5],"Whetstone":["Strike_G","Strike_G","Die Die Die"],"War Paint":["Defend_G","Blade Dance"],"Orichalcum":[18],"Sozu":8,"Shuriken":[108],"Mummified Hand":[101],"Ornamental Fan":[108],"Pantograph":20,"MealTicket":7,"Art of War":[4],"obtain_stats":[{"TwistedFunnel":0,"Spirit Poop":30,"Ginger":0,"Whetstone":11,"Bottled Tornado":43,"Boot":25,"Sling":0,"Old Coin":34,"Blood Vial":17,"Sundial":24,"MealTicket":31,"HandDrill":48,"Kunai":0,"Pear":28,"Blue Candle":54,"Velvet Choker":17,"Eternal Feather":54,"Tingsha":0,"Pen Nib":11,"Paper Crane":43,"Akabeko":3,"SlaversCollar":17,"MutagenicStrength":19,"Bird Faced Urn":38,"StrikeDummy":27,"Unceasing Top":46,"Ring of the Serpent":17,"Regal Pillow":9,"Lantern":45,"Torii":0,"Singing Bowl":43,"StoneCalendar":42,"Bag of Preparation":26,"Ancient Tea Set":4,"Cursed Key":17,"Smiling Mask":41,"Matryoshka":37,"Shovel":38,"WristBlade":34,"Ninja Scroll":0,"Toolbox":45,"WingedGreaves":17,"Chemical X":37,"InkBottle":54,"Ring of the Snake":0,"Potion Belt":9,"Lee\u0027s Waffle":48,"The Specimen":0,"Golden Idol":3,"Thread and Needle":45,"The Courier":26,"PreservedInsect":38,"Omamori":39,"Frozen Egg 2":43,"MawBank":45,"Ornamental Fan":0,"Bloody Idol":31,"Orrery":0,"Turnip":38,"Art of War":17,"Bottled Lightning":43,"Toy Ornithopter":27,"Ice Cream":7,"Calipers":13,"Tiny House":34,"Gremlin Horn":26,"Nilry\u0027s Codex":31,"CeramicFish":0,"HoveringKite":34,"Vajra":43,"Sozu":34,"Centennial Puzzle":6,"Lizard Tail":10,"HornCleat":43,"DollysMirror":4,"Strawberry":26,"Prayer Wheel":38,"Toxic Egg 2":28,"Girya":0,"Happy Flower":13,"Astrolabe":34,"Oddly Smooth Stone":0,"Letter Opener":53,"War Paint":43,"Question Card":48,"Du-Vu Doll":47,"OrangePellets":22,"Bottled Flame":25,"Shuriken":0,"Bronze Scales":10,"Molten Egg 2":9,"Black Star":17,"Meat on the Bone":17,"Pocketwatch":17,"Darkstone Periapt":23,"SacredBark":17,"Enchiridion":22,"Mango":43,"Snake Skull":54,"Juzu Bracelet":43,"Incense Burner":29,"Empty Cage":17,"PrismaticShard":53,"ClockworkSouvenir":20,"Frozen Eye":39,"Tough Bandages":25,"Nunchaku":31,"Dream Catcher":9,"Mummified Hand":30,"Pantograph":12,"Gambling Chip":0,"Tiny Chest":26,"Red Mask":47,"Orichalcum":26,"Odd Mushroom":12,"Medical Kit":37,"White Beast Statue":9,"Mercury Hourglass":54,"Peace Pipe":9,"Calling Bell":17,"Cauldron":53,"Strange Spoon":53,"Anchor":34,"CaptainsWheel":54,"Bag of Marbles":43,"Coffee Dripper":34,"Membership Card":36,"FossilizedHelix":0,"TungstenRod":26},{"TwistedFunnel":381,"Spirit Poop":819,"Ginger":97,"Whetstone":100,"Bottled Tornado":52,"Boot":640,"Sling":741,"Old Coin":338,"Blood Vial":129,"Sundial":44,"MealTicket":616,"HandDrill":491,"Kunai":31,"Pear":315,"Blue Candle":249,"Velvet Choker":784,"Eternal Feather":146,"Tingsha":274,"Pen Nib":356,"Paper Crane":322,"Akabeko":575,"SlaversCollar":231,"MutagenicStrength":156,"Bird Faced Urn":189,"StrikeDummy":17,"Unceasing Top":193,"Ring of the Serpent":388,"Regal Pillow":36,"Lantern":269,"Torii":31,"Singing Bowl":116,"StoneCalendar":217,"Bag of Preparation":366,"Ancient Tea Set":2,"Cursed Key":281,"Smiling Mask":452,"Matryoshka":137,"Shovel":594,"WristBlade":112,"Ninja Scroll":172,"Toolbox":675,"WingedGreaves":80,"Chemical X":22,"InkBottle":57,"Ring of the Snake":0,"Potion Belt":3,"Lee\u0027s Waffle":676,"The Specimen":274,"Golden Idol":2,"Thread and Needle":245,"The Courier":183,"PreservedInsect":240,"Omamori":189,"Frozen Egg 2":398,"MawBank":245,"Ornamental Fan":72,"Bloody Idol":161,"Orrery":58,"Turnip":116,"Art of War":80,"Bottled Lightning":24,"Toy Ornithopter":17,"Ice Cream":11,"Calipers":154,"Tiny House":984,"Gremlin Horn":480,"Nilry\u0027s Codex":925,"CeramicFish":172,"HoveringKite":21,"Vajra":91,"Sozu":136,"Centennial Puzzle":278,"Lizard Tail":329,"HornCleat":621,"DollysMirror":123,"Strawberry":107,"Prayer Wheel":138,"Toxic Egg 2":108,"Girya":250,"Happy Flower":12,"Astrolabe":86,"Oddly Smooth Stone":122,"Letter Opener":272,"War Paint":191,"Question Card":94,"Du-Vu Doll":540,"OrangePellets":754,"Bottled Flame":16,"Shuriken":97,"Bronze Scales":36,"Molten Egg 2":151,"Black Star":13,"Meat on the Bone":80,"Pocketwatch":129,"Darkstone Periapt":182,"SacredBark":360,"Enchiridion":68,"Mango":538,"Snake Skull":273,"Juzu Bracelet":141,"Incense Burner":560,"Empty Cage":103,"PrismaticShard":272,"ClockworkSouvenir":41,"Frozen Eye":877,"Tough Bandages":16,"Nunchaku":85,"Dream Catcher":355,"Mummified Hand":110,"Pantograph":11,"Gambling Chip":197,"Tiny Chest":16,"Red Mask":54,"Orichalcum":235,"Odd Mushroom":499,"Medical Kit":188,"White Beast Statue":11,"Mercury Hourglass":349,"Peace Pipe":62,"Calling Bell":80,"Cauldron":625,"Strange Spoon":739,"Anchor":338,"CaptainsWheel":349,"Bag of Marbles":267,"Coffee Dripper":848,"Membership Card":163,"FossilizedHelix":250,"TungstenRod":416},{"TwistedFunnel":2158,"Spirit Poop":4420,"Ginger":599,"Whetstone":611,"Bottled Tornado":309,"Boot":3447,"Sling":3991,"Old Coin":1918,"Blood Vial":722,"Sundial":249,"MealTicket":3304,"HandDrill":2775,"Kunai":183,"Pear":1796,"Blue Candle":1454,"Velvet Choker":4248,"Eternal Feather":781,"Tingsha":1567,"Pen Nib":2009,"Paper Crane":1834,"Akabeko":3135,"SlaversCollar":1359,"MutagenicStrength":843,"Bird Faced Urn":1121,"StrikeDummy":100,"Unceasing Top":1141,"Ring of the Serpent":2183,"Regal Pillow":206,"Lantern":1539,"Torii":183,"Singing Bowl":676,"StoneCalendar":1281,"Bag of Preparation":2061,"Ancient Tea Set":5,"Cursed Key":1617,"Smiling Mask":2575,"Matryoshka":750,"Shovel":3206,"WristBlade":661,"Ninja Scroll":996,"Toolbox":3633,"WingedGreaves":500,"Chemical X":129,"InkBottle":364,"Ring of the Snake":0,"Potion Belt":9,"Lee\u0027s Waffle":3638,"The Specimen":1567,"Golden Idol":5,"Thread and Needle":1436,"The Courier":1085,"PreservedInsect":1411,"Omamori":1121,"Frozen Egg 2":2226,"MawBank":1436,"Ornamental Fan":459,"Bloody Idol":873,"Orrery":367,"Turnip":676,"Art of War":500,"Bottled Lightning":139,"Toy Ornithopter":100,"Ice Cream":57,"Calipers":823,"Tiny House":5251,"Gremlin Horn":2719,"Nilry\u0027s Codex":4904,"CeramicFish":996,"HoveringKite":124,"Vajra":558,"Sozu":746,"Centennial Puzzle":1590,"Lizard Tail":1866,"HornCleat":3329,"DollysMirror":699,"Strawberry":637,"Prayer Wheel":755,"Toxic Egg 2":643,"Girya":1462,"Happy Flower":68,"Astrolabe":533,"Oddly Smooth Stone":696,"Letter Opener":1557,"War Paint":1131,"Question Card":574,"Du-Vu Doll":2986,"OrangePellets":4053,"Bottled Flame":94,"Shuriken":599,"Bronze Scales":206,"Molten Egg 2":801,"Black Star":79,"Meat on the Bone":500,"Pocketwatch":722,"Darkstone Periapt":1075,"SacredBark":2027,"Enchiridion":435,"Mango":2979,"Snake Skull":1562,"Juzu Bracelet":766,"Incense Burner":3065,"Empty Cage":621,"PrismaticShard":1557,"ClockworkSouvenir":234,"Frozen Eye":4692,"Tough Bandages":94,"Nunchaku":521,"Dream Catcher":2005,"Mummified Hand":652,"Pantograph":57,"Gambling Chip":1176,"Tiny Chest":94,"Red Mask":329,"Orichalcum":1384,"Odd Mushroom":2819,"Medical Kit":1117,"White Beast Statue":57,"Mercury Hourglass":1972,"Peace Pipe":387,"Calling Bell":500,"Cauldron":3355,"Strange Spoon":3981,"Anchor":1918,"CaptainsWheel":1972,"Bag of Marbles":1530,"Coffee Dripper":4530,"Membership Card":899,"FossilizedHelix":1462,"TungstenRod":2337}],"Unceasing Top":[8],"Ring of the Snake":[406]},"card_choices":[{"not_picked":["Dodge and Roll","Caltrops","Flying Knee"],"picked":"Singing Bowl","floor":1},{"not_picked":["Acrobatics","Distraction","Riddle With Holes"],"picked":"Singing Bowl","floor":2},{"not_picked":["Masterful Stab","Finisher"],"picked":"Escape Plan","floor":3},{"not_picked":["Sucker Punch","Well Laid Plans","Eviscerate"],"picked":"Singing Bowl","floor":4},{"not_picked":["Outmaneuver","Bane"],"picked":"Dodge and Roll","floor":5},{"not_picked":["Prepared","Flying Knee","Poisoned Stab"],"picked":"Singing Bowl","floor":6},{"not_picked":["Tactician","Flying Knee"],"picked":"Accuracy","floor":11},{"not_picked":["Flying Knee","Deadly Poison","Backflip"],"picked":"Singing Bowl","floor":12},{"not_picked":["Grand Finale","Venomology"],"picked":"Burst","floor":16},{"not_picked":["Dodge and Roll","Eviscerate+1","Concentrate"],"picked":"Singing Bowl","floor":18},{"not_picked":["Backflip","Bouncing Flask"],"picked":"Outmaneuver+1","floor":19},{"not_picked":["Endless Agony","Cloak And Dagger"],"picked":"Noxious Fumes+1","floor":20},{"not_picked":["Endless Agony","Finisher+1","Dash+1"],"picked":"Singing Bowl","floor":21},{"not_picked":["Riddle With Holes+1","Poisoned Stab","Acrobatics"],"picked":"Singing Bowl","floor":22},{"not_picked":["Heel Hook","Quick Slash"],"picked":"A Thousand Cuts","floor":24},{"not_picked":["Cloak And Dagger","Bane","Acrobatics"],"picked":"Singing Bowl","floor":27},{"not_picked":["Catalyst","Deflect","Choke"],"picked":"Singing Bowl","floor":31},{"not_picked":["Wraith Form v2","Corpse Explosion","Bullet Time"],"picked":"Singing Bowl","floor":33},{"not_picked":["Slice","Cloak And Dagger+1","Crippling Poison+1"],"picked":"Singing Bowl","floor":35},{"not_picked":["Distraction+1","Slice","Skewer"],"picked":"Singing Bowl","floor":36},{"not_picked":["Tactician+1","Crippling Poison+1"],"picked":"Accuracy","floor":37},{"not_picked":["Flying Knee+1","Backflip","Dagger Spray"],"picked":"Singing Bowl","floor":38},{"not_picked":["Blur+1","Setup+1","Underhanded Strike"],"picked":"Singing Bowl","floor":40},{"not_picked":["Doppelganger","Endless Agony+1","Acrobatics+1"],"picked":"Singing Bowl","floor":42},{"not_picked":["Poisoned Stab+1","Cloak And Dagger+1","Dash+1"],"picked":"Singing Bowl","floor":44},{"not_picked":["Dodge and Roll","Acrobatics+1","Leg Sweep+1"],"picked":"Singing Bowl","floor":47},{"not_picked":["Terror","Leg Sweep","Deadly Poison"],"picked":"Singing Bowl","floor":48},{"not_picked":["Skewer","Riddle With Holes"],"picked":"Footwork","floor":54}],"player_experience":873070,"relics_obtained":[{"floor":6,"key":"Mummified Hand"},{"floor":9,"key":"Bag of Preparation"},{"floor":12,"key":"Unceasing Top"},{"floor":17,"key":"Anchor"},{"floor":17,"key":"Eternal Feather"},{"floor":17,"key":"Ice Cream"},{"floor":24,"key":"Ginger"},{"floor":26,"key":"Lantern"},{"floor":27,"key":"Whetstone"},{"floor":30,"key":"Happy Flower"},{"floor":40,"key":"Orichalcum"},{"floor":43,"key":"Paper Crane"},{"floor":47,"key":"Bag of Marbles"},{"floor":54,"key":"Ornamental Fan"}],"event_choices":[{"cards_removed":["Strike_G"],"damage_healed":0,"gold_gain":0,"player_choice":"Offered Basic","damage_taken":0,"max_hp_gain":0,"max_hp_loss":0,"event_name":"Bonfire Elementals","floor":7,"gold_loss":0},{"damage_healed":0,"gold_gain":0,"cards_transformed":["Strike_G"],"player_choice":"Transformed","damage_taken":0,"max_hp_gain":0,"max_hp_loss":0,"event_name":"Transmorgrifier","floor":10,"gold_loss":0,"cards_obtained":["Die Die Die"]},{"damage_healed":0,"gold_gain":0,"player_choice":"Box","damage_taken":0,"relics_obtained":["Pantograph"],"max_hp_gain":0,"max_hp_loss":0,"event_name":"Big Fish","floor":13,"gold_loss":0,"cards_obtained":["Regret"]},{"damage_healed":0,"gold_gain":0,"player_choice":"Ignored","damage_taken":0,"max_hp_gain":0,"max_hp_loss":0,"event_name":"Ghosts","floor":29,"gold_loss":0},{"damage_healed":0,"gold_gain":100,"player_choice":"Pray","damage_taken":0,"max_hp_gain":0,"max_hp_loss":0,"event_name":"Golden Shrine","floor":46,"gold_loss":0}],"is_beta":false,"boss_relics":[{"not_picked":["Empty Cage","SlaversCollar"],"picked":"Calling Bell"},{"not_picked":["Fusion Hammer","Ring of the Serpent"],"picked":"Sozu"}],"items_purged_floors":[0,0,0,45,53],"is_endless":false,"potions_floor_spawned":[1,2,3,4,5,6,11,12,16,18,19,20,21,22,24,27,31,33,35,36,37,38,40,42,44,47,48,54],"ascension_level":0}}