{"host":"x4954lblgztusody","time":1614410849,"event":{"mods":["BaseMod","Colored Map","Curses Come First","Minty Spire (QoL Compilation)","Rare Cards Sparkle","StSLib"],"gold_per_floor":[210,233,233,7,18,18,45,63,63,83,101,131,231,249,249,346,346,356,356,356,5,5,39,39,65,90,90,110,127,146,159,159,257,257,267,124,142,142,161,195,195,209,209,224,224,146,178,178,178,178],"floor_reached":51,"language":"ENG","playtime":2585,"items_purged":["Regret"],"score":983,"play_id":"13c9408f-3821-4717-b33d-f5aebc72b13f","local_time":"20210226232729","is_ascension_mode":true,"campfire_choices":[{"data":"Blade Dance","floor":6.0,"key":"SMITH"},{"data":"Well Laid Plans","floor":15,"key":"SMITH"},{"floor":24,"key":"REST"},{"data":"Blade Dance","floor":27,"key":"SMITH"},{"floor":32,"key":"REST"},{"data":"After Image","floor":41,"key":"SMITH"},{"data":"Infinite Blades","floor":45,"key":"SMITH"},{"data":"Cloak And Dagger","floor":49,"key":"SMITH"}],"circlet_count":0,"master_deck":["Strike_G","Strike_G","Strike_G","Strike_G","Strike_G","Defend_G","Defend_G","Defend_G","Defend_G","Defend_G","Survivor","Neutralize","Blade Dance+1","Deflect","Quick Slash","Dagger Spray","Quick Slash","Riddle With Holes","Terror","Well Laid Plans+1","After Image+1","Cloak And Dagger+1","Blade Dance+1","Acrobatics","Blur+1","Blade Dance+1","Infinite Blades+1","Die Die Die","Backstab","Cloak And Dagger+1","Acrobatics+1","Leg Sweep+1","After Image","Predator+1"],"relics":["Ring of the Snake","Vajra","Toy Ornithopter","Frozen Eye","Art of War","Question Card","Pantograph","WristBlade","Enchiridion","Nunchaku","ClockworkSouvenir","InkBottle","Mango","Oddly Smooth Stone","HoveringKite","Anchor","Molten Egg 2","Incense Burner","Ancient Tea Set","Boot"],"acts_visited":["Exordium","TheCity","TheBeyond"],"potions_floor_usage":[12,23,25,29,33,39,50],"damage_taken":[{"damage":0.0,"enemies":"Cultist","floor":1.0,"turns":4.0},{"damage":0.0,"enemies":"2 Louse","floor":5.0,"turns":2.0},{"damage":48.0,"enemies":"Lagavulin","floor":7.0,"turns":9.0},{"damage":1.0,"enemies":"Small Slimes","floor":8.0,"turns":3.0},{"damage":0.0,"enemies":"Looter","floor":10.0,"turns":2.0},{"damage":7.0,"enemies":"Exordium Thugs","floor":11.0,"turns":4.0},{"damage":0,"enemies":"Gremlin Nob","floor":12,"turns":3},{"damage":0,"enemies":"Exordium Wildlife","floor":14,"turns":2},{"damage":14,"enemies":"Hexaghost","floor":16,"turns":9},{"damage":6,"enemies":"Spheric Guardian","floor":18,"turns":3},{"damage":20,"enemies":"Slavers","floor":23,"turns":4},{"damage":28,"enemies":"Gremlin Leader","floor":25,"turns":5},{"damage":23,"enemies":"2 Thieves","floor":28,"turns":4},{"damage":0,"enemies":"Centurion and Healer","floor":29,"turns":3},{"damage":0,"enemies":"Snake Plant","floor":30,"turns":6},{"damage":0,"enemies":"Chosen and Byrds","floor":31,"turns":4},{"damage":36,"enemies":"Automaton","floor":33,"turns":7},{"damage":1,"enemies":"3 Shapes","floor":35,"turns":3},{"damage":0,"enemies":"Orb Walker","floor":37,"turns":2},{"damage":33,"enemies":"Transient","floor":39,"turns":5},{"damage":2,"enemies":"Nemesis","floor":40,"turns":3},{"damage":0,"enemies":"Sphere and 2 Shapes","floor":42,"turns":3},{"damage":17,"enemies":"Maw","floor":44,"turns":5},{"damage":0,"enemies":"Reptomancer","floor":47,"turns":6},{"damage":40,"enemies":"Awakened One","floor":50,"turns":10}],"seed_played":"-8733171269107916961","potions_obtained":[{"floor":10.0,"key":"Strength Potion"},{"floor":11,"key":"Block Potion"},{"floor":12,"key":"Swift Potion"},{"floor":14,"key":"SkillPotion"},{"floor":25,"key":"CunningPotion"},{"floor":28,"key":"SkillPotion"},{"floor":30,"key":"Energy Potion"},{"floor":33,"key":"SteroidPotion"},{"floor":39,"key":"CultistPotion"},{"floor":44,"key":"SkillPotion"}],"is_trial":false,"path_per_floor":["M","T","?","$","M","R","E","M","T","M","M","E","?","M","R","B",null,"M","?","?","$","?","E","R","E","T","R","M","M","M","M","R","B",null,"M","$","M","?","M","E","R","M","T","M","R","$","E","T","R","B",null],"character_chosen":"THE_SILENT","items_purchased":["Frozen Eye","Nunchaku","Cloak And Dagger","ClockworkSouvenir","Anchor","Predator+1"],"campfire_rested":2,"item_purchase_floors":[4,21,21,21,36,46],"current_hp_per_floor":[70,70,70,70,70,70,22,21,21,21,14,19,19,19,19,30,70,64,64,48,48,35,20,42,33,33,33,10,15,15,15,41,35,89,88,88,88,88,56,54,54,54,54,37,37,37,37,37,37,27],"gold":178,"neow_bonus":"HUNDRED_GOLD","is_daily":false,"chose_seed":false,"campfire_upgraded":6,"win_rate":0.0,"timestamp":1614410849,"path_taken":["M","?","?","$","M","R","E","M","T","M","M","E","?","?","R","BOSS","M","?","?","$","?","E","R","E","T","R","M","?","M","M","R","BOSS","M","$","M","?","M","E","R","M","T","M","R","?","E","?","R","BOSS"],"items_purchased_type":["Relic","Relic","Card","Relic","Relic","Card"],"build_version":"2020-12-22","purchased_purges":1,"victory":true,"max_hp_per_floor":[70,70,70,70,70,70,70,70,70,70,70,70,70,70,70,70,70,70,70,70,70,75,75,75,89,89,89,89,89,89,89,89,89,89,89,89,89,89,89,89,89,89,89,89,89,89,89,89,89,89],"card_choices":[{"not_picked":["Quick Slash","Flying Knee"],"picked":"Blade Dance","floor":1.0},{"not_picked":["Prepared","PiercingWail"],"picked":"Deflect","floor":5.0},{"not_picked":["Leg Sweep","Dash"],"picked":"Quick Slash","floor":7.0},{"not_picked":["Cloak And Dagger","Night Terror"],"picked":"Dagger Spray","floor":8.0},{"not_picked":["Bane","Sucker Punch","All Out Attack"],"picked":"Quick Slash","floor":10.0},{"not_picked":["PiercingWail","Backflip","Dodge and Roll"],"picked":"Riddle With Holes","floor":11},{"not_picked":["Flying Knee","Flechettes","Poisoned Stab"],"picked":"Terror","floor":12},{"not_picked":["Endless Agony","Deadly Poison","Poisoned Stab"],"picked":"Well Laid Plans","floor":14},{"not_picked":["Corpse Explosion","A Thousand Cuts","Wraith Form v2"],"picked":"After Image","floor":16},{"not_picked":["Well Laid Plans","Distraction","Sucker Punch","Dodge and Roll"],"picked":"SKIP","floor":18},{"not_picked":["Deadly Poison","Poisoned Stab","Escape Plan"],"picked":"Blade Dance","floor":23},{"not_picked":["Deadly Poison","Dash+1","Reflex+1"],"picked":"Acrobatics","floor":25},{"not_picked":["Sucker Punch","Reflex","Dagger Spray"],"picked":"Blur+1","floor":28},{"not_picked":["Deadly Poison+1","Caltrops","Dagger Throw","Flying Knee"],"picked":"SKIP","floor":29},{"not_picked":["Quick Slash","Backflip","Dagger Throw"],"picked":"Blade Dance+1","floor":30},{"not_picked":["Bane","Dagger Spray","Envenom"],"picked":"Infinite Blades","floor":31},{"not_picked":["Doppelganger","A Thousand Cuts","Corpse Explosion"],"picked":"Die Die Die","floor":33},{"not_picked":["Backflip","Riddle With Holes+1","Reflex"],"picked":"Backstab","floor":35},{"not_picked":["Masterful Stab+1","Acrobatics","Dodge and Roll+1","Reflex+1"],"picked":"SKIP","floor":37},{"not_picked":["Dodge and Roll+1","Bouncing Flask","Distraction"],"picked":"Cloak And Dagger+1","floor":39},{"not_picked":["Underhanded Strike+1","Accuracy","Flying Knee+1"],"picked":"Acrobatics+1","floor":40},{"not_picked":["Escape Plan+1","Prepared","Deflect+1"],"picked":"Leg Sweep+1","floor":42},{"not_picked":["Slice+1","Prepared+1","Cloak And Dagger+1"],"picked":"After Image","floor":44},{"not_picked":["Deadly Poison+1","Skewer+1","Underhanded Strike+1","Quick Slash+1"],"picked":"SKIP","floor":47}],"player_experience":79939,"relics_obtained":[{"floor":2.0,"key":"Vajra"},{"floor":7.0,"key":"Art of War"},{"floor":9.0,"key":"Question Card"},{"floor":12,"key":"Pantograph"},{"floor":20,"key":"Enchiridion"},{"floor":23,"key":"InkBottle"},{"floor":25,"key":"Mango"},{"floor":26,"key":"Oddly Smooth Stone"},{"floor":40,"key":"Incense Burner"},{"floor":47,"key":"Ancient Tea Set"},{"floor":48,"key":"Boot"}],"event_choices":[{"damage_healed":0.0,"max_hp_gain":0.0,"max_hp_loss":0.0,"gold_gain":0.0,"event_name":"Big Fish","player_choice":"Box","floor":3.0,"gold_loss":0.0,"damage_taken":0.0,"relics_obtained":["Toy Ornithopter"],"cards_obtained":["Regret"]},{"damage_healed":0,"gold_gain":100,"player_choice":"Pray","damage_taken":0,"max_hp_gain":0,"max_hp_loss":0,"event_name":"Golden Shrine","floor":13,"gold_loss":0},{"damage_healed":0,"gold_gain":0,"player_choice":"Ignored","damage_taken":0,"max_hp_gain":0,"max_hp_loss":0,"event_name":"Ghosts","floor":19,"gold_loss":0},{"damage_healed":0,"gold_gain":0,"player_choice":"Obtained Book","damage_taken":16,"max_hp_gain":0,"max_hp_loss":0,"event_name":"Cursed Tome","floor":20,"gold_loss":0},{"damage_healed":0,"gold_gain":0,"player_choice":"Shed Blood","damage_taken":18,"max_hp_gain":5,"max_hp_loss":0,"event_name":"Forgotten Altar","floor":22,"gold_loss":0},{"damage_healed":0,"gold_gain":0,"player_choice":"Gave Potion","damage_taken":0,"relics_obtained":["Molten Egg 2"],"max_hp_gain":0,"max_hp_loss":0,"event_name":"WeMeetAgain","floor":38,"gold_loss":0}],"is_beta":false,"boss_relics":[{"not_picked":["Runic Pyramid","Busted Crown"],"picked":"WristBlade"},{"not_picked":["Snecko Eye","Empty Cage"],"picked":"HoveringKite"}],"items_purged_floors":[4],"is_endless":false,"potions_floor_spawned":[10,11,12,14,25,28,30,33,39,44,47],"ascension_level":4}}