{"host":"khwpnvgc3av0w6xd","time":1614430930,"event":{"mods":["BaseMod","Block Reminder","Colored Map","DeckTracker","Highlight Path","Minty Spire (QoL Compilation)","Quick Restart"],"gold_per_floor":[111,111,36,48,67,67,67,102,155,155,155,172,184,201,201,300,300,317,317,73,93,93,93],"floor_reached":22,"language":"DEU","playtime":1112,"items_purged":["Decay"],"score":205,"play_id":"40d5cdd2-fc9b-4397-84ba-95837792bdec","local_time":"20210227140210","is_ascension_mode":true,"campfire_choices":[{"data":"Eruption","floor":6,"key":"SMITH"},{"data":"ClearTheMind","floor":10,"key":"SMITH"},{"data":"Collect","floor":15,"key":"SMITH"}],"circlet_count":0,"master_deck":["Strike_P","Strike_P","Strike_P","Defend_P","Defend_P","Defend_P","Defend_P","Eruption+1","Vigilance","ForeignInfluence+1","EmptyFist","FlurryOfBlows","ClearTheMind+1","FlurryOfBlows","Collect+1","Establishment","LessonLearned+1","DeceiveReality+1","FlurryOfBlows+1"],"relics":["HolyWater","Pocketwatch","Dream Catcher","GremlinMask","Question Card"],"acts_visited":["Exordium","TheCity"],"potions_floor_usage":[8,13,21],"damage_taken":[{"damage":2,"enemies":"2 Louse","floor":1,"turns":2},{"damage":0,"enemies":"Cultist","floor":4,"turns":3},{"damage":4,"enemies":"Jaw Worm","floor":5,"turns":2},{"damage":1,"enemies":"3 Sentries","floor":8,"turns":4},{"damage":0,"enemies":"Looter","floor":12,"turns":2},{"damage":7,"enemies":"Gremlin Gang","floor":13,"turns":4},{"damage":0,"enemies":"3 Louse","floor":14,"turns":3},{"damage":18,"enemies":"Slime Boss","floor":16,"turns":8},{"damage":27,"enemies":"Chosen","floor":18,"turns":5},{"damage":8,"enemies":"3 Byrds","floor":21,"turns":6},{"damage":37,"enemies":"Snake Plant","floor":22,"turns":4}],"seed_played":"-8682170615911803689","potions_obtained":[{"floor":5,"key":"Fire Potion"},{"floor":12,"key":"ColorlessPotion"},{"floor":13,"key":"SteroidPotion"},{"floor":14,"key":"SkillPotion"},{"floor":18,"key":"BottledMiracle"}],"is_trial":false,"path_per_floor":["M","?","$","M","M","R","?","E","T","R","?","M","M","M","R","B",null,"M","?","$","M","M"],"character_chosen":"WATCHER","items_purchased":["Question Card"],"campfire_rested":0,"item_purchase_floors":[20],"current_hp_per_floor":[70,70,70,70,66,66,66,65,65,65,58,58,51,51,51,33,72,45,45,45,37,0,0],"gold":93,"neow_bonus":"ONE_RARE_RELIC","is_daily":false,"chose_seed":false,"campfire_upgraded":3,"win_rate":0.0,"timestamp":1614430930,"path_taken":["M","?","$","?","M","R","?","E","T","R","?","M","M","M","R","BOSS","M","?","$","M","M"],"items_purchased_type":["Relic"],"build_version":"2020-12-22","purchased_purges":1,"victory":false,"max_hp_per_floor":[72,72,72,72,72,72,72,72,72,72,72,72,72,72,72,72,72,72,72,72,72,72,72],"card_choices":[{"not_picked":["Crescendo","SandsOfTime"],"picked":"ForeignInfluence","floor":1},{"not_picked":["JustLucky","FollowUp"],"picked":"EmptyFist","floor":4},{"not_picked":["FlyingSleeves","Halt"],"picked":"FlurryOfBlows","floor":5},{"not_picked":["EmptyFist","Sanctity"],"picked":"ClearTheMind","floor":8},{"not_picked":["Nirvana","Wireheading"],"picked":"FlurryOfBlows","floor":12},{"not_picked":["FollowUp","SashWhip"],"picked":"Collect","floor":13},{"not_picked":["Halt","Prostrate"],"picked":"Establishment","floor":14},{"not_picked":["Judgement","Scrawl"],"picked":"LessonLearned","floor":16},{"not_picked":["Wireheading","EmptyFist"],"picked":"DeceiveReality+1","floor":18},{"not_picked":["ThirdEye","CutThroughFate","BowlingBash+1"],"picked":"FlurryOfBlows+1","floor":21}],"player_experience":132171,"relics_obtained":[{"floor":8,"key":"Dream Catcher"}],"event_choices":[{"damage_healed":0,"gold_gain":0,"player_choice":"Upgraded","damage_taken":0,"max_hp_gain":0,"max_hp_loss":0,"event_name":"Upgrade Shrine","floor":2,"gold_loss":0,"cards_upgraded":["ForeignInfluence"]},{"damage_healed":0,"gold_gain":0,"player_choice":"Ignored","damage_taken":0,"max_hp_gain":0,"max_hp_loss":0,"event_name":"Liars Game","floor":7,"gold_loss":0},{"cards_removed":["Strike_P"],"damage_healed":0,"gold_gain":0,"player_choice":"Card Removal","damage_taken":7,"max_hp_gain":0,"max_hp_loss":0,"event_name":"Golden Wing","floor":11,"gold_loss":0},{"damage_healed":0,"gold_gain":0,"player_choice":"Trade","damage_taken":0,"relics_obtained":["GremlinMask"],"max_hp_gain":0,"max_hp_loss":0,"event_name":"FaceTrader","floor":19,"gold_loss":0}],"is_beta":false,"boss_relics":[{"not_picked":["Busted Crown","Cursed Key"],"picked":"HolyWater"}],"items_purged_floors":[3],"is_endless":false,"potions_floor_spawned":[5,12,13,14,18],"killed_by":"Snake Plant","ascension_level":2}}