{"host":"2lpgcsidu5xufd3q","time":1614388564,"event":{"mods":["BaseMod","Colored Map","Hubris","Minty Spire (QoL Compilation)","Quick Restart","Replay The Spire","StSLib"],"gold_per_floor":[144,189,189,155,200,290,290,290,315,405,405,450,120,120,120,430,430,505,505,615,615,615,770,880,990,1015,1125,1235,1235,1235,1359,1359,1737,1737,1854,1985,1985,1739,799,799,74,74,149,274,397,573,573,573,573,611],"floor_reached":51,"language":"ENG","playtime":2151,"items_purged":[],"score":930,"play_id":"ea4260fd-2206-41dc-8ca5-d621204bd21e","local_time":"20210226201604","daily_mods":["Cursed Run","Diverse","Midas"],"is_ascension_mode":false,"campfire_choices":[{"floor":8,"key":"REST"},{"floor":15,"key":"REST"},{"floor":40,"key":"REST"},{"floor":49,"key":"REST"}],"circlet_count":0,"master_deck":["Strike_B","Strike_B+1","Strike_B","Strike_B+1","Defend_B","Defend_B","Defend_B","Defend_B","Zap","Dualcast","Rebound","Heatsinks","ReplayGash","Sunder","ReplayTheSpireMod:Doomed","Dagger Spray","ReplayTheSpireMod:Necrosis","Sickly","hubris:SlightOfHand","Secret Weapon","hubris:Greed","hubris:Greed","hubris:Greed","Barricade","hubris:Greed","hubris:Greed","hubris:Greed","Defragment","Decay","hubris:Greed","hubris:Greed","hubris:Greed","hubris:Greed","hubris:Greed","hubris:Greed","hubris:Greed","Sanctity","Hallucinations","Slice","Dagger Spray","hubris:Despair","Offering+1","Shame","Feed","ReplayTheSpireMod:Uncanny Aura","Zap","Finisher+1","hubris:Greed","Pain","hubris:SpecializedCircuitry","Sweeping Beam+1","Dagger Throw+1","hubris:Wrath","Dramatic Entrance","ReplayTheSpireMod:Brewmster","Specialist","Flex","Adrenaline","Well Laid Plans","Anger","Master of Strategy","Doubt","hubris:Despair","Offering","FlyingSleeves","Undo+1","Flash of Steel","hubris:Lust","hubris:Greed","hubris:Greed","hubris:Greed","Sickly"],"relics":["Cursed Key","Darkstone Periapt","Du-Vu Doll","HornCleat","hubris:Icosahedron","Ancient Tea Set","Simple Rune","Tiny Chest","ReplayTheSpireMod:Shallot","Replay:Bronze Core","hubris:Towel","ReplayTheSpireMod:Ninjato","Onion Ring","Pen Nib","Replay:Bandana","SacredBark","Mercury Hourglass","Medical Kit","hubris:Spice","Bird Faced Urn","Pet Ghost","hubris:EmptyBottle","Ring of Misfortune","ReplayTheSpireMod:Ring of Addiction","White Beast Statue","Toy Ornithopter","hubris:SphereOfDissonance"],"acts_visited":["Exordium","TheCity","TheBeyond"],"potions_floor_usage":[2,16,16,20,33,33,35,36,44,45,50,50],"damage_taken":[{"damage":0,"enemies":"Small Slimes","floor":1,"turns":4},{"damage":6,"enemies":"Cultist","floor":2,"turns":3},{"damage":0,"enemies":"2 Louse","floor":5,"turns":2},{"damage":16,"enemies":"3 Sentries","floor":6,"turns":8},{"damage":19,"enemies":"Replay:BlueRogue","floor":10,"turns":4},{"damage":0,"enemies":"Large Slime","floor":12,"turns":3},{"damage":30,"enemies":"Fading Forest","floor":16,"turns":11},{"damage":28,"enemies":"Shell Parasite","floor":18,"turns":6},{"damage":19,"enemies":"Chosen","floor":20,"turns":6},{"damage":33,"enemies":"Replay:Snechameleon","floor":23,"turns":5},{"damage":1,"enemies":"Centurion and Healer","floor":24,"turns":5},{"damage":1,"enemies":"Cultist and Chosen","floor":25,"turns":3},{"damage":0,"enemies":"Snake Plant","floor":27,"turns":1},{"damage":1,"enemies":"Chosen and Byrds","floor":28,"turns":3},{"damage":0,"enemies":"Snecko","floor":31,"turns":2},{"damage":46,"enemies":"Champ","floor":33,"turns":8},{"damage":0,"enemies":"3 Shapes","floor":35,"turns":1},{"damage":6,"enemies":"3 Darklings","floor":36,"turns":1},{"damage":1,"enemies":"Spire Growth","floor":44,"turns":2},{"damage":18,"enemies":"Sphere and 2 Shapes","floor":45,"turns":1},{"damage":3,"enemies":"Nemesis","floor":46,"turns":1},{"damage":0,"enemies":"Replay:Hell Engine","floor":50,"turns":3}],"seed_played":"-2463471341485849212","potions_obtained":[{"floor":1,"key":"ColorlessPotion"},{"floor":12,"key":"Fire Potion"},{"floor":18,"key":"Block Potion"},{"floor":23,"key":"PotionOfCapacity"},{"floor":27,"key":"SmokeBomb"},{"floor":31,"key":"LifebloodPotion"},{"floor":33,"key":"Explosive Potion"},{"floor":35,"key":"BlessingOfTheForge"},{"floor":36,"key":"Fire Potion"},{"floor":42,"key":"Elixir"},{"floor":42,"key":"Death Potion"},{"floor":42,"key":"BlessingOfTheForge"}],"is_trial":false,"path_per_floor":["M","M","?","$","M","E","?","R","T","E","?","M","$","T","R","B",null,"M","?","M","?","T","E","M","M","T","M","M","?","?","M","R_BF","B",null,"M","M","T","$","$","R","$","?","T","M","M","E","?","T","R","B",null],"character_chosen":"DEFECT","items_purchased":["Heatsinks","Secret Weapon","Tiny Chest","Dramatic Entrance","Medical Kit","hubris:Spice","ReplayTheSpireMod:Brewmster","Bird Faced Urn","Specialist","Flex","Adrenaline","Well Laid Plans","Anger","Master of Strategy","Pet Ghost","hubris:EmptyBottle"],"campfire_rested":4,"item_purchase_floors":[4,13,13,38,38,39,39,39,39,39,41,41,41,41,41,41],"current_hp_per_floor":[75,69,69,69,69,53,53,75,81,62,68,68,68,74,93,75,105,95,101,124,124,130,97,96,95,101,101,100,106,106,106,106,72,201,201,195,201,201,209,215,215,221,227,226,220,227,227,233,234,258],"gold":611,"neow_bonus":"","is_daily":true,"chose_seed":false,"campfire_upgraded":0,"win_rate":0.0,"timestamp":1614388564,"path_taken":["M","M","?","$","M","E","?","R","T","E","?","?","$","?","R","BOSS","M","?","M","?","?","E","M","M","T","M","?","?","?","M","R_BF","BOSS","M","M","?","?","$","R","$","?","T","M","M","E","?","?","R","BOSS"],"items_purchased_type":["Card","Card","Relic","Card","Relic","Relic","Card","Relic","Card","Card","Card","Card","Card","Card","Relic","Relic"],"build_version":"2020-12-22","purchased_purges":0,"victory":true,"max_hp_per_floor":[75,75,75,75,75,75,75,75,81,81,87,87,87,93,93,105,105,123,129,171,171,177,177,177,177,183,183,183,189,189,189,189,201,201,201,201,207,207,215,215,215,221,227,227,230,238,238,236,234,258],"card_choices":[{"not_picked":["Terror","Armaments","WindmillStrike"],"picked":"SKIP","floor":1},{"not_picked":["Run Through","Fusion"],"picked":"Rebound","floor":2},{"not_picked":["Catalyst","Outmaneuver"],"picked":"ReplayGash","floor":5},{"not_picked":["ThirdEye","Replay:ManipulateFuture"],"picked":"Sunder","floor":6},{"not_picked":["ReplayTheSpireMod:Strike From Hell","Dark Embrace"],"picked":"Dagger Spray","floor":10},{"not_picked":["Conclude","Evaluate"],"picked":"hubris:SlightOfHand","floor":12},{"not_picked":["Thunder Strike","Storm of Steel"],"picked":"Barricade","floor":16},{"not_picked":["ReplayTheSpireMod:Exploit Weakness","Flame Barrier"],"picked":"Defragment","floor":18},{"not_picked":["Inflame","Clash"],"picked":"Sanctity","floor":20},{"not_picked":["Feel No Pain","Recycle"],"picked":"Slice","floor":23},{"not_picked":["Panic Button","Ghostly Armor+1"],"picked":"Dagger Spray","floor":24},{"not_picked":["WindmillStrike","Redo","Barricade"],"picked":"SKIP","floor":25},{"not_picked":["Flechettes","Shrug It Off","FearNoEvil"],"picked":"SKIP","floor":27},{"not_picked":["Second Wind","Twin Strike+1"],"picked":"Offering","floor":28},{"not_picked":["Dagger Throw","Iron Wave+1"],"picked":"Finisher+1","floor":31},{"not_picked":["Reboot","Replay:Many Hands"],"picked":"hubris:SpecializedCircuitry","floor":33},{"not_picked":["Flying Knee","ReplayTheSpireMod:Corrosion Curse+1"],"picked":"Sweeping Beam+1","floor":35},{"not_picked":["Calculated Gamble","Protect+1"],"picked":"Dagger Throw+1","floor":36},{"not_picked":["Dodge and Roll","Panic Button"],"picked":"Offering","floor":44},{"not_picked":["Tactician","Hologram+1"],"picked":"FlyingSleeves","floor":45},{"not_picked":["Indignation","ReplayTheSpireMod:Reroute Power+1"],"picked":"Undo+1","floor":46},{"not_picked":["Forethought","hubris:Insight"],"picked":"Flash of Steel","floor":47}],"player_experience":933186,"relics_obtained":[{"floor":6,"key":"HornCleat"},{"floor":9,"key":"Ancient Tea Set"},{"floor":10,"key":"Simple Rune"},{"floor":14,"key":"ReplayTheSpireMod:Shallot"},{"floor":22,"key":"ReplayTheSpireMod:Ninjato"},{"floor":23,"key":"Onion Ring"},{"floor":26,"key":"Pen Nib"},{"floor":37,"key":"Mercury Hourglass"},{"floor":42,"key":"Ring of Misfortune"},{"floor":42,"key":"ReplayTheSpireMod:Ring of Addiction"},{"floor":42,"key":"White Beast Statue"},{"floor":42,"key":"Toy Ornithopter"},{"floor":43,"key":"hubris:SphereOfDissonance"},{"floor":46,"key":"hubris:Spice"},{"floor":48,"key":"hubris:Spice"}],"event_choices":[{"damage_healed":0,"gold_gain":0,"player_choice":"Leave","damage_taken":0,"max_hp_gain":0,"max_hp_loss":0,"event_name":"The Cleric","floor":3,"gold_loss":0},{"damage_healed":0,"gold_gain":0,"player_choice":"2 cards matched","damage_taken":0,"max_hp_gain":0,"max_hp_loss":0,"event_name":"Match and Keep!","floor":11,"gold_loss":0,"cards_obtained":["ReplayTheSpireMod:Necrosis","Sickly"]},{"damage_healed":0,"gold_gain":0,"player_choice":"Smashed Altar","damage_taken":0,"max_hp_gain":0,"max_hp_loss":0,"event_name":"Forgotten Altar","floor":19,"gold_loss":0,"cards_obtained":["Decay"]},{"damage_healed":0,"gold_gain":0,"player_choice":"Stole Relic","damage_taken":0,"relics_obtained":["Replay:Bandana"],"max_hp_gain":0,"max_hp_loss":0,"event_name":"Addict","floor":29,"gold_loss":0,"cards_obtained":["Shame"]},{"damage_healed":0,"gold_gain":0,"player_choice":"3 cards matched","damage_taken":0,"max_hp_gain":0,"max_hp_loss":0,"event_name":"Match and Keep!","floor":30,"gold_loss":0,"cards_obtained":["Feed","ReplayTheSpireMod:Uncanny Aura","Zap"]},{"damage_healed":0,"gold_gain":0,"player_choice":"Upgraded","damage_taken":0,"max_hp_gain":0,"max_hp_loss":0,"event_name":"Upgrade Shrine","floor":32,"gold_loss":0,"cards_upgraded":["Offering"]},{"damage_healed":0,"gold_gain":0,"player_choice":"Memory 1","damage_taken":0,"max_hp_gain":0,"max_hp_loss":0,"event_name":"SensoryStone","floor":47,"gold_loss":0}],"is_beta":false,"boss_relics":[{"not_picked":["ChewingGum","Abe\u0027s Treasure"],"picked":"Replay:Bronze Core"},{"not_picked":["hubris:VirtuousBlindfold","hubris:RunicObelisk"],"picked":"SacredBark"}],"items_purged_floors":[],"is_endless":false,"potions_floor_spawned":[1,12,18,23,27,31,33,35,36,44,45,46],"ascension_level":0}}