{"host":"yzsgc1rrwi6sdbq7","time":1614431931,"event":{"mods":["AchievementEnabler","BaseMod","Colored Map","DeckTracker","Keyboard Shortcuts","Minty Spire (QoL Compilation)","Permanent Neow","StSLib","SuperFastMode","everything is the same but u backflip on backflip"],"gold_per_floor":[116,130,145,220,239,8,8,25,25,25,44,44,44,76,76,172,172,182,182,201,101,116,116,142,142,142,160,85,98,98,45,45,146,146,164,39,51,71,71,101,118,118,165,165,185,185,203,223,223,223],"floor_reached":51,"language":"KOR","playtime":2084,"items_purged":["Strike_G","Strike_G","Defend_G"],"score":801,"play_id":"6b2ddd1f-2bf3-4bfe-acd8-d809d98e525d","local_time":"20210227221851","is_ascension_mode":false,"campfire_choices":[{"data":"Infinite Blades","floor":13,"key":"SMITH"},{"data":"Backflip","floor":15,"key":"SMITH"},{"data":"Neutralize","floor":23,"key":"SMITH"},{"floor":30,"key":"DIG"},{"floor":32,"key":"REST"},{"floor":42,"key":"DIG"},{"floor":44,"key":"DIG"},{"floor":46,"key":"DIG"},{"floor":49,"key":"DIG"}],"circlet_count":0,"master_deck":["Strike_G","Strike_G","Defend_G","Defend_G","Survivor","Neutralize+1","Backstab","Poisoned Stab","Dodge and Roll","Backflip+1","Infinite Blades+1","Backflip+1","Phantasmal Killer+1","Adrenaline+1","Escape Plan+1","Escape Plan+1","Blade Dance+1","Wraith Form v2+1","Blade Dance+1","Blade Dance+1","Tools of the Trade+1","Calculated Gamble+1"],"relics":["Ring of the Snake","Juzu Bracelet","Pen Nib","Toxic Egg 2","Kunai","Sozu","Gremlin Horn","Shovel","Frozen Egg 2","WristBlade","Bag of Preparation","Blood Vial","Potion Belt","Boot","Prayer Wheel","Anchor"],"acts_visited":["Exordium","TheCity","TheBeyond"],"potions_floor_usage":[14,14,16,16,16,22,50],"damage_taken":[{"damage":1,"enemies":"Small Slimes","floor":1,"turns":3},{"damage":0,"enemies":"Jaw Worm","floor":2,"turns":4},{"damage":0,"enemies":"2 Louse","floor":3,"turns":2},{"damage":6,"enemies":"Lots of Slimes","floor":5,"turns":6},{"damage":0,"enemies":"2 Fungi Beasts","floor":8,"turns":4},{"damage":0,"enemies":"Blue Slaver","floor":11,"turns":3},{"damage":3,"enemies":"Gremlin Nob","floor":14,"turns":3},{"damage":15,"enemies":"The Guardian","floor":16,"turns":11},{"damage":0,"enemies":"Chosen","floor":18,"turns":5},{"damage":0,"enemies":"Shell Parasite","floor":20,"turns":3},{"damage":3,"enemies":"Sentry and Sphere","floor":22,"turns":7},{"damage":14,"enemies":"Gremlin Leader","floor":24,"turns":9},{"damage":3,"enemies":"Snake Plant","floor":27,"turns":5},{"damage":6,"enemies":"Centurion and Healer","floor":29,"turns":5},{"damage":0,"enemies":"Champ","floor":33,"turns":10},{"damage":0,"enemies":"3 Darklings","floor":35,"turns":3},{"damage":1,"enemies":"Orb Walker","floor":37,"turns":3},{"damage":1,"enemies":"Writhing Mass","floor":38,"turns":4},{"damage":0,"enemies":"Reptomancer","floor":40,"turns":5},{"damage":0,"enemies":"Maw","floor":41,"turns":5},{"damage":0,"enemies":"Jaw Worm Horde","floor":45,"turns":3},{"damage":0,"enemies":"Transient","floor":47,"turns":5},{"damage":23,"enemies":"4 Shapes","floor":48,"turns":3},{"damage":20,"enemies":"Donu and Deca","floor":50,"turns":6}],"seed_played":"3937678140467576110","potions_obtained":[{"floor":3,"key":"BlessingOfTheForge"},{"floor":8,"key":"DuplicationPotion"},{"floor":11,"key":"EntropicBrew"},{"floor":16,"key":"Explosive Potion"}],"is_trial":false,"path_per_floor":["M","M","M","?","M","$","?","M","T","?","M","$","R","E","R","B",null,"M","?","M","$","M","R","E","?","T","M","?","M","R","$","R","B",null,"M","$","M","M","$","E","M","R","T","R","M","R","M","M","R","B",null],"character_chosen":"THE_SILENT","items_purchased":["Pen Nib","Blade Dance+1"],"campfire_rested":1,"item_purchase_floors":[6,31],"current_hp_per_floor":[69,69,69,58,52,52,52,52,52,45,45,45,45,42,42,27,70,70,70,70,70,67,67,53,53,53,50,50,44,44,44,65,65,70,70,70,69,68,68,68,68,68,68,68,70,70,70,47,47,29],"gold":223,"neow_bonus":"RANDOM_COMMON_RELIC","is_daily":false,"chose_seed":false,"campfire_upgraded":3,"win_rate":0.0,"timestamp":1614431931,"path_taken":["M","M","M","?","M","$","?","M","T","?","M","?","R","E","R","BOSS","M","?","M","$","M","R","E","?","T","M","?","M","R","$","R","BOSS","M","$","M","M","$","E","M","R","T","R","M","R","M","M","R","BOSS"],"items_purchased_type":["Relic","Card"],"build_version":"2020-12-22","purchased_purges":3,"victory":true,"max_hp_per_floor":[70,70,70,70,70,70,70,70,70,70,70,70,70,70,70,70,70,70,70,70,70,70,70,70,70,70,70,70,70,70,70,70,70,70,70,70,70,70,70,70,70,70,70,70,70,70,70,70,70,70],"card_choices":[{"not_picked":["Sucker Punch","Flechettes"],"picked":"Backstab","floor":1},{"not_picked":["Finisher","Flying Knee"],"picked":"Poisoned Stab","floor":2},{"not_picked":["Terror","Prepared"],"picked":"Dodge and Roll","floor":3},{"not_picked":["Catalyst","Distraction"],"picked":"Backflip","floor":5},{"not_picked":["PiercingWail","Flying Knee","Tactician"],"picked":"SKIP","floor":8},{"not_picked":["Dagger Throw","Acrobatics+1"],"picked":"Infinite Blades","floor":11},{"not_picked":["Poisoned Stab","Sucker Punch"],"picked":"Backflip+1","floor":14},{"not_picked":["Burst+1","Tools of the Trade"],"picked":"Phantasmal Killer+1","floor":16},{"not_picked":["Dagger Throw","Finisher","Expertise+1"],"picked":"SKIP","floor":18},{"not_picked":["Deadly Poison+1","Backflip+1","Acrobatics+1"],"picked":"SKIP","floor":20},{"not_picked":["PiercingWail+1","Poisoned Stab","Prepared+1"],"picked":"SKIP","floor":22},{"not_picked":["Endless Agony","Dodge and Roll+1"],"picked":"Escape Plan+1","floor":24},{"not_picked":["Eviscerate","Dodge and Roll+1"],"picked":"Escape Plan+1","floor":27},{"not_picked":["Die Die Die","Leg Sweep+1","Riddle With Holes"],"picked":"SKIP","floor":29},{"not_picked":["Corpse Explosion+1","Glass Knife"],"picked":"Wraith Form v2+1","floor":33},{"not_picked":["PiercingWail+1","Backflip+1"],"picked":"Blade Dance+1","floor":35},{"not_picked":["Eviscerate+1","Flying Knee+1","Heel Hook"],"picked":"SKIP","floor":37},{"not_picked":["Bane+1","Backstab","Blur+1"],"picked":"SKIP","floor":38},{"not_picked":["Dodge and Roll+1","Predator","Deflect+1"],"picked":"SKIP","floor":40},{"not_picked":["Flying Knee","Riddle With Holes","Crippling Poison+1"],"picked":"SKIP","floor":41},{"not_picked":["Well Laid Plans+1","Slice+1"],"picked":"Blade Dance+1","floor":45},{"not_picked":["Deadly Poison+1","Deflect+1"],"picked":"Tools of the Trade+1","floor":47},{"not_picked":["Blur+1","Tactician+1","Reflex+1"],"picked":"SKIP","floor":47},{"not_picked":["Backflip+1","Deadly Poison+1"],"picked":"Calculated Gamble+1","floor":48},{"not_picked":["Expertise+1","Dagger Throw+1","All Out Attack"],"picked":"SKIP","floor":48}],"player_experience":20283,"relics_obtained":[{"floor":9,"key":"Toxic Egg 2"},{"floor":14,"key":"Kunai"},{"floor":24,"key":"Gremlin Horn"},{"floor":26,"key":"Shovel"},{"floor":30,"key":"Frozen Egg 2"},{"floor":40,"key":"Bag of Preparation"},{"floor":42,"key":"Blood Vial"},{"floor":43,"key":"Potion Belt"},{"floor":44,"key":"Boot"},{"floor":46,"key":"Prayer Wheel"},{"floor":49,"key":"Anchor"}],"event_choices":[{"damage_healed":0,"gold_gain":75,"player_choice":"Gather Gold","damage_taken":11,"max_hp_gain":0,"max_hp_loss":0,"event_name":"World of Goop","floor":4,"gold_loss":0},{"damage_healed":0,"gold_gain":0,"player_choice":"Ignored","damage_taken":0,"max_hp_gain":0,"max_hp_loss":0,"event_name":"Liars Game","floor":7,"gold_loss":0},{"cards_removed":["Defend_G"],"damage_healed":0,"gold_gain":0,"player_choice":"Card Removal","damage_taken":7,"max_hp_gain":0,"max_hp_loss":0,"event_name":"Golden Wing","floor":10,"gold_loss":0},{"damage_healed":0,"gold_gain":0,"player_choice":"1 cards matched","damage_taken":0,"max_hp_gain":0,"max_hp_loss":0,"event_name":"Match and Keep!","floor":19,"gold_loss":0,"cards_obtained":["Adrenaline"]},{"cards_removed":["Defend_G"],"damage_healed":0,"gold_gain":0,"player_choice":"Elegance","damage_taken":0,"max_hp_gain":0,"max_hp_loss":0,"event_name":"Back to Basics","floor":25,"gold_loss":0},{"cards_removed":["Strike_G"],"damage_healed":0,"gold_gain":0,"player_choice":"Gave Gold","damage_taken":0,"max_hp_gain":0,"max_hp_loss":0,"event_name":"Beggar","floor":28,"gold_loss":75}],"is_beta":false,"boss_relics":[{"not_picked":["HoveringKite","Runic Pyramid"],"picked":"Sozu"},{"not_picked":["Runic Dome","Coffee Dripper"],"picked":"WristBlade"}],"items_purged_floors":[6,21,36],"is_endless":false,"potions_floor_spawned":[3,8,11,16,20,24,27,33,37,41,47,48],"ascension_level":0}}