{"host":"t5vp0whyqzs05fb6","time":1614408471,"event":{"mods":["AchievementEnabler","BaseMod","Colored Map","Minty Spire (QoL Compilation)","Rare Cards Sparkle","SuperFastMode","everything is the same but u backflip on backflip"],"gold_per_floor":[111,130,150,150,150,150,166,180,180,180,196,196,215,229,229,333,333,343,358,358,273,291,291,5,32,79,79,107,107,120,120,120,224,224,242,253,253,270,38,38,64,64,64,80,95,105,125,160,160,160,160],"floor_reached":50,"language":"KOR","playtime":1755,"items_purged":["Strike_R+1"],"score":565,"play_id":"a08a4164-3ef7-4cb6-8a84-be2d3e34aeec","local_time":"20210227154751","is_ascension_mode":true,"campfire_choices":[{"data":"Flame Barrier","floor":6.0,"key":"SMITH"},{"data":"Wild Strike","floor":10.0,"key":"SMITH"},{"data":"Barricade","floor":12.0,"key":"SMITH"},{"data":"Armaments","floor":15.0,"key":"SMITH"},{"data":"Juggernaut","floor":23.0,"key":"SMITH"},{"data":"Disarm","floor":27.0,"key":"SMITH"},{"data":"Offering","floor":32.0,"key":"SMITH"},{"data":"Disarm","floor":40,"key":"SMITH"},{"data":"True Grit","floor":42,"key":"SMITH"},{"floor":49,"key":"RECALL"}],"circlet_count":0,"master_deck":["Strike_R+1","Strike_R+1","Strike_R+1","Defend_R+1","Defend_R+1","Defend_R+1","Defend_R+1","Bash","Juggernaut+1","Spot Weakness","Flame Barrier+1","Wild Strike+1","Shrug It Off","Barricade+1","Armaments+1","Sword Boomerang+1","Immolate+1","Shrug It Off+1","Disarm+1","Offering+1","Havoc+1","True Grit+1","Disarm+1","Sentinel+1","Entrench+1"],"relics":["Burning Blood","Eternal Feather","Kunai","Mark of Pain","Orichalcum","Ice Cream","Meat on the Bone","Happy Flower","Whetstone","Runic Pyramid","Membership Card","Darkstone Periapt","Gambling Chip"],"acts_visited":["Exordium","TheCity","TheBeyond"],"potions_floor_usage":[46,50,50,50],"damage_taken":[{"damage":5.0,"enemies":"Cultist","floor":1.0,"turns":4.0},{"damage":10.0,"enemies":"Jaw Worm","floor":2.0,"turns":4.0},{"damage":13.0,"enemies":"2 Louse","floor":3.0,"turns":4.0},{"damage":14.0,"enemies":"2 Fungi Beasts","floor":7.0,"turns":4.0},{"damage":5.0,"enemies":"Large Slime","floor":8.0,"turns":6.0},{"damage":19.0,"enemies":"Gremlin Gang","floor":11.0,"turns":5.0},{"damage":7.0,"enemies":"Looter","floor":13.0,"turns":3.0},{"damage":9.0,"enemies":"Blue Slaver","floor":14.0,"turns":4.0},{"damage":9.0,"enemies":"Slime Boss","floor":16.0,"turns":11.0},{"damage":17.0,"enemies":"3 Byrds","floor":18.0,"turns":4.0},{"damage":34.0,"enemies":"Chosen","floor":19.0,"turns":7.0},{"damage":7.0,"enemies":"3 Cultists","floor":22.0,"turns":5.0},{"damage":26.0,"enemies":"Slavers","floor":25.0,"turns":6.0},{"damage":19.0,"enemies":"Gremlin Leader","floor":28.0,"turns":7.0},{"damage":6.0,"enemies":"Sentry and Sphere","floor":30.0,"turns":6.0},{"damage":18.0,"enemies":"Collector","floor":33.0,"turns":12.0},{"damage":2,"enemies":"Orb Walker","floor":35,"turns":4},{"damage":0,"enemies":"3 Shapes","floor":36,"turns":2},{"damage":25,"enemies":"Jaw Worm Horde","floor":38,"turns":3},{"damage":22,"enemies":"Giant Head","floor":41,"turns":10},{"damage":6,"enemies":"Transient","floor":44,"turns":5},{"damage":6,"enemies":"Maw","floor":45,"turns":6},{"damage":6,"enemies":"Sphere and 2 Shapes","floor":46,"turns":4},{"damage":4,"enemies":"Writhing Mass","floor":47,"turns":6},{"damage":25,"enemies":"Reptomancer","floor":48,"turns":9},{"damage":111,"enemies":"Donu and Deca","floor":50,"turns":10}],"seed_played":"3862406255200193276","potions_obtained":[{"floor":3.0,"key":"SpeedPotion"},{"floor":7.0,"key":"FearPotion"},{"floor":14.0,"key":"Energy Potion"},{"floor":18.0,"key":"Block Potion"},{"floor":19.0,"key":"ElixirPotion"},{"floor":30.0,"key":"Energy Potion"},{"floor":41,"key":"BloodPotion"},{"floor":45,"key":"Fruit Juice"},{"floor":48,"key":"ElixirPotion"}],"is_trial":false,"path_per_floor":["M","M","M","T","?","R","M","M","T","R","M","R","M","M","R","B",null,"M","M","?","?","M","R","$","E","T","R","E","?","M","?","R","B",null,"M","M","?","M","$","R","E","R","T","M","M","M","M","E","R","B"],"character_chosen":"IRONCLAD","items_purchased":["Ice Cream","Membership Card","True Grit","Disarm"],"campfire_rested":0,"item_purchase_floors":[24,39,39,39],"current_hp_per_floor":[80,76,69,69,69,75,67,68,68,77,64,73,72,69,78,75,80,69,41,41,41,40,52,52,32,32,44,43,43,55,55,67,55,80,80,80,80,61,61,73,57,69,69,69,69,69,71,52,67,0,0],"gold":160,"neow_bonus":"ONE_RANDOM_RARE_CARD","is_daily":false,"chose_seed":false,"campfire_upgraded":9,"win_rate":0.0,"timestamp":1614408471,"path_taken":["M","M","?","?","?","R","M","M","T","R","M","R","M","M","R","BOSS","M","?","?","?","M","R","$","E","T","R","E","?","M","?","R","BOSS","M","M","?","M","$","R","E","R","T","M","M","M","M","E","R","BOSS"],"items_purchased_type":["Relic","Relic","Card","Card"],"build_version":"2020-12-22","purchased_purges":1,"victory":false,"max_hp_per_floor":[80,80,80,80,80,80,80,80,80,80,80,80,80,80,80,80,80,80,80,80,80,80,80,80,80,80,80,80,80,80,80,80,80,80,80,80,80,80,80,80,80,80,80,80,80,80,80,80,80,85,85],"card_choices":[{"not_picked":["Pommel Strike","Sentinel","Cleave"],"picked":"SKIP","floor":1.0},{"not_picked":["Headbutt","Havoc"],"picked":"Spot Weakness","floor":2.0},{"not_picked":["Second Wind","Heavy Blade"],"picked":"Flame Barrier","floor":3.0},{"not_picked":["True Grit","Rupture"],"picked":"Wild Strike","floor":7.0},{"not_picked":["Anger","Warcry"],"picked":"Shrug It Off","floor":8.0},{"not_picked":["Headbutt","Pommel Strike"],"picked":"Barricade","floor":11.0},{"not_picked":["Twin Strike","Reckless Charge"],"picked":"Armaments","floor":13.0},{"not_picked":["Iron Wave","Thunderclap"],"picked":"Sword Boomerang","floor":14.0},{"not_picked":["Fiend Fire","Feed"],"picked":"Immolate","floor":16.0},{"not_picked":["Clothesline+1","Twin Strike"],"picked":"Shrug It Off+1","floor":18.0},{"not_picked":["Perfected Strike","Twin Strike+1","Rupture"],"picked":"SKIP","floor":19.0},{"not_picked":["Thunderclap","Cleave+1"],"picked":"Disarm","floor":22.0},{"not_picked":["Uppercut","Anger","Twin Strike+1"],"picked":"SKIP","floor":25.0},{"not_picked":["Bludgeon","Cleave"],"picked":"Offering","floor":28.0},{"not_picked":["True Grit","Heavy Blade","Cleave"],"picked":"SKIP","floor":30.0},{"not_picked":["Heavy Blade+1","Anger","True Grit"],"picked":"SKIP","floor":35},{"not_picked":["Heavy Blade+1","Armaments"],"picked":"Havoc+1","floor":36},{"not_picked":["Havoc+1","Warcry","Iron Wave"],"picked":"SKIP","floor":38},{"not_picked":["Searing Blow","Blood for Blood","Flex"],"picked":"SKIP","floor":41},{"not_picked":["Hemokinesis","Havoc+1"],"picked":"Sentinel+1","floor":44},{"not_picked":["Juggernaut","Warcry+1","Pommel Strike+1"],"picked":"SKIP","floor":45},{"not_picked":["Armaments","Power Through","Clothesline"],"picked":"SKIP","floor":46},{"not_picked":["Hemokinesis+1","Bloodletting"],"picked":"Entrench+1","floor":47},{"not_picked":["Reckless Charge","Searing Blow","Perfected Strike+1"],"picked":"SKIP","floor":48}],"player_experience":245907,"relics_obtained":[{"floor":4.0,"key":"Eternal Feather"},{"floor":9.0,"key":"Kunai"},{"floor":25.0,"key":"Meat on the Bone"},{"floor":26.0,"key":"Happy Flower"},{"floor":28.0,"key":"Whetstone"},{"floor":41,"key":"Darkstone Periapt"},{"floor":48,"key":"Gambling Chip"}],"event_choices":[{"damage_healed":0.0,"max_hp_gain":0.0,"max_hp_loss":0.0,"gold_gain":0.0,"event_name":"The Woman in Blue","player_choice":"Bought 0 Potions","floor":5.0,"gold_loss":0.0,"damage_taken":0.0},{"damage_healed":0.0,"max_hp_gain":0.0,"max_hp_loss":0.0,"gold_gain":0.0,"event_name":"Back to Basics","player_choice":"Simplicity","floor":20.0,"gold_loss":0.0,"damage_taken":0.0,"cards_upgraded":["Strike_R","Strike_R","Strike_R","Strike_R","Strike_R","Defend_R","Defend_R","Defend_R","Defend_R"]},{"damage_healed":0.0,"max_hp_gain":0.0,"max_hp_loss":0.0,"gold_gain":0.0,"event_name":"Addict","player_choice":"Obtained Relic","floor":21.0,"gold_loss":85.0,"damage_taken":0.0,"relics_obtained":["Orichalcum"]},{"damage_healed":0.0,"max_hp_gain":0.0,"max_hp_loss":0.0,"gold_gain":0.0,"event_name":"The Mausoleum","player_choice":"Ignored","floor":29.0,"gold_loss":0.0,"damage_taken":0.0},{"damage_healed":0.0,"max_hp_gain":0.0,"max_hp_loss":0.0,"gold_gain":0.0,"event_name":"Vampires","player_choice":"Ignored","floor":31.0,"gold_loss":0.0,"damage_taken":0.0},{"cards_removed":["Strike_R"],"damage_healed":0,"gold_gain":0,"player_choice":"Purged","damage_taken":0,"max_hp_gain":0,"max_hp_loss":0,"event_name":"Purifier","floor":37,"gold_loss":0}],"is_beta":false,"boss_relics":[{"not_picked":["Astrolabe","Runic Dome"],"picked":"Mark of Pain"},{"not_picked":["Snecko Eye","Cursed Key"],"picked":"Runic Pyramid"}],"items_purged_floors":[39],"is_endless":false,"potions_floor_spawned":[3,7,14,18,19,30,41,45,48],"killed_by":"Donu and Deca","ascension_level":1}}