{"host":"dn6kke80v5f7isus","time":1614454721,"event":{"mods":["AchievementEnabler","Act Like it!","Bard","BaseMod","Colored Powertips","Custom Start","Defuse TimeMaze Blight","Energized Spire","Gremlin Skip","Highlight Path","Hubris","Infinite Spire","Marisa????????","Marked Mod","Minty Spire (QoL Compilation)","Quick Restart","Rare Cards Sparkle","Reliquary","Replay The Spire","StSLib","The Administrix","The Servant 0.9.4","Uncapped","Unceasing Turn Reminder"],"gold_per_floor":[112,112,122,72,9136,9169,9169,9197,9197,9197,9211,9222,9278,9289,9289,9391,9391,9391,9391],"floor_reached":18,"language":"ENG","playtime":448,"items_purged":[],"score":255,"play_id":"bf5d37f9-4070-4210-8b99-3c5554e9a9a9","local_time":"20210227143841","is_ascension_mode":true,"campfire_choices":[{"data":"Double Tap","floor":7,"key":"SMITH"},{"floor":10,"key":"REST"},{"data":"Metallicize","floor":15,"key":"SMITH"}],"circlet_count":0,"master_deck":["Strike_R+1","Defend_R+1","Bash+1","Double Tap+1","Reaper","Metallicize+1","Demon Form"],"relics":["Burning Blood","NeowsBlessing","reliquary:CitrusReamer","infinitespire:CheckeredPen","Ornamental Fan","reliquary:RoseTintedGlasses","reliquary:OuijaBoard","infinitespire:Broken Mirror","reliquary:RosewoodLute","hubris:HollowSoul"],"acts_visited":["Exordium","TheCity"],"potions_floor_usage":[8,12,12,16,16],"damage_taken":[{"damage":0.0,"enemies":"Jaw Worm","floor":1.0,"turns":1.0},{"damage":0.0,"enemies":"Cultist","floor":3.0,"turns":1.0},{"damage":0,"enemies":"Gremlin Nob","floor":6,"turns":1},{"damage":27,"enemies":"3 Sentries","floor":8,"turns":4},{"damage":0,"enemies":"2 Louse","floor":11,"turns":2},{"damage":0,"enemies":"Looter","floor":12,"turns":1},{"damage":8,"enemies":"Gremlin Nob","floor":13,"turns":3},{"damage":15,"enemies":"Exordium Thugs","floor":14,"turns":4},{"damage":54,"enemies":"Fading Forest","floor":16,"turns":11},{"damage":30,"enemies":"Spheric Guardian","floor":18,"turns":4}],"seed_played":"-7126875122521339272","potions_obtained":[{"floor":8,"key":"Adrenaline Potion"},{"floor":11,"key":"Energy Potion"},{"floor":13,"key":"Milkshake"},{"floor":14,"key":"Reflective Coating"}],"is_trial":false,"path_per_floor":["M","?","M","?","$","E","R","E","T","R","M","M","?","M","R","B",null,"M"],"character_chosen":"IRONCLAD","items_purchased":["reliquary:CitrusReamer","infinitespire:CheckeredPen","Ornamental Fan","Double Tap","PowerPotion"],"campfire_rested":1,"item_purchase_floors":[5,5,5,5,5],"current_hp_per_floor":[80,80,80,80,180,180,180,159,159,180,180,180,178,171,171,135,180,150,150],"gold":9391,"neow_bonus":"THREE_ENEMY_KILL","is_daily":false,"chose_seed":false,"campfire_upgraded":2,"win_rate":0.0,"timestamp":1614454721,"path_taken":["M","?","?","?","?","E","R","E","T","R","M","M","?","M","R","BOSS","M"],"items_purchased_type":["Relic","Relic","Relic","Card","Potion"],"build_version":"2020-12-22","purchased_purges":0,"victory":false,"max_hp_per_floor":[80,80,80,80,180,180,180,180,180,180,180,180,180,180,180,180,180,180,180],"card_choices":[{"not_picked":["Clash","Thunderclap","Anger"],"picked":"SKIP","floor":1.0},{"not_picked":["Sentinel","True Grit","Iron Wave"],"picked":"SKIP","floor":3.0},{"not_picked":["Iron Wave","Massacre","Heavy Blade"],"picked":"SKIP","floor":6},{"not_picked":["Heavy Blade","Fire Breathing","ReplayTheSpireMod:Stacked"],"picked":"SKIP","floor":8},{"not_picked":["Spot Weakness","Twin Strike"],"picked":"Reaper","floor":11},{"not_picked":["Clash","Sword Boomerang","Anger"],"picked":"SKIP","floor":12},{"not_picked":["Armaments","Cleave"],"picked":"Metallicize","floor":14},{"not_picked":["Reaper","Fiend Fire"],"picked":"Demon Form","floor":16}],"player_experience":331548,"relics_obtained":[{"floor":6,"key":"reliquary:RoseTintedGlasses"},{"floor":8,"key":"reliquary:OuijaBoard"},{"floor":9,"key":"infinitespire:Broken Mirror"},{"floor":13,"key":"reliquary:RosewoodLute"}],"event_choices":[{"damage_healed":0.0,"max_hp_gain":0.0,"max_hp_loss":0.0,"gold_gain":0.0,"event_name":"Upgrade Shrine","player_choice":"Upgraded","floor":2.0,"gold_loss":0.0,"damage_taken":0.0,"cards_upgraded":["Bash"]},{"cards_removed":["Strike_R"],"damage_healed":0.0,"max_hp_gain":0.0,"max_hp_loss":0.0,"gold_gain":0.0,"event_name":"The Cleric","player_choice":"Card Removal","floor":4.0,"gold_loss":50.0,"damage_taken":0.0},{"damage_healed":0,"gold_gain":0,"player_choice":"Searched \u00271\u0027 times","damage_taken":0,"max_hp_gain":0,"max_hp_loss":0,"event_name":"Dead Adventurer","floor":13,"gold_loss":0}],"is_beta":false,"boss_relics":[{"not_picked":["energizedSpire:CursedPentagram","Ooze Armor"],"picked":"hubris:HollowSoul"}],"items_purged_floors":[],"is_endless":false,"potions_floor_spawned":[8,11,13,14],"killed_by":"Spheric Guardian","ascension_level":1}}