{"host":"2ty4h143nj8vwezc","time":1614441066,"event":{"mods":["BaseMod","Colored Map","Googly Eyes","Highlight Path","Minty Spire (QoL Compilation)","Quick Restart","StSLib"],"gold_per_floor":[119,133,133,283,121,152,152,181,481,481,481,506,506,521,521,600,600,619,366,386,404,105,105,105],"floor_reached":23,"language":"ENG","playtime":1054,"items_purged":["Doubt"],"score":429,"play_id":"313f3a8c-e639-4aa9-a7c0-7d71fee036e7","local_time":"20210227105106","is_ascension_mode":true,"campfire_choices":[{"floor":10,"key":"REST"},{"floor":13,"key":"REST"},{"data":"Rainbow","floor":15,"key":"SMITH"}],"circlet_count":0,"master_deck":["AscendersBane","Strike_B","Strike_B","Strike_B","Strike_B","Defend_B","Defend_B","Defend_B","Defend_B","Zap","Dualcast","Glacier","Self Repair","Genetic Algorithm","Rainbow+1","FTL","Ball Lightning+1","Ball Lightning+1","Fission","Beam Cell+1","Doom and Gloom+1","Conserve Battery","Fusion","Leap","Streamline+1"],"relics":["Cracked Core","NeowsBlessing","Calipers","Smiling Mask","Girya","Old Coin","Molten Egg 2","Emotion Chip","Runic Pyramid","Runic Capacitor","Membership Card","Tiny Chest"],"acts_visited":["Exordium","TheCity"],"potions_floor_usage":[12,16,23,23],"damage_taken":[{"damage":0,"enemies":"Jaw Worm","floor":1,"turns":1},{"damage":0,"enemies":"Small Slimes","floor":2,"turns":1},{"damage":0,"enemies":"Lagavulin","floor":6,"turns":1},{"damage":22,"enemies":"Gremlin Nob","floor":8,"turns":4},{"damage":37,"enemies":"3 Sentries","floor":12,"turns":9},{"damage":6,"enemies":"2 Louse","floor":14,"turns":2},{"damage":23,"enemies":"Slime Boss","floor":16,"turns":10},{"damage":13,"enemies":"Chosen","floor":18,"turns":5},{"damage":15,"enemies":"3 Byrds","floor":20,"turns":5},{"damage":29,"enemies":"3 Cultists","floor":21,"turns":5},{"damage":23,"enemies":"Slavers","floor":23,"turns":2}],"seed_played":"39807335352865621","potions_obtained":[{"floor":1,"key":"SpeedPotion"},{"floor":8,"key":"ColorlessPotion"},{"floor":14,"key":"Energy Potion"},{"floor":20,"key":"Fire Potion"}],"is_trial":false,"path_per_floor":["M","M","?","?","$","E","?","E","T","R","T","E","R","M","R","B",null,"M","$","M","M","$","E"],"character_chosen":"DEFECT","items_purchased":["Genetic Algorithm","Runic Capacitor","Doom and Gloom+1","Membership Card","Tiny Chest","Leap","Streamline+1"],"campfire_rested":2,"item_purchase_floors":[5,19,19,22,22,22,22],"current_hp_per_floor":[64,64,64,64,64,64,53,38,38,59,59,29,50,44,44,28,60,47,47,39,17,17,0,0],"gold":105,"neow_bonus":"THREE_ENEMY_KILL","is_daily":false,"chose_seed":false,"campfire_upgraded":1,"win_rate":0.0,"timestamp":1614441066,"path_taken":["M","M","?","?","$","E","?","E","T","R","?","E","R","M","R","BOSS","M","$","M","M","$","E"],"items_purchased_type":["Card","Relic","Card","Relic","Relic","Card","Card"],"build_version":"2020-12-22","purchased_purges":1,"victory":false,"max_hp_per_floor":[71,71,71,71,71,71,71,71,71,71,71,71,71,71,71,71,71,71,71,71,71,71,71,71],"card_choices":[{"not_picked":["Doom and Gloom","Beam Cell"],"picked":"Glacier","floor":1},{"not_picked":["Compile Driver","Conserve Battery"],"picked":"Self Repair","floor":2},{"not_picked":["Go for the Eyes","Compile Driver"],"picked":"Rainbow","floor":6},{"not_picked":["Streamline","Sweeping Beam"],"picked":"FTL","floor":8},{"not_picked":["Doom and Gloom+1","Coolheaded"],"picked":"Ball Lightning+1","floor":12},{"not_picked":["Darkness","Rebound+1"],"picked":"Ball Lightning+1","floor":14},{"not_picked":["Seek","Machine Learning"],"picked":"Fission","floor":16},{"not_picked":["Cold Snap+1","Compile Driver+1"],"picked":"Beam Cell+1","floor":18},{"not_picked":["Doom and Gloom+1","Sweeping Beam+1"],"picked":"Conserve Battery","floor":20},{"not_picked":["Beam Cell+1","Redo"],"picked":"Fusion","floor":21}],"player_experience":490707,"relics_obtained":[{"floor":6,"key":"Calipers"},{"floor":8,"key":"Girya"},{"floor":9,"key":"Old Coin"},{"floor":11,"key":"Molten Egg 2"},{"floor":12,"key":"Emotion Chip"}],"event_choices":[{"damage_healed":0,"gold_gain":0,"player_choice":"Ignored","damage_taken":0,"max_hp_gain":0,"max_hp_loss":0,"event_name":"Shining Light","floor":3,"gold_loss":0},{"damage_healed":0,"gold_gain":150,"player_choice":"AGREE","damage_taken":0,"max_hp_gain":0,"max_hp_loss":0,"event_name":"Liars Game","floor":4,"gold_loss":0,"cards_obtained":["Doubt"]},{"damage_healed":0,"gold_gain":0,"player_choice":"Success","damage_taken":11,"relics_obtained":["Smiling Mask"],"max_hp_gain":0,"max_hp_loss":0,"event_name":"Scrap Ooze","floor":7,"gold_loss":0}],"is_beta":false,"boss_relics":[{"not_picked":["Velvet Choker","Snecko Eye"],"picked":"Runic Pyramid"}],"items_purged_floors":[5],"is_endless":false,"potions_floor_spawned":[1,8,14,20],"killed_by":"Slavers","ascension_level":17}}