{"host":"pgavbdzzfv24grxe","time":1614384511,"event":{"mods":["Act Like it!","Aspiration","BaseMod","Better Note","Better Vampires","DeckTracker","Defuse TimeMaze Blight","Dio Mod","Dota2Spire","Gensokyo","GifTheSpireLib","Hallownest","Highlight Path","Kratos Character Expansion","Marisa（F雨　魔理沙）","Minty Spire (QoL Compilation)","SOS（斯巴达之子）","Shop Mod","StSLib","The Bug Knight","The Cursed","The Hierophant","Waifu the Spire","【功能Mod】聪明的最终Boss","篝火指南"],"gold_per_floor":[111,111,1,1,16,50,69,84,109,138,138,38,67,87,87,87,87],"floor_reached":16,"language":"ZHS","playtime":14664,"items_purged":["HollowMod:FocusHealStart"],"score":151,"play_id":"8cd31aaa-3a24-4f0b-ad94-c94e6f9a2a79","local_time":"20210226190831","is_ascension_mode":true,"campfire_choices":[{"floor":15,"key":"REST"}],"circlet_count":0,"master_deck":["HollowMod:NailStrikeStart","HollowMod:NailStrikeStart","HollowMod:NailStrikeStart","HollowMod:QuickDashStart","HollowMod:QuickDashStart","HollowMod:PogoStrike","HollowMod:SharpenedShadows","HollowMod:BlackTendrils","HollowMod:WraithStrike","HollowMod:MawleksShell","Sucker Punch","PiercingWail+1","HollowMod:LuriensSpire","HollowMod:SiblingsSouls","HollowMod:MawleksShell+1","HollowMod:Weaversong","HollowMod:BlackTendrils","HollowMod:VengefulVoid","HollowMod:SharpenedShadows"],"relics":["HollowMod:VesselMask","NeowsBlessing","Unceasing Top","War Paint","Kunai","aspiration:StickyExplosives_weak","Potion Belt"],"acts_visited":["Gensokyo:Gensokyo"],"potions_floor_usage":[8,16,16],"damage_taken":[{"damage":0,"enemies":"Gensokyo:Gryphon","floor":1,"turns":1},{"damage":0,"enemies":"Gensokyo:Python","floor":5,"turns":1},{"damage":0,"enemies":"Gensokyo:Aya","floor":6,"turns":1},{"damage":0,"enemies":"Gensokyo:3_Fairies","floor":7,"turns":4},{"damage":28,"enemies":"Gensokyo:2_Rabbits","floor":8,"turns":6},{"damage":21,"enemies":"Gensokyo:Mamizou","floor":10,"turns":9},{"damage":12,"enemies":"Gensokyo:Aya","floor":13,"turns":5},{"damage":22,"enemies":"Gensokyo:3_Kodama","floor":14,"turns":4},{"damage":41,"enemies":"Gensokyo:Reimu","floor":16,"turns":8}],"seed_played":"-6122930441132425251","potions_obtained":[{"floor":5,"key":"Dota2Spire:HealingSalve"},{"floor":7,"key":"Weak Potion"},{"floor":8,"key":"SpeedPotion"},{"floor":14,"key":"Strength Potion"}],"is_trial":false,"path_per_floor":["M","?","$","?","M","E","M","M","T","E","?","?","E","M","R","B"],"character_chosen":"THE_BUGKNIGHT","items_purchased":["HollowMod:MawleksShell"],"campfire_rested":1,"item_purchase_floors":[3],"current_hp_per_floor":[75,75,75,75,75,75,75,58,58,39,39,39,35,16,38,3,3],"gold":87,"neow_bonus":"THREE_ENEMY_KILL","is_daily":false,"chose_seed":false,"campfire_upgraded":0,"win_rate":0.0,"timestamp":1614384511,"path_taken":["M","?","$","?","M","E","M","?","T","E","?","?","E","M","R","BOSS"],"items_purchased_type":["Card"],"build_version":"2020-12-22","purchased_purges":1,"victory":false,"max_hp_per_floor":[75,75,75,75,75,75,75,75,75,75,75,75,75,75,75,75,75],"card_choices":[{"not_picked":["HollowMod:SoulStrike","HollowMod:WraithStrike"],"picked":"HollowMod:SharpenedShadows","floor":1},{"not_picked":["HollowMod:Grubsong","HollowMod:SoulSplash"],"picked":"HollowMod:BlackTendrils","floor":2},{"not_picked":["HollowMod:InfectedCysts","HollowMod:NewInfectedGuardian"],"picked":"HollowMod:WraithStrike","floor":2},{"not_picked":["HollowMod:InfectionAssault","HollowMod:AbyssShriek"],"picked":"HollowMod:LuriensSpire","floor":5},{"not_picked":["HollowMod:ChannelNail","HollowMod:MonarchWings"],"picked":"HollowMod:SiblingsSouls","floor":6},{"not_picked":["HollowMod:InfectedAttack","HollowMod:InfectionAssault"],"picked":"HollowMod:MawleksShell","floor":7},{"not_picked":["HollowMod:NewLittleFool","HollowMod:HeavyBlow"],"picked":"HollowMod:Weaversong","floor":8},{"not_picked":["HollowMod:CornifersMapStart","HollowMod:CrystalDash"],"picked":"HollowMod:BlackTendrils","floor":10},{"not_picked":["HollowMod:SoulShaman","HollowMod:ElderbugsWisdom"],"picked":"HollowMod:VengefulVoid","floor":13},{"not_picked":["HollowMod:DescendingDark","HollowMod:InfectedAttack"],"picked":"HollowMod:SharpenedShadows","floor":14}],"player_experience":303856,"relics_obtained":[{"floor":6,"key":"Unceasing Top"},{"floor":9,"key":"War Paint"},{"floor":10,"key":"Kunai"},{"floor":13,"key":"Potion Belt"}],"event_choices":[],"is_beta":false,"boss_relics":[],"items_purged_floors":[3],"is_endless":false,"potions_floor_spawned":[5,7,8,14],"killed_by":"Gensokyo:Reimu","ascension_level":1}}