{"host":"ur0n4z0x1lffzzdd","time":1614399121,"event":{"mods":["AchievementEnabler","BaseMod","Bestiary","Better Third Choice","BetterRewards","Colored Powertips","Downfall","Hermit","Infinite Spire","Minty Spire (QoL Compilation)","StSLib","The Cursed","The Jungle","The Runesmith"],"gold_per_floor":[112,130,142,142,152,152,184,184,233,233,252,280,293,305,305,429,429,446,169,187,269,269,294,294,306,358,358,358],"floor_reached":27,"language":"ENG","playtime":2520,"items_purged":[],"score":270,"play_id":"4698be7b-9be7-4bef-8bba-c28af29d6a53","local_time":"20210226221201","is_ascension_mode":false,"campfire_choices":[{"data":"hermit:Determination","floor":6,"key":"SMITH"},{"floor":8,"key":"REST"},{"data":"hermit:Vantage","floor":10,"key":"SMITH"},{"floor":15,"key":"REST"},{"data":"hermit:Adapt","floor":24,"key":"SMITH"}],"circlet_count":0,"master_deck":["hermit:Strike_Hermit","hermit:Strike_Hermit","hermit:Strike_Hermit","hermit:Strike_Hermit","hermit:Defend_Hermit","hermit:Defend_Hermit","hermit:Defend_Hermit","hermit:Defend_Hermit","hermit:Snapshot","hermit:Covet","hermit:Determination+1","Parasite","hermit:Ricochet","hermit:Snipe","hermit:Vantage+1","hermit:Misfire","hermit:ShadowCloak","hermit:Quickdraw","hermit:Shortfuse","hermit:FromBeyond","Mind Blast","Shame","hermit:Adapt+1","Clumsy"],"relics":["hermit:Momento","Mummified Hand","FaceOfCleric","Bottled Tornado","Nunchaku","Cursed Key","Membership Card","Strawberry","Ornamental Fan","Ginger","Tiny Chest","infinitespire:Beetle Shell"],"acts_visited":["Exordium","TheCity"],"potions_floor_usage":[3,11,14,16,25],"damage_taken":[{"damage":0,"enemies":"infinitespire:Voidling","floor":1,"turns":3},{"damage":0,"enemies":"Small Slimes","floor":2,"turns":2},{"damage":0,"enemies":"Cultist","floor":3,"turns":2},{"damage":5,"enemies":"3 Louse","floor":5,"turns":3},{"damage":22,"enemies":"Lagavulin","floor":7,"turns":6},{"damage":7,"enemies":"2 Fungi Beasts","floor":11,"turns":3},{"damage":20,"enemies":"3 Sentries","floor":12,"turns":7},{"damage":5,"enemies":"Large Slime","floor":13,"turns":3},{"damage":10,"enemies":"Exordium Thugs","floor":14,"turns":5},{"damage":26,"enemies":"The Guardian","floor":16,"turns":12},{"damage":13,"enemies":"Chosen","floor":18,"turns":5},{"damage":0,"enemies":"Spheric Guardian","floor":20,"turns":3},{"damage":39,"enemies":"Slavers","floor":23,"turns":6},{"damage":28,"enemies":"Shelled Parasite and Fungi","floor":25,"turns":6},{"damage":13,"enemies":"Centurion and Healer","floor":27,"turns":1}],"seed_played":"810377328594228608","potions_obtained":[{"floor":1,"key":"DistilledChaos"},{"floor":2,"key":"SmokeBomb"},{"floor":7,"key":"hermit:Tonic"},{"floor":13,"key":"Block Potion"},{"floor":14,"key":"ColorlessPotion"},{"floor":23,"key":"Explosive Potion"}],"is_trial":false,"path_per_floor":["M","M","M","?","M","R","E","R","T","R","M","E","M","M","R","B",null,"M","$","M","T","AVR","E","R","M","T","M"],"character_chosen":"HERMIT","items_purchased":["hermit:Determination","Mummified Hand","hermit:Scavenge","hermit:Dive","Membership Card","Strawberry","Mind Blast"],"campfire_rested":2,"item_purchase_floors":[0,0,0,0,19,19,19],"current_hp_per_floor":[59,59,59,59,55,55,34,57,57,57,51,32,28,19,43,18,82,70,77,78,78,78,40,40,13,13,0,0],"gold":358,"neow_bonus":"","is_daily":false,"chose_seed":false,"campfire_upgraded":3,"win_rate":0.0,"timestamp":1614399121,"path_taken":["M","?","M","?","M","R","E","R","T","R","M","E","M","M","R","BOSS","M","$","M","?","AVR","E","R","M","T","M"],"items_purchased_type":["Card","Relic","Card","Card","Relic","Relic","Card"],"build_version":"2020-12-22","purchased_purges":0,"victory":false,"max_hp_per_floor":[75,75,75,75,76,76,77,77,77,77,78,79,80,81,81,82,82,83,90,91,91,91,92,92,93,93,93,93],"card_choices":[{"not_picked":["hermit:Roulette","hermit:LowProfile"],"picked":"hermit:Ricochet","floor":1},{"not_picked":["hermit:Headshot","hermit:CalledShot","hermit:Roulette"],"picked":"SKIP","floor":2},{"not_picked":["hermit:Misfire","hermit:WideOpen"],"picked":"hermit:Snipe","floor":3},{"not_picked":["hermit:HighCaliber","hermit:Grudge"],"picked":"hermit:Vantage","floor":5},{"not_picked":["hermit:Cheat","hermit:BodyArmor"],"picked":"hermit:Misfire","floor":7},{"not_picked":["hermit:LowProfile","hermit:LuckOfTheDraw"],"picked":"hermit:ShadowCloak","floor":11},{"not_picked":["hermit:Spite","hermit:Virtue"],"picked":"hermit:Quickdraw","floor":12},{"not_picked":["hermit:LoneWolf","hermit:DeadMansHand"],"picked":"hermit:Shortfuse","floor":13},{"not_picked":["hermit:FullyLoaded","hermit:Gambit","hermit:Roulette"],"picked":"SKIP","floor":14},{"not_picked":["hermit:Magnum","hermit:OverwhelmingPower"],"picked":"hermit:FromBeyond","floor":16},{"not_picked":["hermit:PistolWhip","hermit:Headshot","hermit:Glare"],"picked":"SKIP","floor":18},{"not_picked":["hermit:Roulette","hermit:Quickdraw","hermit:BodyArmor"],"picked":"SKIP","floor":20},{"not_picked":["hermit:Feint","hermit:Brawl"],"picked":"hermit:Adapt","floor":23},{"not_picked":["hermit:Roulette+1","hermit:TakeCover","hermit:Desperado"],"picked":"SKIP","floor":25}],"player_experience":396208,"relics_obtained":[{"floor":7,"key":"Bottled Tornado"},{"floor":12,"key":"Nunchaku"},{"floor":21,"key":"Ornamental Fan"},{"floor":23,"key":"Tiny Chest"},{"floor":26,"key":"infinitespire:Beetle Shell"}],"event_choices":[{"damage_healed":0,"gold_gain":0,"player_choice":"Trade","damage_taken":0,"relics_obtained":["FaceOfCleric"],"max_hp_gain":0,"max_hp_loss":0,"event_name":"FaceTrader","floor":4,"gold_loss":0}],"is_beta":false,"boss_relics":[{"not_picked":["SlaversCollar","Philosopher\u0027s Stone"],"picked":"Cursed Key"}],"items_purged_floors":[],"is_endless":false,"potions_floor_spawned":[1,2,7,13,14,23],"killed_by":"Centurion and Healer","ascension_level":0}}