{"host":"ywif2ugnepgiw45s","time":1614385048,"event":{"mods":["Act Like it!","BaseMod","Better Skull","Bossed Relics","Downfall","GifTheSpireLib","Gremlin Mod","Hermit","Lobotomy","Mimic Mod","Minty Spire (QoL Compilation)","Quick Restart","READ ME - Guardian Mod","Replay The Spire","Shade Mod","Shapeshifter Mod","Shop Mod","StSLib","The Cursed","The Exalted","The Hierophant","The Jungle","The Necromancer","The Servant 0.9.4"],"gold_per_floor":[111,111,111,124,9,9,44,44,68,68,68,106,129,167,167,295,295,316,330,355,108,108,108,142,142,186,42,56,71,71,96,96,195,195,207,217,326,376,390,390,423,423,450,476,476,503,121,134,134,134,134,134,100,130,130],"floor_reached":56,"language":"ENG","playtime":2995,"items_purged":["Injury","Strike_W","Strike_W"],"score":1680,"play_id":"436d30f8-5d26-40db-a1f3-cf209852b03d","local_time":"20210226191728","is_ascension_mode":true,"campfire_choices":[{"data":"Bones_to_Steel","floor":6,"key":"SMITH"},{"data":"Siphon_Strength","floor":8,"key":"SMITH"},{"data":"ReplayTheSpireMod:Trickstab","floor":15,"key":"SMITH"},{"data":"Bone_Armory","floor":23,"key":"SMITH"},{"data":"Bone_Prison","floor":25,"key":"SMITH"},{"data":"Summon_Vampire_Lady","floor":32,"key":"SMITH"},{"floor":40,"key":"RECALL"},{"data":"Bone_Wall","floor":42,"key":"SMITH"},{"floor":49,"key":"REST"},{"data":"Skeleton_Dragon","floor":52,"key":"SMITH"}],"circlet_count":0,"master_deck":["Defend_W","Defend_W","Defend_W","Defend_W","Negative_Energy_Arrows","Bone_Wall+1","Bone_Prison+1","Bones_to_Steel+1","Siphon_Strength+1","Negative_Energy_Burst","Pot Of Greed","ReplayTheSpireMod:Trickstab+1","Grasp_Heart","Bone_Prison","Siphon_Strength","Grasp_Heart","Toxic_Smoke_Screen+1","Bone_Armory+1","Summon_Undead_Army+1","Skeleton_Dragon+1","Bone_Prison+1","Summon_Vampire_Lady+1","Bone_Prison+1","Pot Of Greed+1","Uncharnel+1","Bone_Prison+1","Uncharnel+1","Summon_Death_Knight","Bone_Armory","Summon_Undead_Army","Bone_Prison"],"relics":["Vampire_Amulet","Bloody Idol","Dream Catcher","Grinning Jar","Replay:Wax Seal","StrikeDummy","Runic Pyramid","Medical Kit","Happy Flower","Eternal Feather","Akabeko","Pandora\u0027s Box","Bromod:ArcaneTempo","Mango","Strawberry","Simple Rune","Gremlin Food","Replay:Bottled Snecko","Blue Candle"],"acts_visited":["Exordium","TheCity","TheBeyond","TheEnding"],"potions_floor_usage":[7,18,55,55,55],"damage_taken":[{"damage":0,"enemies":"Small Slimes","floor":1,"turns":4},{"damage":6,"enemies":"Jaw Worm","floor":4,"turns":7},{"damage":24,"enemies":"3 Sentries","floor":7,"turns":9},{"damage":5,"enemies":"Replay:BlueRogue","floor":12,"turns":9},{"damage":0,"enemies":"Cultist","floor":13,"turns":3},{"damage":25,"enemies":"3 Sentries","floor":14,"turns":9},{"damage":0,"enemies":"Hexaghost","floor":16,"turns":8},{"damage":8,"enemies":"2 Thieves","floor":18,"turns":3},{"damage":0,"enemies":"Chosen","floor":19,"turns":4},{"damage":4,"enemies":"Centurion and Healer","floor":20,"turns":7},{"damage":10,"enemies":"Gremlin Leader","floor":24,"turns":10},{"damage":0,"enemies":"3 Cultists","floor":26,"turns":6},{"damage":35,"enemies":"3 Cultists","floor":28,"turns":6},{"damage":13,"enemies":"Cultist and Chosen","floor":29,"turns":6},{"damage":0,"enemies":"Replay:Snechameleon","floor":31,"turns":7},{"damage":60,"enemies":"Champ","floor":33,"turns":9},{"damage":7,"enemies":"3 Shapes","floor":35,"turns":3},{"damage":19,"enemies":"3 Darklings","floor":36,"turns":8},{"damage":3,"enemies":"Mind Bloom Boss Battle","floor":38,"turns":7},{"damage":0,"enemies":"Writhing Mass","floor":39,"turns":4},{"damage":59,"enemies":"Reptomancer","floor":41,"turns":6},{"damage":0,"enemies":"R_Hoarder","floor":44,"turns":5},{"damage":0,"enemies":"4 Shapes","floor":48,"turns":3},{"damage":0,"enemies":"Time Eater","floor":50,"turns":10},{"damage":9,"enemies":"Shield and Spear","floor":54,"turns":5},{"damage":6,"enemies":"The Heart","floor":55,"turns":8}],"seed_played":"5016559778110962377","potions_obtained":[{"floor":4,"key":"AttackPotion"},{"floor":14,"key":"Elixir"},{"floor":16,"key":"BlessingOfTheForge"},{"floor":19,"key":"LiquidBronze"},{"floor":20,"key":"Strength Potion"}],"is_trial":false,"path_per_floor":["M","?","?","M","$","R","E","R","T","?","$","E","M","E","R","B",null,"M","M","M","$","?","R","E","R","MIM","$","M","M","?","E","R","B",null,"M","M","?","?","M","R","E","R","T","E","?","T","$","M","R","B",null,"R","$","E","B",null],"character_chosen":"NECROMANCER","items_purchased":["Negative_Energy_Burst","Medical Kit","Skeleton_Dragon","Replay:Bottled Snecko","Summon_Undead_Army"],"campfire_rested":1,"item_purchase_floors":[5,21,27,47,53],"current_hp_per_floor":[75,68,68,64,64,64,46,46,46,46,46,43,45,26,26,28,63,59,61,61,61,61,61,65,65,67,67,38,29,29,36,48,13,60,67,73,60,87,89,89,59,74,79,96,96,96,96,96,96,96,96,96,96,96,96],"gold":130,"neow_bonus":"TRANSFORM_CARD","is_daily":false,"chose_seed":false,"campfire_upgraded":8,"win_rate":0.0,"timestamp":1614385048,"path_taken":["M","?","?","?","?","R","E","R","T","?","$","E","M","E","R","BOSS","M","M","M","$","?","R","E","R","MIM","$","M","M","?","E","R","BOSS","M","M","?","?","?","R","E","R","T","E","?","?","$","M","R","BOSS","R","$","E","BOSS"],"items_purchased_type":["Card","Relic","Card","Relic","Card"],"build_version":"2020-12-22","purchased_purges":3,"victory":true,"max_hp_per_floor":[75,75,75,75,75,75,75,75,75,75,75,75,75,75,75,75,75,75,75,75,75,75,75,75,75,75,75,75,75,75,75,75,75,75,75,75,75,89,89,89,96,96,96,96,96,96,96,96,96,96,96,96,96,96,96],"card_choices":[{"not_picked":["Blood_for_Blood","Bone_Spikes"],"picked":"Bones_to_Steel","floor":1},{"not_picked":["Bone_Shift","Toxic_Smoke_Screen"],"picked":"Siphon_Strength","floor":4},{"not_picked":["Death_Knell","Chill_Blood","Pandemic"],"picked":"SKIP","floor":7},{"not_picked":["Flesh_Made_Foul","Thousand_Bone_Knives"],"picked":"Grasp_Heart","floor":12},{"not_picked":["Death_March_Dance","Chill_Blood"],"picked":"Bone_Prison","floor":13},{"not_picked":["Blood_Wake","Strike_from_Beyond"],"picked":"Siphon_Strength","floor":14},{"not_picked":["Reap_The_Weak","Requiem"],"picked":"Grasp_Heart","floor":16},{"not_picked":["Finger_Of_Death","Blood_Whip+1","Corrupt"],"picked":"SKIP","floor":18},{"not_picked":["Shackles_Of_Pain","Vampiric_Strike"],"picked":"Toxic_Smoke_Screen+1","floor":19},{"not_picked":["Negative_Energy_Shield","Blood_Whip"],"picked":"Bone_Armory","floor":20},{"not_picked":["Acid_Javelin+1","Negative_Energy_Mist+1"],"picked":"Summon_Undead_Army+1","floor":24},{"not_picked":["Blood_Curse+1","Bone_Bullets","Shackles_Of_Pain"],"picked":"SKIP","floor":28},{"not_picked":["Consume_Illness","Bone_Armory"],"picked":"Bone_Prison+1","floor":29},{"not_picked":["Blood_Curse+1","Necromantic_Selection"],"picked":"Summon_Vampire_Lady","floor":31},{"not_picked":["Necromantic_Selection","Negative_Energy_Javelin+1","Bone_Shift"],"picked":"SKIP","floor":35},{"not_picked":["Bones_to_Steel+1","Negative_Energy_Sphere+1"],"picked":"Bone_Prison+1","floor":36},{"not_picked":["Consume_Illness","Exploit"],"picked":"Uncharnel+1","floor":37},{"not_picked":["Blood_for_Blood","Blood_Whip+1"],"picked":"Bone_Prison+1","floor":38},{"not_picked":["Scare+1","Death_March_Dance+1"],"picked":"Uncharnel+1","floor":39},{"not_picked":["Stop_Heart+1","Thousand_Bone_Knives+1","Exploit+1"],"picked":"SKIP","floor":41},{"not_picked":["Slay_Living","Chill_Blood+1"],"picked":"Summon_Death_Knight","floor":44},{"not_picked":["Death_Coil+1","Vampiric_Strike","Scare+1"],"picked":"SKIP","floor":48},{"not_picked":["Epidemic+1","Bone_Spikes"],"picked":"Bone_Armory","floor":49},{"not_picked":["Blood_Is_Power","Finger_Of_Death+1"],"picked":"Bone_Prison","floor":54}],"player_experience":1842611,"relics_obtained":[{"floor":7,"key":"Dream Catcher"},{"floor":9,"key":"Grinning Jar"},{"floor":12,"key":"Replay:Wax Seal"},{"floor":14,"key":"StrikeDummy"},{"floor":24,"key":"Happy Flower"},{"floor":26,"key":"Eternal Feather"},{"floor":31,"key":"Akabeko"},{"floor":37,"key":"Bromod:ArcaneTempo"},{"floor":38,"key":"Mango"},{"floor":41,"key":"Strawberry"},{"floor":44,"key":"Simple Rune"},{"floor":46,"key":"Gremlin Food"},{"floor":54,"key":"Blue Candle"}],"event_choices":[{"cards_removed":["Strike_W"],"damage_healed":0,"gold_gain":0,"player_choice":"Card Removal","damage_taken":7,"max_hp_gain":0,"max_hp_loss":0,"event_name":"Golden Wing","floor":2,"gold_loss":0},{"damage_healed":0,"gold_gain":0,"player_choice":"Take Wound","damage_taken":0,"relics_obtained":["Golden Idol"],"max_hp_gain":0,"max_hp_loss":0,"event_name":"Golden Idol","floor":3,"gold_loss":0,"cards_obtained":["Injury"]},{"damage_healed":0,"gold_gain":0,"cards_transformed":["Pot Of Greed"],"player_choice":"Change","damage_taken":0,"max_hp_gain":0,"max_hp_loss":0,"event_name":"Living Wall","floor":10,"gold_loss":0,"cards_obtained":["ReplayTheSpireMod:Trickstab"]},{"damage_healed":0,"gold_gain":0,"player_choice":"Gave Idol","damage_taken":0,"relics_obtained":["Bloody Idol"],"max_hp_gain":0,"max_hp_loss":0,"event_name":"Forgotten Altar","floor":30,"relics_lost":["Golden Idol"],"gold_loss":0},{"damage_healed":0,"gold_gain":0,"player_choice":"Fight","damage_taken":0,"max_hp_gain":0,"max_hp_loss":0,"event_name":"MindBloom","floor":38,"gold_loss":0},{"damage_healed":0,"gold_gain":0,"player_choice":"Memory 1","damage_taken":0,"max_hp_gain":0,"max_hp_loss":0,"event_name":"SensoryStone","floor":45,"gold_loss":0}],"is_beta":false,"boss_relics":[{"not_picked":["Honey Jar","Abe\u0027s Treasure"],"picked":"Runic Pyramid"},{"not_picked":["SlaversCollar","Kintsugi"],"picked":"Pandora\u0027s Box"}],"items_purged_floors":[5,21,47],"is_endless":false,"potions_floor_spawned":[4,14,16,19,20,35,38,39,48],"ascension_level":5}}