{"host":"46u8m8ngwc6ir49n","time":1614415025,"event":{"mods":["Ascension Reborn","BaseMod","GungeonMod","Minty Spire (QoL Compilation)","Reimu£®≤©¿ˆ¡È√Œ£©","Shop Mod","StSLib","noobMod"],"gold_per_floor":[118,193,153,38,50,80,105,132,132,132,132],"floor_reached":10,"language":"ZHS","playtime":657,"items_purged":[],"score":74,"play_id":"b2276889-a536-4a8f-95f5-7f10af7fc975","local_time":"20210227163705","daily_mods":["Vintage","Allstar","Heirloom","Time Dilation","Flight","DeadlyEvents"],"is_ascension_mode":true,"campfire_choices":[],"circlet_count":0,"master_deck":["Strike_P","Strike_P","Strike_P","Strike_P","Defend_P","Defend_P","Defend_P","Defend_P","Eruption","Vigilance","Mind Blast","Thinking Ahead","Purity","Violence","Forethought","FlyingSleeves","SashWhip"],"relics":["PureWater","ice","Pocketwatch","Meat on the Bone","DemoMod:GnawedKey","Nunchaku","Orichalcum","Bronze Scales","DemoMod:GlassGuonStoneRelic","Omamori","Incense Burner"],"acts_visited":["Exordium"],"potions_floor_usage":[],"damage_taken":[{"damage":59,"enemies":"2 Louse","floor":1,"turns":7},{"damage":7,"enemies":"Small Slimes","floor":5,"turns":2},{"damage":10,"enemies":"Lagavulin","floor":6,"turns":5},{"damage":12,"enemies":"Gremlin Nob","floor":8,"turns":3},{"damage":0,"enemies":"3 Sentries","floor":10,"turns":2}],"seed_played":"5384310476595385682","potions_obtained":[{"floor":3,"key":"LiquidBronze"},{"floor":3,"key":"ZuzhouPotion:ReiMu"}],"is_trial":true,"path_per_floor":["M","?","?","$","M","E","T","E","T","E"],"character_chosen":"WATCHER","items_purchased":["DemoMod:GnawedKey"],"campfire_rested":0,"item_purchase_floors":[4],"current_hp_per_floor":[72,61,61,61,54,44,44,44,44,44,44],"gold":132,"neow_bonus":"","is_daily":false,"chose_seed":false,"campfire_upgraded":0,"win_rate":0.0,"timestamp":1614415025,"path_taken":["M","?","?","$","?","E","?","?","T","E"],"items_purchased_type":["Relic"],"build_version":"2020-12-22","purchased_purges":0,"victory":false,"max_hp_per_floor":[72,72,72,72,73,75,75,76,76,77,77],"card_choices":[{"not_picked":["Crescendo","JustLucky"],"picked":"FlyingSleeves","floor":6},{"not_picked":["BowlingBash","PathToVictory"],"picked":"SashWhip","floor":8}],"player_experience":422750,"relics_obtained":[{"floor":1,"key":"Meat on the Bone"},{"floor":5,"key":"Nunchaku"},{"floor":6,"key":"Orichalcum"},{"floor":7,"key":"Bronze Scales"},{"floor":8,"key":"Omamori"},{"floor":9,"key":"Incense Burner"}],"event_choices":[{"damage_healed":0,"gold_gain":75,"player_choice":"Gather Gold","damage_taken":11,"max_hp_gain":0,"max_hp_loss":0,"event_name":"World of Goop","floor":2,"gold_loss":0},{"damage_healed":0,"gold_gain":0,"player_choice":"Bought 3 Potions","damage_taken":0,"max_hp_gain":0,"max_hp_loss":0,"event_name":"The Woman in Blue","floor":3,"gold_loss":0}],"is_beta":false,"boss_relics":[],"items_purged_floors":[],"is_endless":true,"potions_floor_spawned":[8],"killed_by":"3 Sentries","ascension_level":0}}