{"host":"28wgp68li8o525n6","time":1614456445,"event":{"mods":["BaseMod","Minty Spire (QoL Compilation)","Reliquary","StSLib","The Marked","Trackpad"],"gold_per_floor":[110,60,335,347,347,347,380,390,417,433,445,458,239,239,239,335,335,349,364,364,377,393,492,521,49,99,118,118,3,3,21,21,125,125,141,158,58,68,81,81,81,91,115,115,115,115,115,149,149,149],"floor_reached":51,"language":"ENG","playtime":6271,"items_purged":["Regret","theMarked:Defend"],"score":977,"play_id":"473a2a45-9b7c-4599-9277-b3938b4c7d38","local_time":"20210227210725","is_ascension_mode":true,"campfire_choices":[{"data":"theMarked:SoldierOfQuellstein","floor":6.0,"key":"SMITH"},{"data":"theMarked:StartUp","floor":15.0,"key":"SMITH"},{"floor":28,"key":"REST"},{"data":"theMarked:ChannelForce","floor":32,"key":"SMITH"},{"data":"theMarked:Opportunist","floor":45,"key":"SMITH"},{"floor":47,"key":"REST"},{"floor":49,"key":"REST"}],"circlet_count":0,"master_deck":["theMarked:Strike","theMarked:Strike","theMarked:Strike","theMarked:Strike","theMarked:Defend","theMarked:Defend","theMarked:Defend","theMarked:SoldierOfQuellstein+1","theMarked:StartUp+1","theMarked:EmpowerWeapon+1","theMarked:ParalyzingBlade","theMarked:ChannelForce+1","theMarked:Opportunist+1"],"relics":["theMarked:ArtifactOfAir","NeowsBlessing","reliquary:WeakTea","Oddly Smooth Stone","reliquary:CitrusReamer","reliquary:HotPoker","SlaversCollar","StrikeDummy","trackpad:PetRock","reliquary:PrincelyHelmet","trackpad:AdjectivePendant","Busted Crown","Pear","trackpad:WritersBlock","Eternal Feather"],"acts_visited":["Exordium","TheCity","TheBeyond"],"potions_floor_usage":[21,24,24,27,33,33,40,50],"damage_taken":[{"damage":0.0,"enemies":"Jaw Worm","floor":1.0,"turns":1.0},{"damage":0.0,"enemies":"2 Louse","floor":4.0,"turns":1.0},{"damage":0.0,"enemies":"3 Sentries","floor":7.0,"turns":1.0},{"damage":2.0,"enemies":"Cultist","floor":8.0,"turns":3.0},{"damage":1.0,"enemies":"2 Fungi Beasts","floor":10.0,"turns":3.0},{"damage":6.0,"enemies":"Lots of Slimes","floor":11.0,"turns":6.0},{"damage":10.0,"enemies":"Exordium Thugs","floor":12.0,"turns":5.0},{"damage":23.0,"enemies":"Slime Boss","floor":16.0,"turns":9.0},{"damage":0,"enemies":"Chosen","floor":18,"turns":4},{"damage":10,"enemies":"Spheric Guardian","floor":19,"turns":4},{"damage":8,"enemies":"Centurion and Healer","floor":21,"turns":7},{"damage":25,"enemies":"Cultist and Chosen","floor":22,"turns":8},{"damage":33,"enemies":"Gremlin Leader","floor":24,"turns":7},{"damage":0,"enemies":"Snecko","floor":27,"turns":3},{"damage":14,"enemies":"Snake Plant","floor":31,"turns":4},{"damage":20,"enemies":"Collector","floor":33,"turns":7},{"damage":6,"enemies":"3 Darklings","floor":35,"turns":5},{"damage":8,"enemies":"3 Shapes","floor":36,"turns":4},{"damage":16,"enemies":"3 Darklings","floor":38,"turns":7},{"damage":23,"enemies":"Sphere and 2 Shapes","floor":39,"turns":4},{"damage":0,"enemies":"Writhing Mass","floor":40,"turns":3},{"damage":6,"enemies":"Spire Growth","floor":42,"turns":4},{"damage":38,"enemies":"Nemesis","floor":48,"turns":7},{"damage":32,"enemies":"Donu and Deca","floor":50,"turns":8}],"seed_played":"-4888359067701712848","potions_obtained":[{"floor":4.0,"key":"Block Potion"},{"floor":10.0,"key":"Regen Potion"},{"floor":12.0,"key":"Swift Potion"},{"floor":16.0,"key":"Energy Potion"},{"floor":21,"key":"ColorlessPotion"},{"floor":27,"key":"Fruit Juice"},{"floor":30,"key":"SmokeBomb"},{"floor":30,"key":"Dexterity Potion"},{"floor":30,"key":"Regen Potion"},{"floor":39,"key":"GamblersBrew"},{"floor":48,"key":"Dexterity Potion"}],"is_trial":false,"path_per_floor":["M","?","?","M","?","R","E","M","T","M","M","M","$","T","R","B",null,"M","M","?","M","M","?","E","$","T","M","R","$","?","M","R","B",null,"M","M","$","M","M","M","?","M","T","$","R","?","R","E","R","B",null],"character_chosen":"THE_DEFAULT","items_purchased":["reliquary:CitrusReamer","theMarked:ParalyzingBlade","trackpad:PetRock","reliquary:PrincelyHelmet","theMarked:ChannelForce","theMarked:Opportunist"],"campfire_rested":3,"item_purchase_floors":[13,25,25,25,29,29],"current_hp_per_floor":[72,72,72,72,72,72,72,70,70,69,63,53,53,53,53,30,72,72,62,62,54,29,29,11,11,11,19,42,42,42,31,31,29,77,71,66,66,53,33,36,46,43,43,43,43,43,69,34,66,37],"gold":149,"neow_bonus":"THREE_ENEMY_KILL","is_daily":false,"chose_seed":false,"campfire_upgraded":4,"win_rate":0.0,"timestamp":1614456445,"path_taken":["M","?","?","?","?","R","E","M","T","M","?","M","$","?","R","BOSS","M","M","?","?","M","?","E","$","T","M","R","$","?","M","R","BOSS","M","M","$","M","?","M","?","?","T","$","R","?","R","E","R","BOSS"],"items_purchased_type":["Relic","Card","Relic","Relic","Card","Card"],"build_version":"2020-12-22","purchased_purges":2,"victory":true,"max_hp_per_floor":[72,72,72,72,72,72,72,72,72,72,72,72,72,72,72,72,72,72,72,72,72,72,72,72,72,72,77,77,77,77,77,77,77,77,77,77,77,77,77,77,87,87,87,87,87,87,87,87,87,87],"card_choices":[{"not_picked":["theMarked:ResourceFulStrike","theMarked:BanishingStrike","theMarked:SwordAndMagic"],"picked":"SKIP","floor":1.0},{"not_picked":["theMarked:BanishingStrike","theMarked:ElectricStrings","theMarked:Frustration"],"picked":"SKIP","floor":4.0},{"not_picked":["theMarked:Generate","theMarked:Defy","theMarked:TakeCover"],"picked":"SKIP","floor":7.0},{"not_picked":["theMarked:RepellingDischarge","theMarked:EmpowerWeapon","theMarked:Improvise"],"picked":"SKIP","floor":8.0},{"not_picked":["theMarked:ResourceFulStrike","theMarked:ElectricStrings"],"picked":"theMarked:StartUp","floor":10.0},{"not_picked":["theMarked:BanishingStrike","theMarked:ContemptForTheProud","theMarked:UnarmedFury"],"picked":"SKIP","floor":11.0},{"not_picked":["theMarked:Pokerface","theMarked:Frustration"],"picked":"theMarked:EmpowerWeapon","floor":12.0},{"not_picked":["theMarked:Determination","theMarked:TakeCover","theMarked:EnhanceMovement"],"picked":"SKIP","floor":18},{"not_picked":["theMarked:TwofoldDefense","theMarked:StartUp","theMarked:ElectricStrings+1"],"picked":"SKIP","floor":19},{"not_picked":["theMarked:Overthink","theMarked:Maelstrom","theMarked:Aftermath"],"picked":"SKIP","floor":21},{"not_picked":["theMarked:HeightenedSenses","theMarked:TwofoldDefense","theMarked:TakeCover"],"picked":"SKIP","floor":22},{"not_picked":["theMarked:Electrify+1","theMarked:SwordAndMagic","theMarked:ChainLightning"],"picked":"SKIP","floor":24},{"not_picked":["theMarked:Aftermath+1","theMarked:SelfDefenseTraining","theMarked:KeepCalmAndFight"],"picked":"SKIP","floor":27},{"not_picked":["theMarked:ResourceFulStrike","theMarked:Frustration","theMarked:KeepCalmAndFight"],"picked":"SKIP","floor":31},{"not_picked":["theMarked:Polarize+1"],"picked":"SKIP","floor":35},{"not_picked":["theMarked:ResourceFulStrike+1"],"picked":"SKIP","floor":36},{"not_picked":["theMarked:SwordAndMagic+1"],"picked":"SKIP","floor":38},{"not_picked":["theMarked:WardOff"],"picked":"SKIP","floor":39},{"not_picked":["theMarked:TakeCover+1"],"picked":"SKIP","floor":42},{"not_picked":["theMarked:Overthink+1"],"picked":"SKIP","floor":48}],"player_experience":799341,"relics_obtained":[{"floor":7.0,"key":"reliquary:WeakTea"},{"floor":9.0,"key":"Oddly Smooth Stone"},{"floor":14.0,"key":"reliquary:HotPoker"},{"floor":24,"key":"StrikeDummy"},{"floor":26,"key":"trackpad:AdjectivePendant"},{"floor":43,"key":"trackpad:WritersBlock"},{"floor":48,"key":"Eternal Feather"}],"event_choices":[{"cards_removed":["theMarked:Strike"],"damage_healed":0.0,"max_hp_gain":0.0,"max_hp_loss":0.0,"gold_gain":0.0,"event_name":"The Cleric","player_choice":"Card Removal","floor":2.0,"gold_loss":50.0,"damage_taken":0.0},{"damage_healed":0.0,"max_hp_gain":0.0,"max_hp_loss":0.0,"gold_gain":275.0,"event_name":"Golden Shrine","player_choice":"Desecrate","floor":3.0,"gold_loss":0.0,"damage_taken":0.0,"cards_obtained":["Regret"]},{"damage_healed":0.0,"max_hp_gain":0.0,"max_hp_loss":0.0,"gold_gain":0.0,"event_name":"Match and Keep!","player_choice":"0 cards matched","floor":5.0,"gold_loss":0.0,"damage_taken":0.0,"cards_obtained":[]},{"damage_healed":0,"gold_gain":0,"player_choice":"Forge","damage_taken":0,"max_hp_gain":0,"max_hp_loss":0,"event_name":"Accursed Blacksmith","floor":20,"gold_loss":0,"cards_upgraded":["theMarked:EmpowerWeapon"]},{"damage_healed":0,"gold_gain":99,"player_choice":"Stole From Cult","damage_taken":0,"max_hp_gain":0,"max_hp_loss":0,"event_name":"Nest","floor":23,"gold_loss":0},{"damage_healed":0,"gold_gain":0,"player_choice":"Got Potions","damage_taken":0,"max_hp_gain":0,"max_hp_loss":0,"event_name":"Lab","floor":30,"gold_loss":0},{"damage_healed":0,"gold_gain":0,"player_choice":"Gave Potion","damage_taken":0,"relics_obtained":["Pear"],"max_hp_gain":0,"max_hp_loss":0,"event_name":"WeMeetAgain","floor":41,"gold_loss":0},{"damage_healed":0,"gold_gain":0,"player_choice":"Memory 1","damage_taken":0,"max_hp_gain":0,"max_hp_loss":0,"event_name":"SensoryStone","floor":46,"gold_loss":0}],"is_beta":false,"boss_relics":[{"not_picked":["Runic Dome","reliquary:RedPaperclip"],"picked":"SlaversCollar"},{"not_picked":["Sozu","Velvet Choker"],"picked":"Busted Crown"}],"items_purged_floors":[13,37],"is_endless":false,"potions_floor_spawned":[4,10,12,16,21,27,39,48],"ascension_level":3}}