{"host":"649x15fmap4sa1sx","time":1614393784,"event":{"mods":["2.2 Compatiblity","AchievementEnabler","BaseMod","BetterRewards","Colored Map","Conspire","Downfall","Hubris","Infinite Spire","Minty Spire (QoL Compilation)","Permanent Neow","Reliquary","Replay The Spire","Shop Mod","StSLib","The IronCluck"],"gold_per_floor":[361,380,24,37,37,37,37,52,52,52,65,97,108,140,140,241,241,254,254,254,254,254],"floor_reached":21,"language":"ENG","playtime":1093,"items_purged":["Strike_G","Defend_G"],"score":236,"play_id":"ee01332e-577a-4485-b284-9458de5a887f","local_time":"20210226204304","is_ascension_mode":true,"campfire_choices":[{"data":"Neutralize","floor":6,"key":"SMITH"},{"floor":15,"key":"DIG"}],"circlet_count":0,"master_deck":["Strike_G","Strike_G","Strike_G","Defend_G","Defend_G+1","Defend_G+1","Survivor","Neutralize+1","Footwork","Dagger Throw","Quick Slash","Quick Slash","Underhanded Strike","ReplayTheSpireMod:Tripwire+1","Decay","Well Laid Plans","Adrenaline","Adrenaline","hubris:Rewind","Replay:Fractal Strike"],"relics":["Ring of the Snake","hubris:DeckOfHolding","Quantum Egg","Iron Hammer","Orichalcum","Simple Rune","Busted Crown","hubris:BottledHeart","HoveringKite","Pondfish Scales"],"acts_visited":["Exordium","TheCity"],"potions_floor_usage":[12,14,16,16],"damage_taken":[{"damage":4,"enemies":"Small Slimes","floor":1,"turns":5},{"damage":4,"enemies":"Cultist","floor":2,"turns":6},{"damage":0,"enemies":"2 Louse","floor":4,"turns":3},{"damage":4,"enemies":"Blue Slaver","floor":8,"turns":3},{"damage":0,"enemies":"Exordium Thugs","floor":11,"turns":3},{"damage":16,"enemies":"3 Sentries","floor":12,"turns":9},{"damage":15,"enemies":"Large Slime","floor":13,"turns":4},{"damage":2,"enemies":"Gremlin Nob","floor":14,"turns":2},{"damage":10,"enemies":"The Guardian","floor":16,"turns":13},{"damage":0,"enemies":"Spheric Guardian","floor":18,"turns":3}],"seed_played":"-2654228849301015645","potions_obtained":[{"floor":1,"key":"champ:CounterPotion"},{"floor":11,"key":"SteroidPotion"},{"floor":12,"key":"Energy Potion"},{"floor":13,"key":"Swift Potion"}],"is_trial":false,"path_per_floor":["M","M","$","M","?","R","?","M","T","?","M","E","M","E","R_BF","B",null,"M","?","AVR","?"],"character_chosen":"THE_SILENT","items_purchased":["Quick Slash","hubris:DeckOfHolding"],"campfire_rested":0,"item_purchase_floors":[3,3],"current_hp_per_floor":[59,55,55,55,55,55,55,51,51,51,51,35,20,18,18,8,49,49,1,1,0,0],"gold":254,"neow_bonus":"TWO_FIFTY_GOLD","is_daily":false,"chose_seed":false,"campfire_upgraded":1,"win_rate":0.0,"timestamp":1614393784,"path_taken":["M","M","$","M","?","R","?","?","T","?","M","E","?","E","R_BF","BOSS","M","?","AVR","?"],"items_purchased_type":["Card","Relic"],"build_version":"2020-12-22","purchased_purges":2,"victory":false,"max_hp_per_floor":[63,63,63,63,63,63,63,63,63,63,63,63,63,63,63,63,63,63,1,1,1,1],"card_choices":[{"not_picked":["Bane","Masterful Stab"],"picked":"Footwork","floor":1},{"not_picked":["Prepared","PiercingWail"],"picked":"Dagger Throw","floor":2},{"not_picked":["Distraction","Quick Slash"],"picked":"Underhanded Strike","floor":4},{"not_picked":["Deflect","Distraction","Slice"],"picked":"SKIP","floor":8},{"not_picked":["Blade Dance","Skewer","ReplayTheSpireMod:Exploit Weakness"],"picked":"SKIP","floor":11},{"not_picked":["Flying Knee","Crippling Poison"],"picked":"Well Laid Plans","floor":12},{"not_picked":["Poisoned Stab","Underhanded Strike"],"picked":"Adrenaline","floor":13},{"not_picked":["Cloak And Dagger","Sneak Up","Terror"],"picked":"SKIP","floor":14},{"not_picked":["Burst","Glass Knife"],"picked":"Adrenaline","floor":16},{"not_picked":["Fluid Movement"],"picked":"SKIP","floor":18}],"player_experience":231573,"relics_obtained":[{"floor":9,"key":"Quantum Egg"},{"floor":12,"key":"Iron Hammer"},{"floor":14,"key":"Orichalcum"},{"floor":15,"key":"Simple Rune"}],"event_choices":[{"damage_healed":0,"gold_gain":0,"player_choice":"Cursed","damage_taken":0,"max_hp_gain":0,"max_hp_loss":0,"event_name":"Wheel of Change","floor":7,"gold_loss":0,"cards_obtained":["Decay"]},{"cards_removed":["Defend_G"],"damage_healed":0,"gold_gain":0,"player_choice":"Purged","damage_taken":0,"max_hp_gain":0,"max_hp_loss":0,"event_name":"Purifier","floor":10,"gold_loss":0},{"damage_healed":0,"gold_gain":0,"player_choice":"Joined the Cult","damage_taken":6,"max_hp_gain":0,"max_hp_loss":0,"event_name":"Nest","floor":21,"gold_loss":0,"cards_obtained":["RitualDagger"]}],"is_beta":false,"boss_relics":[{"not_picked":["Honey Jar","Snecko Scales"],"picked":"Busted Crown"}],"items_purged_floors":[3,20],"is_endless":false,"potions_floor_spawned":[1,11,12,13],"ascension_level":5}}