{"host":"v2dduvbp7qmigila","time":1614418999,"event":{"mods":["BaseMod","GifTheSpireLib","Marisa£®ÏF”Í°°ƒß¿Ì…≥£©","Minty Spire (QoL Compilation)","SIMod","StSLib","The Animator","Waifu the Spire","noobMod"],"gold_per_floor":[19,31,31,55,80,114,114,134,161,173,201,257,287,338,350,487,499,535,536,563,254,254,293,293,337,337,337,350,350,350,361,361,457,457,473,473,73,73,85,85,37,66,66,100,116,116,116,126,126,126,126,126,56,82,82],"floor_reached":56,"language":"ZHS","playtime":2497,"items_purged":["Strike_MRS","Injury"],"score":1520,"play_id":"e53e220f-4f3b-4cd0-8938-a263eda71c54","local_time":"20210227174319","is_ascension_mode":true,"campfire_choices":[{"floor":7,"key":"REST"},{"data":"DragonMeteor","floor":15,"key":"SMITH"},{"floor":24,"key":"RECALL"},{"data":"UltimateShortwave","floor":27,"key":"SMITH"},{"data":"MagicChant","floor":30,"key":"SMITH"},{"data":"GravityBeat","floor":32,"key":"SMITH"},{"data":"Acceleration","floor":40,"key":"SMITH"},{"data":"PowerUp","floor":46,"key":"SMITH"},{"data":"Madness","floor":49,"key":"SMITH"},{"data":"Panacea","floor":52,"key":"SMITH"}],"circlet_count":0,"master_deck":["Defend_MRS","Defend_MRS","Defend_MRS","Defend_MRS","DarkMatter","AsteroidBelt","Parasite","Parasite","MilkyWay","Parasite","OneTimeOff","UltimateShortwave+1","AsteroidBelt+1","Acceleration+1","MagicChant+1","TreasureHunter+1","ShootingEcho+1","AlicesGift+1","ShootTheMoon+1","ShootingEcho+1","NonDirectionalLaser+1","GravityBeat+1","6A+1","BlazingStar+1","PowerUp+1","GasGiant","Dramatic Entrance+1","Panacea+1","Madness+1","AlicesGift+1"],"relics":["MiniHakkero","ice","TungstenRod","Bloody Idol","ShroomBag","MawBank","Anchor","Happy Flower","Runic Dome","Mercury Hourglass","Sundial","Pocketwatch","MagicBroom","Toy Ornithopter","Strawberry","Molten Egg 2","Bottled Lightning","Eternal Feather","Bronze Scales"],"acts_visited":["Exordium","TheCity","TheBeyond","TheEnding"],"potions_floor_usage":[12,12,12],"damage_taken":[{"damage":0,"enemies":"Cultist","floor":1,"turns":4},{"damage":4,"enemies":"Small Slimes","floor":2,"turns":5},{"damage":0,"enemies":"2 Louse","floor":4,"turns":3},{"damage":12,"enemies":"Large Slime","floor":5,"turns":8},{"damage":35,"enemies":"Lagavulin","floor":6,"turns":10},{"damage":10,"enemies":"Exordium Thugs","floor":8,"turns":6},{"damage":9,"enemies":"Lots of Slimes","floor":11,"turns":7},{"damage":5,"enemies":"Gremlin Nob","floor":12,"turns":3},{"damage":0,"enemies":"2 Fungi Beasts","floor":13,"turns":5},{"damage":24,"enemies":"Lagavulin","floor":14,"turns":9},{"damage":29,"enemies":"Hexaghost","floor":16,"turns":15},{"damage":38,"enemies":"Chosen","floor":18,"turns":6},{"damage":13,"enemies":"2 Thieves","floor":19,"turns":5},{"damage":24,"enemies":"3 Cultists","floor":20,"turns":8},{"damage":28,"enemies":"Gremlin Leader","floor":23,"turns":6},{"damage":0,"enemies":"Book of Stabbing","floor":25,"turns":6},{"damage":0,"enemies":"Centurion and Healer","floor":28,"turns":5},{"damage":0,"enemies":"Cultist and Chosen","floor":31,"turns":5},{"damage":23,"enemies":"Automaton","floor":33,"turns":9},{"damage":14,"enemies":"Orb Walker","floor":35,"turns":5},{"damage":2,"enemies":"3 Shapes","floor":39,"turns":3},{"damage":45,"enemies":"Reptomancer","floor":42,"turns":7},{"damage":44,"enemies":"Nemesis","floor":44,"turns":7},{"damage":37,"enemies":"Maw","floor":45,"turns":6},{"damage":16,"enemies":"Writhing Mass","floor":48,"turns":3},{"damage":16,"enemies":"Time Eater","floor":50,"turns":7},{"damage":0,"enemies":"Shield and Spear","floor":54,"turns":2},{"damage":46,"enemies":"The Heart","floor":55,"turns":6}],"seed_played":"-6822431959950611647","potions_obtained":[{"floor":1,"key":"StarNLove"},{"floor":2,"key":"Block Potion"},{"floor":4,"key":"SpeedPotion"},{"floor":6,"key":"AttackPotion"},{"floor":19,"key":"EntropicBrew"},{"floor":25,"key":"LiquidMemories"},{"floor":28,"key":"Ancient Potion"},{"floor":38,"key":"Strength Potion"}],"is_trial":false,"path_per_floor":["M","M","?","M","M","E","R","M","T","?","M","E","M","E","R","B",null,"M","M","M","$","?","E","R","E","T","R","M","?","R","M","R","B",null,"M","?","$","?","M","R","$","E","T","E","M","R","?","M","R","B",null,"R","$","E","B",null],"character_chosen":"MARISA","items_purchased":["Mercury Hourglass","MagicBroom","PowerUp","AlicesGift+1"],"campfire_rested":1,"item_purchase_floors":[21,37,41,53],"current_hp_per_floor":[75,71,71,71,59,24,46,40,40,58,55,56,62,44,44,21,75,38,25,75,75,75,49,49,55,55,55,61,61,61,72,72,60,117,108,108,108,108,115,115,115,86,86,53,27,27,18,149,149,138,157,157,157,159,119],"gold":82,"neow_bonus":"ONE_RARE_RELIC","is_daily":false,"chose_seed":false,"campfire_upgraded":8,"win_rate":0.0,"timestamp":1614418999,"path_taken":["M","M","?","M","M","E","R","M","T","?","M","E","M","E","R","BOSS","M","M","M","$","?","E","R","E","T","R","M","?","R","M","R","BOSS","M","?","$","?","?","R","$","E","T","E","M","R","?","M","R","BOSS","R","$","E","BOSS"],"items_purchased_type":["Relic","Relic","Card","Card"],"build_version":"2020-12-22","purchased_purges":2,"victory":true,"max_hp_per_floor":[75,75,75,75,75,75,75,75,75,75,75,75,75,75,75,75,75,75,75,77,77,77,87,87,102,102,102,105,105,105,110,110,117,117,121,121,121,121,122,122,122,137,137,142,146,146,146,149,149,157,157,157,157,159,213],"card_choices":[{"not_picked":["ManaConvection","PulseMagic"],"picked":"DarkMatter","floor":1},{"not_picked":["DoubleSpark","Robbery"],"picked":"AsteroidBelt","floor":2},{"not_picked":["EarthLightRay","IllusionStar","WitchOfGreed"],"picked":"SKIP","floor":4},{"not_picked":["MachineGunSpark","ShootTheMoon"],"picked":"6A","floor":5},{"not_picked":["SprinkleStarSeal","NonDirectionalLaser","PropBag"],"picked":"SKIP","floor":6},{"not_picked":["Singularity","GalacticHalo"],"picked":"MilkyWay","floor":8},{"not_picked":["ShootingEcho","AlicesGift"],"picked":"DragonMeteor","floor":11},{"not_picked":["SprinkleStarSeal","DragonMeteor"],"picked":"OneTimeOff","floor":12},{"not_picked":["MeteoricShower","SuperPerseids","PropBag"],"picked":"SKIP","floor":13},{"not_picked":["EnergyRecoil","FairyDestructionRay","PropBag"],"picked":"SKIP","floor":14},{"not_picked":["ManaRampage","BlazingStar"],"picked":"UltimateShortwave","floor":16},{"not_picked":["AlicesGift","BlazeAway+1","GrandCross"],"picked":"SKIP","floor":18},{"not_picked":["WitchOfGreed","NonDirectionalLaser"],"picked":"AsteroidBelt+1","floor":19},{"not_picked":["AsteroidBelt","LuminesStrike+1"],"picked":"Acceleration","floor":20},{"not_picked":["SporeBomb","AbsoluteMagnitude"],"picked":"MagicChant","floor":23},{"not_picked":["Acceleration","WitchOfGreed","UnstableBomb"],"picked":"SKIP","floor":25},{"not_picked":["GrandCross","OortCloud","AsteroidBelt+1"],"picked":"SKIP","floor":28},{"not_picked":["Singularity","NonDirectionalLaser","SporeBomb"],"picked":"SKIP","floor":31},{"not_picked":["MaximisePower","MillisecondPulsars"],"picked":"AbsoluteMagnitude","floor":33},{"not_picked":["ChargingUp","EnergyFlow+1","Orbital"],"picked":"SKIP","floor":35},{"not_picked":["GalacticHalo","MagicAbsorber+1","AsteroidBelt"],"picked":"SKIP","floor":39},{"not_picked":["ChargingUp+1","EarthLightRay+1","OneTimeOff+1"],"picked":"SKIP","floor":42},{"not_picked":["6A+1","Acceleration+1","OrrerysSun"],"picked":"SKIP","floor":44},{"not_picked":["ChargeUpSpray+1","PowerUp+1"],"picked":"GasGiant","floor":45},{"not_picked":["CMC","Jack Of All Trades"],"picked":"Dramatic Entrance+1","floor":47},{"not_picked":["Jack Of All Trades","HandOfGreed+1"],"picked":"Panacea","floor":47},{"not_picked":["Mind Blast+1","Deep Breath"],"picked":"Madness","floor":47},{"not_picked":["DC+1","MysteriousBeam+1","DoubleSpark+1"],"picked":"SKIP","floor":48},{"not_picked":["MilkyWay","BlazeAway","DeepEcoloBomb+1"],"picked":"SKIP","floor":54}],"player_experience":32763,"relics_obtained":[{"floor":6,"key":"ShroomBag"},{"floor":9,"key":"MawBank"},{"floor":12,"key":"Anchor"},{"floor":14,"key":"Happy Flower"},{"floor":23,"key":"Sundial"},{"floor":25,"key":"Pocketwatch"},{"floor":42,"key":"Toy Ornithopter"},{"floor":42,"key":"Strawberry"},{"floor":43,"key":"Molten Egg 2"},{"floor":44,"key":"Bottled Lightning"},{"floor":54,"key":"Eternal Feather"},{"floor":54,"key":"Bronze Scales"}],"event_choices":[{"damage_healed":0,"gold_gain":0,"player_choice":"Take Wound","damage_taken":0,"relics_obtained":["Golden Idol"],"max_hp_gain":0,"max_hp_loss":0,"event_name":"Golden Idol","floor":3,"gold_loss":0,"cards_obtained":["Injury"]},{"damage_healed":18,"gold_gain":0,"player_choice":"Healed and dodged fight","damage_taken":0,"max_hp_gain":0,"max_hp_loss":0,"event_name":"Mushrooms_MRS","floor":10,"gold_loss":0,"cards_obtained":["Parasite"]},{"damage_healed":0,"gold_gain":0,"player_choice":"Read","damage_taken":0,"max_hp_gain":0,"max_hp_loss":0,"event_name":"The Library","floor":22,"gold_loss":0,"cards_obtained":["GravityBeat"]},{"damage_healed":0,"gold_gain":0,"player_choice":"Gave Idol","damage_taken":0,"relics_obtained":["Bloody Idol"],"max_hp_gain":0,"max_hp_loss":0,"event_name":"Forgotten Altar","floor":29,"relics_lost":["Golden Idol"],"gold_loss":0},{"damage_healed":0,"gold_gain":0,"player_choice":"Got Potions","damage_taken":0,"max_hp_gain":0,"max_hp_loss":0,"event_name":"Lab","floor":38,"gold_loss":0},{"damage_healed":0,"gold_gain":0,"player_choice":"Memory 3","damage_taken":10,"max_hp_gain":0,"max_hp_loss":0,"event_name":"SensoryStone","floor":47,"gold_loss":0}],"is_beta":false,"boss_relics":[{"not_picked":["Tiny House","BewitchedHakkero"],"picked":"Runic Dome"},{"not_picked":[]}],"items_purged_floors":[21,37],"is_endless":false,"potions_floor_spawned":[1,2,4,6,8,19,25,28,33,39,44,45],"ascension_level":3}}