{"host":"bwv3g1hezaeonepb","time":1614430840,"event":{"mods":["Aspiration","BaseMod","Colored Powertips","Conspire","KomeijiMod","Minty Spire (QoL Compilation)","Replay The Spire","Shop Mod","StSLib","The Construct","The Cursed","The Runesmith"],"gold_per_floor":[100000,100010,99209,99224,99243,99243,99243,99243,99321,99337,99337,99355,98402,98454,98454,98569,98569,98575,98589,98589,98061,98081,98081,98081,98091,98091,98191,98292,98292,98311,98338,98338,98462,98462,98477,97727,97727,97837,97887,97887,97887,97887],"floor_reached":41,"language":"ZHS","playtime":6253,"items_purged":["Defend_B","Strike_B","Strike_B","Defend_B"],"score":485,"play_id":"5727aed4-579b-443d-81fc-dec1a0d14fdd","local_time":"20210227210040","is_ascension_mode":false,"campfire_choices":[{"data":"Chill","floor":6.0,"key":"SMITH"},{"data":"Redo","floor":15.0,"key":"SMITH"},{"floor":24.0,"key":"REST"},{"floor":32.0,"key":"REST"},{"floor":40,"key":"REST"}],"circlet_count":0,"master_deck":["Strike_B","Defend_B","Zap","Dualcast","Streamline","Chill+1","Steam","Searching","Magnetism","aspiration:Polymerization","Capacitor","Leap","Conserve Battery","Creative AI","Redo+1","Loop","Electrodynamics","Fusion+1","Redo","Thunder Strike","Barrage","Genetic Algorithm","Echo Form","Steam+1","BootSequence+1","Seek","Mirror Shield","Crystallizer+1","Capacitor+1"],"relics":["Cracked Core","Potion Belt","Bronze Scales","ReplayTheSpireMod:ShopPack","Replay:Ringing Soul","Replay:WaspNest","Omamori","Lee\u0027s Waffle","MerchantsRug","Empty Cage","Prayer Wheel","Nloth\u0027s Gift","Snack Pack","Nilry\u0027s Codex","Matryoshka","aspiration:MobileForge","Runesmith:AutoHammer","conspire:TopHat","Strange Spoon","Shovel"],"acts_visited":["Exordium","TheCity","TheBeyond"],"potions_floor_usage":[38,38,39,39,39,39],"damage_taken":[{"damage":0.0,"enemies":"Cultist","floor":1.0,"turns":1.0},{"damage":0.0,"enemies":"Jaw Worm","floor":2.0,"turns":1.0},{"damage":0.0,"enemies":"Small Slimes","floor":4.0,"turns":1.0},{"damage":3.0,"enemies":"Blue Slaver","floor":5.0,"turns":3.0},{"damage":6.0,"enemies":"Large Slime","floor":10.0,"turns":6.0},{"damage":18.0,"enemies":"Gremlin Gang","floor":12.0,"turns":6.0},{"damage":1.0,"enemies":"Looter","floor":14.0,"turns":4.0},{"damage":36.0,"enemies":"The Guardian","floor":16.0,"turns":9.0},{"damage":23.0,"enemies":"2 Thieves","floor":18.0,"turns":5.0},{"damage":14.0,"enemies":"Spheric Guardian","floor":19.0,"turns":4.0},{"damage":7.0,"enemies":"Snecko","floor":22.0,"turns":4.0},{"damage":13.0,"enemies":"Chosen and Byrds","floor":25.0,"turns":6.0},{"damage":24.0,"enemies":"conspire:HollyBat","floor":28.0,"turns":8.0},{"damage":32.0,"enemies":"Cultist and Chosen","floor":30.0,"turns":5.0},{"damage":5.0,"enemies":"Shelled Parasite and Fungi","floor":31.0,"turns":7.0},{"damage":24.0,"enemies":"conspire:MysteriousRune","floor":33.0,"turns":9.0},{"damage":34,"enemies":"Orb Walker","floor":35,"turns":5},{"damage":12,"enemies":"3 Darklings","floor":38,"turns":4},{"damage":73,"enemies":"2 Orb Walkers","floor":39,"turns":5},{"damage":45,"enemies":"Spire Growth","floor":41,"turns":5}],"seed_played":"-296337975731980814","potions_obtained":[{"floor":4.0,"key":"LifebloodPotion"},{"floor":5.0,"key":"Doom Potion"},{"floor":14.0,"key":"BlessingOfTheForge"},{"floor":28.0,"key":"FocusPotion"},{"floor":28.0,"key":"Explosive Potion"},{"floor":30.0,"key":"DistilledChaos"},{"floor":33.0,"key":"LifebloodPotion"},{"floor":38,"key":"Ancient Potion"},{"floor":39,"key":"CalmPotion"}],"is_trial":false,"path_per_floor":["M","M","$","M","M","R","?","?","T","M","?","M","$","M","R","B",null,"M","M","?","$","M","?","R","M","T","?","M","?","M","M","R","B",null,"M","$","?","M","?","R","M"],"character_chosen":"DEFECT","items_purchased":["Steam","Potion Belt","Bronze Scales","ReplayTheSpireMod:ShopPack","Streamline","Death Potion","Adrenaline Potion","LifebloodPotion","Replay:WaspNest","Omamori","Lee\u0027s Waffle","Creative AI","MerchantsRug","Snack Pack","Explosive Potion","SkillPotion","SkillPotion","Runesmith:AutoHammer","conspire:TopHat","Strange Spoon","SkillPotion","Energy Potion","AttackPotion"],"campfire_rested":3,"item_purchase_floors":[3,3,3,3,3,3,3,3,13,13,13,13,13,21,21,21,21,36,36,36,36,36,36],"current_hp_per_floor":[75,75,75,75,72,72,72,72,72,69,69,54,91,93,93,60,97,77,66,66,66,62,46,77,67,67,67,46,51,22,17,51,30,118,84,84,84,75,2,38,0,0],"gold":97887,"neow_bonus":"THREE_ENEMY_KILL","is_daily":false,"chose_seed":false,"campfire_upgraded":2,"win_rate":0.0,"timestamp":1614430840,"path_taken":["M","?","?","?","M","R","?","?","T","M","?","M","$","M","R","BOSS","M","M","?","$","?","?","R","M","T","?","?","?","M","M","R","BOSS","M","?","?","?","?","R","M"],"items_purchased_type":["Card","Relic","Relic","Relic","Card","Potion","Potion","Potion","Relic","Relic","Relic","Card","Relic","Relic","Potion","Potion","Potion","Relic","Relic","Relic","Potion","Potion","Potion"],"build_version":"2020-12-22","purchased_purges":4,"victory":false,"max_hp_per_floor":[75,75,75,75,75,75,75,75,75,78,78,81,91,94,94,97,97,100,103,103,103,106,106,106,109,109,109,112,112,115,115,115,118,118,118,118,118,121,121,121,121,121],"card_choices":[{"not_picked":["Hologram","Go for the Eyes"],"picked":"Streamline","floor":1.0},{"not_picked":["White Noise","ReplayTheSpireMod:System Scan"],"picked":"Chill","floor":2.0},{"not_picked":["Transmutation","Thinking Ahead"],"picked":"Searching","floor":3.0},{"not_picked":["Specialist","Muse"],"picked":"Magnetism","floor":3.0},{"not_picked":["Stack","Seek"],"picked":"aspiration:Polymerization","floor":4.0},{"not_picked":["Go for the Eyes","ReplayTheSpireMod:Dual Polarity"],"picked":"Capacitor","floor":5.0},{"not_picked":["Streamline","FIFO Queue"],"picked":"Leap","floor":10.0},{"not_picked":["Undo","Skim"],"picked":"Conserve Battery","floor":12.0},{"not_picked":["Conserve Battery","Hologram"],"picked":"Redo","floor":14.0},{"not_picked":["Thunder Strike","Cold Snap"],"picked":"Loop","floor":14.0},{"not_picked":["Creative AI","Multi-Cast"],"picked":"ReplayTheSpireMod:Fabricate Wheel","floor":16.0},{"not_picked":["All For One","Echo Form"],"picked":"Electrodynamics","floor":16.0},{"not_picked":["Beam Cell","Rebound"],"picked":"Fusion+1","floor":18.0},{"not_picked":["Hologram","Stack","Aggregate"],"picked":"SKIP","floor":18.0},{"not_picked":["Panic Button+1","Barrage"],"picked":"Redo","floor":19.0},{"not_picked":["Steam","Cold Snap"],"picked":"Thunder Strike","floor":19.0},{"not_picked":["Ball Lightning","Multi-Cast"],"picked":"Barrage","floor":22.0},{"not_picked":["Panic Button","Cold Snap","FTL"],"picked":"SKIP","floor":22.0},{"not_picked":["Go for the Eyes","Redo"],"picked":"Genetic Algorithm","floor":25.0},{"not_picked":["Cold Snap","Redo","Static Discharge"],"picked":"SKIP","floor":25.0},{"not_picked":["BasicCrystalCard","ReplayTheSpireMod:Dual Polarity"],"picked":"Echo Form","floor":28.0},{"not_picked":["Hologram","Sweeping Beam"],"picked":"Steam+1","floor":28.0},{"not_picked":["Cold Snap","Coolheaded"],"picked":"BootSequence+1","floor":30.0},{"not_picked":["Compile Driver+1","Stack","Streamline"],"picked":"SKIP","floor":30.0},{"not_picked":["Electrodynamics","conspire:Rain","Cold Snap"],"picked":"SKIP","floor":31.0},{"not_picked":["Reinforced Body","Streamline","Hologram"],"picked":"SKIP","floor":31.0},{"not_picked":["All For One","Echo Form"],"picked":"Seek","floor":33.0},{"not_picked":["Creative AI","Electrodynamics"],"picked":"Mirror Shield","floor":33.0},{"not_picked":["ReplayTheSpireMod:GoodbyeWorld","Sweeping Beam+1","Gash+1"],"picked":"SKIP","floor":35},{"not_picked":["Redo+1","Capacitor","Hologram"],"picked":"SKIP","floor":35},{"not_picked":["Gash+1","Cold Snap"],"picked":"Crystallizer+1","floor":38},{"not_picked":["Ball Lightning","Blizzard"],"picked":"Capacitor+1","floor":38},{"not_picked":["Redo","Undo","Reprogram"],"picked":"SKIP","floor":38}],"player_experience":21417,"relics_obtained":[{"floor":9.0,"key":"Replay:Ringing Soul"},{"floor":23.0,"key":"Nilry\u0027s Codex"},{"floor":26.0,"key":"Matryoshka"},{"floor":39,"key":"Shovel"}],"event_choices":[{"damage_healed":0.0,"max_hp_gain":0.0,"max_hp_loss":0.0,"gold_gain":0.0,"event_name":"Golden Idol","player_choice":"Ignored","floor":7.0,"gold_loss":0.0,"damage_taken":0.0},{"damage_healed":0.0,"max_hp_gain":0.0,"max_hp_loss":0.0,"gold_gain":0.0,"event_name":"Liars Game","player_choice":"Ignored","floor":8.0,"gold_loss":0.0,"damage_taken":0.0},{"damage_healed":0.0,"max_hp_gain":0.0,"max_hp_loss":0.0,"gold_gain":0.0,"event_name":"conspire:Investor","player_choice":"Leave","floor":11.0,"gold_loss":0.0,"damage_taken":0.0},{"damage_healed":0.0,"max_hp_gain":0.0,"max_hp_loss":0.0,"gold_gain":0.0,"event_name":"N\u0027loth","player_choice":"Traded Relic","floor":20.0,"relics_lost":["NeowsBlessing"],"gold_loss":0.0,"damage_taken":0.0,"relics_obtained":["Nloth\u0027s Gift"]},{"damage_healed":0.0,"max_hp_gain":0.0,"max_hp_loss":0.0,"gold_gain":0.0,"event_name":"Cursed Tome","player_choice":"Obtained Book","floor":23.0,"gold_loss":0.0,"damage_taken":16.0},{"damage_healed":0.0,"max_hp_gain":0.0,"max_hp_loss":0.0,"gold_gain":100.0,"event_name":"Golden Shrine","player_choice":"Pray","floor":27.0,"gold_loss":0.0,"damage_taken":0.0},{"cards_removed":["Streamline"],"damage_healed":5.0,"max_hp_gain":0.0,"max_hp_loss":0.0,"gold_gain":0.0,"event_name":"Bonfire Elementals","player_choice":"Offered Common","floor":29.0,"gold_loss":0.0,"damage_taken":0.0},{"cards_removed":["Streamline"],"damage_healed":5.0,"max_hp_gain":0.0,"max_hp_loss":0.0,"gold_gain":0.0,"event_name":"Bonfire Elementals","player_choice":"Offered Special","floor":29.0,"gold_loss":0.0,"damage_taken":0.0},{"damage_healed":0,"gold_gain":0,"player_choice":"Bought 0 Potions","damage_taken":0,"max_hp_gain":0,"max_hp_loss":0,"event_name":"The Woman in Blue","floor":37,"gold_loss":0},{"damage_healed":0,"gold_gain":0,"player_choice":"Fight","damage_taken":0,"max_hp_gain":0,"max_hp_loss":0,"event_name":"Mysterious Sphere","floor":39,"gold_loss":0}],"is_beta":false,"boss_relics":[{"not_picked":["aspiration:WatcherSkillbook","SlaversCollar"],"picked":"Empty Cage"},{"not_picked":["Replay:Wanted Poster","FrozenCore"],"picked":"aspiration:MobileForge"}],"items_purged_floors":[3,13,21,36],"is_endless":false,"potions_floor_spawned":[4,5,14,28,28,30,33,38,39],"killed_by":"Spire Growth","ascension_level":0}}