{"host":"2ty4h143nj8vwezc","time":1614395456,"event":{"mods":["BaseMod","Colored Map","Googly Eyes","Highlight Path","Minty Spire (QoL Compilation)","Quick Restart","StSLib"],"gold_per_floor":[369,388,358,368,381,101,121,121,145,32,64,79,79,110,110,187,187,198,198,69,87,103,103,132,132,155,167,179,191,203,229,241,253,253],"floor_reached":33,"language":"ENG","playtime":1924,"items_purged":["Doubt","Defend_B"],"score":534,"play_id":"83ca03bf-cc8f-4213-8894-67baf7e9eda5","local_time":"20210226221056","is_ascension_mode":true,"campfire_choices":[{"floor":8,"key":"REST"},{"floor":13,"key":"REST"},{"floor":15,"key":"REST"},{"floor":23,"key":"REST"},{"floor":25,"key":"REST"},{"data":"Defragment","floor":27,"key":"SMITH"},{"data":"Defragment","floor":30,"key":"SMITH"},{"floor":32,"key":"REST"}],"circlet_count":0,"master_deck":["AscendersBane","Strike_B","Strike_B","Strike_B","Strike_B","Defend_B","Defend_B","Defend_B","Zap","Dualcast","Cold Snap","Blizzard","Go for the Eyes","Rebound","Defragment+1","Chaos","Self Repair","Cold Snap","Defragment+1","Glacier","Creative AI","Coolheaded","Glacier","Cold Snap","Cold Snap+1","Recycle+1","Cold Snap","Shame","Chill+1","Sunder+1"],"relics":["Cracked Core","Runic Capacitor","Bag of Preparation","Pen Nib","Regal Pillow","Dream Catcher","MawBank","Torii"],"acts_visited":["Exordium","TheCity"],"potions_floor_usage":[11,18,24],"damage_taken":[{"damage":2,"enemies":"2 Louse","floor":1,"turns":3},{"damage":4,"enemies":"Cultist","floor":2,"turns":4},{"damage":17,"enemies":"Small Slimes","floor":4,"turns":3},{"damage":13,"enemies":"2 Fungi Beasts","floor":5,"turns":3},{"damage":5,"enemies":"Exordium Thugs","floor":7,"turns":4},{"damage":28,"enemies":"Gremlin Nob","floor":11,"turns":4},{"damage":15,"enemies":"Red Slaver","floor":12,"turns":6},{"damage":10,"enemies":"3 Sentries","floor":14,"turns":9},{"damage":25,"enemies":"Slime Boss","floor":16,"turns":10},{"damage":14,"enemies":"3 Byrds","floor":18,"turns":9},{"damage":6,"enemies":"Spheric Guardian","floor":21,"turns":9},{"damage":38,"enemies":"Centurion and Healer","floor":22,"turns":13},{"damage":65,"enemies":"Slavers","floor":24,"turns":11},{"damage":29,"enemies":"Snake Plant","floor":31,"turns":8},{"damage":61,"enemies":"Automaton","floor":33,"turns":16}],"seed_played":"2296559111772939259","potions_obtained":[{"floor":3,"key":"Block Potion"},{"floor":3,"key":"GamblersBrew"},{"floor":4,"key":"AttackPotion"},{"floor":12,"key":"Dexterity Potion"},{"floor":14,"key":"LiquidMemories"},{"floor":18,"key":"Swift Potion"},{"floor":22,"key":"Regen Potion"}],"is_trial":false,"path_per_floor":["M","M","?","M","M","$","M","R","T","$","E","M","R","E","R","B",null,"M","?","$","M","M","R","E","R","T","R","?","$","R","M","R","B"],"character_chosen":"DEFECT","items_purchased":["Defragment","Runic Capacitor","Chaos","Self Repair","Cold Snap"],"campfire_rested":6,"item_purchase_floors":[6,6,10,10,20],"current_hp_per_floor":[62,58,58,41,28,28,23,44,44,44,23,8,29,26,62,44,64,57,57,57,51,20,56,13,49,49,49,49,49,49,20,56,0,0],"gold":253,"neow_bonus":"TWO_FIFTY_GOLD","is_daily":false,"chose_seed":false,"campfire_upgraded":2,"win_rate":0.0,"timestamp":1614395456,"path_taken":["M","M","?","M","?","$","M","R","T","$","E","?","R","E","R","BOSS","M","?","$","M","M","R","E","R","T","R","?","$","R","M","R","BOSS"],"items_purchased_type":["Card","Relic","Card","Card","Card"],"build_version":"2020-12-22","purchased_purges":2,"victory":false,"max_hp_per_floor":[71,71,71,71,71,71,71,71,71,71,71,71,71,71,71,71,71,71,71,71,71,71,71,71,71,71,71,71,71,71,71,71,71,71],"card_choices":[{"not_picked":["Redo","Consume"],"picked":"Cold Snap","floor":1},{"not_picked":["Streamline","Gash"],"picked":"Blizzard","floor":2},{"not_picked":["Genetic Algorithm","Conserve Battery"],"picked":"Go for the Eyes","floor":4},{"not_picked":["Sunder","Leap"],"picked":"Rebound","floor":5},{"not_picked":["Rip and Tear","Gash","Hologram"],"picked":"SKIP","floor":7},{"not_picked":["Streamline","Barrage"],"picked":"Cold Snap","floor":11},{"not_picked":["Double Energy","Loop"],"picked":"Defragment","floor":12},{"not_picked":["Cold Snap","Ball Lightning"],"picked":"Glacier","floor":14},{"not_picked":["Reboot","Core Surge"],"picked":"Creative AI","floor":16},{"not_picked":["Gash","Stack+1"],"picked":"Coolheaded","floor":18},{"not_picked":["Gash","Sweeping Beam","Sunder"],"picked":"SKIP","floor":21},{"not_picked":["Ball Lightning","Beam Cell"],"picked":"Cold Snap+1","floor":22},{"not_picked":["Electrodynamics","Go for the Eyes"],"picked":"Recycle+1","floor":24},{"not_picked":["Leap","Hologram+1"],"picked":"Cold Snap","floor":25},{"not_picked":["Cold Snap","Steam"],"picked":"Chill+1","floor":31},{"not_picked":["Rebound","Go for the Eyes"],"picked":"Sunder+1","floor":32}],"player_experience":490707,"relics_obtained":[{"floor":9,"key":"Bag of Preparation"},{"floor":11,"key":"Pen Nib"},{"floor":14,"key":"Regal Pillow"},{"floor":24,"key":"Dream Catcher"},{"floor":26,"key":"MawBank"}],"event_choices":[{"damage_healed":0,"gold_gain":0,"player_choice":"Bought 2 Potions","damage_taken":0,"max_hp_gain":0,"max_hp_loss":0,"event_name":"The Woman in Blue","floor":3,"gold_loss":0},{"damage_healed":0,"gold_gain":0,"player_choice":"Read","damage_taken":0,"max_hp_gain":0,"max_hp_loss":0,"event_name":"The Library","floor":19,"gold_loss":0,"cards_obtained":["Glacier"]},{"damage_healed":0,"gold_gain":0,"player_choice":"Stole Relic","damage_taken":0,"relics_obtained":["Torii"],"max_hp_gain":0,"max_hp_loss":0,"event_name":"Addict","floor":28,"gold_loss":0,"cards_obtained":["Shame"]}],"is_beta":false,"boss_relics":[{"not_picked":["Snecko Eye","Fusion Hammer","Runic Dome"]}],"items_purged_floors":[6,20],"is_endless":false,"potions_floor_spawned":[4,5,12,14,18,22],"killed_by":"Automaton","ascension_level":17}}