{"host":"a2bxv8jmue6vpe5v","time":1614405385,"event":{"mods":["BaseMod","Colored Map","Jorbs\u0027s Wanderer Trilogy","Minty Spire (QoL Compilation)","StSLib"],"gold_per_floor":[117,147,171,200,200,253,273,273,351,421,455,467,502,502,502,502,502],"floor_reached":16,"language":"ENG","playtime":1626,"items_purged":[],"score":165,"play_id":"2bfc16e9-1fba-40fe-b785-f7dd60406d75","local_time":"20210226215625","is_ascension_mode":true,"campfire_choices":[{"data":"stsjorbsmod:Index","floor":8,"key":"SMITH"},{"floor":15,"key":"REST"}],"circlet_count":0,"master_deck":["stsjorbsmod:ForbiddenGrimoire+1","stsjorbsmod:Strike_Wanderer","stsjorbsmod:Strike_Wanderer","stsjorbsmod:Strike_Wanderer","stsjorbsmod:Strike_Wanderer","stsjorbsmod:Defend_Wanderer","stsjorbsmod:Defend_Wanderer+1","stsjorbsmod:Defend_Wanderer","stsjorbsmod:Defend_Wanderer","stsjorbsmod:FreshAdventure","stsjorbsmod:EyeOfTheStorm","stsjorbsmod:LocateObject","stsjorbsmod:ArcaneWeapon","stsjorbsmod:ChainLightning+1","Pain","stsjorbsmod:Index+1","stsjorbsmod:FaerieFire+1","stsjorbsmod:Counterspell"],"relics":["stsjorbsmod:GrimoireRelic","WarpedTongs","Akabeko","Sundial","Shuriken","Thread and Needle","CeramicFish"],"acts_visited":["Exordium"],"potions_floor_usage":[11,13],"damage_taken":[{"damage":1,"enemies":"Cultist","floor":1,"turns":3},{"damage":2,"enemies":"Jaw Worm","floor":2,"turns":6},{"damage":0,"enemies":"2 Louse","floor":3,"turns":3},{"damage":5,"enemies":"Exordium Thugs","floor":4,"turns":5},{"damage":21,"enemies":"3 Sentries","floor":6,"turns":6},{"damage":3,"enemies":"Gremlin Gang","floor":7,"turns":5},{"damage":42,"enemies":"Gremlin Nob","floor":11,"turns":5},{"damage":2,"enemies":"2 Fungi Beasts","floor":12,"turns":2},{"damage":11,"enemies":"Lagavulin","floor":13,"turns":7},{"damage":36,"enemies":"Slime Boss","floor":16,"turns":7}],"seed_played":"2807575886904942734","potions_obtained":[{"floor":2,"key":"FearPotion"},{"floor":4,"key":"Fruit Juice"},{"floor":12,"key":"Weak Potion"},{"floor":13,"key":"stsjorbsmod:DimensionDoorPotion"}],"is_trial":false,"path_per_floor":["M","M","M","M","?","E","M","R","T","T","E","M","E","?","R","B"],"character_chosen":"WANDERER","items_purchased":[],"campfire_rested":1,"item_purchase_floors":[],"current_hp_per_floor":[74,74,74,75,75,56,54,54,54,54,18,17,9,9,33,0,0],"gold":502,"neow_bonus":"TEN_PERCENT_HP_BONUS","is_daily":false,"chose_seed":false,"campfire_upgraded":1,"win_rate":0.0,"timestamp":1614405385,"path_taken":["M","M","?","M","?","E","?","R","T","?","E","M","E","?","R","BOSS"],"items_purchased_type":[],"build_version":"2020-12-22","purchased_purges":0,"victory":false,"max_hp_per_floor":[74,74,74,78,78,78,78,78,78,78,83,83,83,83,83,83,83],"card_choices":[{"not_picked":["stsjorbsmod:WanderingMind","stsjorbsmod:RayOfFrost"],"picked":"stsjorbsmod:LocateObject","floor":1},{"not_picked":["stsjorbsmod:TrueStrike","stsjorbsmod:DoubleCheck"],"picked":"stsjorbsmod:ArcaneWeapon","floor":2},{"not_picked":["stsjorbsmod:DisguiseSelf","stsjorbsmod:Channel"],"picked":"stsjorbsmod:ChainLightning","floor":3},{"not_picked":["stsjorbsmod:ParryingBlow","stsjorbsmod:Prestidigitation","stsjorbsmod:ChainLightning"],"picked":"SKIP","floor":4},{"not_picked":["stsjorbsmod:DoubleCheck","stsjorbsmod:ChatteringStrike"],"picked":"stsjorbsmod:Index","floor":6},{"not_picked":["stsjorbsmod:Prepare","stsjorbsmod:Hibernate"],"picked":"stsjorbsmod:FaerieFire","floor":7},{"not_picked":["stsjorbsmod:DoubleCheck","stsjorbsmod:Fear"],"picked":"stsjorbsmod:Counterspell","floor":11},{"not_picked":["stsjorbsmod:FranticSearch","stsjorbsmod:LocateObject","stsjorbsmod:FaerieFire"],"picked":"SKIP","floor":12},{"not_picked":["stsjorbsmod:DisguiseSelf","stsjorbsmod:Mending","stsjorbsmod:Message"],"picked":"SKIP","floor":13}],"player_experience":559130,"relics_obtained":[{"floor":6,"key":"Akabeko"},{"floor":9,"key":"Sundial"},{"floor":10,"key":"Shuriken"},{"floor":11,"key":"Thread and Needle"},{"floor":13,"key":"CeramicFish"}],"event_choices":[{"damage_healed":0,"gold_gain":0,"player_choice":"Rummage","damage_taken":0,"relics_obtained":["WarpedTongs"],"max_hp_gain":0,"max_hp_loss":0,"event_name":"Accursed Blacksmith","floor":5,"gold_loss":0,"cards_obtained":["Pain"]},{"damage_healed":0,"gold_gain":0,"player_choice":"Upgraded","damage_taken":0,"max_hp_gain":0,"max_hp_loss":0,"event_name":"Upgrade Shrine","floor":14,"gold_loss":0,"cards_upgraded":["stsjorbsmod:FaerieFire"]}],"is_beta":false,"boss_relics":[],"items_purged_floors":[],"is_endless":false,"potions_floor_spawned":[2,4,12,13],"killed_by":"Slime Boss","ascension_level":3}}