{"host":"24rdvhgydoh2z4gc","time":1614459845,"event":{"mods":["BaseMod","Bestiary","Block Reminder","Colored Map","Colored Powertips","Highlight Path","Minty Spire (QoL Compilation)","Potion Indicator Mod","Relic Sorter"],"gold_per_floor":[113,38,88,98,109,109,135,153,225,251,251,276,276,335,335,407,407,418,431,448,448,448],"floor_reached":21,"language":"ENG","playtime":1992,"items_purged":[],"score":368,"play_id":"f0c2e24e-2c5b-4fa9-84fe-128223be0f04","local_time":"20210227160405","is_ascension_mode":true,"campfire_choices":[{"floor":6,"key":"REST"},{"floor":11,"key":"REST"},{"data":"Bash","floor":13,"key":"SMITH"},{"data":"Brutality","floor":15,"key":"SMITH"}],"circlet_count":0,"master_deck":["AscendersBane","Strike_R","Strike_R","Strike_R","Strike_R","Strike_R","Defend_R","Defend_R","Defend_R","Defend_R","Bash+1","Brutality+1","Shrug It Off","Spot Weakness","Iron Wave","Blood for Blood","Disarm","Reaper","Second Wind","Dual Wield"],"relics":["Black Blood","Pocketwatch","Blood Vial","Paper Frog"],"acts_visited":["Exordium","TheCity"],"potions_floor_usage":[5,7,16,20,21],"damage_taken":[{"damage":27,"enemies":"Jaw Worm","floor":1,"turns":6},{"damage":12,"enemies":"Cultist","floor":4,"turns":4},{"damage":2,"enemies":"2 Louse","floor":5,"turns":3},{"damage":23,"enemies":"3 Sentries","floor":7,"turns":9},{"damage":12,"enemies":"2 Fungi Beasts","floor":8,"turns":5},{"damage":28,"enemies":"Gremlin Nob","floor":10,"turns":4},{"damage":26,"enemies":"Lagavulin","floor":12,"turns":6},{"damage":17,"enemies":"Hexaghost","floor":16,"turns":6},{"damage":48,"enemies":"Spheric Guardian","floor":18,"turns":6},{"damage":36,"enemies":"Chosen","floor":19,"turns":4},{"damage":26,"enemies":"Centurion and Healer","floor":20,"turns":5},{"damage":48,"enemies":"Masked Bandits","floor":21,"turns":2}],"seed_played":"-1790280500470025924","potions_obtained":[{"floor":1,"key":"ElixirPotion"},{"floor":4,"key":"Block Potion"},{"floor":5,"key":"AttackPotion"},{"floor":18,"key":"PowerPotion"},{"floor":20,"key":"Explosive Potion"}],"is_trial":false,"path_per_floor":["M","?","?","M","M","R","E","M","T","E","R","E","R","?","R","B",null,"M","M","M","?"],"character_chosen":"IRONCLAD","items_purchased":[],"campfire_rested":2,"item_purchase_floors":[],"current_hp_per_floor":[47,47,47,41,45,67,50,44,44,22,44,26,26,26,26,17,61,34,29,34,0,0],"gold":448,"neow_bonus":"THREE_RARE_CARDS","is_daily":false,"chose_seed":false,"campfire_upgraded":2,"win_rate":0.0,"timestamp":1614459845,"path_taken":["M","?","?","M","?","R","E","M","T","E","R","E","R","?","R","BOSS","M","M","M","?"],"items_purchased_type":[],"build_version":"2020-12-22","purchased_purges":0,"victory":false,"max_hp_per_floor":[75,75,75,75,75,75,75,75,75,75,75,75,75,75,75,75,75,75,75,75,75,75],"card_choices":[{"not_picked":["Double Tap","Impervious"],"picked":"Brutality","floor":0},{"not_picked":["True Grit","Dark Embrace"],"picked":"Shrug It Off","floor":1},{"not_picked":["Perfected Strike","Seeing Red"],"picked":"Spot Weakness","floor":4},{"not_picked":["Clash","Perfected Strike","Body Slam"],"picked":"SKIP","floor":5},{"not_picked":["Anger","Power Through"],"picked":"Iron Wave","floor":7},{"not_picked":["Havoc","Anger"],"picked":"Blood for Blood","floor":8},{"not_picked":["Power Through","Searing Blow","Dark Embrace"],"picked":"SKIP","floor":10},{"not_picked":["True Grit","Flex"],"picked":"Disarm","floor":12},{"not_picked":["Berserk","Demon Form"],"picked":"Reaper","floor":16},{"not_picked":["Dual Wield","Pommel Strike","Armaments"],"picked":"SKIP","floor":18},{"not_picked":["Anger","Second Wind","Sword Boomerang"],"picked":"SKIP","floor":19},{"not_picked":["Anger","Sword Boomerang"],"picked":"Second Wind","floor":19},{"not_picked":["Cleave","Combust"],"picked":"Dual Wield","floor":20}],"player_experience":790042,"relics_obtained":[{"floor":7,"key":"Pocketwatch"},{"floor":10,"key":"Blood Vial"},{"floor":12,"key":"Paper Frog"}],"event_choices":[{"cards_removed":["Regret"],"damage_healed":0,"gold_gain":0,"player_choice":"Card Removal","damage_taken":0,"max_hp_gain":0,"max_hp_loss":0,"event_name":"The Cleric","floor":2,"gold_loss":75},{"damage_healed":0,"gold_gain":50,"player_choice":"Pray","damage_taken":0,"max_hp_gain":0,"max_hp_loss":0,"event_name":"Golden Shrine","floor":3,"gold_loss":0},{"damage_healed":0,"gold_gain":59,"player_choice":"Gained Gold","damage_taken":0,"max_hp_gain":0,"max_hp_loss":0,"event_name":"Golden Wing","floor":14,"gold_loss":0},{"damage_healed":0,"gold_gain":0,"player_choice":"Fought Bandits","damage_taken":0,"max_hp_gain":0,"max_hp_loss":0,"event_name":"Masked Bandits","floor":21,"gold_loss":0}],"is_beta":false,"boss_relics":[{"not_picked":["SacredBark","Pandora\u0027s Box"],"picked":"Black Blood"}],"items_purged_floors":[],"is_endless":false,"potions_floor_spawned":[1,4,5,18,20],"killed_by":"Masked Bandits","ascension_level":17}}