{"host":"og21o26alpnbwmz8","time":1614452807,"event":{"mods":["2.2 Compatiblity","Act Like it!","Aspiration","Aya Shameimaru","BaseMod","ChefMod","Conspire","Downfall","Halation","Hallownest","Hermit","Hubris","Jedi Mod","Mimic Mod","Minty Spire (QoL Compilation)","Pale of the Ancients","Reliquary","Replay The Spire","Ruina","Shop Mod","Spikes Relics","StSLib","The Alterego","The Animator","The Blue Laboratory","The Bug Knight","Waifu the Spire","Yuri Mod"],"gold_per_floor":[20,33,52,17,36,36,56,56,80,80,98,133,133,149,149,244,244,263,72,107,55,73,73,88,88,115,229,263,283,310,322,322,322,322],"floor_reached":33,"language":"ENG","playtime":2270,"items_purged":[],"score":316,"play_id":"75f2ca6f-737a-4f8b-afb7-82ce43028503","local_time":"20210227140647","is_ascension_mode":false,"campfire_choices":[{"data":"shameimaru:DoctoredImage","floor":6.0,"key":"SMITH"},{"data":"shameimaru:Photoshoot","floor":13.0,"key":"SMITH"},{"data":"shameimaru:SuddenOutburst","floor":15,"key":"SMITH"},{"data":"shameimaru:GroupPhoto","floor":23,"key":"SMITH"}],"circlet_count":0,"master_deck":["shameimaru:Defend","shameimaru:Defend","shameimaru:Defend","shameimaru:PlayfulTaunt","shameimaru:SnapshotStrike","shameimaru:GuidingBreeze","shameimaru:DoctoredImage+1","shameimaru:QuickReporting","shameimaru:Photoshoot+1","shameimaru:ShootTheBullet","Dash","Backstab","Blade Dance+1","shameimaru:SuddenOutburst+1","shameimaru:RapidEnhancement","ruina:CobaltScar","shameimaru:GroupPhoto+1","shameimaru:WidespreadPropaganda+1","shameimaru:PressRelease+1","hubris:NaturalOne"],"relics":["shameimaru:blackbirdfeather","halation:AfternoonTea","hubris:FunFungus","hubris:TerracottaHorce","sneckomod:BlankCard","hubris:Icosahedron","Replay:Multitool","Gremlin Horn"],"acts_visited":["Exordium","Hallownest:Greenpath"],"potions_floor_usage":[16,18,22,24],"damage_taken":[{"damage":2.0,"enemies":"Hallownest:2_Tiktiks_and_1_Crawlid","floor":1.0,"turns":7.0},{"damage":0.0,"enemies":"2_ Uuma","floor":2.0,"turns":9.0},{"damage":0.0,"enemies":"Hallownest:2_Baldur","floor":3.0,"turns":6.0},{"damage":3.0,"enemies":"Hallownest:monsterMossCharger","floor":5.0,"turns":9.0},{"damage":7.0,"enemies":"Hallownest:1_Baldur_1_Crawlid_1_Warrior","floor":7.0,"turns":8.0},{"damage":3.0,"enemies":"Hallownest:monsterFoolEater","floor":11.0,"turns":4.0},{"damage":9.0,"enemies":"Hallownest:eliteCrystalGuardian","floor":12.0,"turns":5.0},{"damage":5,"enemies":"Hallownest:MossCreep_and_Mosskin","floor":14,"turns":6},{"damage":44,"enemies":"Hallownest:BossHornet","floor":16,"turns":10},{"damage":0,"enemies":"ruina:3_Bats","floor":18,"turns":4},{"damage":0,"enemies":"conspire:MimicChest","floor":20,"turns":4},{"damage":0,"enemies":"ruina:BadWolf","floor":22,"turns":3},{"damage":36,"enemies":"ruina:KingOfGreed","floor":24,"turns":4},{"damage":0,"enemies":"ruina:3_Scarecrows","floor":27,"turns":3},{"damage":0,"enemies":"ruina:Mountain","floor":28,"turns":7},{"damage":0,"enemies":"ruina:Woodsman","floor":29,"turns":4},{"damage":11,"enemies":"ruina:ServantOfWrath","floor":30,"turns":8},{"damage":18,"enemies":"ruina:QueenOfHate","floor":31,"turns":5},{"damage":40,"enemies":"ruina:JesterOfNihil","floor":33,"turns":9}],"seed_played":"-4931129825312220697","potions_obtained":[{"floor":1.0,"key":"Swift Potion"},{"floor":2.0,"key":"Strength Potion"},{"floor":7.0,"key":"conspire:TimeTravelPotion"},{"floor":16,"key":"Slimebound:ThreeZeroPotion"},{"floor":20,"key":"blueLaboratory:RecallPotion"},{"floor":24,"key":"Fire Potion"},{"floor":27,"key":"AttackPotion"}],"is_trial":false,"path_per_floor":["M","M","M","?","M","R","M","$","T","?","M","E","R","M","R","B",null,"M","$","?","$","M","R","M","?","T","M","E","M","E","M","R","B"],"character_chosen":"AYA","items_purchased":["ruina:CobaltScar","shameimaru:WidespreadPropaganda+1"],"campfire_rested":0,"item_purchase_floors":[19,21],"current_hp_per_floor":[78,78,78,83,80,80,73,73,73,73,70,61,61,56,56,12,67,67,67,67,67,67,67,61,61,61,61,61,62,51,33,58,33,33],"gold":322,"neow_bonus":"TRANSFORM_TWO_CARDS","is_daily":false,"chose_seed":false,"campfire_upgraded":4,"win_rate":0.0,"timestamp":1614452807,"path_taken":["M","M","M","?","M","R","M","$","T","?","?","E","R","M","R","BOSS","M","$","?","?","M","R","?","?","T","M","E","M","E","M","R","BOSS"],"items_purchased_type":["Card","Card"],"build_version":"2020-12-22","purchased_purges":0,"victory":false,"max_hp_per_floor":[80,80,80,85,85,85,85,85,85,85,85,85,85,85,85,85,85,85,85,85,85,85,85,85,85,85,85,85,85,85,85,85,85,85],"card_choices":[{"not_picked":["shameimaru:LoadedStatement","shameimaru:Imitation"],"picked":"shameimaru:QuickReporting","floor":1.0},{"not_picked":["shameimaru:Persuade","shameimaru:LoadedStatement","shameimaru:IntertwinedWinds"],"picked":"SKIP","floor":2.0},{"not_picked":["shameimaru:AirCutter","shameimaru:AdverseWind"],"picked":"shameimaru:Photoshoot","floor":3.0},{"not_picked":["shameimaru:Imitation","shameimaru:GaleBullet","shameimaru:LoadedStatement"],"picked":"SKIP","floor":5.0},{"not_picked":["shameimaru:Duality","shameimaru:DashingGrace"],"picked":"shameimaru:ShootTheBullet","floor":7.0},{"not_picked":["shameimaru:FreezeFrame","shameimaru:GaleBullet","shameimaru:AirCutter"],"picked":"SKIP","floor":11.0},{"not_picked":["shameimaru:HurricaneOfFreedom","shameimaru:EvasiveManeuver","shameimaru:CandidShot"],"picked":"SKIP","floor":12.0},{"not_picked":["shameimaru:Preparation","shameimaru:Galeforce"],"picked":"shameimaru:SuddenOutburst","floor":14},{"not_picked":["shameimaru:MountainProcession","shameimaru:OutburstingGust"],"picked":"shameimaru:RapidEnhancement","floor":16},{"not_picked":["shameimaru:CandidShot+1","shameimaru:Preparation","shameimaru:Photoshoot"],"picked":"SKIP","floor":18},{"not_picked":["shameimaru:InstantShotJournalist+1","shameimaru:DashingGrace"],"picked":"shameimaru:GroupPhoto","floor":20},{"not_picked":["shameimaru:Imitation","shameimaru:AirCutter","shameimaru:ShootTheBullet"],"picked":"SKIP","floor":22},{"not_picked":["shameimaru:PressRelease","shameimaru:Preparation+1","shameimaru:Photoshoot"],"picked":"SKIP","floor":24},{"not_picked":["shameimaru:InvertedColours","shameimaru:Opportunity"],"picked":"shameimaru:PressRelease+1","floor":27},{"not_picked":["shameimaru:Imitation","shameimaru:Photocopier","shameimaru:GuidingBreeze+1"],"picked":"SKIP","floor":28},{"not_picked":["shameimaru:HighlightReel","shameimaru:PressRelease","shameimaru:InvertedColours"],"picked":"SKIP","floor":29},{"not_picked":["shameimaru:AdverseWind","shameimaru:DashingGrace","shameimaru:DeadlineDay"],"picked":"SKIP","floor":30},{"not_picked":["shameimaru:FlutteringFeyFan+1","shameimaru:GaleBlade","shameimaru:Photoshoot"],"picked":"SKIP","floor":31}],"player_experience":438053,"relics_obtained":[{"floor":9.0,"key":"halation:AfternoonTea"},{"floor":12.0,"key":"hubris:FunFungus"},{"floor":20,"key":"sneckomod:BlankCard"},{"floor":28,"key":"Replay:Multitool"},{"floor":30,"key":"Gremlin Horn"}],"event_choices":[],"is_beta":false,"boss_relics":[{"not_picked":["Ring of Chaos","conspire:SeveredTorchhead"],"picked":"hubris:TerracottaHorce"}],"items_purged_floors":[],"is_endless":false,"potions_floor_spawned":[1,2,7,16,20,24,27,29],"killed_by":"ruina:JesterOfNihil","ascension_level":0}}