{"host":"wbn3xdfsa5pc2kse","time":1614414422,"event":{"mods":["AchievementEnabler","BaseMod","Bestiary","Better Altar","Better Match","Better Note","Better Sensory Stone","Better Skull","Better Third Choice","Colored Map","Colored Powertips","Curses Come First","Highlight Path","Minty Spire (QoL Compilation)","Permanent Neow","Rare Cards Sparkle","Relic Stats","Replay The Spire","StSLib"],"gold_per_floor":[116,116,131,149,13,41,41,76,123,123,136,152,166,180,180,253,353,368,385,385,4,23,57,57,86,138,138,154,154,189,201,201,272,272,290,290,290,50,68,68,68,68,93,93,113,140,140,55,55,55],"floor_reached":51,"language":"ENG","playtime":5246,"items_purged":["Writhe"],"score":1055,"play_id":"2c8cf162-6fb5-492b-ba08-636ae4378c6d","local_time":"20210227162702","is_ascension_mode":true,"campfire_choices":[{"data":"Bash","floor":7,"key":"SMITH"},{"data":"Uppercut","floor":10,"key":"SMITH"},{"data":"Twin Strike","floor":15,"key":"SMITH"},{"data":"Rupture","floor":24,"key":"SMITH"},{"data":"Hemogenesis","floor":27,"key":"SMITH"},{"data":"Fiend Fire","floor":32,"key":"SMITH"},{"data":"Overencumbered","floor":40,"key":"PURGE"},{"data":"ReplayTheSpireMod:Strike From Hell","floor":44,"key":"SMITH"},{"floor":47,"key":"REST"},{"data":"Rupture","floor":49,"key":"SMITH"}],"circlet_count":0,"master_deck":["AscendersBane","Strike_R","Strike_R","Defend_R","Defend_R","Defend_R","Defend_R+1","Bash+1","ReplayTheSpireMod:Strike From Hell+1","Cleave","Flame Barrier+1","ReplayTheSpireMod:Muscle Training","Uppercut+1","Twin Strike+1","Rupture+1","ReplayTheSpireMod:Muscle Training","Hemogenesis+1","Evolve+1","ReplayTheSpireMod:Muscle Training+1","Shrug It Off+1","Burning Pact+1","ReplayTheSpireMod:Splinters","Sword Boomerang+1","Fiend Fire+1","Offering+1","Sickly","Sentinel+1","Blood for Blood+1","Shrug It Off+1","Rupture+1","Battle Trance+1"],"relics":["Burning Blood","Pear","War Paint","Bag of Marbles","Replay:Grab Bag","Replay:Wanted Poster","Cursed Key","Runic Pyramid","Replay:WaspNest","Toxic Egg 2","Replay:Multitool","Replay:Wax Seal","Letter Opener","Replay:Ancient Bell","Centennial Puzzle","Mummified Hand","Mango","PreservedInsect","Toy Ornithopter","Quantum Egg"],"acts_visited":["Exordium","TheCity","TheBeyond"],"potions_floor_usage":[6,8,12,16,16,18,18,22,23,45,50,50],"damage_taken":[{"damage":4,"enemies":"Jaw Worm","floor":1,"turns":6},{"damage":1,"enemies":"Cultist","floor":3,"turns":3},{"damage":9,"enemies":"2 Louse","floor":4,"turns":5},{"damage":30,"enemies":"3 Sentries","floor":6,"turns":7},{"damage":43,"enemies":"Lagavulin","floor":8,"turns":11},{"damage":0,"enemies":"Gremlin Gang","floor":11,"turns":3},{"damage":1,"enemies":"Exordium Thugs","floor":12,"turns":4},{"damage":6,"enemies":"Red Slaver","floor":13,"turns":5},{"damage":7,"enemies":"2 Fungi Beasts","floor":14,"turns":3},{"damage":36,"enemies":"Fading Forest","floor":16,"turns":11},{"damage":31,"enemies":"2 Thieves","floor":18,"turns":4},{"damage":12,"enemies":"3 Byrds","floor":19,"turns":5},{"damage":23,"enemies":"Snake Plant","floor":22,"turns":3},{"damage":29,"enemies":"Gremlin Leader","floor":23,"turns":7},{"damage":49,"enemies":"Slavers","floor":25,"turns":4},{"damage":21,"enemies":"3 Cultists","floor":28,"turns":5},{"damage":11,"enemies":"Gremlin Leader","floor":30,"turns":5},{"damage":3,"enemies":"Snecko","floor":31,"turns":4},{"damage":54,"enemies":"Champ","floor":33,"turns":7},{"damage":32,"enemies":"3 Shapes","floor":35,"turns":6},{"damage":28,"enemies":"3 Darklings","floor":39,"turns":5},{"damage":46,"enemies":"Writhing Mass","floor":45,"turns":4},{"damage":32,"enemies":"R_Hoarder","floor":46,"turns":3},{"damage":15,"enemies":"Maw","floor":48,"turns":4},{"damage":52,"enemies":"Replay:Hell Engine","floor":50,"turns":4}],"seed_played":"-4806961058623476562","potions_obtained":[{"floor":6,"key":"Doom Potion"},{"floor":11,"key":"BloodPotion"},{"floor":12,"key":"SkillPotion"},{"floor":16,"key":"BloodPotion"},{"floor":18,"key":"Fruit Juice"},{"floor":22,"key":"Flashbang"},{"floor":25,"key":"SpeedPotion"},{"floor":39,"key":"Block Potion"},{"floor":46,"key":"PowerPotion"}],"is_trial":false,"path_per_floor":["M","?","M","M","$","E","R","E","T","R","M","M","M","M","R_BF","B",null,"M","M","?","$","M","E","R","E","T","R","M","R","E","M","R","B",null,"M","?","?","$","M","R","T","R","T","R","M","E","R","M","R","B",null],"character_chosen":"IRONCLAD","items_purchased":["DuplicationPotion","PowerPotion","Shrug It Off+1","Replay:WaspNest","Adrenaline Potion","PreservedInsect"],"campfire_rested":1,"item_purchase_floors":[5,5,21,21,21,38],"current_hp_per_floor":[70,63,68,65,65,51,51,14,14,14,20,42,42,41,41,19,69,71,76,76,76,68,66,66,30,30,30,26,53,62,76,76,69,99,93,93,78,78,76,76,76,104,104,104,64,38,69,71,71,46],"gold":55,"neow_bonus":"REMOVE_CARD","is_daily":false,"chose_seed":false,"campfire_upgraded":8,"win_rate":0.0,"timestamp":1614414422,"path_taken":["M","?","M","M","$","E","R","E","T","R","M","M","M","M","R_BF","BOSS","M","M","?","$","M","E","R","E","T","R","?","R","E","M","R","BOSS","M","?","?","$","?","R","?","R","T","R","M","E","R","?","R","BOSS"],"items_purchased_type":["Potion","Potion","Card","Relic","Potion","Relic"],"build_version":"2020-12-22","purchased_purges":1,"victory":true,"max_hp_per_floor":[75,75,75,75,75,85,85,85,85,85,85,85,85,85,85,85,85,90,90,90,90,90,90,90,90,90,90,90,90,90,90,90,90,104,104,104,104,104,104,104,104,104,104,104,104,104,104,104,104,104],"relic_stats":{"Centennial Puzzle":[18],"counters":[25,127],"Mummified Hand":[17],"PreservedInsect":88,"Letter Opener":[45],"War Paint":["Defend_R","Flame Barrier"],"Cursed Key":2,"obtain_stats":[{"Pear":6,"Replay:Grab Bag":17,"Quantum Egg":46,"Mango":34,"Replay:WaspNest":21,"PreservedInsect":38,"Replay:Multitool":25,"Replay:Ancient Bell":34,"Letter Opener":30,"War Paint":8,"Cursed Key":17,"Burning Blood":0,"Replay:Wanted Poster":17,"Centennial Puzzle":34,"Mummified Hand":34,"Bag of Marbles":9,"Toxic Egg 2":23,"Replay:Wax Seal":26,"Toy Ornithopter":43,"Runic Pyramid":17},{"Pear":4,"Replay:Grab Bag":10,"Quantum Egg":23,"Mango":19,"Replay:WaspNest":12,"PreservedInsect":20,"Replay:Multitool":15,"Replay:Ancient Bell":19,"Letter Opener":17,"War Paint":5,"Cursed Key":10,"Burning Blood":0,"Replay:Wanted Poster":10,"Centennial Puzzle":19,"Mummified Hand":19,"Bag of Marbles":5,"Toxic Egg 2":14,"Replay:Wax Seal":15,"Toy Ornithopter":21,"Runic Pyramid":10},{"Pear":21,"Replay:Grab Bag":57,"Quantum Egg":119,"Mango":101,"Replay:WaspNest":66,"PreservedInsect":107,"Replay:Multitool":80,"Replay:Ancient Bell":101,"Letter Opener":90,"War Paint":31,"Cursed Key":57,"Burning Blood":0,"Replay:Wanted Poster":57,"Centennial Puzzle":101,"Mummified Hand":101,"Bag of Marbles":31,"Toxic Egg 2":76,"Replay:Wax Seal":80,"Toy Ornithopter":112,"Runic Pyramid":57}],"Burning Blood":150,"Toy Ornithopter":10},"card_choices":[{"not_picked":["Perfected Strike","True Grit"],"picked":"ReplayTheSpireMod:Strike From Hell","floor":1},{"not_picked":["Havoc","Feel No Pain"],"picked":"Cleave","floor":3},{"not_picked":["Uppercut","ReplayTheSpireMod:LeadingStrike"],"picked":"Flame Barrier","floor":4},{"not_picked":["Disarm","Heavy Blade"],"picked":"ReplayTheSpireMod:Muscle Training","floor":6},{"not_picked":["Heavy Blade","Metallicize"],"picked":"Uppercut","floor":8},{"not_picked":["Sever Soul","Seeing Red"],"picked":"Twin Strike","floor":11},{"not_picked":["Seeing Red","Heavy Blade"],"picked":"Rupture","floor":12},{"not_picked":["Warcry","Cleave"],"picked":"ReplayTheSpireMod:Muscle Training","floor":13},{"not_picked":["Whirlwind","Heavy Blade","ReplayTheSpireMod:Limb From Limb"],"picked":"SKIP","floor":14},{"not_picked":["Demonic Infusion","Replay:Many Hands"],"picked":"Hemogenesis","floor":16},{"not_picked":["Perfected Strike","Body Slam"],"picked":"Evolve","floor":18},{"not_picked":["Wild Strike","Twin Strike"],"picked":"ReplayTheSpireMod:Muscle Training","floor":19},{"not_picked":["Abandon","ReplayTheSpireMod:Limb From Limb","Iron Wave"],"picked":"SKIP","floor":22},{"not_picked":["Run Through","Cleave","Pummel"],"picked":"SKIP","floor":23},{"not_picked":["Massacre","Armaments+1"],"picked":"Burning Pact+1","floor":25},{"not_picked":["Thunderclap","Demon Form"],"picked":"Sword Boomerang+1","floor":28},{"not_picked":["ReplayReversal+1","Armaments+1"],"picked":"Fiend Fire","floor":30},{"not_picked":["Perfected Strike","Clothesline","Clash+1"],"picked":"SKIP","floor":31},{"not_picked":["Exhume+1","Hemogenesis"],"picked":"Offering+1","floor":33},{"not_picked":["Writhe","Pain"],"picked":"Sickly","floor":34},{"not_picked":["Replay:Hysterical Blindness","Voices"],"picked":"Overencumbered","floor":34},{"not_picked":["Pain","Replay:Hysterical Blindness"],"picked":"Writhe","floor":34},{"not_picked":["Massacre","ReplayReversal+1"],"picked":"Sentinel+1","floor":35},{"not_picked":["Heavy Blade","Warcry+1"],"picked":"Blood for Blood+1","floor":39},{"not_picked":["Blood for Blood","Anger"],"picked":"Shrug It Off+1","floor":45},{"not_picked":["Armaments+1","Shrug It Off+1"],"picked":"Rupture","floor":46},{"not_picked":["Uppercut","Headbutt+1"],"picked":"Battle Trance+1","floor":48}],"player_experience":909701,"relics_obtained":[{"floor":6,"key":"Pear"},{"floor":8,"key":"War Paint"},{"floor":9,"key":"Bag of Marbles"},{"floor":23,"key":"Toxic Egg 2"},{"floor":25,"key":"Replay:Multitool"},{"floor":26,"key":"Replay:Wax Seal"},{"floor":30,"key":"Letter Opener"},{"floor":43,"key":"Toy Ornithopter"},{"floor":46,"key":"Quantum Egg"}],"event_choices":[{"cards_removed":["Strike_R"],"damage_healed":0,"gold_gain":0,"player_choice":"Card Removal","damage_taken":7,"max_hp_gain":0,"max_hp_loss":0,"event_name":"Golden Wing","floor":2,"gold_loss":0},{"cards_removed":["Strike_R"],"damage_healed":0,"gold_gain":0,"player_choice":"Purged","damage_taken":0,"max_hp_gain":0,"max_hp_loss":0,"event_name":"Purifier","floor":20,"gold_loss":0},{"damage_healed":0,"gold_gain":0,"player_choice":"Ignored","damage_taken":0,"max_hp_gain":0,"max_hp_loss":0,"event_name":"Tomb of Lord Red Mask","floor":36,"gold_loss":0},{"damage_healed":0,"gold_gain":0,"player_choice":"Damaged","damage_taken":15,"max_hp_gain":0,"max_hp_loss":0,"event_name":"Wheel of Change","floor":37,"gold_loss":0}],"is_beta":false,"boss_relics":[{"not_picked":["Ring of Chaos","ChewingGum"],"picked":"Replay:Grab Bag"},{"not_picked":["Fusion Hammer","ReplayTheSpireMod:Onyx Gauntlets"],"picked":"Replay:Wanted Poster"},{"not_picked":["Electric Blood","Ooze Armor"],"picked":"Cursed Key"},{"not_picked":["Pandora\u0027s Box","Astrolabe"],"picked":"Runic Pyramid"},{"not_picked":["Honey Jar","Sozu"],"picked":"Replay:Ancient Bell"},{"not_picked":["Tiny Chest","Replay:Baseball"],"picked":"Centennial Puzzle"},{"not_picked":["Snack Pack","Kunai"],"picked":"Mummified Hand"},{"not_picked":["Unceasing Top","Lizard Tail"],"picked":"Mango"}],"items_purged_floors":[38],"is_endless":false,"potions_floor_spawned":[6,11,12,13,14,16,18,22,25,39,46],"ascension_level":16}}