{"host":"ecvfachamqf62ewl","time":1614396688,"event":{"mods":["AchievementEnabler","BaseMod","Colored Map","Colored Powertips","Minty Spire (QoL Compilation)","Rare Cards Sparkle","Relic Stats","StSLib","SuperFastMode"],"gold_per_floor":[114,39,49,124,142,142,142,142,142,161,194,208,223,237,237,341,341,353,139,119,139,70,102,132,163,175,187,187],"floor_reached":27,"language":"ENG","playtime":1218,"items_purged":["Strike_G","Pain"],"score":367,"play_id":"67b62e5f-091d-497f-9ddb-95414be41c2f","local_time":"20210226223128","is_ascension_mode":true,"campfire_choices":[{"data":"Crippling Poison","floor":6.0,"key":"SMITH"},{"floor":8.0,"key":"REST"},{"data":"Footwork","floor":15.0,"key":"SMITH"}],"circlet_count":0,"master_deck":["AscendersBane","Strike_G","Strike_G","Strike_G","Strike_G","Defend_G","Defend_G","Defend_G","Defend_G","Defend_G","Survivor","Neutralize","Crippling Poison+1","PiercingWail","All Out Attack","Crippling Poison","Footwork+1","Flying Knee","Poisoned Stab","Venomology","Calculated Gamble","Noxious Fumes","Blade Dance","Leg Sweep","Footwork","Dagger Spray","Well Laid Plans"],"relics":["Ring of the Snake","WarpedTongs","Eternal Feather","Pantograph","Snecko Eye","MawBank","Orichalcum"],"acts_visited":["Exordium","TheCity"],"potions_floor_usage":[27],"damage_taken":[{"damage":0.0,"enemies":"Small Slimes","floor":1.0,"turns":3.0},{"damage":5.0,"enemies":"2 Louse","floor":3.0,"turns":3.0},{"damage":6.0,"enemies":"Cultist","floor":5.0,"turns":6.0},{"damage":0.0,"enemies":"3 Louse","floor":10.0,"turns":1.0},{"damage":23.0,"enemies":"3 Sentries","floor":11.0,"turns":10.0},{"damage":12.0,"enemies":"Gremlin Gang","floor":12.0,"turns":4.0},{"damage":12.0,"enemies":"Blue Slaver","floor":13.0,"turns":3.0},{"damage":3.0,"enemies":"Exordium Thugs","floor":14.0,"turns":5.0},{"damage":40.0,"enemies":"Hexaghost","floor":16.0,"turns":12.0},{"damage":29.0,"enemies":"3 Byrds","floor":18.0,"turns":4.0},{"damage":19.0,"enemies":"Spheric Guardian","floor":21.0,"turns":5.0},{"damage":16.0,"enemies":"Slavers","floor":23.0,"turns":4.0},{"damage":0.0,"enemies":"Centurion and Healer","floor":24.0,"turns":8.0},{"damage":17.0,"enemies":"Shelled Parasite and Fungi","floor":25.0,"turns":8.0},{"damage":16,"enemies":"Gremlin Leader","floor":27,"turns":7}],"seed_played":"7814497663896830960","potions_obtained":[{"floor":3.0,"key":"Regen Potion"},{"floor":5.0,"key":"ColorlessPotion"},{"floor":10.0,"key":"LiquidBronze"},{"floor":12.0,"key":"Strength Potion"},{"floor":13.0,"key":"Block Potion"},{"floor":18.0,"key":"BlessingOfTheForge"},{"floor":20.0,"key":"Dexterity Potion"},{"floor":21.0,"key":"Explosive Potion"}],"is_trial":false,"path_per_floor":["M","$","M","?","M","R","?","R","T","M","E","M","M","M","R","B",null,"M","$","?","M","$","E","M","M","T","E"],"character_chosen":"THE_SILENT","items_purchased":["Noxious Fumes","Blade Dance","Footwork"],"campfire_rested":1,"item_purchase_floors":[19,19,22],"current_hp_per_floor":[70,70,65,54,48,48,48,71,71,71,48,36,24,21,33,18,62,45,45,45,26,26,10,10,8,8,0,0],"gold":187,"neow_bonus":"TEN_PERCENT_HP_BONUS","is_daily":false,"chose_seed":false,"campfire_upgraded":2,"win_rate":0.0,"timestamp":1614396688,"path_taken":["M","$","M","?","M","R","?","R","T","M","E","M","M","?","R","BOSS","M","$","?","M","$","E","?","M","T","E"],"items_purchased_type":["Card","Card","Card"],"build_version":"2020-12-22","purchased_purges":2,"victory":false,"max_hp_per_floor":[77,77,77,77,77,77,77,77,77,77,77,77,77,77,77,77,77,77,77,77,77,77,77,77,77,77,77,77],"relic_stats":{"counters":[15,83],"Pantograph":25,"Snecko Eye":[66,67,64,64],"Eternal Feather":12,"Orichalcum":[6],"MawBank":48,"obtain_stats":[{"Pantograph":11,"Snecko Eye":17,"Eternal Feather":9,"Orichalcum":26,"MawBank":23,"Ring of the Snake":0,"WarpedTongs":7},{"Pantograph":5,"Snecko Eye":9,"Eternal Feather":3,"Orichalcum":14,"MawBank":12,"Ring of the Snake":0,"WarpedTongs":3},{"Pantograph":23,"Snecko Eye":47,"Eternal Feather":12,"Orichalcum":76,"MawBank":60,"Ring of the Snake":0,"WarpedTongs":12}],"Ring of the Snake":[30],"WarpedTongs":[70]},"card_choices":[{"not_picked":["Dodge and Roll","Dagger Throw"],"picked":"Crippling Poison","floor":1.0},{"not_picked":["Deflect","Dodge and Roll"],"picked":"PiercingWail","floor":3.0},{"not_picked":["Grand Finale","Prepared"],"picked":"All Out Attack","floor":5.0},{"not_picked":["Prepared","Sucker Punch"],"picked":"Crippling Poison","floor":10.0},{"not_picked":["Dash","Bouncing Flask"],"picked":"Footwork","floor":11.0},{"not_picked":["Underhanded Strike","Acrobatics"],"picked":"Flying Knee","floor":12.0},{"not_picked":["Escape Plan","Outmaneuver","Deflect"],"picked":"SKIP","floor":13.0},{"not_picked":["Outmaneuver","Slice"],"picked":"Poisoned Stab","floor":14.0},{"not_picked":["A Thousand Cuts","Glass Knife"],"picked":"Venomology","floor":16.0},{"not_picked":["Distraction+1","Flechettes"],"picked":"Calculated Gamble","floor":18.0},{"not_picked":["Skewer","Backflip"],"picked":"Leg Sweep","floor":21.0},{"not_picked":["Slice","Deadly Poison"],"picked":"Dagger Spray","floor":23.0},{"not_picked":["Bane+1","Sucker Punch","Reflex"],"picked":"SKIP","floor":24.0},{"not_picked":["Blade Dance","Caltrops"],"picked":"Well Laid Plans","floor":25.0}],"player_experience":457254,"relics_obtained":[{"floor":9.0,"key":"Eternal Feather"},{"floor":11.0,"key":"Pantograph"},{"floor":23.0,"key":"MawBank"},{"floor":26.0,"key":"Orichalcum"}],"event_choices":[{"damage_healed":0.0,"max_hp_gain":0.0,"max_hp_loss":0.0,"gold_gain":75.0,"event_name":"World of Goop","player_choice":"Gather Gold","floor":4.0,"gold_loss":0.0,"damage_taken":11.0},{"damage_healed":0.0,"max_hp_gain":0.0,"max_hp_loss":0.0,"gold_gain":0.0,"event_name":"Accursed Blacksmith","player_choice":"Rummage","floor":7.0,"gold_loss":0.0,"damage_taken":0.0,"relics_obtained":["WarpedTongs"],"cards_obtained":["Pain"]},{"damage_healed":0.0,"max_hp_gain":0.0,"max_hp_loss":0.0,"gold_gain":0.0,"event_name":"The Woman in Blue","player_choice":"Bought 1 Potion","floor":20.0,"gold_loss":0.0,"damage_taken":0.0}],"is_beta":false,"boss_relics":[{"not_picked":["Astrolabe","Philosopher\u0027s Stone"],"picked":"Snecko Eye"}],"items_purged_floors":[2,19],"is_endless":false,"potions_floor_spawned":[3,5,10,12,13,14,18,21],"killed_by":"Gremlin Leader","ascension_level":11}}