{"host":"i4vlfbz13gs2xtdj","time":1614408337,"event":{"mods":["2.2 Compatiblity","AchievementEnabler","Act Like it!","Aspiration","Astrologer","BaseMod","Beaked The Cultist","Bestiary","Better Altar","Better Match","Better Note","Better Sensory Stone","Better Skull","Better Third Choice","BetterRewards","CatGirl Mod","Challenge The Spire","ChefMod","Clockwork Mod","Colored Map","Colored Powertips","Curses Come First","Defuse TimeMaze Blight","Downfall","Elementarium","Energized Spire","Fox Events","Friendly Minions","GifTheSpireLib","Halation","Hallownest","Hermit","Hubris","Hunter ??","Infinite Spire","Jedi Mod","JesterMod","Jorbs\u0027s Wanderer Trilogy","KinomotoSakuraMod(????)","Marked Mod","Menagerie","Minty Spire (QoL Compilation)","Pale of the Ancients","Potionbrewer","Rare Cards Sparkle","Relic Sorter","Relic Stats","Reliquary","Replay The Spire","Shop Mod","Somnambulant","Spicy Shops","Spikes Relics","Spire Arcade","StSLib","Stuff the Spire","The Blue Laboratory","The Marked","The Sage","Trackpad","Useless Jewels Mod","Wandering Minibosses"],"gold_per_floor":[40,40,0,0,0,116,116,116,152,152,183,235,68,108,126,225,225,225,264,283,368,368,406,430,430,355,355,70,70,70,70,70,70,70,70,70,70,70,70,70,70,70,70,112,112,189,228,232,232,232],"floor_reached":50,"language":"ENG","playtime":8415,"items_purged":["Writhe","ReplayTheSpireMod:Splinters"],"score":606,"play_id":"695a8426-9379-4938-aac7-5a8dc71da9c8","local_time":"20210227014537","is_ascension_mode":false,"campfire_choices":[{"floor":1,"key":"RECALL"},{"data":"Slimebound:CorrosiveSpit","floor":8,"key":"SMITH"},{"data":"Slimebound:FormOfPuddle","floor":10,"key":"SMITH"},{"data":"Hallownest:skillLeafShield","floor":18,"key":"SMITH"},{"data":"infinitespire:DeathsTouch","floor":27,"key":"SMITH"},{"data":"Hallownest:skillLeafShield","floor":29,"key":"SMITH"},{"data":"Slimebound:Strike_Slimebound","floor":35,"key":"PURGE"}],"circlet_count":0,"master_deck":["Slimebound:Strike_Slimebound","Slimebound:Tackle","Slimebound:Split","Slimebound:CorrosiveSpit+1","Slimebound:Gluttony","Hallownest:skillLeafShield","Hallownest:skillLeafShield","Hallownest:skillLeafShield+1","Hallownest:skillLeafShield","Hallownest:skillLeafShield+1","infinitespire:DeathsTouch+1","Slimebound:Nibble","Slimebound:FormOfPuddle+1","Slimebound:SplitBruiser+1","Slimebound:RollThrough","Slimebound:OneTwoCombo+1","Slimebound:Repurpose","Slimebound:SplitAcid","Slimebound:Darklings+1","Slimebound:SplitAcid+1","Slimebound:RainOfGoop+1","Slimebound:Equalize+1","Slimebound:Recycling+1","Slimebound:HauntingLick","Slimebound:LeadByExample+1","Slimebound:SplitMire+1"],"relics":["Slimebound:AbsorbEndCombat","aspiration:Lifesprig","trackpad:AdjectivePendant","hubris:BundleOfHerbs","Toolbox","MerchantsRug","potionbrewer:SalesContract","Tiny Chest","Slimebound:SlimedSkullRelic","Golden Egg","Pen Nib","jedi:paperlyon","hubris:Icosahedron","reliquary:TuningFork","Juzu Bracelet","Happy Flower","jedi:ominousloannote","hubris:Teleporter","infinitespire:Midas Blood","MiniBlackHole","reliquary:ThirdArm","halation:EternalFortune","Potion Belt","reliquary:Boomerang","halation:PapillonHeart","infinitespire:Lucky Rock","Ring of Searing","ReplayTheSpireMod:Ring of Challenge","Gambling Chip","halation:PinkSoulGem","Frozen Egg 2"],"acts_visited":["Hallownest:Greenpath","TheCity","TheBeyond"],"potions_floor_usage":[],"damage_taken":[{"damage":11,"enemies":"Hallownest:monsterHuskGuard","floor":6,"turns":4},{"damage":0,"enemies":"2_ Uuma","floor":9,"turns":4},{"damage":0,"enemies":"Hallownest:2_Tiktiks_and_1_Crawlid","floor":11,"turns":3},{"damage":10,"enemies":"downfall:FleeingMerchant","floor":13,"turns":4},{"damage":0,"enemies":"Hallownest:monsterFoolEater","floor":14,"turns":3},{"damage":3,"enemies":"Hallownest:1_Baldur_1_Crawlid_1_Warrior","floor":15,"turns":3},{"damage":11,"enemies":"SI_SHIV_ARCHETYPE","floor":16,"turns":5},{"damage":4,"enemies":"3 Byrds","floor":19,"turns":2},{"damage":3,"enemies":"Spheric Guardian","floor":20,"turns":3},{"damage":16,"enemies":"Cultist and Chosen","floor":23,"turns":4},{"damage":1,"enemies":"downfall:FleeingMerchant","floor":28,"turns":4},{"damage":21,"enemies":"Snake Plant","floor":31,"turns":2},{"damage":10,"enemies":"Shelled Parasite and Fungi","floor":32,"turns":2},{"damage":18,"enemies":"WA_ARCHETYPE_CALM","floor":33,"turns":7},{"damage":13,"enemies":"3 Shapes","floor":36,"turns":4},{"damage":31,"enemies":"3 Darklings","floor":37,"turns":4},{"damage":45,"enemies":"Nightmare","floor":44,"turns":6},{"damage":6,"enemies":"downfall:FleeingMerchant","floor":46,"turns":3},{"damage":32,"enemies":"Spire Growth","floor":49,"turns":3},{"damage":19,"enemies":"DF_ARCHETYPE_ORBS","floor":50,"turns":2}],"seed_played":"7471096765022214428","potions_obtained":[],"is_trial":false,"path_per_floor":["R","?","?","?","T","M","T","R","M","R","M","T","$","M","M","B",null,"R","M","M","?","?","M","T","T","?","R","$","R","?","M","M","B",null,"R_BF","M","M","?","T","T","?","NM","?","$","?","T","M","B"],"character_chosen":"SLIMEBOUND","items_purchased":["aspiration:Lifesprig","trackpad:AdjectivePendant","hubris:BundleOfHerbs","Toolbox","MerchantsRug","potionbrewer:SalesContract","Pen Nib","Happy Flower","jedi:ominousloannote","hubris:Teleporter","infinitespire:Midas Blood","MiniBlackHole","Gambling Chip"],"campfire_rested":0,"item_purchase_floors":[0,0,0,0,0,0,13,28,28,28,28,28,46],"current_hp_per_floor":[39,39,39,23,23,16,16,16,22,22,26,26,41,49,48,43,65,65,63,60,48,48,34,34,34,34,34,41,41,41,20,14,60,65,65,52,41,44,44,44,44,41,41,37,37,37,13,0,0,0],"gold":232,"neow_bonus":"","is_daily":false,"chose_seed":false,"campfire_upgraded":5,"win_rate":0.0,"timestamp":1614408337,"path_taken":["R","?","?","?","?","M","T","R","?","R","M","?","$","M","M","BOSS","R","M","M","?","?","?","T","?","?","R","$","R","?","M","M","BOSS","R_BF","M","M","?","?","T","?","NM","?","$","?","?","M","BOSS"],"items_purchased_type":["Relic","Relic","Relic","Relic","Relic","Relic","Relic","Relic","Relic","Relic","Relic","Relic","Relic"],"build_version":"2020-12-22","purchased_purges":2,"victory":false,"max_hp_per_floor":[65,65,65,65,65,65,65,65,65,65,65,65,65,65,65,65,65,65,65,65,65,65,65,65,65,65,65,65,65,65,65,65,65,65,65,65,65,68,68,68,65,65,65,65,65,65,65,65,65,65],"relic_stats":{"Happy Flower":[11],"counters":[20,71],"Gambling Chip":[5],"Tiny Chest":4,"Pen Nib":[9],"Juzu Bracelet":2,"obtain_stats":[{"Golden Egg":7,"aspiration:Lifesprig":0,"halation:PapillonHeart":43,"reliquary:Boomerang":41,"potionbrewer:SalesContract":0,"Juzu Bracelet":25,"reliquary:ThirdArm":34,"Ring of Searing":45,"hubris:Icosahedron":22,"jedi:paperlyon":17,"Gambling Chip":46,"Toolbox":0,"MiniBlackHole":28,"Tiny Chest":3,"trackpad:AdjectivePendant":0,"Potion Belt":39,"MerchantsRug":0,"hubris:Teleporter":28,"Happy Flower":28,"Pen Nib":13,"infinitespire:Lucky Rock":44,"Frozen Egg 2":48,"jedi:ominousloannote":28,"halation:EternalFortune":38,"hubris:BundleOfHerbs":0,"Slimebound:AbsorbEndCombat":0,"reliquary:TuningFork":24,"ReplayTheSpireMod:Ring of Challenge":45,"halation:PinkSoulGem":47,"Slimebound:SlimedSkullRelic":5,"infinitespire:Midas Blood":28},{"Golden Egg":1,"aspiration:Lifesprig":0,"halation:PapillonHeart":16,"reliquary:Boomerang":16,"potionbrewer:SalesContract":0,"Juzu Bracelet":10,"reliquary:ThirdArm":14,"Ring of Searing":17,"hubris:Icosahedron":9,"jedi:paperlyon":7,"Gambling Chip":18,"Toolbox":0,"MiniBlackHole":11,"Tiny Chest":0,"trackpad:AdjectivePendant":0,"Potion Belt":16,"MerchantsRug":0,"hubris:Teleporter":11,"Happy Flower":11,"Pen Nib":4,"infinitespire:Lucky Rock":17,"Frozen Egg 2":18,"jedi:ominousloannote":11,"halation:EternalFortune":16,"hubris:BundleOfHerbs":0,"Slimebound:AbsorbEndCombat":0,"reliquary:TuningFork":10,"ReplayTheSpireMod:Ring of Challenge":17,"halation:PinkSoulGem":18,"Slimebound:SlimedSkullRelic":0,"infinitespire:Midas Blood":11},{"Golden Egg":4,"aspiration:Lifesprig":0,"halation:PapillonHeart":57,"reliquary:Boomerang":57,"potionbrewer:SalesContract":0,"Juzu Bracelet":35,"reliquary:ThirdArm":50,"Ring of Searing":63,"hubris:Icosahedron":31,"jedi:paperlyon":26,"Gambling Chip":66,"Toolbox":0,"MiniBlackHole":39,"Tiny Chest":0,"trackpad:AdjectivePendant":0,"Potion Belt":57,"MerchantsRug":0,"hubris:Teleporter":39,"Happy Flower":39,"Pen Nib":15,"infinitespire:Lucky Rock":63,"Frozen Egg 2":66,"jedi:ominousloannote":39,"halation:EternalFortune":57,"hubris:BundleOfHerbs":0,"Slimebound:AbsorbEndCombat":0,"reliquary:TuningFork":35,"ReplayTheSpireMod:Ring of Challenge":63,"halation:PinkSoulGem":66,"Slimebound:SlimedSkullRelic":0,"infinitespire:Midas Blood":39}]},"card_choices":[{"not_picked":["infinitespire:Execution","infinitespire:NeuralNetwork"],"picked":"infinitespire:DeathsTouch","floor":4},{"not_picked":["Slimebound:SplitAcid","Slimebound:GoopTackle"],"picked":"Slimebound:Nibble","floor":6},{"not_picked":["Slimebound:FinishingTackle","Slimebound:RainOfGoop"],"picked":"Slimebound:FormOfPuddle","floor":9},{"not_picked":["Slimebound:PressTheAttack","Slimebound:SpikyOuterGoop","Slimebound:SlimeSpikes"],"picked":"SKIP","floor":11},{"not_picked":["Slimebound:GoopTackle","Slimebound:GoopSpray"],"picked":"Slimebound:SplitBruiser","floor":13},{"not_picked":["Slimebound:Darklings","Slimebound:Nibble"],"picked":"Slimebound:RollThrough","floor":14},{"not_picked":["Slimebound:SplitMire","Slimebound:SplitLeeching","Slimebound:SlimeSpikes"],"picked":"SKIP","floor":15},{"not_picked":["Slimebound:MassFeed","Slimebound:FirmFortitude"],"picked":"Slimebound:OneTwoCombo","floor":16},{"not_picked":["Slimebound:SlimeSpikes","Slimebound:ComboTackle","Slimebound:Schlurp"],"picked":"SKIP","floor":19},{"not_picked":["Slimebound:HungryTackle","Slimebound:Schlurp"],"picked":"Slimebound:Repurpose","floor":20},{"not_picked":["Slimebound:RollThrough","Slimebound:LeechingTouch"],"picked":"Slimebound:SplitAcid","floor":23},{"not_picked":["Slimebound:OneTwoCombo+1","Slimebound:WasteNot+1"],"picked":"Slimebound:Darklings+1","floor":26},{"not_picked":["Slimebound:MassRepurpose","Slimebound:LevelUp"],"picked":"Slimebound:SplitAcid","floor":28},{"not_picked":["Slimebound:SplitBruiser","Slimebound:LivingWall+1"],"picked":"Slimebound:RainOfGoop+1","floor":31},{"not_picked":["Slimebound:ComboTackle+1","Slimebound:SplitSpecialist"],"picked":"Slimebound:Equalize+1","floor":32},{"not_picked":["Slimebound:DuplicatedForm","Slimebound:Teamwork"],"picked":"Slimebound:Recycling","floor":33},{"not_picked":["Slimebound:SamplingLick","Slimebound:SplitMire"],"picked":"Slimebound:HauntingLick","floor":36},{"not_picked":["Slimebound:DisruptingSlam+1","Slimebound:TagTeam","Slimebound:ProtectTheBoss+1"],"picked":"SKIP","floor":37},{"not_picked":["Slimebound:FinishingTackle","Slimebound:SplitLeeching"],"picked":"Slimebound:LeadByExample+1","floor":44},{"not_picked":["Slimebound:TongueLash","Slimebound:ComboTackle"],"picked":"Slimebound:SplitMire+1","floor":46},{"not_picked":["Slimebound:SamplingLick","Slimebound:HauntingLick","Slimebound:DuplicatedForm+1"],"picked":"SKIP","floor":49}],"player_experience":480670,"relics_obtained":[{"floor":5,"key":"Slimebound:SlimedSkullRelic"},{"floor":7,"key":"Golden Egg"},{"floor":24,"key":"reliquary:TuningFork"},{"floor":25,"key":"Juzu Bracelet"},{"floor":39,"key":"Potion Belt"},{"floor":41,"key":"reliquary:Boomerang"},{"floor":44,"key":"infinitespire:Lucky Rock"},{"floor":45,"key":"Ring of Searing"},{"floor":45,"key":"ReplayTheSpireMod:Ring of Challenge"},{"floor":48,"key":"Frozen Egg 2"}],"event_choices":[{"damage_healed":0,"gold_gain":0,"player_choice":"2","damage_taken":0,"max_hp_gain":0,"max_hp_loss":0,"event_name":"betterMatch:BetterMatch","floor":26,"gold_loss":0,"cards_obtained":["betterMatch:RareCard"]}],"is_beta":false,"boss_relics":[{"not_picked":["trackpad:Trackpad","halation:CatFaceCupcake"],"picked":"jedi:paperlyon"},{"not_picked":["halation:Risk","energizedSpire:OgreHead"],"picked":"reliquary:ThirdArm"}],"items_purged_floors":[0,46],"is_endless":false,"potions_floor_spawned":[9,11,14,19,23,31,32,33,37,49],"killed_by":"DF_ARCHETYPE_ORBS","ascension_level":0}}