{"host":"yx5rao87132cy5xq","time":1614430216,"event":{"mods":["2.2 Compatiblity","AchievementEnabler","BaseMod","Bestiary","Colored Map","Colored Powertips","Highlight Path","Minty Spire (QoL Compilation)","Quick Restart","Relic Stats","Slay-I","SuperFastMode"],"gold_per_floor":[112,123,137,107,107,135,135,165,189,258,258,292,292,49,49,154,154,165,165,40,60,75,100,100,100,100,135,50,50,76,92,92,188,188,198,217,231,231,29,54,105,134,134,15,46,46,65,93,93,93],"floor_reached":51,"language":"ENG","playtime":3519,"items_purged":["Strike_G","Pain"],"score":1349,"play_id":"660f3396-e989-456d-8146-fcfae5399f59","local_time":"20210227135016","is_ascension_mode":true,"campfire_choices":[{"data":"Neutralize","floor":7.0,"key":"SMITH"},{"data":"Dagger Spray","floor":11.0,"key":"SMITH"},{"data":"Storm of Steel","floor":13.0,"key":"SMITH"},{"data":"Survivor","floor":15.0,"key":"SMITH"},{"data":"After Image","floor":25.0,"key":"SMITH"},{"floor":29.0,"key":"REST"},{"floor":32,"key":"REST"},{"data":"A Thousand Cuts","floor":49,"key":"SMITH"}],"circlet_count":0,"master_deck":["Strike_G","Strike_G","Defend_G+1","Defend_G","Defend_G","Defend_G","Survivor+1","Neutralize+1","Finisher+1","Dagger Spray+1","Dash","Slice","Deadly Poison+1","Slice","Storm of Steel+1","Dodge and Roll+1","Corpse Explosion+1","Backstab+1","Calculated Gamble+1","Finesse+1","Well Laid Plans+1","Caltrops","Dagger Throw","After Image+1","Finisher+1","Backflip+1","Blade Dance+1","A Thousand Cuts+1","Crippling Poison+1","Catalyst+1","Backflip+1","Deflect+1","Acrobatics+1","Venomology+1","Dodge and Roll+1"],"relics":["Ring of the Snake","Tough Bandages","Bag of Preparation","Juzu Bracelet","Oddly Smooth Stone","The Courier","War Paint","Toxic Egg 2","HoveringKite","Mango","Letter Opener","PreservedInsect","Mercury Hourglass","FossilizedHelix","Cursed Key","Shovel","Girya","Whetstone","Mummified Hand","StoneCalendar","HornCleat"],"acts_visited":["Exordium","TheCity","TheBeyond"],"potions_floor_usage":[33,33,42,42,42,48,50,50],"damage_taken":[{"damage":0.0,"enemies":"Cultist","floor":1.0,"turns":4.0},{"damage":1.0,"enemies":"Jaw Worm","floor":2.0,"turns":3.0},{"damage":0.0,"enemies":"2 Louse","floor":3.0,"turns":2.0},{"damage":6.0,"enemies":"Looter","floor":4.0,"turns":4.0},{"damage":15.0,"enemies":"Gremlin Nob","floor":6.0,"turns":5.0},{"damage":20.0,"enemies":"3 Sentries","floor":8.0,"turns":9.0},{"damage":9.0,"enemies":"Lagavulin","floor":12.0,"turns":4.0},{"damage":7.0,"enemies":"Hexaghost","floor":16.0,"turns":9.0},{"damage":10.0,"enemies":"Chosen","floor":18.0,"turns":5.0},{"damage":11.0,"enemies":"Spheric Guardian","floor":21.0,"turns":4.0},{"damage":4.0,"enemies":"Shelled Parasite and Fungi","floor":22.0,"turns":6.0},{"damage":7.0,"enemies":"Gremlin Leader","floor":23.0,"turns":7.0},{"damage":7.0,"enemies":"Slavers","floor":27.0,"turns":3.0},{"damage":27.0,"enemies":"Gremlin Leader","floor":30.0,"turns":6.0},{"damage":10,"enemies":"Cultist and Chosen","floor":31,"turns":6},{"damage":7,"enemies":"Automaton","floor":33,"turns":11},{"damage":12,"enemies":"3 Darklings","floor":35,"turns":3},{"damage":0,"enemies":"Orb Walker","floor":36,"turns":4},{"damage":0,"enemies":"Transient","floor":37,"turns":5},{"damage":0,"enemies":"Reptomancer","floor":40,"turns":5},{"damage":0,"enemies":"2 Orb Walkers","floor":41,"turns":3},{"damage":0,"enemies":"Nemesis","floor":42,"turns":5},{"damage":0,"enemies":"Giant Head","floor":45,"turns":5},{"damage":1,"enemies":"Maw","floor":47,"turns":5},{"damage":0,"enemies":"Nemesis","floor":48,"turns":4},{"damage":0,"enemies":"Donu and Deca","floor":50,"turns":4}],"seed_played":"2981836735052232129","potions_obtained":[{"floor":2.0,"key":"PowerPotion"},{"floor":6.0,"key":"FearPotion"},{"floor":8.0,"key":"AttackPotion"},{"floor":12.0,"key":"GamblersBrew"},{"floor":21.0,"key":"Poison Potion"},{"floor":22.0,"key":"Fruit Juice"},{"floor":30.0,"key":"PowerPotion"},{"floor":31,"key":"Swift Potion"},{"floor":35,"key":"ColorlessPotion"},{"floor":42,"key":"Energy Potion"},{"floor":48,"key":"LiquidMemories"}],"is_trial":false,"path_per_floor":["M","M","M","M","?","E","R","E","T","T","R","E","R","$","R","B",null,"M","?","$","M","M","E","?","R","T","E","?","R","E","M","R","B",null,"M","M","M","?","$","E","?","E","T","$","E","?","M","E","R","B",null],"character_chosen":"THE_SILENT","items_purchased":["Toxic Egg 2","Dodge and Roll+1","Finesse+1","LiquidMemories","AttackPotion","Catalyst+1","Backflip+1","PowerPotion"],"campfire_rested":2,"item_purchase_floors":[14,14,20,39,39,39,39,44],"current_hp_per_floor":[63,62,62,56,56,41,41,21,21,21,21,12,12,12,12,5,49,39,39,39,28,29,36,36,36,36,29,29,53,26,16,40,33,70,58,58,58,58,58,58,58,58,58,58,58,58,57,57,57,57],"gold":93,"neow_bonus":"ONE_RARE_RELIC","is_daily":false,"chose_seed":false,"campfire_upgraded":6,"win_rate":0.0,"timestamp":1614430216,"path_taken":["M","M","?","M","?","E","R","E","T","?","R","E","R","?","R","BOSS","M","?","$","M","M","E","?","R","T","E","?","R","E","M","R","BOSS","M","M","M","?","$","E","?","E","T","$","E","?","M","E","R","BOSS"],"items_purchased_type":["Relic","Card","Card","Potion","Potion","Card","Card","Potion"],"build_version":"2020-12-22","purchased_purges":2,"victory":true,"max_hp_per_floor":[63,63,63,63,63,63,63,63,63,63,63,63,63,63,63,63,63,63,63,63,63,68,82,82,82,82,82,82,82,82,82,82,82,82,82,82,82,82,82,82,82,82,82,82,82,82,82,82,82,82],"relic_stats":{"counters":[26,130],"HoveringKite":[53],"StoneCalendar":[0],"PreservedInsect":336,"Bag of Preparation":[42],"Juzu Bracelet":0,"Letter Opener":[209],"Whetstone":["Finisher","Finisher"],"War Paint":["Deadly Poison","Defend_G"],"Cursed Key":1,"Mercury Hourglass":[265],"Tough Bandages":[501],"Shovel":0,"Mummified Hand":[16],"obtain_stats":[{"Girya":41,"Oddly Smooth Stone":9,"HoveringKite":17,"Mango":23,"StoneCalendar":45,"The Courier":10,"PreservedInsect":27,"Bag of Preparation":6,"Juzu Bracelet":8,"Letter Opener":26,"Whetstone":42,"War Paint":12,"Cursed Key":34,"Mercury Hourglass":28,"Tough Bandages":0,"Shovel":40,"HornCleat":48,"Mummified Hand":43,"Toxic Egg 2":14,"FossilizedHelix":30,"Ring of the Snake":0},{"Girya":21,"Oddly Smooth Stone":6,"HoveringKite":8,"Mango":12,"StoneCalendar":23,"The Courier":6,"PreservedInsect":13,"Bag of Preparation":5,"Juzu Bracelet":6,"Letter Opener":12,"Whetstone":22,"War Paint":7,"Cursed Key":16,"Mercury Hourglass":13,"Tough Bandages":0,"Shovel":20,"HornCleat":25,"Mummified Hand":22,"Toxic Egg 2":7,"FossilizedHelix":14,"Ring of the Snake":0},{"Girya":107,"Oddly Smooth Stone":27,"HoveringKite":40,"Mango":62,"StoneCalendar":117,"The Courier":27,"PreservedInsect":65,"Bag of Preparation":18,"Juzu Bracelet":27,"Letter Opener":62,"Whetstone":112,"War Paint":31,"Cursed Key":87,"Mercury Hourglass":65,"Tough Bandages":0,"Shovel":104,"HornCleat":126,"Mummified Hand":112,"Toxic Egg 2":31,"FossilizedHelix":71,"Ring of the Snake":0}],"Ring of the Snake":[52]},"card_choices":[{"not_picked":["Outmaneuver","Dagger Throw"],"picked":"Finisher","floor":1.0},{"not_picked":["Dash","Choke"],"picked":"Dagger Spray","floor":2.0},{"not_picked":["Acrobatics","PiercingWail"],"picked":"Dash","floor":3.0},{"not_picked":["Poisoned Stab","Quick Slash"],"picked":"Slice","floor":4.0},{"not_picked":["Dash","Quick Slash"],"picked":"Deadly Poison","floor":6.0},{"not_picked":["Flying Knee","Crippling Poison"],"picked":"Slice","floor":8.0},{"not_picked":["Crippling Poison","Quick Slash"],"picked":"Storm of Steel","floor":12.0},{"not_picked":["Die Die Die","Bullet Time+1"],"picked":"Corpse Explosion+1","floor":16.0},{"not_picked":["Outmaneuver+1","Prepared+1"],"picked":"Backstab+1","floor":18.0},{"not_picked":["Prepared+1","Acrobatics+1"],"picked":"Well Laid Plans+1","floor":21.0},{"not_picked":["Sucker Punch+1","Well Laid Plans"],"picked":"Caltrops","floor":22.0},{"not_picked":["Leg Sweep+1","Outmaneuver+1"],"picked":"Dagger Throw","floor":23.0},{"not_picked":["Dagger Throw","Prepared+1"],"picked":"Backflip+1","floor":27.0},{"not_picked":["Distraction+1","Deflect+1"],"picked":"Blade Dance+1","floor":30.0},{"not_picked":["Bane+1","Poisoned Stab","Grand Finale"],"picked":"SKIP","floor":31},{"not_picked":["Bullet Time+1","Wraith Form v2"],"picked":"A Thousand Cuts","floor":33},{"not_picked":["Finisher","Outmaneuver+1","Underhanded Strike"],"picked":"SKIP","floor":35},{"not_picked":["Deadly Poison+1","Infinite Blades+1","Setup+1"],"picked":"SKIP","floor":36},{"not_picked":["Infinite Blades","Poisoned Stab+1"],"picked":"Crippling Poison+1","floor":37},{"not_picked":["Escape Plan+1","Underhanded Strike"],"picked":"Deflect+1","floor":40},{"not_picked":["Quick Slash","Flying Knee"],"picked":"Acrobatics+1","floor":41},{"not_picked":["Glass Knife","Eviscerate+1","Flying Knee"],"picked":"SKIP","floor":42},{"not_picked":["Distraction+1","Bane+1"],"picked":"Venomology+1","floor":45},{"not_picked":["Catalyst+1","Acrobatics+1"],"picked":"Dodge and Roll+1","floor":47},{"not_picked":["PiercingWail+1","Expertise+1","Eviscerate+1"],"picked":"SKIP","floor":48}],"player_experience":1229173,"relics_obtained":[{"floor":6.0,"key":"Bag of Preparation"},{"floor":8.0,"key":"Juzu Bracelet"},{"floor":9.0,"key":"Oddly Smooth Stone"},{"floor":10.0,"key":"The Courier"},{"floor":12.0,"key":"War Paint"},{"floor":23.0,"key":"Mango"},{"floor":26.0,"key":"Letter Opener"},{"floor":27.0,"key":"PreservedInsect"},{"floor":30.0,"key":"FossilizedHelix"},{"floor":40,"key":"Shovel"},{"floor":41,"key":"Girya"},{"floor":42,"key":"Whetstone"},{"floor":43,"key":"Mummified Hand"},{"floor":45,"key":"StoneCalendar"},{"floor":48,"key":"HornCleat"}],"event_choices":[{"damage_healed":0.0,"max_hp_gain":0.0,"max_hp_loss":0.0,"gold_gain":0.0,"event_name":"Liars Game","player_choice":"Ignored","floor":5.0,"gold_loss":0.0,"damage_taken":0.0},{"damage_healed":0.0,"max_hp_gain":0.0,"max_hp_loss":0.0,"gold_gain":0.0,"event_name":"The Library","player_choice":"Read","floor":19.0,"gold_loss":0.0,"damage_taken":0.0,"cards_obtained":["Calculated Gamble"]},{"damage_healed":0.0,"max_hp_gain":0.0,"max_hp_loss":0.0,"gold_gain":0.0,"cards_transformed":["Strike_G","Strike_G"],"event_name":"Drug Dealer","player_choice":"Became Test Subject","floor":24.0,"gold_loss":0.0,"damage_taken":0.0,"cards_obtained":["After Image","Finisher"]},{"damage_healed":0.0,"max_hp_gain":0.0,"max_hp_loss":0.0,"gold_gain":0.0,"event_name":"Addict","player_choice":"Obtained Relic","floor":28.0,"gold_loss":85.0,"damage_taken":0.0,"relics_obtained":["Mercury Hourglass"]},{"cards_removed":["Defend_G"],"damage_healed":0,"gold_gain":0,"player_choice":"Removed Skill","damage_taken":0,"max_hp_gain":0,"max_hp_loss":0,"event_name":"Falling","floor":38,"gold_loss":0},{"damage_healed":0,"gold_gain":0,"player_choice":"Fight","damage_taken":0,"max_hp_gain":0,"max_hp_loss":0,"event_name":"Mysterious Sphere","floor":41,"gold_loss":0},{"damage_healed":0,"gold_gain":0,"player_choice":"Ignored","damage_taken":0,"max_hp_gain":0,"max_hp_loss":0,"event_name":"WeMeetAgain","floor":46,"gold_loss":0}],"is_beta":false,"boss_relics":[{"not_picked":["Tiny House","Empty Cage"],"picked":"HoveringKite"},{"not_picked":["Snecko Eye","Velvet Choker"],"picked":"Cursed Key"}],"items_purged_floors":[20,44],"is_endless":false,"potions_floor_spawned":[2,6,8,12,21,22,30,31,35,41,42,47,48],"ascension_level":7}}