{"host":"wt1ojx2h5hghbo8e","time":1614427319,"event":{"mods":["BaseMod","Better Note","Colored Powertips","Hermit","Highlight Path","Library of Ruina","Minty Spire (QoL Compilation)","StSLib","The Servant 0.9.4"],"gold_per_floor":[114,64,81,54,54,54,77,77,103,123,166,191,191,211,211,211,211],"floor_reached":16,"language":"ENG","playtime":630,"items_purged":[],"score":102,"play_id":"85c7bcb7-2183-4dd0-87ec-d79242a97a93","local_time":"20210227230159","is_ascension_mode":false,"campfire_choices":[{"data":"hermit:EyeOfTheStorm","floor":6,"key":"SMITH"},{"data":"hermit:Quickdraw","floor":8,"key":"SMITH"},{"floor":13,"key":"REST"},{"data":"hermit:HighCaliber","floor":15,"key":"SMITH"}],"circlet_count":0,"master_deck":["hermit:Strike_Hermit","hermit:Strike_Hermit","hermit:Strike_Hermit","hermit:Defend_Hermit","hermit:Defend_Hermit","hermit:Defend_Hermit","hermit:Snapshot","hermit:Covet","hermit:EyeOfTheStorm+1","hermit:Quickdraw+1","hermit:Quickdraw","hermit:Desperado","Injury","hermit:Dive","hermit:ItchyTrigger","hermit:Showdown","hermit:TrackingShot","hermit:HighCaliber+1"],"relics":["hermit:Momento","Golden Idol","Blood Vial","PageOfThreeBirds"],"acts_visited":["Exordium"],"potions_floor_usage":[],"damage_taken":[{"damage":4,"enemies":"Small Slimes","floor":1,"turns":3},{"damage":9,"enemies":"Jaw Worm","floor":3,"turns":4},{"damage":0,"enemies":"Cultist","floor":7,"turns":2},{"damage":26,"enemies":"Large Slime","floor":10,"turns":6},{"damage":13,"enemies":"Lagavulin","floor":11,"turns":5},{"damage":14,"enemies":"3 Louse","floor":12,"turns":3},{"damage":6,"enemies":"Blue Slaver","floor":14,"turns":3},{"damage":41,"enemies":"Slime Boss","floor":16,"turns":7}],"seed_played":"-5699077276747496637","potions_obtained":[{"floor":11,"key":"Dexterity Potion"},{"floor":12,"key":"Dexterity Potion"}],"is_trial":false,"path_per_floor":["M","?","M","$","?","R","M","R","T","M","E","M","R","M","R","B"],"character_chosen":"HERMIT","items_purchased":["hermit:Desperado"],"campfire_rested":1,"item_purchase_floors":[4],"current_hp_per_floor":[71,71,62,62,62,62,62,62,62,38,27,15,37,33,33,0,0],"gold":211,"neow_bonus":"TRANSFORM_CARD","is_daily":false,"chose_seed":false,"campfire_upgraded":3,"win_rate":0.0,"timestamp":1614427319,"path_taken":["M","?","M","$","?","R","M","R","T","M","E","?","R","M","R","BOSS"],"items_purchased_type":["Card"],"build_version":"2020-12-22","purchased_purges":0,"victory":false,"max_hp_per_floor":[75,75,75,75,75,75,75,75,75,75,75,75,75,75,75,75,75],"card_choices":[{"not_picked":["hermit:Feint","hermit:TakeCover"],"picked":"hermit:Quickdraw","floor":1},{"not_picked":["hermit:CalledShot","hermit:Glare"],"picked":"hermit:Quickdraw","floor":3},{"not_picked":["hermit:NoHoldsBarred","hermit:Grudge"],"picked":"hermit:Dive","floor":7},{"not_picked":["hermit:HoleUp","hermit:Manifest"],"picked":"hermit:ItchyTrigger","floor":10},{"not_picked":["hermit:Enervate","hermit:PistolWhip"],"picked":"hermit:Showdown","floor":11},{"not_picked":["hermit:Enervate","hermit:LowProfile"],"picked":"hermit:TrackingShot","floor":12},{"not_picked":["hermit:Gestalt","hermit:ShadowCloak"],"picked":"hermit:HighCaliber","floor":14}],"player_experience":93726,"relics_obtained":[{"floor":9,"key":"Blood Vial"},{"floor":11,"key":"PageOfThreeBirds"}],"event_choices":[{"cards_removed":["hermit:Strike_Hermit"],"damage_healed":0,"gold_gain":0,"player_choice":"Card Removal","damage_taken":0,"max_hp_gain":0,"max_hp_loss":0,"event_name":"The Cleric","floor":2,"gold_loss":50},{"damage_healed":0,"gold_gain":0,"player_choice":"Take Wound","damage_taken":0,"relics_obtained":["Golden Idol"],"max_hp_gain":0,"max_hp_loss":0,"event_name":"Golden Idol","floor":5,"gold_loss":0,"cards_obtained":["Injury"]}],"is_beta":false,"boss_relics":[],"items_purged_floors":[],"is_endless":false,"potions_floor_spawned":[11,12],"killed_by":"Slime Boss","ascension_level":0}}