{"host":"eksvfr80mef7di1h","time":1614420152,"event":{"mods":["AchievementEnabler","BaseMod","Colored Map","Minty Spire (QoL Compilation)","StSLib","SuperFastMode"],"gold_per_floor":[114,134,146,50,69,79,98,98,150,179,199,213,213,213],"floor_reached":13,"language":"ENG","playtime":389,"items_purged":[],"score":91,"play_id":"84139a75-3646-4ef0-b802-291faad2c5d6","local_time":"20210227110232","is_ascension_mode":false,"campfire_choices":[],"circlet_count":0,"master_deck":["Strike_G","Strike_G","Strike_G","Strike_G","Strike_G","Defend_G","Defend_G","Defend_G","Defend_G","Defend_G","Survivor","Neutralize","Cloak And Dagger","Cloak And Dagger","Adrenaline","Dagger Spray","Infinite Blades","Cloak And Dagger","Quick Slash"],"relics":["Ring of the Snake","Tingsha","Bag of Preparation","The Courier"],"acts_visited":["Exordium"],"potions_floor_usage":[10,10],"damage_taken":[{"damage":0,"enemies":"2 Louse","floor":1,"turns":3},{"damage":1,"enemies":"Cultist","floor":2,"turns":4},{"damage":0,"enemies":"Small Slimes","floor":3,"turns":3},{"damage":0,"enemies":"Exordium Wildlife","floor":5,"turns":3},{"damage":7,"enemies":"Lots of Slimes","floor":6,"turns":6},{"damage":0,"enemies":"2 Fungi Beasts","floor":7,"turns":3},{"damage":4,"enemies":"3 Sentries","floor":10,"turns":2},{"damage":4,"enemies":"Large Slime","floor":11,"turns":6},{"damage":0,"enemies":"Red Slaver","floor":12,"turns":5},{"damage":0,"enemies":"Lagavulin","floor":13,"turns":1}],"seed_played":"4814976057750775036","potions_obtained":[{"floor":1,"key":"SkillPotion"},{"floor":3,"key":"CunningPotion"},{"floor":7,"key":"Fruit Juice"},{"floor":10,"key":"Poison Potion"},{"floor":11,"key":"Dexterity Potion"}],"is_trial":false,"path_per_floor":["M","M","M","?","M","M","M","?","T","E","M","M","E"],"character_chosen":"THE_SILENT","items_purchased":[],"campfire_rested":0,"item_purchase_floors":[],"current_hp_per_floor":[77,76,76,76,76,69,69,74,74,70,66,66,66,66],"gold":213,"neow_bonus":"TEN_PERCENT_HP_BONUS","is_daily":false,"chose_seed":false,"campfire_upgraded":0,"win_rate":0.0,"timestamp":1614420152,"path_taken":["M","M","M","?","M","?","M","?","T","E","M","M","E"],"items_purchased_type":[],"build_version":"2020-12-22","purchased_purges":0,"victory":false,"max_hp_per_floor":[77,77,77,77,77,77,77,82,82,82,82,82,82,82],"card_choices":[{"not_picked":["Predator","Underhanded Strike","Reflex"],"picked":"SKIP","floor":1},{"not_picked":["Poisoned Stab","Bane"],"picked":"Cloak And Dagger","floor":2},{"not_picked":["Deflect","Quick Slash"],"picked":"Cloak And Dagger","floor":3},{"not_picked":["Eviscerate","Quick Slash"],"picked":"Adrenaline","floor":5},{"not_picked":["Outmaneuver","Deflect"],"picked":"Dagger Spray","floor":6},{"not_picked":["Deflect","Dodge and Roll"],"picked":"Infinite Blades","floor":7},{"not_picked":["Predator","Quick Slash"],"picked":"Cloak And Dagger","floor":10},{"not_picked":["Endless Agony","Riddle With Holes","Bane"],"picked":"SKIP","floor":11},{"not_picked":["Prepared","Phantasmal Killer"],"picked":"Quick Slash","floor":12}],"player_experience":193843,"relics_obtained":[{"floor":9,"key":"Bag of Preparation"},{"floor":10,"key":"The Courier"}],"event_choices":[{"damage_healed":0,"gold_gain":0,"player_choice":"Paid Gold","damage_taken":0,"relics_obtained":["Tingsha"],"max_hp_gain":0,"max_hp_loss":0,"event_name":"WeMeetAgain","floor":4,"gold_loss":96},{"damage_healed":0,"gold_gain":0,"player_choice":"Donut","damage_taken":0,"max_hp_gain":5,"max_hp_loss":0,"event_name":"Big Fish","floor":8,"gold_loss":0}],"is_beta":false,"boss_relics":[],"items_purged_floors":[],"is_endless":false,"potions_floor_spawned":[1,3,7,10,11],"killed_by":"Lagavulin","ascension_level":0}}