{"host":"w11d5xug8ost5klq","time":1614393362,"event":{"mods":["100% Spire Juice","2.2 Compatiblity","BaseMod","Better Third Choice","Emptier Cage","Highlight Path","KinomotoSakuraMod(????)","Minty Spire (QoL Compilation)","Quick Restart","Reliquary","Shapeshifter Mod","Spicy Shops","StSLib","The Alterego","The Hierophant","WarShipGirlsR/????R mod"],"gold_per_floor":[110,385,30,72,121,156,156,196,242,242,249,249,249,297,297,213,213],"floor_reached":16,"language":"ENG","playtime":651,"items_purged":["Regret"],"score":141,"play_id":"fc76d6f3-6c8c-485f-a5bd-3fb243e3eee0","local_time":"20210226203602","is_ascension_mode":true,"campfire_choices":[{"floor":10,"key":"REST"},{"data":"hierophant:ArchangelShield","floor":12,"key":"SMITH"},{"floor":15,"key":"REST"}],"circlet_count":0,"master_deck":["hierophant:Strike_Hierophant","hierophant:Strike_Hierophant","hierophant:Strike_Hierophant","hierophant:Strike_Hierophant","hierophant:Punish","hierophant:Defend_Hierophant","hierophant:Defend_Hierophant","hierophant:Defend_Hierophant","hierophant:Defend_Hierophant","hierophant:ChurchCoffers","hierophant:Martyrdom","hierophant:Charity","hierophant:Doubloon","hierophant:Doubloon","hierophant:Refuge","hierophant:Doubloon","hierophant:CursedGold","hierophant:Doubloon","hierophant:Refuge","hierophant:ArchangelShield+1"],"relics":["hierophant:PropheticMaskRelic","NeowsBlessing","CeramicFish","Shuriken","Golden Idol","Vajra","reliquary:Knoch"],"acts_visited":["Exordium"],"potions_floor_usage":[14],"damage_taken":[{"damage":0,"enemies":"2 Louse","floor":1,"turns":1},{"damage":0,"enemies":"Cultist","floor":4,"turns":1},{"damage":0,"enemies":"Jaw Worm","floor":5,"turns":1},{"damage":38,"enemies":"Lagavulin","floor":6,"turns":7},{"damage":27,"enemies":"3 Sentries","floor":8,"turns":12},{"damage":5,"enemies":"Looter","floor":11,"turns":3},{"damage":4,"enemies":"Gremlin Gang","floor":14,"turns":4},{"damage":45,"enemies":"Hexaghost","floor":16,"turns":16}],"seed_played":"-6270274932802555210","potions_obtained":[{"floor":1,"key":"CultistPotion"},{"floor":5,"key":"Dexterity Potion"},{"floor":6,"key":"Block Potion"},{"floor":11,"key":"Dexterity Potion"},{"floor":14,"key":"LiquidMemories"}],"is_trial":false,"path_per_floor":["M","?","$","M","M","E","?","E","T","R","M","R","?","M","R","B"],"character_chosen":"HIEROPHANT","items_purchased":["hierophant:Charity","CeramicFish"],"campfire_rested":2,"item_purchase_floors":[3,3],"current_hp_per_floor":[75,75,75,75,75,37,37,10,10,30,25,25,25,21,41,0,0],"gold":213,"neow_bonus":"THREE_ENEMY_KILL","is_daily":false,"chose_seed":false,"campfire_upgraded":1,"win_rate":0.0,"timestamp":1614393362,"path_taken":["M","?","$","?","M","E","?","E","T","R","M","R","?","M","R","BOSS"],"items_purchased_type":["Card","Relic"],"build_version":"2020-12-22","purchased_purges":1,"victory":false,"max_hp_per_floor":[75,75,75,75,75,75,69,69,69,69,69,69,69,69,69,69,69],"card_choices":[{"not_picked":["hierophant:RepressedViolence","hierophant:HolyVerse"],"picked":"hierophant:Martyrdom","floor":1},{"not_picked":["hierophant:ThreeLashes","hierophant:SecretStash"],"picked":"hierophant:Refuge","floor":4},{"not_picked":["hierophant:Sermon","hierophant:HolyVerse"],"picked":"hierophant:CursedGold","floor":5},{"not_picked":["hierophant:ThreeLashes","hierophant:Invocation"],"picked":"hierophant:Refuge","floor":6},{"not_picked":["hierophant:Sermon","hierophant:Empathy"],"picked":"hierophant:ArchangelShield","floor":8},{"not_picked":["hierophant:ThreeLashes","hierophant:PassingBell","hierophant:Shelter"],"picked":"SKIP","floor":11},{"not_picked":["hierophant:DisplayOfPower","hierophant:Exaltation","hierophant:SealAway"],"picked":"SKIP","floor":14}],"player_experience":147050,"relics_obtained":[{"floor":6,"key":"Shuriken"},{"floor":8,"key":"Vajra"},{"floor":9,"key":"reliquary:Knoch"}],"event_choices":[{"damage_healed":0,"gold_gain":275,"player_choice":"Desecrate","damage_taken":0,"max_hp_gain":0,"max_hp_loss":0,"event_name":"Golden Shrine","floor":2,"gold_loss":0,"cards_obtained":["Regret"]},{"damage_healed":0,"gold_gain":0,"player_choice":"Lose Max HP","damage_taken":0,"relics_obtained":["Golden Idol"],"max_hp_gain":0,"max_hp_loss":6,"event_name":"Golden Idol","floor":7,"gold_loss":0},{"damage_healed":0,"gold_gain":0,"player_choice":"0 cards matched","damage_taken":0,"max_hp_gain":0,"max_hp_loss":0,"event_name":"Match and Keep!","floor":13,"gold_loss":0,"cards_obtained":[]}],"is_beta":false,"boss_relics":[],"items_purged_floors":[3],"is_endless":false,"potions_floor_spawned":[1,5,6,11,14],"killed_by":"Hexaghost","ascension_level":1}}