{"host":"rwiy0nr47d6nmxat","time":1614391239,"event":{"mods":["2.2 Compatiblity","AchievementEnabler","Act Like it!","Aspiration","BaseMod","Better Note","Better Sensory Stone","Block Reminder","Challenge The Spire","Colored Map","Colored Powertips","Conspire","Curses Come First","Elementarium","Highlight Path","Hubris","Infinite Spire","Mad Scientist","Minty Spire (QoL Compilation)","Permanent Neow","Quick Restart","Rare Cards Sparkle","Reliquary","Replay The Spire","Ruina","Spire Arcade","StSLib","SuperFastMode","The Cursed","TheFirefly","slay the spire mod where everything is the same but ironclad has a cowboy hat"],"gold_per_floor":[113,128,2,21,33,67,67,67,67],"floor_reached":8,"language":"ENG","playtime":276,"items_purged":[],"score":111,"play_id":"64376faa-e5f5-4b36-8add-801254200b49","local_time":"20210226210039","is_ascension_mode":true,"campfire_choices":[],"circlet_count":0,"master_deck":["conspire:GhostlyStrike","conspire:GhostlyStrike","conspire:GhostlyStrike","conspire:GhostlyStrike","conspire:GhostlyDefend","conspire:GhostlyDefend","conspire:GhostlyDefend","conspire:GhostlyDefend+1","Zap","Dualcast","Sweeping Beam","Ball Lightning","Replay:Dark Deal","Replay:Sssssssssshield","hubris:Ssssneak","ReplayTheSpireMod:Dual Polarity","Seek","Self Repair"],"relics":["Cracked Core","ReplayTheSpireMod:ShopPack","hubris:OldNail"],"acts_visited":["Exordium"],"potions_floor_usage":[6,6],"damage_taken":[{"damage":6,"enemies":"Jaw Worm","floor":1,"turns":4},{"damage":8,"enemies":"2 Louse","floor":2,"turns":2},{"damage":10,"enemies":"Small Slimes","floor":4,"turns":3},{"damage":15,"enemies":"Exordium Thugs","floor":5,"turns":4},{"damage":25,"enemies":"3 Sentries","floor":6,"turns":6},{"damage":13,"enemies":"Lagavulin","floor":8,"turns":2}],"seed_played":"8493794913949145231","potions_obtained":[{"floor":1,"key":"LiquidMemories"},{"floor":2,"key":"Ancient Potion"},{"floor":6,"key":"Energy Potion"}],"is_trial":false,"path_per_floor":["M","M","$","M","M","E","?","E"],"character_chosen":"DEFECT","items_purchased":["ReplayTheSpireMod:ShopPack"],"campfire_rested":0,"item_purchase_floors":[3],"current_hp_per_floor":[69,61,61,51,36,11,11,0,0],"gold":67,"neow_bonus":"RANDOM_EVENT","is_daily":false,"chose_seed":false,"campfire_upgraded":0,"win_rate":0.0,"timestamp":1614391239,"path_taken":["M","M","$","M","M","E","?","E"],"items_purchased_type":["Relic"],"build_version":"2020-12-22","purchased_purges":0,"victory":false,"max_hp_per_floor":[75,75,75,75,75,75,75,75,75],"card_choices":[{"not_picked":["Leap","Undo"],"picked":"Sweeping Beam","floor":1},{"not_picked":["Gash","Streamline"],"picked":"Ball Lightning","floor":2},{"not_picked":["Sadistic Nature","Panache"],"picked":"Replay:Dark Deal","floor":3},{"not_picked":["Madness","Flash of Steel"],"picked":"Replay:Sssssssssshield","floor":3},{"not_picked":["Crow Ritual","Violence"],"picked":"hubris:Ssssneak","floor":3},{"not_picked":["Beam Cell","hubris:Ukulele"],"picked":"ReplayTheSpireMod:Dual Polarity","floor":4},{"not_picked":["Steam Power","Aggregate"],"picked":"Seek","floor":5},{"not_picked":["Gash","Consume"],"picked":"Self Repair","floor":6}],"player_experience":82002,"relics_obtained":[{"floor":6,"key":"hubris:OldNail"}],"event_choices":[{"damage_healed":0,"gold_gain":0,"player_choice":"Agree","damage_taken":0,"max_hp_gain":0,"max_hp_loss":0,"event_name":"conspire:LoneGhost","floor":7,"gold_loss":0}],"is_beta":false,"boss_relics":[],"items_purged_floors":[],"is_endless":false,"potions_floor_spawned":[1,2,6],"killed_by":"Lagavulin","ascension_level":1}}