{"host":"kaame4qwxxqnygv7","time":1614450944,"event":{"mods":["AchievementEnabler","BaseMod","Better Match","Better Skull","Better Third Choice","BetterRewards","Block Reminder","Bossed Relics","DeckTracker","Energized Spire","GungeonMod","Minty Spire (QoL Compilation)","Quick Restart","Red Circlet Mod","StSLib","SuperFastMode","The Blue Laboratory"],"gold_per_floor":[109,109,125,125,125,125,150,167,167,167,186,186,186,218,218,317,317,332,348,18,18,36,71,71,84,84,84,98,114,134,154,164,164,164,267,267,280,294,294,294,318,349,349,148,148,76,103,8,23,36,36,36],"floor_reached":53,"language":"KOR","playtime":9025,"items_purged":["Strike_R","Strike_R"],"score":944,"play_id":"06c49f2f-7ca7-4bc9-b8d1-f00dfbe7bcf7","local_time":"20210228033544","is_ascension_mode":true,"campfire_choices":[{"data":"Warcry","floor":6.0,"key":"SMITH"},{"data":"True Grit","floor":10.0,"key":"SMITH"},{"floor":12.0,"key":"REST"},{"data":"Searing Blow","floor":15.0,"key":"SMITH"},{"data":"Burning Pact","floor":27.0,"key":"SMITH"},{"data":"Dark Embrace","floor":33.0,"key":"SMITH"},{"data":"Corruption","floor":43,"key":"SMITH"},{"data":"Apotheosis","floor":51,"key":"SMITH"}],"circlet_count":0,"master_deck":["Strike_R","Strike_R","Defend_R","Defend_R","Defend_R","Defend_R","Bash","Warcry+1","True Grit+1","Searing Blow+1","Double Tap","Dark Embrace+1","Burning Pact+1","Burning Pact+1","Warcry+1","Havoc","Corruption+1","Sever Soul","True Grit+1","Offering","Apotheosis+1","Feel No Pain","Parasite","Wild Strike+1"],"relics":["Burning Blood","Torii","Dead Branch","DemoMod:ClearGuonStone","Self Forming Clay","Tiny Chest","Bottled Lightning","FossilizedHelix","DemoMod:Bottle","Mark of Pain","Membership Card","DemoMod:Orange","Toy Ornithopter","TungstenRod","DemoMod:RatBoots","DemoMod:ResourcefulSack","DemoMod:PartiallyEatenCheese","Centennial Puzzle","HandDrill","Molten Egg 2","DemoMod:WhiteGuonStone","DemoMod:GundromedaStrain"],"acts_visited":["Exordium","TheCity","DemoMod:Maze","TheBeyond"],"potions_floor_usage":[],"damage_taken":[{"damage":6.0,"enemies":"Small Slimes","floor":1.0,"turns":4.0},{"damage":0.0,"enemies":"Cultist","floor":3.0,"turns":3.0},{"damage":34.0,"enemies":"Gremlin Nob","floor":7.0,"turns":5.0},{"damage":1.0,"enemies":"2 Louse","floor":8.0,"turns":4.0},{"damage":3.0,"enemies":"Lots of Slimes","floor":11.0,"turns":3.0},{"damage":18.0,"enemies":"Lagavulin","floor":14.0,"turns":5.0},{"damage":28.0,"enemies":"Hexaghost","floor":16.0,"turns":11.0},{"damage":0.0,"enemies":"Spheric Guardian","floor":18.0,"turns":4.0},{"damage":13.0,"enemies":"2 Thieves","floor":19.0,"turns":3.0},{"damage":8.0,"enemies":"Shelled Parasite and Fungi","floor":22.0,"turns":4.0},{"damage":31.0,"enemies":"Slavers","floor":23.0,"turns":5.0},{"damage":16.0,"enemies":"Centurion and Healer","floor":25.0,"turns":5.0},{"damage":0.0,"enemies":"DemoMod:Veteran_shot_gun_kin_and_bullet_kin","floor":28.0,"turns":5.0},{"damage":5.0,"enemies":"DemoMod:4_Bullet_Kins_with_one_veteran","floor":29.0,"turns":5.0},{"damage":3.0,"enemies":"DemoMod:Veteran_shot_gun_kin_and_blue_shotgun_kin","floor":30.0,"turns":2.0},{"damage":0.0,"enemies":"DemoMod:2_Mousers","floor":31.0,"turns":4.0},{"damage":1.0,"enemies":"DemoMod:Red_and_blue_shotgun_kin_with_gunsinger","floor":32.0,"turns":4.0},{"damage":3,"enemies":"DemoMod:ResourcefulRat","floor":34,"turns":15},{"damage":0,"enemies":"DemoMod:ResourcefulRat","floor":35,"turns":17},{"damage":10,"enemies":"Orb Walker","floor":37,"turns":1},{"damage":0,"enemies":"3 Shapes","floor":38,"turns":3},{"damage":0,"enemies":"Giant Head","floor":42,"turns":3},{"damage":5,"enemies":"Reptomancer","floor":47,"turns":2},{"damage":10,"enemies":"3 Darklings","floor":49,"turns":1},{"damage":7,"enemies":"Writhing Mass","floor":50,"turns":2},{"damage":33,"enemies":"Time Eater","floor":52,"turns":7}],"seed_played":"-3808719915949771817","potions_obtained":[{"floor":1.0,"key":"blueLaboratory:BottleOfRum"},{"floor":8.0,"key":"Dexterity Potion"},{"floor":11.0,"key":"blueLaboratory:IronCompound"},{"floor":16.0,"key":"blueLaboratory:FruitPunch"},{"floor":23.0,"key":"blueLaboratory:LouseDecoction"},{"floor":30.0,"key":"blueLaboratory:PhilterOfMotion"},{"floor":35,"key":"Fire Potion"},{"floor":47,"key":"Block Potion"},{"floor":49,"key":"blueLaboratory:FrostheartPotion"}],"is_trial":false,"path_per_floor":["M","?","M","T","?","R","E","M","T","R","M","R","?","E","R","B",null,"M","M","$","?","M","E","T","M","T","R","M","M","M","M","M","R","B","B",null,"M","M","?","?","T","E","R","$","T","$","E","$","M","M","R","B",null],"character_chosen":"IRONCLAD","items_purchased":["Dead Branch","DemoMod:ClearGuonStone","DemoMod:GnawedKey","Membership Card","DemoMod:Orange","Offering","HandDrill","DemoMod:WhiteGuonStone","Apotheosis"],"campfire_rested":1,"item_purchase_floors":[0,0,0,20,20,44,44,46,48],"current_hp_per_floor":[36,36,42,42,68,68,40,45,45,45,48,72,72,60,60,38,70,76,71,83,83,87,80,80,88,93,93,94,94,94,94,94,94,94,94,94,90,94,89,89,89,89,89,89,89,89,89,89,85,84,84,57],"gold":36,"neow_bonus":"","is_daily":false,"chose_seed":false,"campfire_upgraded":7,"win_rate":0.0,"timestamp":1614450944,"path_taken":["M","?","?","?","?","R","E","M","T","R","M","R","?","E","R","BOSS","M","M","$","?","M","E","?","?","T","R","M","M","M","M","M","R","BOSS","BOSS","M","M","?","?","?","E","R","$","T","?","E","$","M","M","R","BOSS"],"items_purchased_type":["Relic","Relic","Relic","Relic","Relic","Card","Relic","Relic","Card"],"build_version":"2020-12-22","purchased_purges":2,"victory":true,"max_hp_per_floor":[80,80,80,80,80,80,80,80,80,80,80,80,80,80,80,80,80,80,82,94,94,94,94,94,94,94,94,94,94,94,94,94,94,94,94,94,94,94,89,89,89,89,89,89,89,89,89,89,89,89,89,89],"card_choices":[{"not_picked":["Pommel Strike","Shrug It Off","Flame Barrier"],"picked":"SKIP","floor":1.0},{"not_picked":["Cleave","Shrug It Off"],"picked":"Warcry","floor":3.0},{"not_picked":["Armaments","Ghostly Armor"],"picked":"True Grit","floor":7.0},{"not_picked":["Heavy Blade","Reaper","Cleave"],"picked":"SKIP","floor":8.0},{"not_picked":["Body Slam","Cleave","Flex"],"picked":"SKIP","floor":11.0},{"not_picked":["Anger","Shrug It Off","DemoMod:BlackBlade"],"picked":"SKIP","floor":14.0},{"not_picked":["Juggernaut","Immolate"],"picked":"Double Tap","floor":16.0},{"not_picked":["Iron Wave","Clothesline","Spot Weakness"],"picked":"SKIP","floor":18.0},{"not_picked":["Wild Strike+1","Perfected Strike","Armaments"],"picked":"SKIP","floor":19.0},{"not_picked":["Anger+1","Body Slam+1","Hemokinesis+1"],"picked":"SKIP","floor":22.0},{"not_picked":["Whirlwind","Pummel"],"picked":"Dark Embrace","floor":23.0},{"not_picked":["Searing Blow","Armaments+1"],"picked":"Burning Pact","floor":25.0},{"not_picked":["Rampage","Headbutt+1"],"picked":"Burning Pact+1","floor":28.0},{"not_picked":["Clash","Combust+1"],"picked":"Warcry+1","floor":29.0},{"not_picked":["Infernal Blade","Combust","Heavy Blade+1"],"picked":"SKIP","floor":30.0},{"not_picked":["Headbutt","Inflame","Uppercut"],"picked":"SKIP","floor":31.0},{"not_picked":["Thunderclap+1","Pummel"],"picked":"Havoc","floor":32.0},{"not_picked":["Demon Form","Juggernaut"],"picked":"Corruption","floor":35},{"not_picked":["Cleave+1","Disarm"],"picked":"Sever Soul","floor":36},{"not_picked":["Twin Strike+1","Clothesline"],"picked":"True Grit+1","floor":37},{"not_picked":["Shrug It Off+1","Twin Strike","Clothesline"],"picked":"SKIP","floor":38},{"not_picked":["Whirlwind","Pommel Strike+1","Cleave+1"],"picked":"SKIP","floor":42},{"not_picked":["Heavy Blade+1","Combust","Warcry"],"picked":"SKIP","floor":47},{"not_picked":["Shrug It Off","Metallicize+1"],"picked":"Feel No Pain","floor":49},{"not_picked":["True Grit+1","Anger+1"],"picked":"Wild Strike+1","floor":50}],"player_experience":356797,"relics_obtained":[{"floor":4.0,"key":"Tiny Chest"},{"floor":7.0,"key":"Bottled Lightning"},{"floor":9.0,"key":"FossilizedHelix"},{"floor":14.0,"key":"DemoMod:Bottle"},{"floor":23.0,"key":"Toy Ornithopter"},{"floor":24.0,"key":"TungstenRod"},{"floor":36,"key":"DemoMod:RatBoots"},{"floor":36,"key":"DemoMod:ResourcefulSack"},{"floor":36,"key":"DemoMod:PartiallyEatenCheese"},{"floor":42,"key":"Centennial Puzzle"},{"floor":45,"key":"Molten Egg 2"},{"floor":47,"key":"DemoMod:GundromedaStrain"}],"event_choices":[{"damage_healed":0.0,"max_hp_gain":0.0,"max_hp_loss":0.0,"gold_gain":0.0,"event_name":"WeMeetAgain","player_choice":"Gave Potion","floor":2.0,"gold_loss":0.0,"damage_taken":0.0,"relics_obtained":["Self Forming Clay"]},{"damage_healed":26.0,"max_hp_gain":0.0,"max_hp_loss":0.0,"gold_gain":0.0,"event_name":"Big Fish","player_choice":"Banana","floor":5.0,"gold_loss":0.0,"damage_taken":0.0},{"damage_healed":0.0,"max_hp_gain":0.0,"max_hp_loss":0.0,"gold_gain":0.0,"cards_transformed":["Strike_R"],"event_name":"Transmorgrifier","player_choice":"Transformed","floor":13.0,"gold_loss":0.0,"damage_taken":0.0,"cards_obtained":["Searing Blow"]},{"damage_healed":0,"gold_gain":0,"player_choice":"Max HP","damage_taken":0,"max_hp_gain":0,"max_hp_loss":5,"event_name":"Winding Halls","floor":39,"gold_loss":0},{"damage_healed":0,"gold_gain":0,"player_choice":"Ignored","damage_taken":0,"max_hp_gain":0,"max_hp_loss":0,"event_name":"Falling","floor":40,"gold_loss":0}],"is_beta":false,"boss_relics":[{"not_picked":["Black Blood","SacredBark"],"picked":"Mark of Pain"},{"not_picked":[]}],"items_purged_floors":[20,44],"is_endless":false,"potions_floor_spawned":[1,8,11,16,23,30,35,47,49,50],"ascension_level":8}}