{"host":"z439itq93uucuvou","time":1614448591,"event":{"mods":["BaseMod","Colored Powertips","Downfall","Jorbs\u0027s Wanderer Trilogy","Minty Spire (QoL Compilation)","StSLib"],"gold_per_floor":[99,113,132,151,161,191,191,208,32,32,32,60,60,78,91,195,195,195,195,195,195],"floor_reached":19,"language":"ENG","playtime":1192,"items_purged":[],"score":214,"play_id":"b3f352ff-fe0c-49d9-8fbb-dee4c03a09f9","local_time":"20210227095631","is_ascension_mode":true,"campfire_choices":[{"data":"bronze:Goto","floor":1.0,"key":"SMITH"},{"data":"Parasite","floor":11.0,"key":"PURGE"},{"data":"bronze:Strike","floor":13.0,"key":"PURGE"},{"data":"bronze:Terminator","floor":18.0,"key":"SMITH"}],"circlet_count":0,"master_deck":["bronze:Strike","bronze:Defend","bronze:Defend","bronze:Defend","bronze:Defend","bronze:Replicate","bronze:Goto+1","bronze:Boost","bronze:BronzeArmor","bronze:Repulsor","bronze:DigitalCarnage","bronze:TinkerersToolbox","bronze:Invalidate","bronze:ChosenStrike","bronze:Overheat","bronze:Optimize","bronze:Terminator+1","bronze:Frontload","bronze:FineTuning","bronze:ThunderWave"],"relics":["bronze:BronzeCore","Slimebound:PreparedRelic","Peace Pipe","Dead Branch","Runic Pyramid"],"acts_visited":["Exordium","TheCity"],"potions_floor_usage":[],"damage_taken":[{"damage":1.0,"enemies":"Cultist","floor":2.0,"turns":4.0},{"damage":0.0,"enemies":"Small Slimes","floor":3.0,"turns":3.0},{"damage":2.0,"enemies":"Jaw Worm","floor":4.0,"turns":4.0},{"damage":2.0,"enemies":"Blue Slaver","floor":5.0,"turns":6.0},{"damage":23.0,"enemies":"3 Sentries","floor":6.0,"turns":9.0},{"damage":0.0,"enemies":"2 Fungi Beasts","floor":8.0,"turns":3.0},{"damage":0.0,"enemies":"downfall:FleeingMerchant","floor":9.0,"turns":4.0},{"damage":0.0,"enemies":"Gremlin Nob","floor":12.0,"turns":2.0},{"damage":0.0,"enemies":"Lots of Slimes","floor":14.0,"turns":3.0},{"damage":8.0,"enemies":"Gremlin Gang","floor":15.0,"turns":4.0},{"damage":10.0,"enemies":"IC_STATUS_ARCHETYPE","floor":16.0,"turns":9.0},{"damage":0,"enemies":"3 Byrds","floor":19,"turns":2}],"seed_played":"5189006964989742649","potions_obtained":[{"floor":2.0,"key":"sneckomod:MuddlingPotion"},{"floor":3.0,"key":"FearPotion"},{"floor":6.0,"key":"DistilledChaos"},{"floor":14.0,"key":"GamblersBrew"},{"floor":15.0,"key":"ColorlessPotion"},{"floor":16.0,"key":"Dexterity Potion"}],"is_trial":false,"path_per_floor":["R","M","M","M","M","E","T","M","$","?","R","E","R","M","M","B",null,"R","M"],"character_chosen":"THE_AUTOMATON","items_purchased":["bronze:ChosenStrike","bronze:Overheat","bronze:Optimize"],"campfire_rested":0,"item_purchase_floors":[9,9,9],"current_hp_per_floor":[49,48,48,46,44,21,21,21,21,38,38,38,38,38,30,20,67,67,67,67,67],"gold":195,"neow_bonus":"REMOVE_TWO","is_daily":false,"chose_seed":false,"campfire_upgraded":2,"win_rate":0.0,"timestamp":1614448591,"path_taken":["R","M","M","M","M","E","T","?","$","?","R","E","R","M","M","BOSS","R","M"],"items_purchased_type":["Card","Card","Card"],"build_version":"2020-12-22","purchased_purges":0,"victory":false,"max_hp_per_floor":[70,70,70,70,70,70,70,70,70,70,67,67,67,67,67,67,67,67,67,67,67],"card_choices":[{"not_picked":["bronze:Fortify","bronze:Constructor"],"picked":"bronze:Boost","floor":2.0},{"not_picked":["bronze:WildBeam","bronze:WhirlingStrike"],"picked":"bronze:BronzeArmor","floor":3.0},{"not_picked":["bronze:BuggyMess","bronze:OilSpill"],"picked":"bronze:Repulsor","floor":4.0},{"not_picked":["bronze:Turbo","bronze:BugBarrage","bronze:InfiniteBeams"],"picked":"SKIP","floor":5.0},{"not_picked":["bronze:DelayedSlice","bronze:ChildClass"],"picked":"bronze:DigitalCarnage","floor":6.0},{"not_picked":["bronze:WildBeam","bronze:Shield"],"picked":"bronze:TinkerersToolbox","floor":8.0},{"not_picked":["bronze:DigitalCarnage","bronze:WildBeam"],"picked":"bronze:Invalidate","floor":9.0},{"not_picked":["bronze:InfiniteBeams","bronze:Branch"],"picked":"bronze:Terminator","floor":12.0},{"not_picked":["bronze:Constructor","bronze:DelayedSlice"],"picked":"bronze:Frontload","floor":14.0},{"not_picked":["bronze:Allocate","bronze:Iterate"],"picked":"bronze:FineTuning","floor":15.0},{"not_picked":["bronze:RecursiveStrike","bronze:HyperBeam"],"picked":"bronze:ThunderWave","floor":16.0}],"player_experience":1769964,"relics_obtained":[{"floor":6.0,"key":"Slimebound:PreparedRelic"},{"floor":7.0,"key":"Peace Pipe"},{"floor":12.0,"key":"Dead Branch"}],"event_choices":[{"damage_healed":17.0,"max_hp_gain":0.0,"max_hp_loss":0.0,"gold_gain":0.0,"event_name":"Mushrooms","player_choice":"Healed and dodged fight","floor":10.0,"gold_loss":0.0,"damage_taken":0.0,"cards_obtained":["Parasite"]}],"is_beta":false,"boss_relics":[{"not_picked":["Astrolabe","Coffee Dripper"],"picked":"Runic Pyramid"}],"items_purged_floors":[],"is_endless":false,"potions_floor_spawned":[2,3,6,14,15,16],"killed_by":"3 Byrds","ascension_level":1}}