{"host":"338bkdl2yirdp2ct","time":1614453124,"event":{"mods":["AchievementEnabler","BaseMod","Challenge The Spire","Colored Powertips","Custom Start","Dark Map","DeckTracker","Highlight Path","Minty Spire (QoL Compilation)","Quick Restart","Random Character Button","Relic Sorter","Relic Stats","Uncapped","Unceasing Turn Reminder","slay the spire mod where everything is the same but ironclad has a cowboy hat"],"gold_per_floor":[750,353,396,432,470,470,172,172,215,215,215],"floor_reached":10,"language":"ENG","playtime":238,"items_purged":[],"score":245,"play_id":"3601c1dd-d5e0-489a-93a7-eb872a87a4a2","local_time":"20210227111204","daily_mods":["challengethespire:Gold Difficulty","challengethespire:Elite Rush","Uncertain Future"],"is_ascension_mode":true,"campfire_choices":[{"data":"Entrench","floor":8,"key":"SMITH"}],"circlet_count":0,"master_deck":["AscendersBane","Strike_R","Strike_R","Strike_R","Strike_R","Strike_R","Defend_R","Defend_R","Defend_R","Defend_R","Bash","Headbutt","Entrench+1","Feel No Pain","Flame Barrier","True Grit","Shockwave"],"relics":["Burning Blood","Black Star","Sling","PreservedInsect","Brimstone","CeramicFish","Calipers","Happy Flower","Ice Cream","Anchor","Bottled Flame","Sozu","ClockworkSouvenir","Oddly Smooth Stone","Ancient Tea Set","Ornamental Fan"],"acts_visited":["Exordium"],"potions_floor_usage":[3,3],"damage_taken":[{"damage":0,"enemies":"Lagavulin","floor":3,"turns":3},{"damage":0,"enemies":"Gremlin Nob","floor":4,"turns":2},{"damage":15,"enemies":"3 Sentries","floor":5,"turns":5},{"damage":49,"enemies":"Book of Stabbing","floor":9,"turns":4},{"damage":35,"enemies":"Slavers","floor":10,"turns":2}],"seed_played":"-6072675867633058602","potions_obtained":[],"is_trial":true,"path_per_floor":["$","$","E","E","E","T","$","R","E","E"],"character_chosen":"IRONCLAD","items_purchased":["Headbutt","Entrench","Brimstone","AttackPotion","DuplicationPotion","ClockworkSouvenir","Oddly Smooth Stone"],"campfire_rested":0,"item_purchase_floors":[2,2,2,2,2,7,7],"current_hp_per_floor":[68,68,74,75,66,66,66,66,23,0,0],"gold":215,"neow_bonus":"","is_daily":false,"chose_seed":false,"campfire_upgraded":1,"win_rate":0.0,"timestamp":1614453124,"path_taken":["$","$","E","E","E","T","$","R","E","E"],"items_purchased_type":["Card","Card","Relic","Potion","Potion","Relic","Relic"],"build_version":"2020-12-22","purchased_purges":0,"victory":false,"max_hp_per_floor":[75,75,75,75,75,75,75,75,75,75,75],"relic_stats":{"Sozu":1,"Happy Flower":[3],"counters":[5,16],"Ornamental Fan":[0],"CeramicFish":36,"PreservedInsect":168,"Black Star":4,"obtain_stats":[{"Ice Cream":4,"Calipers":3,"Happy Flower":4,"CeramicFish":3,"Oddly Smooth Stone":7,"PreservedInsect":0,"Sling":0,"Ancient Tea Set":9,"Burning Blood":0,"ClockworkSouvenir":7,"Sozu":6,"Anchor":5,"Bottled Flame":5,"Brimstone":2,"Ornamental Fan":9,"Black Star":0},{"Ice Cream":2,"Calipers":1,"Happy Flower":2,"CeramicFish":1,"Oddly Smooth Stone":3,"PreservedInsect":0,"Sling":0,"Ancient Tea Set":4,"Burning Blood":0,"ClockworkSouvenir":3,"Sozu":3,"Anchor":3,"Bottled Flame":3,"Brimstone":0,"Ornamental Fan":4,"Black Star":0},{"Ice Cream":5,"Calipers":3,"Happy Flower":5,"CeramicFish":3,"Oddly Smooth Stone":10,"PreservedInsect":0,"Sling":0,"Ancient Tea Set":14,"Burning Blood":0,"ClockworkSouvenir":10,"Sozu":10,"Anchor":10,"Bottled Flame":10,"Brimstone":0,"Ornamental Fan":14,"Black Star":0}],"Burning Blood":19},"card_choices":[],"player_experience":1185356,"relics_obtained":[{"floor":3,"key":"CeramicFish"},{"floor":3,"key":"Calipers"},{"floor":4,"key":"Happy Flower"},{"floor":4,"key":"Ice Cream"},{"floor":5,"key":"Anchor"},{"floor":5,"key":"Bottled Flame"},{"floor":9,"key":"Ancient Tea Set"},{"floor":9,"key":"Ornamental Fan"}],"event_choices":[],"is_beta":false,"boss_relics":[{"not_picked":["SacredBark","Ectoplasm"],"picked":"Sozu"}],"items_purged_floors":[],"is_endless":false,"potions_floor_spawned":[9],"killed_by":"Slavers","ascension_level":15}}