{"host":"nv1rw0372aj1kj6e","time":1614424365,"event":{"mods":["AchievementEnabler","BaseMod","Minty Spire (QoL Compilation)","Rare Cards Sparkle","Replay The Spire","StSLib","everything is the same but u backflip on backflip"],"gold_per_floor":[114,132,207,207,21,21,21],"floor_reached":6,"language":"ENG","playtime":333,"items_purged":["Amnesia"],"score":53,"play_id":"35b8ccd8-5560-4fb6-988f-cf5fad31777b","local_time":"20210227121245","is_ascension_mode":true,"campfire_choices":[],"circlet_count":0,"master_deck":["AscendersBane","Strike_G","Strike_G","Strike_G","Strike_G","Strike_G","Defend_G","Defend_G","Defend_G","Defend_G","Defend_G","Survivor","Neutralize","ReplayTheSpireMod:Scrap Shanks","ReplayTheSpireMod:Scrap Shanks","Fluid Movement+1"],"relics":["Ring of the Snake","Turnip","Replay:PocketPolymizer","ReplayTheSpireMod:CursedCoin","Happy Flower"],"acts_visited":["Exordium"],"potions_floor_usage":[6],"damage_taken":[{"damage":3,"enemies":"Jaw Worm","floor":1,"turns":5},{"damage":2,"enemies":"Small Slimes","floor":2,"turns":4},{"damage":19,"enemies":"Gremlin Nob","floor":6,"turns":3}],"seed_played":"8847445128131960778","potions_obtained":[{"floor":1,"key":"Milkshake"}],"is_trial":false,"path_per_floor":["M","M","?","?","$","E"],"character_chosen":"THE_SILENT","items_purchased":["ReplayTheSpireMod:CursedCoin","Happy Flower","PowerPotion","Fluid Movement+1"],"campfire_rested":0,"item_purchase_floors":[5,5,5,5],"current_hp_per_floor":[42,40,29,11,11,0,0],"gold":21,"neow_bonus":"ONE_RARE_RELIC","is_daily":false,"chose_seed":false,"campfire_upgraded":0,"win_rate":0.0,"timestamp":1614424365,"path_taken":["M","M","?","?","$","E"],"items_purchased_type":["Relic","Relic","Potion","Card"],"build_version":"2020-12-22","purchased_purges":1,"victory":false,"max_hp_per_floor":[70,70,70,70,70,70,70],"card_choices":[{"not_picked":["Flechettes","Predator"],"picked":"ReplayTheSpireMod:Scrap Shanks","floor":1},{"not_picked":["Caltrops","Prepared"],"picked":"ReplayTheSpireMod:Scrap Shanks","floor":2}],"player_experience":249410,"relics_obtained":[],"event_choices":[{"damage_healed":0,"gold_gain":75,"player_choice":"Gather Gold","damage_taken":11,"max_hp_gain":0,"max_hp_loss":0,"event_name":"World of Goop","floor":3,"gold_loss":0},{"damage_healed":0,"gold_gain":0,"player_choice":"Success","damage_taken":18,"relics_obtained":["Replay:PocketPolymizer"],"max_hp_gain":0,"max_hp_loss":0,"event_name":"Scrap Ooze","floor":4,"gold_loss":0}],"is_beta":false,"boss_relics":[],"items_purged_floors":[5],"is_endless":false,"potions_floor_spawned":[1],"killed_by":"Gremlin Nob","ascension_level":11}}