{"host":"p4uvwq8t1ek3wppa","time":1614435560,"event":{"mods":["Aspiration","BaseMod","Colored Map","Colored Powertips","DeckTracker","Highlight Path","Hubris","Infinite Spire","Minty Spire (QoL Compilation)","Quick Restart","Random Character Button","Relic Sorter","Replay The Spire","StSLib","SuperFastMode","Synergy Search","The Cursed","The Disciple","The Jungle","The Runesmith"],"gold_per_floor":[112,112,4,20,20,50,50,80,80,26,52,90,106,110,110],"floor_reached":14,"language":"ENG","playtime":982,"items_purged":[],"score":113,"play_id":"a3b23ee1-f08c-4910-8356-89d9cd654a74","local_time":"20210227151920","is_ascension_mode":true,"campfire_choices":[{"floor":7,"key":"REST"}],"circlet_count":0,"master_deck":["Strike_B","Strike_B","Strike_B","Strike_B","Defend_B","Defend_B","Defend_B","Defend_B","Zap","Dualcast","Turbo","ReplayTheSpireMod:Echoes of Time","Self Repair","Double Energy","Stack","Sweeping Beam","ReplayTheSpireMod:GoodbyeWorld","ReplayTheSpireMod:GoodbyeWorld+1","Sweeping Beam","Streamline","FIFO Queue"],"relics":["Cracked Core","Gambling Chip","Replay:Bandana","hubris:TinFlute","Gremlin Food"],"acts_visited":["Exordium"],"potions_floor_usage":[6,14],"damage_taken":[{"damage":1,"enemies":"Cultist","floor":1,"turns":3},{"damage":1,"enemies":"2 Louse","floor":4,"turns":3},{"damage":43,"enemies":"Gremlin Nob","floor":6,"turns":5},{"damage":7,"enemies":"Replay:BlueRogue","floor":8,"turns":7},{"damage":11,"enemies":"Jaw Worm","floor":11,"turns":4},{"damage":21,"enemies":"Lagavulin","floor":12,"turns":8},{"damage":17,"enemies":"Exordium Wildlife","floor":13,"turns":6},{"damage":53,"enemies":"Gremlin Nob","floor":14,"turns":4}],"seed_played":"7076510806169496451","potions_obtained":[{"floor":1,"key":"Ancient Potion"},{"floor":4,"key":"FearPotion"},{"floor":12,"key":"Swift Potion"}],"is_trial":true,"path_per_floor":["M","?","$","M","$","E","R","E","T","$","M","E","M","E"],"character_chosen":"DEFECT","items_purchased":["Self Repair","Double Energy","ReplayTheSpireMod:GoodbyeWorld+1"],"campfire_rested":1,"item_purchase_floors":[3,3,10],"current_hp_per_floor":[74,55,55,61,61,25,47,47,47,47,43,29,19,0,0],"gold":110,"neow_bonus":"","is_daily":false,"chose_seed":false,"campfire_upgraded":0,"win_rate":0.0,"timestamp":1614435560,"path_taken":["M","?","?","M","$","E","R","E","T","?","M","E","M","E"],"items_purchased_type":["Card","Card","Card"],"build_version":"2020-12-22","purchased_purges":0,"victory":false,"max_hp_per_floor":[75,75,75,75,75,75,75,75,75,75,75,75,75,75,75],"card_choices":[{"not_picked":["Ball Lightning","Rebound"],"picked":"Turbo","floor":1},{"not_picked":["infinitespire:SealOfDarkness+","ReplayTheSpireMod:??????????????????????"],"picked":"ReplayTheSpireMod:Echoes of Time","floor":2},{"not_picked":["ReplaySolidLightProjector","Reprogram"],"picked":"Stack","floor":4},{"not_picked":["Sunder","Rebound"],"picked":"Sweeping Beam","floor":6},{"not_picked":["Rebound","Force Field"],"picked":"ReplayTheSpireMod:GoodbyeWorld","floor":8},{"not_picked":["Redo","Panic Button"],"picked":"Sweeping Beam","floor":11},{"not_picked":["Panic Button","Darkness"],"picked":"Streamline","floor":12},{"not_picked":["Hello World","Blizzard"],"picked":"FIFO Queue","floor":13}],"player_experience":323308,"relics_obtained":[{"floor":6,"key":"Gambling Chip"},{"floor":8,"key":"Replay:Bandana"},{"floor":9,"key":"hubris:TinFlute"},{"floor":12,"key":"Gremlin Food"}],"event_choices":[],"is_beta":false,"boss_relics":[],"items_purged_floors":[],"is_endless":false,"potions_floor_spawned":[1,4,12],"killed_by":"Gremlin Nob","ascension_level":1}}