{"host":"emzatosnsokm6754","time":1614442230,"event":{"mods":["Act Like it!","BaseMod","Bossed Relics","Colored Powertips","Dota2Spire","Energized Spire","Minty Spire (QoL Compilation)","Rare Cards Sparkle","Replay The Spire","Ruina","Small Relic Pack","StSLib","The Hierophant","The Servant 0.9.4"],"gold_per_floor":[117,137,137,147,222,222,16,11,11,11,28,46,63,82,82,155,155,166,166,14,14,18,18,18,18],"floor_reached":24,"language":"ENG","playtime":837,"items_purged":[],"score":190,"play_id":"3b855cee-ece9-4729-a8a8-8f00016eba19","local_time":"20210228051030","is_ascension_mode":false,"campfire_choices":[{"data":"hierophant:Smite","floor":6,"key":"SMITH"},{"data":"hierophant:Patience","floor":15,"key":"SMITH"},{"floor":23,"key":"REST"}],"circlet_count":0,"master_deck":["hierophant:Strike_Hierophant","hierophant:Strike_Hierophant","hierophant:Punish","hierophant:Defend_Hierophant","hierophant:Defend_Hierophant","hierophant:Defend_Hierophant","hierophant:Defend_Hierophant","hierophant:ChurchCoffers+1","hierophant:Smite+1","hierophant:MorningPrayer","hierophant:Smite","hierophant:FaithHealing","hierophant:Patience+1","hierophant:HolyVerse","hierophant:Blessing+1","hierophant:Anathema","hierophant:Smite","hierophant:Blessing+1","hierophant:DisplayOfPower+1"],"relics":["hierophant:PropheticMaskRelic","Replay:Wax Seal","Sling","Dota2Spire:OrchidMalevolence","energizedSpire:RedRose","Dota2Spire:UrnOfShadows"],"acts_visited":["Exordium","ruina:Briah"],"potions_floor_usage":[16,24],"damage_taken":[{"damage":1,"enemies":"Cultist","floor":1,"turns":3},{"damage":0,"enemies":"Small Slimes","floor":2,"turns":1},{"damage":0,"enemies":"2 Louse","floor":4,"turns":1},{"damage":10,"enemies":"Exordium Thugs","floor":8,"turns":3},{"damage":0,"enemies":"3 Louse","floor":11,"turns":2},{"damage":11,"enemies":"Large Slime","floor":12,"turns":2},{"damage":0,"enemies":"Gremlin Gang","floor":13,"turns":2},{"damage":11,"enemies":"Exordium Wildlife","floor":14,"turns":3},{"damage":13,"enemies":"The Guardian","floor":16,"turns":9},{"damage":21,"enemies":"ruina:Nosferatu","floor":18,"turns":5},{"damage":49,"enemies":"ruina:BadWolf","floor":22,"turns":6},{"damage":34,"enemies":"ruina:ServantOfWrath","floor":24,"turns":5}],"seed_played":"-7981330613089942305","potions_obtained":[{"floor":8,"key":"PowerPotion"},{"floor":11,"key":"SteroidPotion"},{"floor":16,"key":"Weak Potion"}],"is_trial":false,"path_per_floor":["M","M","?","M","?","R","$","M","T","?","M","M","M","M","R","B",null,"M","?","$","?","M","R","E"],"character_chosen":"HIEROPHANT","items_purchased":["Replay:Wax Seal","Sling","Dota2Spire:UrnOfShadows"],"campfire_rested":1,"item_purchase_floors":[7,7,20],"current_hp_per_floor":[74,74,79,79,68,68,68,58,58,58,58,47,47,36,36,30,80,59,35,35,35,9,33,0,0],"gold":18,"neow_bonus":"UPGRADE_CARD","is_daily":false,"chose_seed":false,"campfire_upgraded":2,"win_rate":0.0,"timestamp":1614442230,"path_taken":["M","M","?","M","?","R","$","M","T","?","M","M","M","M","R","BOSS","M","?","$","?","?","R","E"],"items_purchased_type":["Relic","Relic","Relic"],"build_version":"2020-12-22","purchased_purges":0,"victory":false,"max_hp_per_floor":[75,75,80,80,80,80,80,80,80,80,80,80,80,80,80,80,80,80,80,80,80,80,80,80,80],"card_choices":[{"not_picked":["hierophant:OrnateBuckler","hierophant:Patience"],"picked":"hierophant:Smite","floor":1},{"not_picked":["hierophant:Doubloon","hierophant:OrnateBuckler"],"picked":"hierophant:MorningPrayer","floor":2},{"not_picked":["hierophant:FieryStrike","hierophant:Blessing"],"picked":"hierophant:Smite","floor":4},{"not_picked":["hierophant:HolyVerse","hierophant:FieryStrike"],"picked":"hierophant:FaithHealing","floor":8},{"not_picked":["hierophant:PassingBell","hierophant:HolyVerse"],"picked":"hierophant:Patience","floor":11},{"not_picked":["hierophant:LocustPlague","hierophant:DisplayOfPower"],"picked":"hierophant:HolyVerse","floor":12},{"not_picked":["hierophant:AuricBeam","hierophant:DisplayOfPower","hierophant:Purify"],"picked":"SKIP","floor":13},{"not_picked":["hierophant:CursedGold","hierophant:ConvertCurrency"],"picked":"hierophant:Blessing","floor":14},{"not_picked":["hierophant:Kindle","hierophant:BulkyChest"],"picked":"hierophant:Anathema","floor":16},{"not_picked":["hierophant:DisplayOfPower","hierophant:FlamingChariot"],"picked":"hierophant:Smite","floor":18},{"not_picked":["hierophant:Exaltation","hierophant:Patience"],"picked":"hierophant:DisplayOfPower+1","floor":22}],"player_experience":240864,"relics_obtained":[{"floor":9,"key":"Dota2Spire:OrchidMalevolence"}],"event_choices":[{"damage_healed":0,"gold_gain":0,"player_choice":"Donut","damage_taken":0,"max_hp_gain":5,"max_hp_loss":0,"event_name":"Big Fish","floor":3,"gold_loss":0},{"damage_healed":0,"gold_gain":75,"player_choice":"Gather Gold","damage_taken":11,"max_hp_gain":0,"max_hp_loss":0,"event_name":"World of Goop","floor":5,"gold_loss":0},{"cards_removed":["hierophant:Strike_Hierophant"],"damage_healed":0,"gold_gain":0,"player_choice":"Card Removal","damage_taken":0,"max_hp_gain":0,"max_hp_loss":0,"event_name":"Wheel of Change","floor":10,"gold_loss":0}],"is_beta":false,"boss_relics":[{"not_picked":["Tiny House","SacredBark"],"picked":"energizedSpire:RedRose"}],"items_purged_floors":[],"is_endless":false,"potions_floor_spawned":[8,11,16],"killed_by":"ruina:ServantOfWrath","ascension_level":0}}