{"host":"d0btaf6p0msba79e","time":1614412725,"event":{"mods":["BaseMod","BetterRewards","Minty Spire (QoL Compilation)"],"gold_per_floor":[118,133,151,168,182,207,207,233,233,159,159,169,94,114,114,214,214,231,246,246,161,236,266,286,315,315,72,98,98,123,143,143,246,246,257,277,277,295,315,315,315,349,349,375,375,393,424,442,442,442,442,442,29,64,64,64],"floor_reached":55,"language":"ENG","playtime":3613,"items_purged":["Strike_P"],"score":1823,"play_id":"3e88d3e5-69b6-4474-a991-dd38636a58e6","local_time":"20210227185845","is_ascension_mode":true,"campfire_choices":[{"floor":7.0,"key":"REST"},{"data":"Eruption","floor":11.0,"key":"SMITH"},{"floor":15.0,"key":"REST"},{"floor":29.0,"key":"REST"},{"floor":32.0,"key":"REST"},{"floor":41.0,"key":"RECALL"},{"floor":45.0,"key":"REST"},{"floor":49.0,"key":"REST"},{"data":"Defend_P","floor":52,"key":"PURGE"}],"circlet_count":0,"master_deck":["AscendersBane","Strike_P","Strike_P","Strike_P","Defend_P","Defend_P","Defend_P","Eruption+1","Vigilance","FollowUp","Protect","Tantrum","SashWhip","WheelKick","Master of Strategy","CarveReality","Brilliance","DeusExMachina","Wallop","CutThroughFate","CutThroughFate","Vault+1","CutThroughFate","Consecrate","Writhe","DevaForm","CutThroughFate+1","TalkToTheHand+1","FearNoEvil+1","Parasite","Apotheosis","CutThroughFate+1"],"relics":["PureWater","Ice Cream","Unceasing Top","Incense Burner","Mummified Hand","Torii","PreservedInsect","Letter Opener","Sozu","Anchor","Gremlin Horn","StrikeDummy","Peace Pipe","Pen Nib","Kunai","Molten Egg 2","Vajra","Philosopher\u0027s Stone","CloakClasp","Art of War","Bottled Flame","Sundial","Shuriken","Bronze Scales"],"acts_visited":["Exordium","TheCity","TheBeyond","TheEnding"],"potions_floor_usage":[],"damage_taken":[{"damage":0.0,"enemies":"Cultist","floor":1.0,"turns":3.0},{"damage":0.0,"enemies":"2 Louse","floor":2.0,"turns":1.0},{"damage":0.0,"enemies":"Small Slimes","floor":3.0,"turns":1.0},{"damage":0.0,"enemies":"2 Fungi Beasts","floor":4.0,"turns":2.0},{"damage":2.0,"enemies":"Blue Slaver","floor":5.0,"turns":3.0},{"damage":0.0,"enemies":"Lagavulin","floor":6.0,"turns":4.0},{"damage":1.0,"enemies":"3 Sentries","floor":8.0,"turns":3.0},{"damage":0.0,"enemies":"Large Slime","floor":12.0,"turns":2.0},{"damage":1.0,"enemies":"Looter","floor":14.0,"turns":2.0},{"damage":0.0,"enemies":"Slime Boss","floor":16.0,"turns":4.0},{"damage":0.0,"enemies":"Shell Parasite","floor":18.0,"turns":2.0},{"damage":0.0,"enemies":"Chosen","floor":19.0,"turns":3.0},{"damage":1.0,"enemies":"Book of Stabbing","floor":23.0,"turns":4.0},{"damage":8.0,"enemies":"Shelled Parasite and Fungi","floor":24.0,"turns":3.0},{"damage":9.0,"enemies":"Slavers","floor":25.0,"turns":4.0},{"damage":26.0,"enemies":"Book of Stabbing","floor":28.0,"turns":4.0},{"damage":0.0,"enemies":"Slavers","floor":30.0,"turns":2.0},{"damage":0.0,"enemies":"Chosen and Byrds","floor":31.0,"turns":3.0},{"damage":21.0,"enemies":"Collector","floor":33.0,"turns":6.0},{"damage":0.0,"enemies":"3 Shapes","floor":35.0,"turns":3.0},{"damage":0.0,"enemies":"3 Darklings","floor":36.0,"turns":2.0},{"damage":32.0,"enemies":"Writhing Mass","floor":38.0,"turns":5.0},{"damage":0.0,"enemies":"Sphere and 2 Shapes","floor":39.0,"turns":3.0},{"damage":22.0,"enemies":"Nemesis","floor":42.0,"turns":6.0},{"damage":0.0,"enemies":"Giant Head","floor":44.0,"turns":4.0},{"damage":0.0,"enemies":"Transient","floor":46.0,"turns":6.0},{"damage":27.0,"enemies":"Nemesis","floor":47.0,"turns":3.0},{"damage":9.0,"enemies":"Writhing Mass","floor":48.0,"turns":6.0},{"damage":53,"enemies":"Awakened One","floor":50,"turns":9},{"damage":44,"enemies":"Shield and Spear","floor":54,"turns":3},{"damage":48,"enemies":"The Heart","floor":55,"turns":4}],"seed_played":"-9198176239783186423","potions_obtained":[{"floor":2.0,"key":"ColorlessPotion"},{"floor":3.0,"key":"EssenceOfSteel"},{"floor":16.0,"key":"EntropicBrew"}],"is_trial":false,"path_per_floor":["M","M","M","M","M","E","R","E","T","$","R","M","$","M","R","B",null,"M","M","?","?","?","E","M","E","T","$","E","R","E","M","R","B",null,"M","M","?","M","M","?","R","E","T","E","R","M","E","M","R","B",null,"R","$","E","B"],"character_chosen":"WATCHER","items_purchased":["Ice Cream","FollowUp","Protect","Tantrum","SashWhip","Mummified Hand","WheelKick","FairyPotion","Master of Strategy","Wallop","Kunai","Shuriken","Apotheosis"],"campfire_rested":6,"item_purchase_floors":[0,0,0,0,0,0,0,0,0,10,27,53,53],"current_hp_per_floor":[23,23,23,23,21,21,42,41,41,41,41,41,41,40,61,61,69,69,69,69,69,62,61,53,44,44,44,18,39,39,39,60,39,64,64,64,64,32,32,63,63,41,41,41,59,59,32,23,41,18,52,52,52,8,0,0],"gold":64,"neow_bonus":"","is_daily":false,"chose_seed":false,"campfire_upgraded":1,"win_rate":0.0,"timestamp":1614412725,"path_taken":["M","?","M","M","M","E","R","E","T","?","R","M","$","M","R","BOSS","M","M","?","?","?","E","M","E","T","$","E","R","E","?","R","BOSS","M","M","?","?","M","?","R","E","T","E","R","M","E","M","R","BOSS","R","$","E","BOSS"],"items_purchased_type":["Relic","Card","Card","Card","Card","Relic","Card","Potion","Card","Card","Relic","Relic","Card"],"build_version":"2020-12-22","purchased_purges":1,"victory":false,"max_hp_per_floor":[72,72,72,72,72,72,72,72,72,72,72,72,72,72,72,72,72,72,72,72,72,72,72,72,72,72,72,72,72,72,72,72,72,72,72,72,72,72,72,63,63,63,63,63,63,63,63,63,63,63,63,63,63,63,63,63],"card_choices":[{"not_picked":["Protect","InnerPeace","EmptyBody"],"picked":"SKIP","floor":1.0},{"not_picked":["InnerPeace","Prostrate","CrushJoints"],"picked":"SKIP","floor":2.0},{"not_picked":["Consecrate","WaveOfTheHand","FlyingSleeves"],"picked":"SKIP","floor":3.0},{"not_picked":["Protect","ClearTheMind","ThirdEye"],"picked":"SKIP","floor":4.0},{"not_picked":["Evaluate","EmptyFist"],"picked":"CarveReality","floor":5.0},{"not_picked":["PathToVictory","SashWhip"],"picked":"Brilliance","floor":6.0},{"not_picked":["WindmillStrike","Swivel"],"picked":"DeusExMachina","floor":8.0},{"not_picked":["Protect","BowlingBash"],"picked":"CutThroughFate","floor":12.0},{"not_picked":["Protect","DeceiveReality"],"picked":"CutThroughFate","floor":14.0},{"not_picked":["LessonLearned","ConjureBlade"],"picked":"Vault","floor":16.0},{"not_picked":["CrushJoints","BowlingBash"],"picked":"CutThroughFate","floor":18.0},{"not_picked":["ClearTheMind","WheelKick"],"picked":"Consecrate","floor":19.0},{"not_picked":["Swivel","Halt"],"picked":"DevaForm","floor":23.0},{"not_picked":["Prostrate","Protect","BowlingBash"],"picked":"SKIP","floor":24.0},{"not_picked":["Meditate","MentalFortress","Consecrate"],"picked":"SKIP","floor":25.0},{"not_picked":["Indignation","Perseverance"],"picked":"CutThroughFate+1","floor":28.0},{"not_picked":["JustLucky+1","ConjureBlade","Collect"],"picked":"SKIP","floor":30.0},{"not_picked":["WheelKick+1","WindmillStrike+1","Adaptation+1"],"picked":"SKIP","floor":31.0},{"not_picked":["FlurryOfBlows+1","WaveOfTheHand","FollowUp+1"],"picked":"SKIP","floor":35.0},{"not_picked":["BowlingBash+1","ConjureBlade","JustLucky+1"],"picked":"SKIP","floor":36.0},{"not_picked":["Prostrate","FollowUp+1","Tantrum+1"],"picked":"SKIP","floor":38.0},{"not_picked":["PathToVictory+1","Protect","JustLucky+1"],"picked":"SKIP","floor":39.0},{"not_picked":["ClearTheMind","CrushJoints+1","LikeWater"],"picked":"SKIP","floor":42.0},{"not_picked":["Alpha","Conclude+1"],"picked":"TalkToTheHand+1","floor":44.0},{"not_picked":["FlyingSleeves+1","Swivel"],"picked":"FearNoEvil+1","floor":46.0},{"not_picked":["Evaluate+1","DeceiveReality","Tantrum+1"],"picked":"SKIP","floor":47.0},{"not_picked":["ReachHeaven+1","Protect","EmptyFist+1"],"picked":"SKIP","floor":48.0},{"not_picked":["Crescendo+1","Indignation"],"picked":"CutThroughFate+1","floor":54}],"player_experience":1116275,"relics_obtained":[{"floor":6.0,"key":"PreservedInsect"},{"floor":8.0,"key":"Letter Opener"},{"floor":23.0,"key":"StrikeDummy"},{"floor":25.0,"key":"Peace Pipe"},{"floor":26.0,"key":"Pen Nib"},{"floor":28.0,"key":"Molten Egg 2"},{"floor":30.0,"key":"Vajra"},{"floor":42.0,"key":"CloakClasp"},{"floor":43.0,"key":"Art of War"},{"floor":44.0,"key":"Bottled Flame"},{"floor":47.0,"key":"Sundial"},{"floor":54,"key":"Bronze Scales"}],"event_choices":[{"damage_healed":0.0,"max_hp_gain":0.0,"max_hp_loss":0.0,"gold_gain":0.0,"event_name":"The Mausoleum","player_choice":"Opened","floor":20.0,"gold_loss":0.0,"damage_taken":0.0,"relics_obtained":["Anchor"],"cards_obtained":["Writhe"]},{"damage_healed":0.0,"max_hp_gain":0.0,"max_hp_loss":0.0,"gold_gain":0.0,"event_name":"Addict","player_choice":"Obtained Relic","floor":21.0,"gold_loss":85.0,"damage_taken":0.0,"relics_obtained":["Gremlin Horn"]},{"damage_healed":0.0,"max_hp_gain":0.0,"max_hp_loss":0.0,"gold_gain":75.0,"event_name":"FaceTrader","player_choice":"Touch","floor":22.0,"gold_loss":0.0,"damage_taken":7.0},{"damage_healed":0.0,"max_hp_gain":0.0,"max_hp_loss":0.0,"gold_gain":0.0,"event_name":"Upgrade Shrine","player_choice":"Upgraded","floor":37.0,"gold_loss":0.0,"damage_taken":0.0,"cards_upgraded":["Vault"]},{"damage_healed":63.0,"max_hp_gain":0.0,"max_hp_loss":9.0,"gold_gain":0.0,"event_name":"The Moai Head","player_choice":"Heal","floor":40.0,"gold_loss":0.0,"damage_taken":0.0}],"is_beta":false,"boss_relics":[{"not_picked":["Ectoplasm","Pandora\u0027s Box"],"picked":"Sozu"},{"not_picked":["Tiny House","Snecko Eye"],"picked":"Philosopher\u0027s Stone"}],"items_purged_floors":[13],"is_endless":false,"potions_floor_spawned":[2,3,12,16,23,25,28,31,33,44,46,47,48,54],"killed_by":"The Heart","ascension_level":12}}