{"host":"nwyj08ts91jkyezn","time":1614427679,"event":{"mods":["AchievementEnabler","BaseMod","Colored Map","DeckTracker","Minty Spire (QoL Compilation)","Rare Cards Sparkle","StSLib","SuperFastMode","everything is the same but u backflip on backflip"],"gold_per_floor":[364,24,34,45,45,45,56,87,112,141,158,158,172,172,172,249,299,310,310,325,240,22,22,38,38,38],"floor_reached":25,"language":"KOR","playtime":970,"items_purged":["Pain","Strike_R"],"score":405,"play_id":"bfcf833e-3c41-40d6-a73c-0771175d2d44","local_time":"20210227210759","is_ascension_mode":true,"campfire_choices":[{"data":"Perfected Strike","floor":6.0,"key":"SMITH"},{"data":"Armaments","floor":12.0,"key":"SMITH"},{"data":"Bash","floor":15.0,"key":"SMITH"},{"floor":23.0,"key":"REST"}],"circlet_count":0,"master_deck":["AscendersBane","Strike_R+1","Strike_R","Strike_R+1","Strike_R+1","Defend_R","Defend_R","Defend_R+1","Defend_R","Bash+1","Flame Barrier+1","Perfected Strike+1","Wild Strike+1","Armaments+1","Spot Weakness","Disarm+1","Pummel","Reaper","Demon Form","Seeing Red","Shrug It Off","Whirlwind"],"relics":["Burning Blood","White Beast Statue","Whetstone","MealTicket","War Paint","Tiny House","Nilry\u0027s Codex","Tiny Chest","Membership Card"],"acts_visited":["Exordium","TheCity"],"potions_floor_usage":[25,25],"damage_taken":[{"damage":28.0,"enemies":"Jaw Worm","floor":1.0,"turns":6.0},{"damage":10.0,"enemies":"Small Slimes","floor":3.0,"turns":3.0},{"damage":1.0,"enemies":"2 Louse","floor":4.0,"turns":2.0},{"damage":9.0,"enemies":"Blue Slaver","floor":7.0,"turns":3.0},{"damage":12.0,"enemies":"3 Sentries","floor":8.0,"turns":10.0},{"damage":23.0,"enemies":"Lagavulin","floor":10.0,"turns":7.0},{"damage":7.0,"enemies":"Looter","floor":11.0,"turns":3.0},{"damage":25.0,"enemies":"Exordium Thugs","floor":13.0,"turns":5.0},{"damage":5.0,"enemies":"Hexaghost","floor":16.0,"turns":11.0},{"damage":29.0,"enemies":"Spheric Guardian","floor":18.0,"turns":6.0},{"damage":32.0,"enemies":"Shell Parasite","floor":20.0,"turns":5.0},{"damage":40.0,"enemies":"Shelled Parasite and Fungi","floor":24.0,"turns":10.0},{"damage":75,"enemies":"Slavers","floor":25,"turns":4}],"seed_played":"818297852767086977","potions_obtained":[{"floor":1.0,"key":"AttackPotion"},{"floor":3.0,"key":"HeartOfIron"},{"floor":4.0,"key":"PowerPotion"},{"floor":7.0,"key":"FairyPotion"},{"floor":8.0,"key":"Explosive Potion"},{"floor":10.0,"key":"Swift Potion"},{"floor":13.0,"key":"SkillPotion"},{"floor":16.0,"key":"Explosive Potion"},{"floor":17.0,"key":"BloodPotion"},{"floor":18.0,"key":"LiquidMemories"},{"floor":20.0,"key":"SkillPotion"},{"floor":24.0,"key":"BloodPotion"}],"is_trial":false,"path_per_floor":["M","$","M","M","?","R","M","E","T","E","M","R","M","?","R","B",null,"M","?","M","?","$","R","M","E"],"character_chosen":"IRONCLAD","items_purchased":["White Beast Statue","Membership Card"],"campfire_rested":1,"item_purchase_floors":[2,22],"current_hp_per_floor":[46,46,42,47,72,72,69,63,63,46,45,45,26,3,3,27,68,67,46,20,20,35,59,32,0,0],"gold":38,"neow_bonus":"TWO_FIFTY_GOLD","is_daily":false,"chose_seed":false,"campfire_upgraded":3,"win_rate":0.0,"timestamp":1614427679,"path_taken":["M","$","M","M","?","R","M","E","T","E","M","R","M","?","R","BOSS","M","?","M","?","$","R","M","E"],"items_purchased_type":["Relic","Relic"],"build_version":"2020-12-22","purchased_purges":2,"victory":false,"max_hp_per_floor":[75,75,75,75,75,75,75,75,75,75,75,75,75,75,75,75,80,80,80,80,80,80,80,80,80,80],"card_choices":[{"not_picked":["Dark Embrace","Twin Strike"],"picked":"Flame Barrier","floor":1.0},{"not_picked":["Anger","Second Wind"],"picked":"Perfected Strike","floor":3.0},{"not_picked":["Reckless Charge","Warcry"],"picked":"Wild Strike","floor":4.0},{"not_picked":["Anger","Flex"],"picked":"Armaments","floor":7.0},{"not_picked":["Flex","Armaments"],"picked":"Spot Weakness","floor":8.0},{"not_picked":["Sword Boomerang","Burning Pact"],"picked":"Disarm","floor":10.0},{"not_picked":["Heavy Blade","Spot Weakness"],"picked":"Pummel","floor":11.0},{"not_picked":["Clash","Uppercut"],"picked":"Reaper","floor":13.0},{"not_picked":["Brutality","Immolate"],"picked":"Demon Form","floor":16.0},{"not_picked":["Rampage","Iron Wave"],"picked":"Seeing Red","floor":17.0},{"not_picked":["Dropkick","Heavy Blade"],"picked":"Shrug It Off","floor":18.0},{"not_picked":["Armaments","Flex"],"picked":"Whirlwind","floor":20.0},{"not_picked":["Iron Wave","Havoc","Heavy Blade"],"picked":"SKIP","floor":24.0}],"player_experience":1069127,"relics_obtained":[{"floor":8.0,"key":"Whetstone"},{"floor":9.0,"key":"MealTicket"},{"floor":10.0,"key":"War Paint"},{"floor":19.0,"key":"Nilry\u0027s Codex"}],"event_choices":[{"damage_healed":25.0,"max_hp_gain":0.0,"max_hp_loss":0.0,"gold_gain":0.0,"event_name":"Big Fish","player_choice":"Banana","floor":5.0,"gold_loss":0.0,"damage_taken":0.0},{"damage_healed":0.0,"max_hp_gain":0.0,"max_hp_loss":0.0,"gold_gain":0.0,"event_name":"Shining Light","player_choice":"Entered Light","floor":14.0,"gold_loss":0.0,"damage_taken":23.0,"cards_upgraded":["Defend_R","Strike_R"]},{"damage_healed":0.0,"max_hp_gain":0.0,"max_hp_loss":0.0,"gold_gain":0.0,"event_name":"Cursed Tome","player_choice":"Obtained Book","floor":19.0,"gold_loss":0.0,"damage_taken":21.0},{"damage_healed":0.0,"max_hp_gain":0.0,"max_hp_loss":0.0,"gold_gain":0.0,"event_name":"Addict","player_choice":"Obtained Relic","floor":21.0,"gold_loss":85.0,"damage_taken":0.0,"relics_obtained":["Tiny Chest"]}],"is_beta":false,"boss_relics":[{"not_picked":["Black Star","Sozu"],"picked":"Tiny House"}],"items_purged_floors":[2,22],"is_endless":false,"potions_floor_spawned":[1,3,4,7,8,10,11,13,16,18,20,24],"killed_by":"Slavers","ascension_level":18}}