{"host":"mzi5fmi0sxohsdsn","time":1614461805,"event":{"mods":["AchievementEnabler","BaseMod","DeckTracker","Filter the Spire","Hero for Fun","Minty Spire (QoL Compilation)","Quick Restart","Relic Filter Mod","Remove Card Discount Mod","Shop Mod","StSLib","Synergy Search"],"gold_per_floor":[110,123,137,154,167,167,183,196,196,207,207,180,196,213,213,213,213],"floor_reached":16,"language":"RUS","playtime":814,"items_purged":["Strike_P","Strike_P"],"score":100,"play_id":"1ceefb8a-6b5d-458e-b95e-23fd68782fba","local_time":"20210228043645","is_ascension_mode":false,"campfire_choices":[{"data":"CarveReality","floor":6.0,"key":"SMITH"},{"floor":15.0,"key":"REST"}],"circlet_count":0,"master_deck":["Strike_P","Strike_P","Defend_P","Defend_P","Defend_P","Defend_P","Eruption","Vigilance","SandsOfTime","CarveReality+1","BowlingBash","ReachHeaven","FollowUp","Evaluate","ForeignInfluence"],"relics":["PureWater","PreservedInsect","Peace Pipe"],"acts_visited":["Exordium"],"potions_floor_usage":[],"damage_taken":[{"damage":0.0,"enemies":"2 Louse","floor":1.0,"turns":2.0},{"damage":6.0,"enemies":"Cultist","floor":2.0,"turns":5.0},{"damage":9.0,"enemies":"Jaw Worm","floor":3.0,"turns":7.0},{"damage":7.0,"enemies":"3 Louse","floor":4.0,"turns":5.0},{"damage":27.0,"enemies":"Large Slime","floor":5.0,"turns":7.0},{"damage":6.0,"enemies":"Exordium Thugs","floor":7.0,"turns":7.0},{"damage":7.0,"enemies":"Blue Slaver","floor":8.0,"turns":4.0},{"damage":1.0,"enemies":"Large Slime","floor":10.0,"turns":6.0},{"damage":0.0,"enemies":"Looter","floor":13.0,"turns":2.0},{"damage":4.0,"enemies":"Blue Slaver","floor":14.0,"turns":3.0},{"damage":0,"enemies":"The Guardian","floor":16,"turns":1}],"seed_played":"4472978853494886189","potions_obtained":[{"floor":1.0,"key":"Dexterity Potion"},{"floor":5.0,"key":"StancePotion"},{"floor":8.0,"key":"StancePotion"},{"floor":14.0,"key":"Dexterity Potion"}],"is_trial":false,"path_per_floor":["M","M","M","M","M","R","M","M","T","M","?","$","M","M","R","B"],"character_chosen":"WATCHER","items_purchased":["Evaluate"],"campfire_rested":1,"item_purchase_floors":[12],"current_hp_per_floor":[72,66,57,50,23,23,17,10,10,9,9,9,9,5,26,26,26],"gold":213,"neow_bonus":"RANDOM_COMMON_RELIC","is_daily":false,"chose_seed":false,"campfire_upgraded":1,"win_rate":0.0,"timestamp":1614461805,"path_taken":["M","M","M","M","M","R","M","M","T","M","?","?","M","M","R","BOSS"],"items_purchased_type":["Card"],"build_version":"2020-12-22","purchased_purges":2,"victory":false,"max_hp_per_floor":[72,72,72,72,72,72,72,72,72,72,72,72,72,72,72,72,72],"card_choices":[{"not_picked":["Study","ThirdEye","SashWhip"],"picked":"SKIP","floor":1.0},{"not_picked":["ClearTheMind","InnerPeace","EmptyBody"],"picked":"SKIP","floor":2.0},{"not_picked":["Study","Halt"],"picked":"SandsOfTime","floor":3.0},{"not_picked":["InnerPeace","EmptyFist","EmptyBody"],"picked":"SKIP","floor":4.0},{"not_picked":["Fasting2","CrushJoints"],"picked":"CarveReality","floor":5.0},{"not_picked":["ThirdEye","BattleHymn"],"picked":"BowlingBash","floor":7.0},{"not_picked":["MentalFortress","PathToVictory"],"picked":"ReachHeaven","floor":8.0},{"not_picked":["CrushJoints","EmptyBody"],"picked":"FollowUp","floor":10.0},{"not_picked":["InnerPeace","CrushJoints","CutThroughFate"],"picked":"SKIP","floor":13.0},{"not_picked":["WheelKick","CutThroughFate"],"picked":"ForeignInfluence","floor":14.0}],"player_experience":194084,"relics_obtained":[{"floor":9.0,"key":"Peace Pipe"}],"event_choices":[{"damage_healed":0.0,"max_hp_gain":0.0,"max_hp_loss":0.0,"gold_gain":0.0,"event_name":"NoteForYourself","player_choice":"Ignored","floor":11.0,"gold_loss":0.0,"damage_taken":0.0}],"is_beta":false,"boss_relics":[],"items_purged_floors":[12,12],"is_endless":false,"potions_floor_spawned":[1,5,8,14],"killed_by":"The Guardian","ascension_level":0}}