{"host":"y4fuci1jk2rsxnep","time":1614417321,"event":{"mods":["AchievementEnabler","BaseMod","Colored Powertips","Custom Start","Defuse TimeMaze Blight","Dio Mod","Downfall","Hermit","Hero for Fun","Hubris","Hunter ??","Infinite Spire","Minty Spire (QoL Compilation)","Quick Restart","Reliquary","Remove Card Discount Mod","Replay The Spire","StSLib","The Blackbeard","The Bug Knight","The Mystic","The Runesmith"],"gold_per_floor":[115,125,137,137,137,137,156,173,220,220,220,220,200,211,211,312,312,296,296,7,7,26,26,26,45,45,57,68,88,88,88,88,186,186,201,221,221,76,76,76,95,0,25,25,25,25,39,39,39,39],"floor_reached":51,"language":"ENG","playtime":3507,"items_purged":["Runesmith:Malloc+1"],"score":668,"play_id":"9c84275d-5dfc-4b96-8978-43be5df08e04","local_time":"20210227101521","is_ascension_mode":true,"campfire_choices":[{"data":"Runesmith:CraftFirestone","floor":6,"key":"SMITH"},{"data":"Runesmith:RunicBlueprint","floor":10,"key":"SMITH"},{"floor":15,"key":"REST"},{"data":"Runesmith:Firestorm","floor":23,"key":"SMITH"},{"floor":32,"key":"REST"},{"data":"Runesmith:ArcReactor","floor":40,"key":"SMITH"},{"data":"Runesmith:ArcReactor","floor":44,"key":"SMITH"},{"data":"Runesmith:MetallurgicalResearch","floor":49,"key":"SMITH"}],"circlet_count":0,"master_deck":["Runesmith:Strike_RS+1","Runesmith:Strike_RS+1","Runesmith:Strike_RS+1","Runesmith:Strike_RS+1","Runesmith:Defend_RS+1","Runesmith:Defend_RS+1","Runesmith:Defend_RS+1","Runesmith:Defend_RS+1","Runesmith:CraftFirestone+1","Runesmith:Fortify","Runesmith:RunicBlueprint+1","Runesmith:EarthShield","Runesmith:EarthShield","Runesmith:CraftMedicinae","Runesmith:RuneHurl","Runesmith:HeatedChisel","Runesmith:ArcReactor+1","Runesmith:Accelerate+1","Runesmith:Firestorm+1","Runesmith:GoWithTheFlow","Runesmith:Terraform","Runesmith:CraftMagma","Runesmith:PerfectChisel","Runesmith:MetallurgicalResearch+1","Runesmith:BackupBattery","Runesmith:PerfectChisel","Runesmith:LithiumIon","Runesmith:GoWithTheFlow","Runesmith:ArcReactor+1","Runesmith:CraftProtectio+1"],"relics":["Runesmith:BrokenRuby","Pet Ghost","reliquary:Boomerang","Philosopher\u0027s Stone","InkBottle","reliquary:BallBearing","reliquary:ThirdArm","Red Mask","Omamori","downfall:ExtraCursedBell","reliquary:Spinner","Snack Pack","Torii","hubris:Icosahedron"],"acts_visited":["Exordium","TheCity","TheBeyond"],"potions_floor_usage":[16,20,25,33,50],"damage_taken":[{"damage":1,"enemies":"2 Louse","floor":1,"turns":3},{"damage":7,"enemies":"Small Slimes","floor":2,"turns":5},{"damage":1,"enemies":"Cultist","floor":3,"turns":5},{"damage":11,"enemies":"Lots of Slimes","floor":7,"turns":5},{"damage":0,"enemies":"Blue Slaver","floor":8,"turns":6},{"damage":8,"enemies":"Exordium Thugs","floor":13,"turns":6},{"damage":1,"enemies":"Gremlin Gang","floor":14,"turns":7},{"damage":25,"enemies":"Slime Boss","floor":16,"turns":7},{"damage":17,"enemies":"2 Thieves","floor":18,"turns":5},{"damage":3,"enemies":"Spheric Guardian","floor":22,"turns":8},{"damage":25,"enemies":"3 Cultists","floor":25,"turns":6},{"damage":9,"enemies":"Snecko","floor":27,"turns":6},{"damage":13,"enemies":"Cultist and Chosen","floor":28,"turns":6},{"damage":4,"enemies":"Sentry and Sphere","floor":29,"turns":7},{"damage":28,"enemies":"Champ","floor":33,"turns":11},{"damage":2,"enemies":"Orb Walker","floor":35,"turns":4},{"damage":6,"enemies":"3 Shapes","floor":36,"turns":4},{"damage":3,"enemies":"Writhing Mass","floor":41,"turns":7},{"damage":19,"enemies":"Transient","floor":47,"turns":5},{"damage":37,"enemies":"Donu and Deca","floor":50,"turns":9}],"seed_played":"5548763948638715341","potions_obtained":[{"floor":2,"key":"hexamod:SoulburnPotion"},{"floor":8,"key":"SmokeBomb"},{"floor":13,"key":"AttackPotion"},{"floor":16,"key":"champ:CounterPotion"},{"floor":25,"key":"Flashbang"},{"floor":27,"key":"hexamod:SoulburnPotion"},{"floor":33,"key":"Fire Potion"}],"is_trial":false,"path_per_floor":["M","M","M","?","?","R","M","M","T","R","?","T","M","M","R","B",null,"M","?","$","?","M","R","?","M","T","M","M","M","AVR","T","R","B",null,"M","M","?","$","?","R","M","?","T","R","?","?","M","?","R","B",null],"character_chosen":"RUNESMITH_CLASS","items_purchased":["Runesmith:Firestorm","Runesmith:GoWithTheFlow","Runesmith:Terraform","Fruit Juice","Runesmith:LithiumIon","Runesmith:GoWithTheFlow"],"campfire_rested":2,"item_purchase_floors":[20,20,20,20,38,38],"current_hp_per_floor":[69,62,61,66,66,66,55,55,55,55,55,55,47,47,69,46,75,61,61,66,66,65,65,65,40,40,31,20,22,22,22,46,20,80,80,74,74,74,74,74,78,78,78,78,78,81,66,66,66,31],"gold":39,"neow_bonus":"THREE_CARDS","is_daily":false,"chose_seed":false,"campfire_upgraded":6,"win_rate":0.0,"timestamp":1614417321,"path_taken":["M","M","M","?","?","R","M","M","T","R","?","?","M","M","R","BOSS","M","?","$","?","M","R","?","?","T","M","M","?","AVR","?","R","BOSS","M","M","?","$","?","R","?","?","T","R","?","?","M","?","R","BOSS"],"items_purchased_type":["Card","Card","Card","Potion","Card","Card"],"build_version":"2020-12-22","purchased_purges":1,"victory":true,"max_hp_per_floor":[70,70,70,75,75,75,75,75,75,75,75,75,75,75,75,75,75,75,75,80,80,80,80,80,80,80,80,80,80,80,80,80,80,80,80,80,80,80,80,80,80,80,80,80,80,83,83,83,83,83],"card_choices":[{"not_picked":["Runesmith:Overpower","Runesmith:UnstableHammer"],"picked":"Runesmith:Firestorm","floor":0},{"not_picked":["Runesmith:Grindstone","Runesmith:Attraction"],"picked":"Runesmith:RunicBlueprint","floor":1},{"not_picked":["Runesmith:RunicBlueprint","Runesmith:HeatExchange"],"picked":"Runesmith:EarthShield","floor":2},{"not_picked":["Runesmith:Repurpose","Runesmith:Overpower"],"picked":"Runesmith:CraftVitae","floor":3},{"not_picked":["Runesmith:HammerThrow","Runesmith:Overpower"],"picked":"Runesmith:EarthShield","floor":7},{"not_picked":["Runesmith:ShiftingStrike","Runesmith:BackupBattery"],"picked":"Runesmith:CraftMedicinae","floor":8},{"not_picked":["Runesmith:Electrocute","Runesmith:HammerThrow"],"picked":"Runesmith:RuneHurl","floor":13},{"not_picked":["Runesmith:CraftVitae","Runesmith:Grindstone"],"picked":"Runesmith:HeatedChisel","floor":14},{"not_picked":["Runesmith:CreatorForm","Runesmith:ReplicatingBarrier"],"picked":"Runesmith:ArcReactor","floor":16},{"not_picked":["Runesmith:Grindstone+1","Runesmith:UnstableHammer"],"picked":"Runesmith:Accelerate+1","floor":18},{"not_picked":["Runesmith:EnergizedChisel","Runesmith:RuneHurl+1"],"picked":"Runesmith:CraftMagma","floor":22},{"not_picked":["Runesmith:HammerAndChisel+1","Runesmith:UnstableHammer","Runesmith:HeatedChisel"],"picked":"SKIP","floor":25},{"not_picked":["Runesmith:UnstableHammer","Runesmith:CraftMagma"],"picked":"Runesmith:PerfectChisel","floor":27},{"not_picked":["Runesmith:UnstableHammer+1","Runesmith:StaticCage+1","Runesmith:Repurpose"],"picked":"SKIP","floor":28},{"not_picked":["Runesmith:ShiftingStrike","Runesmith:Firestorm","Runesmith:Refine"],"picked":"SKIP","floor":29},{"not_picked":["Runesmith:GenerateForcefield","Runesmith:ReplicatingBarrier"],"picked":"Runesmith:MetallurgicalResearch","floor":33},{"not_picked":["Runesmith:Overpower+1","Runesmith:UnstableHammer"],"picked":"Runesmith:BackupBattery","floor":35},{"not_picked":["Runesmith:Grindstone","Runesmith:HeatedChisel+1"],"picked":"Runesmith:PerfectChisel","floor":36},{"not_picked":["Runesmith:EnergizedChisel","Runesmith:ShiftingStrike+1"],"picked":"Runesmith:CraftProtectio+1","floor":41},{"not_picked":["Runesmith:MakeshiftArmor+1","Runesmith:StaticCage+1","Runesmith:ChiselStab"],"picked":"SKIP","floor":47}],"player_experience":737422,"relics_obtained":[{"floor":9,"key":"Pet Ghost"},{"floor":12,"key":"reliquary:Boomerang"},{"floor":26,"key":"InkBottle"},{"floor":31,"key":"reliquary:BallBearing"},{"floor":43,"key":"Omamori"},{"floor":45,"key":"reliquary:Spinner"},{"floor":45,"key":"Snack Pack"},{"floor":45,"key":"Torii"}],"event_choices":[{"damage_healed":0,"gold_gain":0,"player_choice":"Donut","damage_taken":0,"max_hp_gain":5,"max_hp_loss":0,"event_name":"Big Fish","floor":4,"gold_loss":0},{"damage_healed":0,"gold_gain":0,"player_choice":"Simplicity","damage_taken":0,"max_hp_gain":0,"max_hp_loss":0,"event_name":"Back to Basics","floor":19,"gold_loss":0,"cards_upgraded":["Runesmith:Strike_RS","Runesmith:Strike_RS","Runesmith:Strike_RS","Runesmith:Strike_RS","Runesmith:Defend_RS","Runesmith:Defend_RS","Runesmith:Defend_RS","Runesmith:Defend_RS"]},{"cards_removed":["Runesmith:CraftVitae"],"damage_healed":0,"gold_gain":0,"player_choice":"Purged","damage_taken":0,"max_hp_gain":0,"max_hp_loss":0,"event_name":"Purifier","floor":24,"gold_loss":0},{"damage_healed":0,"gold_gain":0,"player_choice":"Ignored","damage_taken":0,"max_hp_gain":0,"max_hp_loss":0,"event_name":"Mysterious Sphere","floor":37,"gold_loss":0},{"damage_healed":0,"gold_gain":0,"player_choice":"Copied","damage_taken":0,"max_hp_gain":0,"max_hp_loss":0,"event_name":"Duplicator","floor":39,"gold_loss":0,"cards_obtained":["Runesmith:ArcReactor"]},{"damage_healed":0,"gold_gain":0,"player_choice":"Paid","damage_taken":0,"relics_obtained":["Red Mask"],"max_hp_gain":0,"max_hp_loss":0,"event_name":"Tomb of Lord Red Mask","floor":42,"gold_loss":95}],"is_beta":false,"boss_relics":[{"not_picked":["Empty Cage","reliquary:Ember"],"picked":"Philosopher\u0027s Stone"},{"not_picked":["hubris:TerracottaHorce","hubris:Stopwatch"],"picked":"reliquary:ThirdArm"}],"items_purged_floors":[38],"is_endless":false,"potions_floor_spawned":[2,8,13,16,25,27,33],"ascension_level":1}}