{"host":"skx52d3x4g37h2em","time":1614461344,"event":{"mods":["BaseMod","Colored Map","Library of Ruina","Library of Ruina Extra","Lobotomy","LobotomyExtend","Minty Spire (QoL Compilation)","Quick Restart","Relic Sorter","StSLib"],"gold_per_floor":[111,111,122,132,143,173,173,190,215,243,243,243,254,272,272,374,374,388,402,95,95,194,194,213,213,266,278,303,315,342,354,354],"floor_reached":31,"language":"ENG","playtime":1408,"items_purged":["LightAttack"],"score":339,"play_id":"455dd47e-bfe9-4294-bbd2-307267eb5a7a","local_time":"20210228002904","is_ascension_mode":true,"campfire_choices":[{"data":"DarkCloud","floor":7,"key":"SMITH"},{"floor":11,"key":"REST"},{"data":"Execute_lor","floor":15,"key":"SMITH"},{"data":"WillOfThePrescript","floor":23,"key":"SMITH"},{"data":"SerpentSwordTechnique","floor":29,"key":"SMITH"}],"circlet_count":0,"master_deck":["Dodge","LightDefense","LightDefense","LightDefense","LightDefense","ChargeAndCover","FocusedStrikes","Execute_lor+1","Cruelty","DarkCloud+1","WillBeTasty","FleetFootsteps","SnakeSlit","SerpentSwordTechnique+1","WillOfThePrescript+1","RulesOfTheBackstreets","SenseQuarry","Riposte","Guardian_lor+1","SharpenedBlade","CoordinatedAssault","FlowOfTheSword","GrazeTheGrass+1","Parry+1"],"relics":["PageOfLibrarian","Peace Pipe","PreservedInsect","LetterFromLob","MealTicket","Happy Flower","Black Star","PageOfTodaysShyLook","MawBank","PageOfApocalypseBird"],"acts_visited":["Exordium","TheCity"],"potions_floor_usage":[18],"damage_taken":[{"damage":0,"enemies":"Jaw Worm","floor":1,"turns":3},{"damage":0,"enemies":"Cultist","floor":3,"turns":3},{"damage":0,"enemies":"Small Slimes","floor":4,"turns":2},{"damage":19,"enemies":"Gremlin Gang","floor":5,"turns":4},{"damage":22,"enemies":"3 Sentries","floor":6,"turns":8},{"damage":7,"enemies":"Lots of Slimes","floor":8,"turns":6},{"damage":16,"enemies":"Lagavulin","floor":10,"turns":4},{"damage":4,"enemies":"Blue Slaver","floor":13,"turns":2},{"damage":0,"enemies":"2 Fungi Beasts","floor":14,"turns":4},{"damage":0,"enemies":"Slime Boss","floor":16,"turns":6},{"damage":15,"enemies":"2 Thieves","floor":18,"turns":4},{"damage":22,"enemies":"Shell Parasite","floor":19,"turns":4},{"damage":14,"enemies":"Snake Plant","floor":24,"turns":3},{"damage":7,"enemies":"Shelled Parasite and Fungi","floor":28,"turns":4},{"damage":5,"enemies":"Centurion and Healer","floor":30,"turns":4},{"damage":55,"enemies":"Slavers","floor":31,"turns":2}],"seed_played":"3969332253968514030","potions_obtained":[{"floor":1,"key":"Explosive Potion"},{"floor":4,"key":"Block Potion"},{"floor":5,"key":"SpeedPotion"},{"floor":13,"key":"Strength Potion"},{"floor":24,"key":"AttackPotion"},{"floor":28,"key":"SteroidPotion"}],"is_trial":false,"path_per_floor":["M","?","M","M","M","E","R","M","T","E","R","?","M","M","R","B",null,"M","M","$","$","?","R","M","?","T","T","M","R","M","E"],"character_chosen":"Librarian","items_purchased":["PageOfTodaysShyLook","SharpenedBlade","CoordinatedAssault"],"campfire_rested":1,"item_purchase_floors":[20,20,20],"current_hp_per_floor":[60,60,60,60,41,25,25,28,28,14,35,35,31,41,41,63,70,61,44,59,70,70,70,56,43,43,43,39,39,38,0,0],"gold":354,"neow_bonus":"TRANSFORM_CARD","is_daily":false,"chose_seed":false,"campfire_upgraded":4,"win_rate":0.0,"timestamp":1614461344,"path_taken":["M","?","M","M","?","E","R","?","T","E","R","?","?","M","R","BOSS","M","M","?","$","?","R","M","?","T","?","M","R","M","E"],"items_purchased_type":["Relic","Card","Card"],"build_version":"2020-12-22","purchased_purges":1,"victory":false,"max_hp_per_floor":[77,77,77,77,70,70,70,70,70,70,70,70,70,70,70,70,70,70,70,70,70,70,70,70,75,75,75,75,75,75,75,75],"card_choices":[{"not_picked":["ClassAndRespect","DestructiveImpact","UpbeatPerformance","SturdyDefense","ShockRound","Reload","ShockingBlow","SilentMist"],"picked":"Cruelty","floor":1},{"not_picked":["SerpentineBarrier","SharpSwipe","PreemptiveStrike","FeatherShield","BiteOff","SerpentSwordTechnique","SmokingPipe","AssaultOrder","NightInTheBackstreets"],"picked":"SKIP","floor":3},{"not_picked":["Parry","GreatSerpentsImpact","RapidGashes","Leap_lor","Multislash","UpbeatPerformance","NightInTheBackstreets","MultiHit"],"picked":"DarkCloud","floor":4},{"not_picked":["DarkCloud","FrontalAssault","StrongStrike","Parry2","Thrust","Standoff","PinpointShot","QuickAttack"],"picked":"WillBeTasty","floor":5},{"not_picked":["MultiHit","Guardian_lor","EndlessBattle","ShockRound","Diversion","FierceCharge","HighSpeedStabbing","BiAn"],"picked":"FleetFootsteps","floor":6},{"not_picked":["JiaoTu","SmokingPipe","StartinOutLightly","Riposte","SkitterAway","Faith","YoureTooSlow","Eliminate"],"picked":"SnakeSlit","floor":8},{"not_picked":["WillOfThePrescript","RhinoRam","Faith","TendonChords","Reload","FaintMemories","NightInTheBackstreets","DeepDrag"],"picked":"SerpentSwordTechnique","floor":10},{"not_picked":["FleetFootsteps","FieryWaltz","TheWillOfTheCity","GrazeTheGrass","WrathOfTorment","TraceOfFumes","ScratchThat","SpearedSweep"],"picked":"WillOfThePrescript","floor":13},{"not_picked":["Collision","WaitUp","DevastatingThrash","AsThePrescriptOrders","Eradication","SummaryJudgment","ViolentFlame","Reload"],"picked":"RulesOfTheBackstreets","floor":14},{"not_picked":["Decapitation","GoinFirst"],"picked":"SenseQuarry","floor":16},{"not_picked":["Wallop_lor","Quickness","HighKick","Faith+1","BladeWhirl","GuidanceOfTheGears","FormingStorm","ICanCookAnything"],"picked":"Riposte","floor":18},{"not_picked":["Reload","JiaoTu","Transpierce","ConcentratedFire","ShockRound","SkyClearingCut","Faith","BackAttack"],"picked":"Guardian_lor+1","floor":19},{"not_picked":["IllEndYou+1","FlashOfSunup","DarkCloud","BiAn","Outburst","ForTheFamily","InnerArdor+1","WrathOfTorment"],"picked":"FlowOfTheSword","floor":24},{"not_picked":["SuanNi","NonstopAssault","YoureTooSlow+1","LossOfSenses","Collision","QuickSuppression","Faith+1","SparkingSpear"],"picked":"GrazeTheGrass+1","floor":28},{"not_picked":["EndlessBattle","Riposte+1","DriedUp","Diversion","UpbeatPerformance","Leap_lor+1","CoordinatedAssault","DirtyBlow+1"],"picked":"Parry+1","floor":30}],"player_experience":124237,"relics_obtained":[{"floor":6,"key":"PreservedInsect"},{"floor":6,"key":"LetterFromLob"},{"floor":9,"key":"MealTicket"},{"floor":10,"key":"Happy Flower"},{"floor":26,"key":"MawBank"},{"floor":27,"key":"PageOfApocalypseBird"}],"event_choices":[{"damage_healed":0,"gold_gain":0,"player_choice":"Gave Potion","damage_taken":0,"relics_obtained":["Peace Pipe"],"max_hp_gain":0,"max_hp_loss":0,"event_name":"WeMeetAgain","floor":2,"gold_loss":0},{"cards_removed":["LightAttack"],"damage_healed":0,"gold_gain":0,"player_choice":"Offered Basic","damage_taken":0,"max_hp_gain":0,"max_hp_loss":0,"event_name":"Bonfire Elementals","floor":12,"gold_loss":0},{"damage_healed":0,"gold_gain":99,"player_choice":"Stole From Cult","damage_taken":0,"max_hp_gain":0,"max_hp_loss":0,"event_name":"Nest","floor":22,"gold_loss":0},{"damage_healed":0,"gold_gain":0,"player_choice":"Shed Blood","damage_taken":18,"max_hp_gain":5,"max_hp_loss":0,"event_name":"Forgotten Altar","floor":25,"gold_loss":0}],"is_beta":false,"boss_relics":[{"not_picked":["Tiny House","Runic Dome"],"picked":"Black Star"}],"items_purged_floors":[20],"is_endless":false,"potions_floor_spawned":[1,4,5,13,24,28],"killed_by":"Slavers","ascension_level":1}}