{"host":"prxrhpgaxnj4om9r","time":1614407380,"event":{"mods":["AchievementEnabler","BaseMod","Colored Map","DeckTracker","Keyboard Shortcuts","Minty Spire (QoL Compilation)"],"gold_per_floor":[114,114,114,39,54,87,97,113,113,13,36,36,71,88,88,192,192,205,205,205,215,230,230,230],"floor_reached":23,"language":"KOR","playtime":973,"items_purged":["Regret","Strike_B"],"score":276,"play_id":"2644d1d8-414b-4abc-857e-e275e777f36b","local_time":"20210227152940","is_ascension_mode":false,"campfire_choices":[{"data":"Gash","floor":12,"key":"SMITH"},{"data":"Defragment","floor":15,"key":"SMITH"}],"circlet_count":0,"master_deck":["Zap","Dualcast","Defragment+1","Capacitor","Gash+1","Hello World","Steam Power","Coolheaded","Cold Snap","Gash","Hyperbeam","Biased Cognition","Tempest","Coolheaded","Force Field","Reprogram","Seek","Rebound","Beam Cell+1","Conserve Battery+1"],"relics":["Cracked Core","NeowsBlessing","Du-Vu Doll","Ornamental Fan","Sundial","Odd Mushroom","Juzu Bracelet","Pandora\u0027s Box","Enchiridion"],"acts_visited":["Exordium","TheCity"],"potions_floor_usage":[11,13,13,16,21],"damage_taken":[{"damage":0,"enemies":"2 Louse","floor":1,"turns":1},{"damage":0,"enemies":"Jaw Worm","floor":5,"turns":1},{"damage":0,"enemies":"Lagavulin","floor":6,"turns":1},{"damage":2,"enemies":"Small Slimes","floor":7,"turns":3},{"damage":4,"enemies":"Blue Slaver","floor":8,"turns":4},{"damage":21,"enemies":"The Mushroom Lair","floor":11,"turns":4},{"damage":10,"enemies":"Gremlin Nob","floor":13,"turns":4},{"damage":22,"enemies":"Exordium Thugs","floor":14,"turns":5},{"damage":0,"enemies":"Slime Boss","floor":16,"turns":8},{"damage":24,"enemies":"2 Thieves","floor":18,"turns":4},{"damage":6,"enemies":"Shell Parasite","floor":21,"turns":4},{"damage":0,"enemies":"Centurion and Healer","floor":22,"turns":7},{"damage":58,"enemies":"Gremlin Leader","floor":23,"turns":5}],"seed_played":"-2803224284629999259","potions_obtained":[{"floor":1,"key":"DuplicationPotion"},{"floor":6,"key":"Dexterity Potion"},{"floor":11,"key":"ColorlessPotion"},{"floor":13,"key":"Strength Potion"},{"floor":21,"key":"Fruit Juice"},{"floor":22,"key":"FairyPotion"}],"is_trial":false,"path_per_floor":["M","?","?","$","M","E","M","M","T","$","?","R","E","M","R","B",null,"M","?","?","M","M","E"],"character_chosen":"DEFECT","items_purchased":[],"campfire_rested":0,"item_purchase_floors":[],"current_hp_per_floor":[75,75,75,75,75,75,73,69,69,69,48,48,38,16,16,16,75,51,35,35,34,34,0,0],"gold":230,"neow_bonus":"THREE_ENEMY_KILL","is_daily":false,"chose_seed":false,"campfire_upgraded":2,"win_rate":0.0,"timestamp":1614407380,"path_taken":["M","?","?","$","M","E","M","M","T","?","?","R","E","M","R","BOSS","M","?","?","M","M","E"],"items_purchased_type":[],"build_version":"2020-12-22","purchased_purges":2,"victory":false,"max_hp_per_floor":[75,75,75,75,75,75,75,75,75,75,75,75,75,75,75,75,75,75,75,75,80,80,80,80],"card_choices":[{"not_picked":["Barrage","Blizzard"],"picked":"Defragment","floor":1},{"not_picked":["Coolheaded","Force Field"],"picked":"Gash","floor":5},{"not_picked":["Streamline","Double Energy"],"picked":"Hello World","floor":6},{"not_picked":["Auto Shields","Hologram"],"picked":"Steam Power","floor":7},{"not_picked":["Capacitor","Streamline"],"picked":"Coolheaded","floor":8},{"not_picked":["Lockon","Glacier"],"picked":"Cold Snap","floor":11},{"not_picked":["Conserve Battery","Consume"],"picked":"Gash","floor":13},{"not_picked":["Barrage","Coolheaded"],"picked":"Hyperbeam","floor":14},{"not_picked":["Meteor Strike","Multi-Cast"],"picked":"Biased Cognition","floor":16},{"not_picked":["Skim+1","Redo","Barrage"],"picked":"SKIP","floor":18},{"not_picked":["Chill","Hologram"],"picked":"Beam Cell+1","floor":21},{"not_picked":["Turbo","Compile Driver"],"picked":"Conserve Battery+1","floor":22}],"player_experience":687897,"relics_obtained":[{"floor":6,"key":"Ornamental Fan"},{"floor":9,"key":"Sundial"},{"floor":11,"key":"Odd Mushroom"},{"floor":13,"key":"Juzu Bracelet"},{"floor":19,"key":"Enchiridion"}],"event_choices":[{"damage_healed":0,"gold_gain":0,"player_choice":"Box","damage_taken":0,"relics_obtained":["Du-Vu Doll"],"max_hp_gain":0,"max_hp_loss":0,"event_name":"Big Fish","floor":2,"gold_loss":0,"cards_obtained":["Regret"]},{"damage_healed":0,"gold_gain":0,"cards_transformed":["Defend_B"],"player_choice":"Change","damage_taken":0,"max_hp_gain":0,"max_hp_loss":0,"event_name":"Living Wall","floor":3,"gold_loss":0,"cards_obtained":["Capacitor"]},{"damage_healed":0,"gold_gain":0,"player_choice":"Fought Mushrooms","damage_taken":0,"max_hp_gain":0,"max_hp_loss":0,"event_name":"Mushrooms","floor":11,"gold_loss":0},{"damage_healed":0,"gold_gain":0,"player_choice":"Obtained Book","damage_taken":16,"max_hp_gain":0,"max_hp_loss":0,"event_name":"Cursed Tome","floor":19,"gold_loss":0},{"damage_healed":0,"gold_gain":0,"player_choice":"Ignored","damage_taken":0,"max_hp_gain":0,"max_hp_loss":0,"event_name":"Vampires","floor":20,"gold_loss":0}],"is_beta":false,"boss_relics":[{"not_picked":["Inserter","Philosopher\u0027s Stone"],"picked":"Pandora\u0027s Box"}],"items_purged_floors":[4,10],"is_endless":false,"potions_floor_spawned":[1,6,11,13,21,22],"killed_by":"Gremlin Leader","ascension_level":0}}