{"host":"8i6urbfw19gmz7qf","time":1614422474,"event":{"mods":["AchievementEnabler","Aspiration","BaseMod","Colored Map","Conspire","Energized Spire","Friendly Minions","Halation","Hermit","Highlight Path","Hubris","Minty Spire (QoL Compilation)","Quick Restart","READ ME - Snecko Mod","Random Character Button","Replay The Spire","Robot Space Explorer","StSLib","Synergy Search","The Cursed","The Jungle","The Marked","The Necromancer"],"gold_per_floor":[123,146,158,170,197,237,249,291,303,327,239,251,263,275,287,394,406,438,462,474,501,513,525,551,563,575,597,621,633,660,690,702,714,714],"floor_reached":33,"language":"ENG","playtime":1921,"items_purged":[],"score":272,"play_id":"e565f577-3858-4a69-9689-bd29fd63e150","local_time":"20210227024114","is_ascension_mode":true,"campfire_choices":[{"floor":7,"key":"REST"},{"data":"Rage","floor":12,"key":"SMITH"},{"data":"Ghostly","floor":15,"key":"SMITH"},{"floor":23,"key":"REST"},{"floor":29,"key":"REST"},{"data":"Perfected Strike","floor":32,"key":"SMITH"}],"circlet_count":0,"master_deck":["Strike_R","Strike_R","Strike_R+1","Strike_R","Strike_R","Defend_R","Defend_R","Defend_R","Defend_R","Bash","Armaments","Perfected Strike+1","Rage+1","Sword Boomerang","Cleave","Perfected Strike","Ghostly+1","Flex","Replay:Undeath\u0027s Touch+1","Cleave+1","hubris:CleavingFinish","Iron Wave","Anger","Life Link","Iron Wave+1"],"relics":["Burning Blood","MawBank","hubris:FunFungus","aspiration:HummingbirdHeart","Gremlin Horn","ReplayTheSpireMod:Spearhead","halation:PinkAlligatorPlush","halation:LettersToHer","hubris:SphereOfDissonance"],"acts_visited":["Exordium","TheCity"],"potions_floor_usage":[16,16,28,28,31],"damage_taken":[{"damage":0,"enemies":"Small Slimes","floor":1,"turns":8},{"damage":4,"enemies":"Jaw Worm","floor":2,"turns":6},{"damage":6,"enemies":"Cultist","floor":5,"turns":3},{"damage":28,"enemies":"Gremlin Nob","floor":6,"turns":4},{"damage":17,"enemies":"3 Sentries","floor":8,"turns":12},{"damage":2,"enemies":"Blue Slaver","floor":10,"turns":3},{"damage":45,"enemies":"The Guardian","floor":16,"turns":12},{"damage":12,"enemies":"Chosen","floor":18,"turns":5},{"damage":11,"enemies":"2 Thieves","floor":19,"turns":3},{"damage":16,"enemies":"Snake Plant","floor":21,"turns":5},{"damage":34,"enemies":"Snecko","floor":24,"turns":5},{"damage":30,"enemies":"3 Cultists","floor":27,"turns":6},{"damage":20,"enemies":"Shelled Parasite and Fungi","floor":28,"turns":7},{"damage":15,"enemies":"Snake Plant","floor":30,"turns":3},{"damage":34,"enemies":"Sentry and Sphere","floor":31,"turns":6},{"damage":87,"enemies":"Champ","floor":33,"turns":11}],"seed_played":"1860496320905455822","potions_obtained":[{"floor":1,"key":"LiquidMemories"},{"floor":5,"key":"Languid Potion"},{"floor":6,"key":"Languid Potion"},{"floor":8,"key":"SteroidPotion"},{"floor":18,"key":"LiquidMemories"},{"floor":21,"key":"Ancient Potion"},{"floor":27,"key":"EssenceOfSteel"}],"is_trial":false,"path_per_floor":["M","M","?","?","M","E","R","E","T","M","?","R","$","?","R","B",null,"M","M","?","M","?","R","M","T","T","M","M","R","M","M","R","B"],"character_chosen":"IRONCLAD","items_purchased":[],"campfire_rested":3,"item_purchase_floors":[],"current_hp_per_floor":[80,80,80,80,80,58,80,71,71,75,75,75,75,75,75,36,80,75,70,73,63,63,83,56,56,56,33,19,43,34,83,83,0,0],"gold":714,"neow_bonus":"RANDOM_COMMON_RELIC","is_daily":false,"chose_seed":false,"campfire_upgraded":3,"win_rate":0.0,"timestamp":1614422474,"path_taken":["M","M","?","?","M","E","R","E","T","?","?","R","?","?","R","BOSS","M","M","?","M","?","R","?","?","T","M","?","R","M","M","R","BOSS"],"items_purchased_type":[],"build_version":"2020-12-22","purchased_purges":0,"victory":false,"max_hp_per_floor":[80,80,80,80,80,80,80,80,80,80,80,80,80,80,80,80,80,80,80,83,83,83,83,83,83,83,83,83,83,83,83,83,83,83],"card_choices":[{"not_picked":["Rupture","Dark Embrace"],"picked":"Armaments","floor":1},{"not_picked":["hubris:ReadiedAction","Shrug It Off"],"picked":"Perfected Strike","floor":2},{"not_picked":["Twin Strike","Feel No Pain"],"picked":"Rage","floor":5},{"not_picked":["Anger","Cleave"],"picked":"Sword Boomerang","floor":6},{"not_picked":["Hemokinesis","Blood for Blood"],"picked":"Cleave","floor":8},{"not_picked":["Anger","Combust"],"picked":"Perfected Strike","floor":10},{"not_picked":["Hemogenesis","conspire:HitWhereItHurts"],"picked":"Immolate","floor":16},{"not_picked":["Sword Boomerang","Cleave"],"picked":"Flex","floor":18},{"not_picked":["Clothesline+1","ReplayTheSpireMod:Limb From Limb+1"],"picked":"Replay:Undeath\u0027s Touch+1","floor":19},{"not_picked":["Replay:Undeath\u0027s Touch+1","Headbutt+1"],"picked":"Cleave+1","floor":21},{"not_picked":["Clash+1","Replay:Undeath\u0027s Touch"],"picked":"Iron Wave","floor":24},{"not_picked":["Cleave","Seeing Red"],"picked":"Anger","floor":27},{"not_picked":["Fire Breathing","ReplayTheSpireMod:Muscle Training","Havoc+1"],"picked":"SKIP","floor":28},{"not_picked":["Anger","hubris:ReadiedAction"],"picked":"Life Link","floor":30},{"not_picked":["Impervious","Bloodletting+1"],"picked":"Iron Wave+1","floor":31}],"player_experience":58178,"relics_obtained":[{"floor":6,"key":"aspiration:HummingbirdHeart"},{"floor":8,"key":"Gremlin Horn"},{"floor":9,"key":"ReplayTheSpireMod:Spearhead"},{"floor":25,"key":"halation:LettersToHer"},{"floor":26,"key":"halation:LettersToHer"},{"floor":26,"key":"hubris:SphereOfDissonance"}],"event_choices":[{"damage_healed":0,"gold_gain":0,"player_choice":"Ignored","damage_taken":0,"max_hp_gain":0,"max_hp_loss":0,"event_name":"Liars Game","floor":3,"gold_loss":0},{"damage_healed":0,"gold_gain":0,"player_choice":"Gave Potion","damage_taken":0,"relics_obtained":["hubris:FunFungus"],"max_hp_gain":0,"max_hp_loss":0,"event_name":"WeMeetAgain","floor":4,"gold_loss":0},{"damage_healed":0,"gold_gain":0,"player_choice":"Argue","damage_taken":0,"max_hp_gain":0,"max_hp_loss":0,"event_name":"conspire:LoneGhost","floor":11,"gold_loss":0},{"damage_healed":0,"gold_gain":0,"cards_transformed":["Immolate"],"player_choice":"Transformed","damage_taken":0,"max_hp_gain":0,"max_hp_loss":0,"event_name":"Transmorgrifier","floor":22,"gold_loss":0,"cards_obtained":["hubris:CleavingFinish"]}],"is_beta":false,"boss_relics":[{"not_picked":["halation:Yufonium","energizedSpire:OgreHead"],"picked":"halation:PinkAlligatorPlush"}],"items_purged_floors":[],"is_endless":false,"potions_floor_spawned":[1,5,6,8,18,21,24,27],"killed_by":"Champ","ascension_level":1}}