{"host":"t5vp0whyqzs05fb6","time":1614430225,"event":{"mods":["AchievementEnabler","BaseMod","Colored Map","Minty Spire (QoL Compilation)","Rare Cards Sparkle","SuperFastMode","everything is the same but u backflip on backflip"],"gold_per_floor":[110,129,54,73,148,183,194,194,221,240,266,280,280,27,27,27,27],"floor_reached":16,"language":"KOR","playtime":293,"items_purged":["Strike_P","Strike_P"],"score":102,"play_id":"ccdc9fd0-c6b7-47ee-babe-537f99a7bc25","local_time":"20210227215025","is_ascension_mode":false,"campfire_choices":[{"data":"Vigilance","floor":8,"key":"SMITH"},{"data":"DevaForm","floor":13,"key":"SMITH"},{"floor":15,"key":"REST"}],"circlet_count":0,"master_deck":["Strike_P","Strike_P","Defend_P","Defend_P","Defend_P","Defend_P","Eruption+1","Vigilance+1","Crescendo","Wallop","DevaForm+1"],"relics":["PureWater","Bronze Scales","PreservedInsect","Happy Flower","Bag of Preparation"],"acts_visited":["Exordium"],"potions_floor_usage":[6,16],"damage_taken":[{"damage":0,"enemies":"Cultist","floor":1,"turns":2},{"damage":0,"enemies":"Small Slimes","floor":2,"turns":2},{"damage":2,"enemies":"Jaw Worm","floor":4,"turns":4},{"damage":29,"enemies":"Lagavulin","floor":6,"turns":10},{"damage":2,"enemies":"Blue Slaver","floor":7,"turns":4},{"damage":7,"enemies":"Lots of Slimes","floor":10,"turns":4},{"damage":1,"enemies":"Exordium Wildlife","floor":12,"turns":3},{"damage":42,"enemies":"The Guardian","floor":16,"turns":8}],"seed_played":"-2527619719950931773","potions_obtained":[{"floor":2,"key":"Weak Potion"},{"floor":12,"key":"Fire Potion"}],"is_trial":false,"path_per_floor":["M","M","$","M","?","E","M","R","T","M","T","M","R","$","R","B"],"character_chosen":"WATCHER","items_purchased":["Bag of Preparation"],"campfire_rested":1,"item_purchase_floors":[14],"current_hp_per_floor":[72,72,72,70,59,30,28,28,28,21,21,20,20,20,41,0,0],"gold":27,"neow_bonus":"UPGRADE_CARD","is_daily":false,"chose_seed":false,"campfire_upgraded":2,"win_rate":0.0,"timestamp":1614430225,"path_taken":["M","M","?","M","?","E","M","R","T","M","?","?","R","$","R","BOSS"],"items_purchased_type":["Relic"],"build_version":"2020-12-22","purchased_purges":2,"victory":false,"max_hp_per_floor":[72,72,72,72,72,72,72,72,72,72,72,72,72,72,72,72,72],"card_choices":[{"not_picked":["Prostrate","Meditate","ThirdEye"],"picked":"SKIP","floor":1},{"not_picked":["Study","CutThroughFate"],"picked":"Crescendo","floor":2},{"not_picked":["Study","Evaluate","Weave"],"picked":"SKIP","floor":4},{"not_picked":["Crescendo","WaveOfTheHand"],"picked":"Wallop","floor":6},{"not_picked":["Vengeance","Consecrate","Evaluate"],"picked":"SKIP","floor":7},{"not_picked":["ThirdEye","Protect","EmptyBody"],"picked":"SKIP","floor":10},{"not_picked":["ThirdEye","Evaluate"],"picked":"DevaForm","floor":12}],"player_experience":252809,"relics_obtained":[{"floor":6,"key":"Bronze Scales"},{"floor":9,"key":"PreservedInsect"},{"floor":11,"key":"Happy Flower"}],"event_choices":[{"damage_healed":0,"gold_gain":75,"player_choice":"Gather Gold","damage_taken":11,"max_hp_gain":0,"max_hp_loss":0,"event_name":"World of Goop","floor":5,"gold_loss":0}],"is_beta":false,"boss_relics":[],"items_purged_floors":[3,14],"is_endless":false,"potions_floor_spawned":[2,12],"killed_by":"The Guardian","ascension_level":0}}