{"host":"rqwnmhn71fwyjegj","time":1614449987,"event":{"mods":["AchievementEnabler","BaseMod","Minty Spire (QoL Compilation)"],"gold_per_floor":[217,231,231,231,248,248,273,287,310,328,215,215,227,245,245,343,343,356,7,7,21,21,55,55,85,160,175,175,175,175],"floor_reached":29,"language":"ENG","playtime":1121,"items_purged":["Strike_G","Strike_G"],"score":358,"play_id":"2783d9a2-b69d-4b44-b600-ef2771c4e83c","local_time":"20210227181947","is_ascension_mode":true,"campfire_choices":[{"data":"Deadly Poison","floor":6,"key":"SMITH"},{"floor":12,"key":"REST"},{"floor":15,"key":"REST"},{"floor":24,"key":"REST"}],"circlet_count":0,"master_deck":["Strike_G","Strike_G","Strike_G","Defend_G","Defend_G","Defend_G","Defend_G+1","Survivor+1","Neutralize","Dagger Spray","Deadly Poison+1","After Image","Footwork","Catalyst","Bouncing Flask","Deadly Poison","Venomology","Dash","Dagger Spray+1","Footwork+1"],"relics":["Ring of the Snake","Oddly Smooth Stone","Ancient Tea Set","Fusion Hammer","Toxic Egg 2","Snake Skull","Girya","Blue Candle"],"acts_visited":["Exordium","TheCity"],"potions_floor_usage":[7,21,23,23,25,25,27],"damage_taken":[{"damage":2,"enemies":"Jaw Worm","floor":1,"turns":5},{"damage":1,"enemies":"2 Louse","floor":2,"turns":3},{"damage":4,"enemies":"Cultist","floor":5,"turns":3},{"damage":15,"enemies":"Lagavulin","floor":7,"turns":8},{"damage":0,"enemies":"Blue Slaver","floor":8,"turns":4},{"damage":4,"enemies":"Large Slime","floor":10,"turns":7},{"damage":0,"enemies":"Exordium Wildlife","floor":13,"turns":4},{"damage":5,"enemies":"Gremlin Gang","floor":14,"turns":4},{"damage":5,"enemies":"The Guardian","floor":16,"turns":8},{"damage":12,"enemies":"3 Byrds","floor":18,"turns":7},{"damage":4,"enemies":"Shell Parasite","floor":21,"turns":5},{"damage":14,"enemies":"Slavers","floor":23,"turns":10},{"damage":16,"enemies":"Book of Stabbing","floor":25,"turns":5},{"damage":24,"enemies":"Snecko","floor":27,"turns":4},{"damage":17,"enemies":"Centurion and Healer","floor":29,"turns":6}],"seed_played":"7370455650766888048","potions_obtained":[{"floor":5,"key":"Block Potion"},{"floor":8,"key":"Swift Potion"},{"floor":10,"key":"GhostInAJar"},{"floor":14,"key":"Ancient Potion"},{"floor":23,"key":"GamblersBrew"}],"is_trial":false,"path_per_floor":["M","M","?","?","M","R","E","M","T","M","$","R","M","M","R","B",null,"M","$","?","M","$","E","R","E","T","M","?","M"],"character_chosen":"THE_SILENT","items_purchased":["Catalyst","Toxic Egg 2"],"campfire_rested":3,"item_purchase_floors":[11,19],"current_hp_per_floor":[61,60,60,46,42,42,27,27,27,23,23,44,44,39,60,55,66,54,54,54,50,50,36,57,41,41,17,17,0,0],"gold":175,"neow_bonus":"HUNDRED_GOLD","is_daily":false,"chose_seed":false,"campfire_upgraded":1,"win_rate":0.0,"timestamp":1614449987,"path_taken":["M","M","?","?","M","R","E","M","T","M","$","R","M","M","R","BOSS","M","$","?","M","$","E","R","E","T","?","?","M"],"items_purchased_type":["Card","Relic"],"build_version":"2020-12-22","purchased_purges":2,"victory":false,"max_hp_per_floor":[70,70,70,70,70,70,70,70,70,70,70,70,70,70,70,70,70,70,70,70,70,70,70,70,70,70,70,70,70,70],"card_choices":[{"not_picked":["Skewer","Deflect"],"picked":"Dagger Spray","floor":1},{"not_picked":["Backflip","Prepared"],"picked":"Deadly Poison","floor":2},{"not_picked":["Prepared","Deflect","Slice"],"picked":"SKIP","floor":5},{"not_picked":["Crippling Poison","Terror"],"picked":"After Image","floor":7},{"not_picked":["Finisher","Blur","Concentrate"],"picked":"SKIP","floor":8},{"not_picked":["Backflip","Underhanded Strike"],"picked":"Footwork","floor":10},{"not_picked":["Footwork","Blur"],"picked":"Bouncing Flask","floor":13},{"not_picked":["Prepared","Caltrops"],"picked":"Deadly Poison","floor":14},{"not_picked":["Unload","Grand Finale"],"picked":"Venomology","floor":16},{"not_picked":["Outmaneuver","Caltrops+1","Blade Dance"],"picked":"SKIP","floor":18},{"not_picked":["Quick Slash","Acrobatics+1"],"picked":"Dash","floor":21},{"not_picked":["Reflex+1","PiercingWail+1"],"picked":"Dagger Spray+1","floor":23},{"not_picked":["Expertise+1","Concentrate+1","Prepared+1"],"picked":"SKIP","floor":25},{"not_picked":["Acrobatics+1","Infinite Blades+1"],"picked":"Footwork+1","floor":27}],"player_experience":339853,"relics_obtained":[{"floor":7,"key":"Oddly Smooth Stone"},{"floor":9,"key":"Ancient Tea Set"},{"floor":23,"key":"Snake Skull"},{"floor":25,"key":"Girya"},{"floor":26,"key":"Blue Candle"}],"event_choices":[{"damage_healed":0,"gold_gain":0,"player_choice":"Ignored","damage_taken":0,"max_hp_gain":0,"max_hp_loss":0,"event_name":"Golden Wing","floor":3,"gold_loss":0},{"damage_healed":0,"gold_gain":0,"player_choice":"Entered Light","damage_taken":14,"max_hp_gain":0,"max_hp_loss":0,"event_name":"Shining Light","floor":4,"gold_loss":0,"cards_upgraded":["Survivor","Defend_G"]},{"cards_removed":["Defend_G"],"damage_healed":0,"gold_gain":0,"player_choice":"Offered Basic","damage_taken":0,"max_hp_gain":0,"max_hp_loss":0,"event_name":"Bonfire Elementals","floor":20,"gold_loss":0},{"damage_healed":0,"gold_gain":0,"player_choice":"Ignored","damage_taken":0,"max_hp_gain":0,"max_hp_loss":0,"event_name":"The Mausoleum","floor":28,"gold_loss":0}],"is_beta":false,"boss_relics":[{"not_picked":["Astrolabe","HoveringKite"],"picked":"Fusion Hammer"}],"items_purged_floors":[11,19],"is_endless":false,"potions_floor_spawned":[5,8,10,14,18,21,23],"killed_by":"Centurion and Healer","ascension_level":7}}