{"host":"d2gh6suihlstufn7","time":1614425222,"event":{"mods":["AchievementEnabler","BaseMod","Colored Map","Colored Powertips","Minty Spire (QoL Compilation)","Permanent Neow","Quick Restart","StSLib","SuperFastMode","everything is the same but u backflip on backflip"],"gold_per_floor":[14,14,14,189,189,189,223,248,248,10,33,71,71,92,92,92,92],"floor_reached":16,"language":"KOR","playtime":279,"items_purged":["Doubt"],"score":108,"play_id":"03726f9c-a24a-4751-b702-a732b16d4fbc","local_time":"20210227202702","is_ascension_mode":false,"campfire_choices":[{"floor":6.0,"key":"REST"},{"floor":13.0,"key":"REST"},{"floor":15.0,"key":"REST"}],"circlet_count":0,"master_deck":["Strike_B","Strike_B","Strike_B","Strike_B","Defend_B","Defend_B","Defend_B","Defend_B","Zap","Dualcast","Core Surge","Seek","Hologram","Storm","Core Surge"],"relics":["Cracked Core","Golden Idol","Turnip","Gremlin Horn","FossilizedHelix","Shovel"],"acts_visited":["Exordium"],"potions_floor_usage":[],"damage_taken":[{"damage":8.0,"enemies":"Jaw Worm","floor":1.0,"turns":3.0},{"damage":26.0,"enemies":"Gremlin Nob","floor":7.0,"turns":5.0},{"damage":0.0,"enemies":"Cultist","floor":8.0,"turns":2.0},{"damage":0.0,"enemies":"Small Slimes","floor":11.0,"turns":2.0},{"damage":38.0,"enemies":"3 Sentries","floor":12.0,"turns":9.0},{"damage":15.0,"enemies":"3 Louse","floor":14.0,"turns":3.0},{"damage":0,"enemies":"The Guardian","floor":16,"turns":1}],"seed_played":"-7205040204955721845","potions_obtained":[{"floor":8.0,"key":"Ancient Potion"},{"floor":12.0,"key":"Weak Potion"},{"floor":14.0,"key":"Dexterity Potion"}],"is_trial":false,"path_per_floor":["M","$","?","?","T","R","E","M","T","$","M","E","R","M","R","B"],"character_chosen":"DEFECT","items_purchased":["Seek","Hologram"],"campfire_rested":3,"item_purchase_floors":[10,10],"current_hp_per_floor":[67,67,49,49,49,71,45,45,45,45,45,7,29,14,36,36,36],"gold":92,"neow_bonus":"THREE_RARE_CARDS","is_daily":false,"chose_seed":false,"campfire_upgraded":0,"win_rate":0.0,"timestamp":1614425222,"path_taken":["M","$","?","?","?","R","E","M","T","$","?","E","R","M","R","BOSS"],"items_purchased_type":["Card","Card"],"build_version":"2020-12-22","purchased_purges":1,"victory":false,"max_hp_per_floor":[75,75,75,75,75,75,75,75,75,75,75,75,75,75,75,75,75],"card_choices":[{"not_picked":["Rainbow","Seek"],"picked":"Core Surge","floor":0.0},{"not_picked":["Compile Driver","Leap","Sweeping Beam"],"picked":"SKIP","floor":1.0},{"not_picked":["Leap","Doom and Gloom","Barrage"],"picked":"SKIP","floor":7.0},{"not_picked":["Go for the Eyes","Scrape","Sweeping Beam"],"picked":"SKIP","floor":8.0},{"not_picked":["Redo","Stack"],"picked":"Storm","floor":11.0},{"not_picked":["Cold Snap","Blizzard"],"picked":"Core Surge","floor":12.0},{"not_picked":["Reprogram","Hologram","Recycle"],"picked":"SKIP","floor":14.0}],"player_experience":74231,"relics_obtained":[{"floor":5.0,"key":"Turnip"},{"floor":7.0,"key":"Gremlin Horn"},{"floor":9.0,"key":"FossilizedHelix"},{"floor":12.0,"key":"Shovel"}],"event_choices":[{"damage_healed":0.0,"max_hp_gain":0.0,"max_hp_loss":0.0,"gold_gain":0.0,"event_name":"Golden Idol","player_choice":"Take Damage","floor":3.0,"gold_loss":0.0,"damage_taken":18.0,"relics_obtained":["Golden Idol"]},{"damage_healed":0.0,"max_hp_gain":0.0,"max_hp_loss":0.0,"gold_gain":175.0,"event_name":"Liars Game","player_choice":"AGREE","floor":4.0,"gold_loss":0.0,"damage_taken":0.0,"cards_obtained":["Doubt"]}],"is_beta":false,"boss_relics":[],"items_purged_floors":[10],"is_endless":false,"potions_floor_spawned":[8,12,14],"killed_by":"The Guardian","ascension_level":0}}