{"host":"fdq5pmhluajjrf8d","time":1614453023,"event":{"mods":["BaseMod","Minty Spire (QoL Compilation)"],"gold_per_floor":[119,135,285,302,302,302,302,302,381,381,381,412,412,169,169,262,262,276,297,297,317,0,0,15,15,15,15,31,49,49,49],"floor_reached":30,"language":"ENG","playtime":1427,"items_purged":["Injury"],"score":456,"play_id":"915cbda2-c0bd-4763-846f-1a68d9b3f32c","local_time":"20210227141023","is_ascension_mode":true,"campfire_choices":[{"data":"Defragment","floor":7,"key":"SMITH"},{"data":"Chaos","floor":11,"key":"SMITH"},{"data":"Redo","floor":13,"key":"SMITH"},{"floor":15,"key":"RECALL"},{"floor":23,"key":"REST"},{"floor":25,"key":"REST"},{"data":"Defragment","floor":27,"key":"SMITH"}],"circlet_count":0,"master_deck":["AscendersBane","Strike_B","Strike_B","Strike_B","Strike_B","Defend_B","Defend_B","Defend_B","Defend_B","Zap","Dualcast","Chaos+1","Defragment+1","Ball Lightning","Redo+1","Biased Cognition","Self Repair+1","Defragment+1","Capacitor"],"relics":["Cracked Core","Golden Idol","Mercury Hourglass","Unceasing Top","WingedGreaves","Lantern","Black Star","Matryoshka"],"acts_visited":["Exordium","TheCity"],"potions_floor_usage":[16,24],"damage_taken":[{"damage":6,"enemies":"Jaw Worm","floor":1,"turns":4},{"damage":5,"enemies":"Small Slimes","floor":2,"turns":3},{"damage":0,"enemies":"2 Louse","floor":4,"turns":4},{"damage":7,"enemies":"3 Sentries","floor":12,"turns":5},{"damage":24,"enemies":"Hexaghost","floor":16,"turns":8},{"damage":25,"enemies":"3 Byrds","floor":18,"turns":3},{"damage":6,"enemies":"Spheric Guardian","floor":19,"turns":3},{"damage":39,"enemies":"Snake Plant","floor":21,"turns":5},{"damage":21,"enemies":"Centurion and Healer","floor":24,"turns":4},{"damage":29,"enemies":"Shelled Parasite and Fungi","floor":28,"turns":5},{"damage":15,"enemies":"Snecko","floor":29,"turns":4},{"damage":29,"enemies":"Slavers","floor":30,"turns":1}],"seed_played":"2583649334329407764","potions_obtained":[{"floor":2,"key":"PotionOfCapacity"},{"floor":19,"key":"LiquidMemories"},{"floor":21,"key":"SteroidPotion"}],"is_trial":false,"path_per_floor":["M","M","?","M","?","?","R","?","T","T","R","E","R","$","R","B",null,"M","M","?","M","?","R","M","R","T","R","M","M","E"],"character_chosen":"DEFECT","items_purchased":["Lantern"],"campfire_rested":2,"item_purchase_floors":[14],"current_hp_per_floor":[65,60,60,60,60,53,53,53,53,53,53,46,46,46,46,22,64,39,43,43,14,14,37,26,49,49,49,30,25,0,0],"gold":49,"neow_bonus":"TEN_PERCENT_HP_BONUS","is_daily":false,"chose_seed":false,"campfire_upgraded":4,"win_rate":0.0,"timestamp":1614453023,"path_taken":["M","M","?","M","?","?","R","?","T","?","R","E","R","?","R","BOSS","M","M","?","?","?","R","M","R","T","R","M","M","E"],"items_purchased_type":["Relic"],"build_version":"2020-12-22","purchased_purges":1,"victory":false,"max_hp_per_floor":[78,78,78,78,78,78,78,78,78,78,78,78,78,78,78,78,78,78,78,78,78,78,78,78,78,78,78,78,78,78,78],"card_choices":[{"not_picked":["Streamline","Gash"],"picked":"Chaos","floor":1},{"not_picked":["Hologram","Heatsinks"],"picked":"Defragment","floor":2},{"not_picked":["Compile Driver","Streamline"],"picked":"Ball Lightning","floor":4},{"not_picked":["Undo","Conserve Battery"],"picked":"Redo","floor":12},{"not_picked":["Buffer","Hyperbeam"],"picked":"Biased Cognition","floor":16},{"not_picked":["Force Field+1","Steam"],"picked":"Self Repair+1","floor":18},{"not_picked":["Darkness","Hologram","Leap"],"picked":"SKIP","floor":19},{"not_picked":["Skim","Heatsinks"],"picked":"Defragment","floor":21},{"not_picked":["Conserve Battery","Sweeping Beam","Go for the Eyes"],"picked":"SKIP","floor":24},{"not_picked":["Rip and Tear","Sweeping Beam"],"picked":"Capacitor","floor":28},{"not_picked":["Compile Driver","Beam Cell","Steam Power"],"picked":"SKIP","floor":29}],"player_experience":1993677,"relics_obtained":[{"floor":10,"key":"Unceasing Top"},{"floor":12,"key":"WingedGreaves"},{"floor":26,"key":"Matryoshka"}],"event_choices":[{"damage_healed":0,"gold_gain":150,"player_choice":"AGREE","damage_taken":0,"max_hp_gain":0,"max_hp_loss":0,"event_name":"Liars Game","floor":3,"gold_loss":0,"cards_obtained":["Doubt"]},{"damage_healed":0,"gold_gain":0,"player_choice":"Take Wound","damage_taken":0,"relics_obtained":["Golden Idol"],"max_hp_gain":0,"max_hp_loss":0,"event_name":"Golden Idol","floor":5,"gold_loss":0,"cards_obtained":["Injury"]},{"cards_removed":["Doubt"],"damage_healed":0,"gold_gain":0,"player_choice":"Card Removal","damage_taken":7,"max_hp_gain":0,"max_hp_loss":0,"event_name":"Golden Wing","floor":6,"gold_loss":0},{"damage_healed":0,"gold_gain":0,"player_choice":"Searched \u00271\u0027 times","damage_taken":0,"relics_obtained":["Mercury Hourglass"],"max_hp_gain":0,"max_hp_loss":0,"event_name":"Dead Adventurer","floor":8,"gold_loss":0},{"damage_healed":0,"gold_gain":0,"player_choice":"0 cards matched","damage_taken":0,"max_hp_gain":0,"max_hp_loss":0,"event_name":"Match and Keep!","floor":20,"gold_loss":0,"cards_obtained":[]},{"damage_healed":0,"gold_gain":0,"player_choice":"Paid Fearfully","damage_taken":0,"max_hp_gain":0,"max_hp_loss":0,"event_name":"Masked Bandits","floor":22,"gold_loss":317}],"is_beta":false,"boss_relics":[{"not_picked":["Velvet Choker","FrozenCore"],"picked":"Black Star"}],"items_purged_floors":[14],"is_endless":false,"potions_floor_spawned":[2,19,21],"killed_by":"Slavers","ascension_level":20}}