{"host":"i2ieyndca3ivj85d","time":1614443795,"event":{"mods":["BaseMod","Library of Ruina","Library of Ruina Extra","Minty Spire (QoL Compilation)","Quick Restart","StSLib"],"gold_per_floor":[112,124,137,152,152,152,182,204,227,227,252,266,266,266,266,364,364,384,395,410,410,420,453,453,466,492,492,526,543,560,595,595,693,693,704,718,718,736,736,761,776,802,802,802,834,850,867,244,244,244,244,244,244,92,127,127],"floor_reached":57,"language":"ZHS","playtime":2285,"items_purged":["LightAttack"],"score":2020,"play_id":"3f86d75c-7343-4580-95a2-22cea8bb3d58","local_time":"20210228003635","is_ascension_mode":true,"campfire_choices":[{"data":"Charge","floor":6.0,"key":"SMITH"},{"data":"FocusSpirit","floor":10.0,"key":"SMITH"},{"data":"UpstandingSlash","floor":13.0,"key":"SMITH"},{"data":"LevelSlash","floor":15.0,"key":"SMITH"},{"floor":24.0,"key":"RECALL"},{"data":"LightDefense","floor":32.0,"key":"SMITH"},{"floor":44.0,"key":"REST"},{"floor":49.0,"key":"REST"},{"floor":53.0,"key":"REST"}],"circlet_count":0,"master_deck":["Dodge+1","LightDefense+1","UpstandingSlash+1","Spear_LOR+1","LevelSlash+1","LightDefense+1","FocusSpirit+1","Charge+1","FocusSpirit+1"],"relics":["PageOfLibrarian","Orichalcum","Odd Mushroom","Dream Catcher","Velvet Choker","PageOfTodaysShyLook","Potion Belt","PageOfSnowWhitesApple","Anchor","Sozu","PageOfBigBadWolf","War Paint","PageOfNosferatu","Ornamental Fan","PageOfOzma","Toy Ornithopter","DollysMirror","PageOfPorccubus","PageOfUniverseFragment"],"acts_visited":["Exordium","TheCity","TheBeyond","TheEnding"],"potions_floor_usage":[56,56,56],"damage_taken":[{"damage":0.0,"enemies":"Cultist","floor":1.0,"turns":1.0},{"damage":0.0,"enemies":"Small Slimes","floor":2.0,"turns":1.0},{"damage":0.0,"enemies":"2 Louse","floor":3.0,"turns":1.0},{"damage":0.0,"enemies":"Exordium Thugs","floor":4.0,"turns":2.0},{"damage":0.0,"enemies":"3 Sentries","floor":7.0,"turns":1.0},{"damage":0.0,"enemies":"The Mushroom Lair","floor":8.0,"turns":1.0},{"damage":0.0,"enemies":"Lagavulin","floor":11.0,"turns":2.0},{"damage":0.0,"enemies":"Red Slaver","floor":12.0,"turns":1.0},{"damage":0.0,"enemies":"Slime Boss","floor":16.0,"turns":3.0},{"damage":1.0,"enemies":"3 Byrds","floor":18.0,"turns":3.0},{"damage":0.0,"enemies":"Shell Parasite","floor":19.0,"turns":2.0},{"damage":0.0,"enemies":"Sentry and Sphere","floor":20.0,"turns":2.0},{"damage":0.0,"enemies":"Cultist and Chosen","floor":22.0,"turns":3.0},{"damage":0.0,"enemies":"Book of Stabbing","floor":23.0,"turns":3.0},{"damage":0.0,"enemies":"Snake Plant","floor":25.0,"turns":2.0},{"damage":0.0,"enemies":"Slavers","floor":28.0,"turns":4.0},{"damage":0.0,"enemies":"Centurion and Healer","floor":29.0,"turns":2.0},{"damage":0.0,"enemies":"Snecko","floor":30.0,"turns":2.0},{"damage":8.0,"enemies":"Book of Stabbing","floor":31.0,"turns":3.0},{"damage":35.0,"enemies":"KingOfGreed","floor":33.0,"turns":10.0},{"damage":0.0,"enemies":"3 Darklings","floor":35.0,"turns":3.0},{"damage":0.0,"enemies":"Orb Walker","floor":36.0,"turns":1.0},{"damage":0.0,"enemies":"Jaw Worm Horde","floor":38.0,"turns":3.0},{"damage":0.0,"enemies":"Giant Head","floor":40.0,"turns":4.0},{"damage":0.0,"enemies":"3 Darklings","floor":41.0,"turns":3.0},{"damage":0.0,"enemies":"Reptomancer","floor":42.0,"turns":2.0},{"damage":0.0,"enemies":"Giant Head","floor":45.0,"turns":4.0},{"damage":15.0,"enemies":"Transient","floor":46.0,"turns":5.0},{"damage":0.0,"enemies":"4 Shapes","floor":47.0,"turns":2.0},{"damage":14.0,"enemies":"Time Eater","floor":50.0,"turns":6.0},{"damage":1,"enemies":"Shield and Spear","floor":55,"turns":4},{"damage":4,"enemies":"The Heart","floor":56,"turns":5}],"seed_played":"4119889269598898280","potions_obtained":[{"floor":1.0,"key":"ColorlessPotion"},{"floor":2.0,"key":"AttackPotion"},{"floor":7.0,"key":"LiquidMemories"},{"floor":30.0,"key":"Block Potion"},{"floor":33.0,"key":"FearPotion"}],"is_trial":false,"path_per_floor":["M","M","M","M","?","R","E","?","T","R","E","M","R","?","R","B",null,"M","M","M","?","M","E","R","M","T","?","E","M","M","E","R","B",null,"M","M","?","M","?","E","M","E","T","R","E","M","M","$","R","B",null,null,"R","$","E","B",null],"character_chosen":"Librarian","items_purchased":["PageOfOzma","Toy Ornithopter","DollysMirror","PageOfPorccubus"],"campfire_rested":3,"item_purchase_floors":[48,48,48,54],"current_hp_per_floor":[60,60,60,60,65,65,65,65,65,65,65,65,65,65,65,65,89,88,88,88,88,88,88,88,88,88,88,88,88,88,80,80,45,84,84,84,84,84,84,84,84,84,16,63,63,48,48,48,95,81,21,125,159,159,158,158],"gold":127,"neow_bonus":"","is_daily":false,"chose_seed":false,"campfire_upgraded":5,"win_rate":0.0,"timestamp":1614443795,"path_taken":["M","M","M","M","?","R","E","?","T","R","E","M","R","?","R","BOSS","M","M","M","?","M","E","R","?","T","?","E","?","M","E","R","BOSS","M","?","?","M","?","E","M","E","T","R","E","?","M","$","R","BOSS","R","$","E","BOSS"],"items_purchased_type":["Relic","Relic","Relic","Relic"],"build_version":"2020-12-22","purchased_purges":1,"victory":true,"max_hp_per_floor":[92,92,92,92,97,97,97,97,97,97,97,97,97,97,97,97,97,97,97,97,97,97,97,97,97,97,97,97,97,97,97,97,97,97,97,97,92,92,92,92,92,92,159,159,159,159,159,159,159,159,159,159,159,159,159,159],"card_choices":[{"not_picked":["GrazeTheGrass","ForcefulGesture","Outburst","Unlock1","Laceration","BackstreetsDash","Multislash","Leap_lor","GutHarvesting"],"picked":"SKIP","floor":1.0},{"not_picked":["GrazeTheGrass","ForcefulGesture","Outburst","Unlock1","Laceration","BackstreetsDash","Multislash","Leap_lor","GutHarvesting"],"picked":"SKIP","floor":1.0},{"not_picked":["HiddenBlade","DesperateStruggle","WillOfThePrescript","AsThePrescriptOrders","SerpentineBarrier","QuickAttack","FieryWaltz","ShrineToMusic","PreemptiveStrike"],"picked":"SKIP","floor":2.0},{"not_picked":["FrontalAssault","SnakesPrey","SerpentineBarrier","Creak","CombatPreparation","BackAttack","HiddenBlade","AsThePrescriptOrders","EnergyCycle"],"picked":"SKIP","floor":3.0},{"not_picked":["UnavoidableGaze","FleetEdge","FieryWaltz","SunsetBlade","SummaryJudgment","StrikeDown","FierceCharge","InhaleSmoke","Thrust"],"picked":"SKIP","floor":4.0},{"not_picked":["TrimTheIngredients","Wallop_lor","Standoff","BindingChains","Duel_lor","Outburst","StrikeDown","SpearedSweep","DeepDrag"],"picked":"SKIP","floor":7.0},{"not_picked":["Zzzzzap","SharpNails","AbsorbImpact","LossOfSenses","GreatSerpentsImpact","Transpierce","ViolentFlame","Rewind","VioletBlade"],"picked":"SKIP","floor":11.0},{"not_picked":["LawAndOrder","StrongStrike","HighSpeedStabbing","BackAttack","RepressedFlesh","Wallop_lor","SearingSword","Parry","FlashingStrike"],"picked":"SKIP","floor":12.0},{"not_picked":["FierceOnslaught","BiAn+1","BlindFaith+1","FleetFootsteps","PinpointShot","AlloutWar","HighSpeedStabbing","VioletBlade","ChargeUp"],"picked":"SKIP","floor":18.0},{"not_picked":["VenomousFangs+1","SuppressingShot+1","ExtremeEdge","DimensionalRift+1","GrazeTheGrass","ProselytesBlade","BladeWhirl","EnergyCycle","Thrust"],"picked":"SKIP","floor":19.0},{"not_picked":["GuardingStance+1","Struggle","SharpSwipe","MultiHit","BindingChains","SunsetBlade+1","BindingArms","EnergyStrike+1","RagingStormLove"],"picked":"SKIP","floor":20.0},{"not_picked":["ShrineToMusic+1","BattleCommand","WillOfThePrescript","BalefulBrand","FrontalAssault","Diversion","Reload","AsThePrescriptOrders","CoordinatedAssault+1"],"picked":"SKIP","floor":22.0},{"not_picked":["UnavoidableGaze","AlloutWar+1","Rewind","ButterflySlash","GutHarvesting","FocusFire+1","EnergyShield","Diversion+1","BizarreAttack"],"picked":"SKIP","floor":23.0},{"not_picked":["Parry2+1","Faith+1","Ripple","PreparedMind","ClassAndRespect+1","BlowItUp","CleanUp","TheWillOfTheCity","BiAn"],"picked":"SKIP","floor":25.0},{"not_picked":["Diversion+1","GreatSerpentsImpact","BizarreAttack+1","Feast","Suppress","BattleCommand+1","Quickness","EnergyCycle","Thrust"],"picked":"SKIP","floor":28.0},{"not_picked":["Faith","Rewind","OpportunitySpotted","QuickAttack","Standoff","FierceOnslaught","LawAndOrder+1","PreemptiveStrike+1","DesperateStruggle"],"picked":"SKIP","floor":29.0},{"not_picked":["DevastatingThrash+1","BiteOff+1","BulkyImpact","LawAndOrder","BackAttack+1","BindingArms+1","Duel_lor","Rewind","StructuralAnalysis"],"picked":"SKIP","floor":30.0},{"not_picked":["SenseQuarry","MindPrepared","IllEndYou","Juggling","DarkCloud","GuidanceOfTheGears","QuickSuppression","SmokingPipe","SnakesPrey"],"picked":"SKIP","floor":31.0},{"not_picked":["DriedUp","SinglePointStab+1","GuardingStance","Faith","Standoff","QuickAttack","DistortedBlade","SunsetBlade","DesperateStruggle"],"picked":"SKIP","floor":35.0},{"not_picked":["Struggle","Eject","GuardingStance","BiteOff","Riposte+1","DarkCloud","ShockRound","SkitterAway","AsThePrescriptOrders"],"picked":"SKIP","floor":36.0},{"not_picked":["Struggle","Eject","GuardingStance","BiteOff","Riposte+1","DarkCloud","ShockRound","SkitterAway","AsThePrescriptOrders"],"picked":"SKIP","floor":36.0},{"not_picked":["StrikeDown+1","SinglePointStab","FrontalAssault","Guardian_lor+1","SomberProcuration+1","WillProduceFineSilk","BlindFaith","GuidanceOfTheGears","QuickSuppression+1"],"picked":"SKIP","floor":38.0},{"not_picked":["SturdyDefense","MultiBlock+1","Zzzzzap+1","ShockRound+1","Wallop_lor+1","Faith","QuickAttack+1","ViolentFlame+1","GreatSerpentsImpact"],"picked":"SKIP","floor":40.0},{"not_picked":["RulesOfTheBackstreets","EnergyShield","SkyClearingCut","DesperateStruggle","HandleRequest+1","BizarreAttack+1","RipSpace","ReadyUp","HeavyPeaks+1"],"picked":"SKIP","floor":41.0},{"not_picked":["GuidanceOfTheGears+1","Track+1","TendonChords","Overpower","BackAttack+1","BiAn","FleshFillet","Tttonst","DesperateStruggle"],"picked":"SKIP","floor":42.0},{"not_picked":["UnavoidableGaze","Track+1","HiddenBlade+1","StartinOutLightly","SuppressingShot","DesperateStruggle","FierceCharge","Outburst","GaleKick"],"picked":"SKIP","floor":45.0},{"not_picked":["Overpower","MultiBlock","SerpentSwordTechnique+1","DesperateStruggle","MultiHit","Reload+1","BackAttack+1","ScatteringSlash+1","Thrust"],"picked":"SKIP","floor":46.0},{"not_picked":["SavageMode","GuardingStance+1","SetFire","HighKick","ConcentratedFire","FieryWaltz","GreatSerpentsImpact+1","Riposte","GuidanceOfTheGears"],"picked":"SKIP","floor":47.0},{"not_picked":["Gigigig","FlashingStrike","Punishment","DirtyBlow","SkitterAway","Parry","SpearedSweep","InhaleSmoke","GrazeTheGrass+1"],"picked":"SKIP","floor":55}],"player_experience":202777,"relics_obtained":[{"floor":7.0,"key":"Orichalcum"},{"floor":8.0,"key":"Odd Mushroom"},{"floor":11.0,"key":"Dream Catcher"},{"floor":23.0,"key":"PageOfTodaysShyLook"},{"floor":26.0,"key":"Potion Belt"},{"floor":28.0,"key":"PageOfSnowWhitesApple"},{"floor":31.0,"key":"Anchor"},{"floor":40.0,"key":"PageOfBigBadWolf"},{"floor":42.0,"key":"War Paint"},{"floor":43.0,"key":"PageOfNosferatu"},{"floor":45.0,"key":"Ornamental Fan"},{"floor":55,"key":"PageOfUniverseFragment"}],"event_choices":[{"damage_healed":0.0,"max_hp_gain":5.0,"max_hp_loss":0.0,"gold_gain":0.0,"event_name":"Big Fish","player_choice":"Donut","floor":5.0,"gold_loss":0.0,"damage_taken":0.0},{"damage_healed":0.0,"max_hp_gain":0.0,"max_hp_loss":0.0,"gold_gain":0.0,"event_name":"Mushrooms","player_choice":"Fought Mushrooms","floor":8.0,"gold_loss":0.0,"damage_taken":0.0},{"damage_healed":0.0,"max_hp_gain":0.0,"max_hp_loss":0.0,"gold_gain":0.0,"event_name":"Living Wall","player_choice":"Grow","floor":14.0,"gold_loss":0.0,"damage_taken":0.0,"cards_upgraded":["Spear_LOR"]},{"damage_healed":0.0,"max_hp_gain":0.0,"max_hp_loss":0.0,"gold_gain":0.0,"event_name":"Transmorgrifier","player_choice":"Ignored","floor":21.0,"gold_loss":0.0,"damage_taken":0.0},{"damage_healed":0.0,"max_hp_gain":0.0,"max_hp_loss":0.0,"gold_gain":0.0,"event_name":"Match and Keep!","player_choice":"0 cards matched","floor":27.0,"gold_loss":0.0,"damage_taken":0.0,"cards_obtained":[]},{"damage_healed":0.0,"max_hp_gain":0.0,"max_hp_loss":5.0,"gold_gain":0.0,"event_name":"Winding Halls","player_choice":"Max HP","floor":37.0,"gold_loss":0.0,"damage_taken":0.0},{"cards_removed":["LightDefense"],"damage_healed":0.0,"max_hp_gain":0.0,"max_hp_loss":0.0,"gold_gain":0.0,"event_name":"Falling","player_choice":"Removed Skill","floor":39.0,"gold_loss":0.0,"damage_taken":0.0}],"is_beta":false,"boss_relics":[{"not_picked":["Runic Dome","Astrolabe"],"picked":"Velvet Choker"},{"not_picked":["Pandora\u0027s Box","SacredBark"],"picked":"Sozu"}],"items_purged_floors":[48],"is_endless":false,"potions_floor_spawned":[1,2,7,8,11,19,23,28,30,33,35,36,41,45,46,55],"ascension_level":5}}