{"host":"xo57gvsl7e0wfzti","time":1614426372,"event":{"mods":["BaseMod","Minty Spire (QoL Compilation)","Weighted Paths"],"gold_per_floor":[111,127,16,26,0,0,15,15,15,42,103,103,114,142,142,238,238,257,275,275,289,146,146,173,186,186,186,86,121,131,158,158,255,255,266,266,276,55,55,84,84,94,94,94,123,123,140,173,173,173,173,173,16,50,50,50],"floor_reached":55,"language":"ENG","playtime":2981,"items_purged":["Strike_P+1","Strike_P+1","Strike_P+1"],"score":1185,"play_id":"d041e55a-e77e-43d8-a5c5-a0e904f9b15e","local_time":"20210227034612","is_ascension_mode":true,"campfire_choices":[{"data":"Eruption","floor":6,"key":"SMITH"},{"floor":8,"key":"REST"},{"data":"LikeWater","floor":12,"key":"SMITH"},{"data":"CutThroughFate","floor":15,"key":"SMITH"},{"data":"LikeWater","floor":23,"key":"SMITH"},{"floor":27,"key":"REST"},{"floor":32,"key":"REST"},{"floor":41,"key":"RECALL"},{"floor":44,"key":"REST"},{"floor":46,"key":"REST"},{"floor":49,"key":"REST"},{"floor":52,"key":"REST"}],"circlet_count":0,"master_deck":["AscendersBane","Strike_P+1","Defend_P+1","Defend_P+1","Defend_P+1","Defend_P+1","Eruption+1","Vigilance+1","LessonLearned+1","LikeWater+1","FollowUp","DeceiveReality+1","LikeWater+1","WheelKick","FollowUp","BowlingBash+1","CutThroughFate+1","EmptyFist+1","SpiritShield+1","CurseOfTheBell","TalkToTheHand+1","SashWhip","BattleHymn+1","LikeWater+1","Crescendo+1","DevaForm+1"],"relics":["PureWater","Kunai","Mummified Hand","Lizard Tail","Calling Bell","MealTicket","Yang","StoneCalendar","Art of War","Vajra","Happy Flower","Fusion Hammer","Bronze Scales","Omamori","Pear","Incense Burner","Orichalcum","Letter Opener"],"acts_visited":["Exordium","TheCity","TheBeyond","TheEnding"],"potions_floor_usage":[7,24,25,29,31,31,33,33,37,45,47,50],"damage_taken":[{"damage":10,"enemies":"2 Louse","floor":1,"turns":3},{"damage":4,"enemies":"Small Slimes","floor":2,"turns":2},{"damage":1,"enemies":"Cultist","floor":4,"turns":5},{"damage":5,"enemies":"2 Fungi Beasts","floor":7,"turns":3},{"damage":5,"enemies":"3 Sentries","floor":10,"turns":12},{"damage":6,"enemies":"Lots of Slimes","floor":13,"turns":4},{"damage":2,"enemies":"Lagavulin","floor":14,"turns":5},{"damage":4,"enemies":"Hexaghost","floor":16,"turns":17},{"damage":0,"enemies":"Shell Parasite","floor":18,"turns":7},{"damage":4,"enemies":"Spheric Guardian","floor":19,"turns":5},{"damage":11,"enemies":"Snake Plant","floor":21,"turns":7},{"damage":26,"enemies":"Gremlin Leader","floor":24,"turns":9},{"damage":9,"enemies":"Centurion and Healer","floor":25,"turns":6},{"damage":9,"enemies":"Slavers","floor":29,"turns":7},{"damage":36,"enemies":"Snecko","floor":30,"turns":6},{"damage":14,"enemies":"Book of Stabbing","floor":31,"turns":7},{"damage":4,"enemies":"Automaton","floor":33,"turns":12},{"damage":11,"enemies":"3 Shapes","floor":35,"turns":7},{"damage":11,"enemies":"3 Darklings","floor":37,"turns":7},{"damage":2,"enemies":"Reptomancer","floor":40,"turns":9},{"damage":4,"enemies":"Maw","floor":42,"turns":8},{"damage":10,"enemies":"Nemesis","floor":45,"turns":7},{"damage":11,"enemies":"Jaw Worm Horde","floor":47,"turns":4},{"damage":12,"enemies":"Reptomancer","floor":48,"turns":8},{"damage":29,"enemies":"Time Eater","floor":50,"turns":9},{"damage":69,"enemies":"Shield and Spear","floor":54,"turns":11},{"damage":104,"enemies":"The Heart","floor":55,"turns":12}],"seed_played":"-4504502874343180584","potions_obtained":[{"floor":1,"key":"GamblersBrew"},{"floor":2,"key":"DuplicationPotion"},{"floor":10,"key":"Dexterity Potion"},{"floor":13,"key":"Dexterity Potion"},{"floor":24,"key":"Fruit Juice"},{"floor":25,"key":"FearPotion"},{"floor":29,"key":"Regen Potion"},{"floor":31,"key":"BottledMiracle"},{"floor":33,"key":"LiquidMemories"},{"floor":37,"key":"LiquidMemories"},{"floor":42,"key":"Explosive Potion"},{"floor":47,"key":"BlessingOfTheForge"}],"is_trial":false,"path_per_floor":["M","M","$","M","?","R","M","R","T","E","?","R","M","E","R","B",null,"M","M","?","M","$","R","E","M","T","R","$","E","M","E","R","B",null,"M","?","M","$","?","E","R","M","T","R","E","R","M","E","R","B",null,"R","$","E","B"],"character_chosen":"WATCHER","items_purchased":["DeceiveReality","LikeWater","LikeWater","CultistPotion","Orichalcum"],"campfire_rested":7,"item_purchase_floors":[3,3,22,38,53],"current_hp_per_floor":[37,33,33,32,32,32,27,48,48,43,43,43,37,35,35,31,62,62,58,58,47,62,62,36,32,32,55,70,61,25,26,49,45,69,58,58,47,62,62,60,60,56,56,77,77,87,76,64,87,58,80,87,87,18,0,0],"gold":50,"neow_bonus":"THREE_RARE_CARDS","is_daily":false,"chose_seed":false,"campfire_upgraded":4,"win_rate":0.0,"timestamp":1614426372,"path_taken":["M","M","$","M","?","R","M","R","T","E","?","R","M","E","R","BOSS","M","M","?","M","$","R","E","M","T","R","$","E","M","E","R","BOSS","M","?","M","?","?","E","R","M","T","R","E","R","M","E","R","BOSS","R","$","E","BOSS"],"items_purchased_type":["Card","Card","Card","Potion","Relic"],"build_version":"2020-12-22","purchased_purges":3,"victory":false,"max_hp_per_floor":[72,72,72,72,72,72,72,72,72,72,72,72,72,72,72,72,72,72,72,72,72,72,72,72,77,77,77,77,77,77,77,77,77,77,77,77,77,77,77,77,77,77,77,77,87,87,87,87,87,87,87,87,87,87,87,87],"card_choices":[{"not_picked":["ConjureBlade","Vault"],"picked":"LessonLearned","floor":0},{"not_picked":["Meditate","Evaluate"],"picked":"LikeWater","floor":1},{"not_picked":["CutThroughFate","Evaluate"],"picked":"FollowUp","floor":2},{"not_picked":["Swivel","Consecrate"],"picked":"WheelKick","floor":4},{"not_picked":["SignatureMove","CrushJoints"],"picked":"FollowUp","floor":7},{"not_picked":["Adaptation","Omniscience"],"picked":"BowlingBash","floor":10},{"not_picked":["FlurryOfBlows","Prostrate"],"picked":"CutThroughFate","floor":13},{"not_picked":["FlurryOfBlows","ForeignInfluence"],"picked":"EmptyFist","floor":14},{"not_picked":["Devotion","DeusExMachina"],"picked":"SpiritShield","floor":16},{"not_picked":["Evaluate","Protect"],"picked":"TalkToTheHand+1","floor":18},{"not_picked":["FlurryOfBlows","PathToVictory+1"],"picked":"SashWhip","floor":19},{"not_picked":["Consecrate+1","ThirdEye+1"],"picked":"BattleHymn+1","floor":21},{"not_picked":["MentalFortress","PathToVictory","ForeignInfluence+1"],"picked":"SKIP","floor":24},{"not_picked":["FollowUp","EmptyFist","Weave"],"picked":"SKIP","floor":25},{"not_picked":["EmptyFist","Crescendo","FlyingSleeves"],"picked":"SKIP","floor":29},{"not_picked":["EmptyFist","FlyingSleeves"],"picked":"Crescendo","floor":29},{"not_picked":["WreathOfFlame","Crescendo"],"picked":"DevaForm","floor":30},{"not_picked":["JustLucky+1","Worship","Crescendo"],"picked":"SKIP","floor":31},{"not_picked":["EmptyBody+1","FlurryOfBlows+1","Protect"],"picked":"SKIP","floor":35},{"not_picked":["Halt","InnerPeace","Wallop+1"],"picked":"SKIP","floor":37},{"not_picked":["ClearTheMind","EmptyFist","FollowUp"],"picked":"SKIP","floor":40},{"not_picked":["ReachHeaven","ThirdEye","WindmillStrike+1"],"picked":"SKIP","floor":42},{"not_picked":["Halt","SashWhip+1","CrushJoints+1"],"picked":"SKIP","floor":45},{"not_picked":["Crescendo","Consecrate+1","ThirdEye+1"],"picked":"SKIP","floor":47},{"not_picked":["Worship","Vengeance+1","Study+1"],"picked":"SKIP","floor":48},{"not_picked":["PathToVictory+1","BowlingBash","Weave+1"],"picked":"SKIP","floor":54}],"player_experience":752135,"relics_obtained":[{"floor":9,"key":"Kunai"},{"floor":10,"key":"Mummified Hand"},{"floor":14,"key":"Lizard Tail"},{"floor":17,"key":"MealTicket"},{"floor":17,"key":"Yang"},{"floor":17,"key":"StoneCalendar"},{"floor":24,"key":"Art of War"},{"floor":29,"key":"Vajra"},{"floor":31,"key":"Happy Flower"},{"floor":40,"key":"Bronze Scales"},{"floor":43,"key":"Omamori"},{"floor":45,"key":"Pear"},{"floor":48,"key":"Incense Burner"},{"floor":54,"key":"Letter Opener"}],"event_choices":[{"damage_healed":0,"gold_gain":0,"player_choice":"Left Gold","damage_taken":0,"max_hp_gain":0,"max_hp_loss":0,"event_name":"World of Goop","floor":5,"gold_loss":26},{"damage_healed":0,"gold_gain":61,"player_choice":"Gained Gold","damage_taken":0,"max_hp_gain":0,"max_hp_loss":0,"event_name":"Golden Wing","floor":11,"gold_loss":0},{"damage_healed":0,"gold_gain":0,"player_choice":"Simplicity","damage_taken":0,"max_hp_gain":0,"max_hp_loss":0,"event_name":"Back to Basics","floor":20,"gold_loss":0,"cards_upgraded":["Strike_P","Strike_P","Strike_P","Defend_P","Defend_P"]},{"damage_healed":0,"gold_gain":0,"player_choice":"Forge","damage_taken":0,"max_hp_gain":0,"max_hp_loss":0,"event_name":"Accursed Blacksmith","floor":36,"gold_loss":0,"cards_upgraded":["DevaForm"]},{"damage_healed":0,"gold_gain":0,"player_choice":"Ignored","damage_taken":0,"max_hp_gain":0,"max_hp_loss":0,"event_name":"SecretPortal","floor":39,"gold_loss":0}],"is_beta":false,"boss_relics":[{"not_picked":["Tiny House","SacredBark"],"picked":"Calling Bell"},{"not_picked":["Sozu","Astrolabe"],"picked":"Fusion Hammer"}],"items_purged_floors":[22,28,38],"is_endless":false,"potions_floor_spawned":[1,2,10,13,14,24,25,29,31,33,37,42,47],"killed_by":"The Heart","ascension_level":10}}