{"host":"fzh1lgjju4n7ycti","time":1614452148,"event":{"mods":["2.2 Compatiblity","Act Like it!","Bard","BaseMod","Better Third Choice","BetterRewards","Colored Powertips","Downfall","Duelist Mod","Friendly Minions","GifTheSpireLib","Infinite Spire","Jorbs\u0027s Wanderer Trilogy","Kiyohime????","Koishi","Marisa????????","Minty Spire (QoL Compilation)","Quick Restart","Reimu??????","Replay The Spire","Robot Space Explorer","Ruina","StSLib","The Cursed","The Hayseed","The Hierophant","The Judge","The Marked","The Mystic","The Wild Card"],"gold_per_floor":[115,135,135,145,73,105,115,115,115,190,190,190,190,207,207,309,309,326,52,67,87,87,87],"floor_reached":22,"language":"ENG","playtime":1122,"items_purged":[],"score":186,"play_id":"4d5683ab-4032-4edb-b659-c12c48435077","local_time":"20210228045548","is_ascension_mode":false,"campfire_choices":[{"data":"RobotSpaceExplorer:StarDust","floor":8,"key":"SMITH"},{"data":"RobotSpaceExplorer:PlasmaMissile","floor":11,"key":"SMITH"},{"data":"RobotSpaceExplorer:BigMissile","floor":13,"key":"SMITH"},{"data":"RobotSpaceExplorer:PowerCollector","floor":15,"key":"SMITH"}],"circlet_count":0,"master_deck":["RobotSpaceExplorer:Strike","RobotSpaceExplorer:Strike","RobotSpaceExplorer:Strike","RobotSpaceExplorer:Strike","RobotSpaceExplorer:Defend","RobotSpaceExplorer:Defend","RobotSpaceExplorer:Defend","RobotSpaceExplorer:Defend","RobotSpaceExplorer:Scan","RobotSpaceExplorer:MiniLasers","RobotSpaceExplorer:BigMissile+1","RobotSpaceExplorer:Reload","RobotSpaceExplorer:StarDust+1","RobotSpaceExplorer:LaserBurst","RobotSpaceExplorer:Probe","RobotSpaceExplorer:PlasmaMissile+1","RobotSpaceExplorer:PowerCollector+1","RobotSpaceExplorer:Scanner","CurseOfTheBell","RobotSpaceExplorer:ImprovisedAttack","RobotSpaceExplorer:TurboDodge+1","RobotSpaceExplorer:PlasmaMissile","RobotSpaceExplorer:Ammunition"],"relics":["RobotSpaceExplorer:RoboCore","NeowsBlessing","Orichalcum","Centennial Puzzle","Calling Bell","infinitespire:Satchel","Garlic","Calipers","RobotSpaceExplorer:FoglandsKnife"],"acts_visited":["Exordium","Exordium"],"potions_floor_usage":[6,16,16,16,20,22],"damage_taken":[{"damage":0,"enemies":"2 Louse","floor":1,"turns":1},{"damage":0,"enemies":"Cultist","floor":2,"turns":1},{"damage":0,"enemies":"Jaw Worm","floor":4,"turns":1},{"damage":9,"enemies":"Replay:BlueRogue","floor":6,"turns":4},{"damage":8,"enemies":"3 Louse","floor":7,"turns":3},{"damage":6,"enemies":"Large Slime","floor":14,"turns":4},{"damage":19,"enemies":"Hexaghost","floor":16,"turns":6},{"damage":30,"enemies":"ruina:BadWolf","floor":18,"turns":5},{"damage":2,"enemies":"ruina:3_Bats","floor":20,"turns":4},{"damage":30,"enemies":"ruina:QueenOfHate","floor":21,"turns":5},{"damage":21,"enemies":"ruina:KnightOfDespair","floor":22,"turns":3}],"seed_played":"4967709366304416045","potions_obtained":[{"floor":1,"key":"PowerPotion"},{"floor":3,"key":"LiquidBronze"},{"floor":3,"key":"Regen Potion"},{"floor":6,"key":"champ:CounterPotion"},{"floor":18,"key":"Slimebound:ThreeZeroPotion"},{"floor":20,"key":"ZuzhouPotion:ReiMu"}],"is_trial":false,"path_per_floor":["M","M","?","M","$","E","M","R","T","?","R","?","R","M","R","B",null,"M","$","M","M","M"],"character_chosen":"RobotSpaceExplorer","items_purchased":["RobotSpaceExplorer:LaserBurst","RobotSpaceExplorer:FoglandsKnife","RobotSpaceExplorer:TurboDodge+1","RobotSpaceExplorer:PlasmaMissile"],"campfire_rested":0,"item_purchase_floors":[5,19,19,19],"current_hp_per_floor":[75,75,75,75,75,66,58,58,58,47,47,47,47,41,41,37,75,45,45,43,13,0,0],"gold":87,"neow_bonus":"THREE_ENEMY_KILL","is_daily":false,"chose_seed":false,"campfire_upgraded":4,"win_rate":0.0,"timestamp":1614452148,"path_taken":["M","M","?","M","?","E","?","R","T","?","R","?","R","M","R","BOSS","M","$","M","M","M"],"items_purchased_type":["Card","Relic","Card","Card"],"build_version":"2020-12-22","purchased_purges":0,"victory":false,"max_hp_per_floor":[75,75,75,75,75,75,75,75,75,75,75,75,75,75,75,75,75,75,75,75,75,75,75],"card_choices":[{"not_picked":["RobotSpaceExplorer:SurgingStrike","RobotSpaceExplorer:MetalStrike"],"picked":"RobotSpaceExplorer:BigMissile","floor":1},{"not_picked":["RobotSpaceExplorer:MetalStrike","RobotSpaceExplorer:BigMissile"],"picked":"RobotSpaceExplorer:Reload","floor":2},{"not_picked":["RobotSpaceExplorer:DualCore","RobotSpaceExplorer:MetalStrike"],"picked":"RobotSpaceExplorer:StarDust","floor":4},{"not_picked":["RobotSpaceExplorer:SlimeMissile","RobotSpaceExplorer:ShockKick"],"picked":"RobotSpaceExplorer:Probe","floor":6},{"not_picked":["RobotSpaceExplorer:FrostMissile","RobotSpaceExplorer:Calculate"],"picked":"RobotSpaceExplorer:PlasmaMissile","floor":7},{"not_picked":["RobotSpaceExplorer:FrostMissile","RobotSpaceExplorer:MetalStrike"],"picked":"RobotSpaceExplorer:PowerCollector","floor":14},{"not_picked":["RobotSpaceExplorer:BlastShield","RobotSpaceExplorer:HighVoltage"],"picked":"RobotSpaceExplorer:Scanner","floor":16},{"not_picked":["RobotSpaceExplorer:GlueShot","RobotSpaceExplorer:ScrapMissile"],"picked":"RobotSpaceExplorer:ImprovisedAttack","floor":18},{"not_picked":["RobotSpaceExplorer:MetalStrike","RobotSpaceExplorer:ToxicBomb"],"picked":"RobotSpaceExplorer:Ammunition","floor":20},{"not_picked":["RobotSpaceExplorer:SurgingStrike","RobotSpaceExplorer:ImprovisedAttack","RobotSpaceExplorer:GlueShot+1"],"picked":"SKIP","floor":21}],"player_experience":344481,"relics_obtained":[{"floor":6,"key":"Orichalcum"},{"floor":9,"key":"Centennial Puzzle"},{"floor":17,"key":"infinitespire:Satchel"},{"floor":17,"key":"Garlic"},{"floor":17,"key":"Calipers"}],"event_choices":[{"damage_healed":0,"gold_gain":0,"player_choice":"Got Potions","damage_taken":0,"max_hp_gain":0,"max_hp_loss":0,"event_name":"Lab","floor":3,"gold_loss":0},{"damage_healed":0,"gold_gain":75,"player_choice":"Gold","damage_taken":11,"max_hp_gain":0,"max_hp_loss":0,"event_name":"betterThird:BetterGoop","floor":10,"gold_loss":0}],"is_beta":false,"boss_relics":[{"not_picked":["Ring of Chaos","Runic Pyramid"],"picked":"Calling Bell"}],"items_purged_floors":[],"is_endless":false,"potions_floor_spawned":[1,6,7,18,20],"killed_by":"ruina:KnightOfDespair","ascension_level":0}}