{"host":"8fnghcq8tvbg6z9e","time":1614412897,"event":{"mods":["BaseMod","Downfall","Minty Spire (QoL Compilation)","Quick Restart","StSLib"],"gold_per_floor":[110,60,135,135,148,148,183,183,210,210,228,245,245,100,100,204,204,218,218,218,68,85,85,85,85],"floor_reached":23,"language":"ZHS","playtime":600,"items_purged":["hexamod:Defend","Writhe"],"score":212,"play_id":"4d6734a4-c949-4698-bcea-52deb3545516","local_time":"20210227160137","is_ascension_mode":false,"campfire_choices":[{"data":"hexamod:Float","floor":6.0,"key":"SMITH"},{"floor":13.0,"key":"RECALL"},{"data":"hexamod:SoulSteal","floor":15.0,"key":"SMITH"}],"circlet_count":0,"master_deck":["hexamod:Strike","hexamod:Strike","hexamod:Defend","hexamod:Defend","hexamod:Sear","hexamod:Float+1","hexamod:EmpoweredFlame","hexamod:SoulSteal+1","hexamod:FourthSeal","hexamod:Firestarter","hexamod:SpectersWail"],"relics":["hexamod:SpiritBrand","NeowsBlessing","hexamod:InflammatoryLetter","hexamod:MatchstickCase","SacredBark","Blood Vial"],"acts_visited":["Exordium","TheCity"],"potions_floor_usage":[18,22,23,23,23],"damage_taken":[{"damage":0.0,"enemies":"2 Louse","floor":1.0,"turns":1.0},{"damage":0.0,"enemies":"Small Slimes","floor":5.0,"turns":1.0},{"damage":0.0,"enemies":"3 Sentries","floor":7.0,"turns":1.0},{"damage":0.0,"enemies":"Cultist","floor":11.0,"turns":3.0},{"damage":1.0,"enemies":"3 Louse","floor":12.0,"turns":4.0},{"damage":49.0,"enemies":"The Guardian","floor":16.0,"turns":11.0},{"damage":20,"enemies":"2 Thieves","floor":18,"turns":3},{"damage":2,"enemies":"Shell Parasite","floor":22,"turns":4},{"damage":31,"enemies":"Gremlin Leader","floor":23,"turns":4}],"seed_played":"4751128857545816736","potions_obtained":[{"floor":1.0,"key":"BlessingOfTheForge"},{"floor":5.0,"key":"bronze:BurnAndBuffPotion"},{"floor":16.0,"key":"Ancient Potion"},{"floor":22,"key":"EntropicBrew"}],"is_trial":false,"path_per_floor":["M","?","?","?","M","R","E","?","T","?","M","M","R","$","R","B",null,"M","?","?","$","M","E"],"character_chosen":"THE_SPIRIT","items_purchased":["hexamod:SoulSteal","hexamod:Firestarter"],"campfire_rested":0,"item_purchase_floors":[14,21],"current_hp_per_floor":[70,70,59,59,59,59,59,59,59,64,64,63,63,63,63,14,75,55,55,55,55,55,26,26,26],"gold":85,"neow_bonus":"THREE_ENEMY_KILL","is_daily":false,"chose_seed":false,"campfire_upgraded":2,"win_rate":0.0,"timestamp":1614412897,"path_taken":["M","?","?","?","?","R","E","?","T","?","M","M","R","?","R","BOSS","M","?","?","$","M","E"],"items_purchased_type":["Card","Card"],"build_version":"2020-12-22","purchased_purges":2,"victory":false,"max_hp_per_floor":[70,70,70,70,70,70,70,70,70,75,75,75,75,75,75,75,75,75,75,75,75,75,75,75,75],"card_choices":[{"not_picked":["hexamod:EtherealExpedition","hexamod:SuperheatedStrike","hexamod:HeatCrush"],"picked":"SKIP","floor":1.0},{"not_picked":["hexamod:GhostLash","hexamod:SpectralAdrenaline","hexamod:SuperheatedStrike"],"picked":"SKIP","floor":5.0},{"not_picked":["hexamod:SpectralAdrenaline","hexamod:HeatCrush"],"picked":"hexamod:EmpoweredFlame","floor":7.0},{"not_picked":["hexamod:HauntingEcho","hexamod:HeatMetal","hexamod:ShieldOfDarkness"],"picked":"SKIP","floor":11.0},{"not_picked":["hexamod:GhostLash","hexamod:NightmareStrike","hexamod:HeatMetal"],"picked":"SKIP","floor":12.0},{"not_picked":["hexamod:GhostOfSpirePast","hexamod:HeatCrush"],"picked":"hexamod:FourthSeal","floor":18},{"not_picked":["hexamod:FastForward","hexamod:GhostLash+1"],"picked":"hexamod:SpectersWail","floor":22}],"player_experience":203514,"relics_obtained":[{"floor":7.0,"key":"hexamod:InflammatoryLetter"},{"floor":9.0,"key":"hexamod:MatchstickCase"}],"event_choices":[{"cards_removed":["hexamod:Strike"],"damage_healed":0.0,"max_hp_gain":0.0,"max_hp_loss":0.0,"gold_gain":0.0,"event_name":"The Cleric","player_choice":"Card Removal","floor":2.0,"gold_loss":50.0,"damage_taken":0.0},{"damage_healed":0.0,"max_hp_gain":0.0,"max_hp_loss":0.0,"gold_gain":75.0,"event_name":"World of Goop","player_choice":"Gather Gold","floor":3.0,"gold_loss":0.0,"damage_taken":11.0},{"cards_removed":["hexamod:Defend"],"damage_healed":0.0,"max_hp_gain":0.0,"max_hp_loss":0.0,"gold_gain":0.0,"event_name":"Purifier","player_choice":"Purged","floor":4.0,"gold_loss":0.0,"damage_taken":0.0},{"cards_removed":["hexamod:Strike"],"damage_healed":0.0,"max_hp_gain":0.0,"max_hp_loss":0.0,"gold_gain":0.0,"event_name":"Living Wall","player_choice":"Forget","floor":8.0,"gold_loss":0.0,"damage_taken":0.0},{"damage_healed":0.0,"max_hp_gain":5.0,"max_hp_loss":0.0,"gold_gain":0.0,"event_name":"Big Fish","player_choice":"Donut","floor":10.0,"gold_loss":0.0,"damage_taken":0.0},{"damage_healed":0,"gold_gain":0,"player_choice":"Opened","damage_taken":0,"relics_obtained":["Blood Vial"],"max_hp_gain":0,"max_hp_loss":0,"event_name":"The Mausoleum","floor":20,"gold_loss":0,"cards_obtained":["Writhe"]}],"is_beta":false,"boss_relics":[{"not_picked":["bronze:MakeshiftBattery","Runic Pyramid"],"picked":"SacredBark"}],"items_purged_floors":[14,21],"is_endless":false,"potions_floor_spawned":[1,5,16],"killed_by":"Gremlin Leader","ascension_level":0}}