{"host":"7k2a2omxz3voj5ax","time":1614453976,"event":{"mods":["BaseMod","Marisa£¨ìFÓê¡¡Ä§ÀíÉ³£©","Minty Spire (QoL Compilation)","Quick Restart","Spicy Shops","StSLib","Starting Relic: Pandora\u0027s Box","Yakumo Yukari mod","¡¾ÒÅÎï¿¨ÅÆ¡¿REMEMod","óô»ðÖ¸ÄÏ"],"gold_per_floor":[115,128,128,138,149,74,89,120,120,120,152,168,221,221,221,249,249,263,279,295,82,183,183,206,234,333,85,114,124,124,167,186,214,259,259,259,259],"floor_reached":36,"language":"ZHS","playtime":1216,"items_purged":["Melter","Compile Driver"],"score":385,"play_id":"9a0a54bb-5053-4b80-9ca4-e75383831bae","local_time":"20210228042616","is_ascension_mode":true,"campfire_choices":[{"data":"Coolheaded","floor":9.0,"key":"SMITH"},{"floor":17.0,"key":"REST"},{"data":"Defragment","floor":30.0,"key":"SMITH"}],"circlet_count":0,"master_deck":["Zap+1","Dualcast","Gash","Steam","Streamline","Coolheaded","Coolheaded+1","Go for the Eyes","Human_Monster_Realm_purple+1","Ball Lightning","Amplify","Defragment+1","REME_SelfUpgrade+1","White Noise","Capacitor","Capacitor","Glacier+1"],"relics":["Pandora\u0027s Box","REME_ComplimentaryCards","NeowsBlessing","Gremlin Horn","Mercury Hourglass","CeramicFish","Blue Candle","TheAbacus","Coffee Dripper","Medical Kit","REME_HourglassOfDeath","REME_HandOfSuture"],"acts_visited":["Exordium","TheCity"],"potions_floor_usage":[],"damage_taken":[{"damage":0.0,"enemies":"Small Slimes","floor":1.0,"turns":1.0},{"damage":0.0,"enemies":"Cultist","floor":2.0,"turns":1.0},{"damage":0.0,"enemies":"2 Louse","floor":4.0,"turns":1.0},{"damage":6.0,"enemies":"Looter","floor":5.0,"turns":3.0},{"damage":8.0,"enemies":"Red Slaver","floor":7.0,"turns":2.0},{"damage":24.0,"enemies":"3 Sentries","floor":8.0,"turns":8.0},{"damage":11.0,"enemies":"Gremlin Nob","floor":11.0,"turns":3.0},{"damage":0.0,"enemies":"Large Slime","floor":12.0,"turns":2.0},{"damage":18.0,"enemies":"Lagavulin","floor":16.0,"turns":4.0},{"damage":2.0,"enemies":"2 Fungi Beasts","floor":18.0,"turns":2.0},{"damage":6.0,"enemies":"3 Louse","floor":19.0,"turns":2.0},{"damage":0.0,"enemies":"Exordium Wildlife","floor":20.0,"turns":2.0},{"damage":10.0,"enemies":"The Guardian","floor":22.0,"turns":10.0},{"damage":0.0,"enemies":"Spheric Guardian","floor":24.0,"turns":3.0},{"damage":12.0,"enemies":"Shell Parasite","floor":25.0,"turns":5.0},{"damage":21.0,"enemies":"Snecko","floor":28.0,"turns":6.0},{"damage":10.0,"enemies":"3 Cultists","floor":29.0,"turns":5.0},{"damage":0.0,"enemies":"Gremlin Leader","floor":31.0,"turns":5.0},{"damage":8.0,"enemies":"Cultist and Chosen","floor":32.0,"turns":5.0},{"damage":12.0,"enemies":"Centurion and Healer","floor":33.0,"turns":5.0},{"damage":14,"enemies":"Snake Plant","floor":36,"turns":2}],"seed_played":"5673330705879743927","potions_obtained":[{"floor":4.0,"key":"LiquidMemories"},{"floor":7.0,"key":"REME_GoldPotion"},{"floor":12.0,"key":"DuplicationPotion"},{"floor":16.0,"key":"PotionOfCapacity"}],"is_trial":false,"path_per_floor":["M","M","?","M","M","$","M","E","R","$","E","M","T","T","?","E","R","M","M","M","R","B",null,"M","M","?","$","M","M","R","E","M","M","T","E","M"],"character_chosen":"DEFECT","items_purchased":["TheAbacus","Defragment","Medical Kit"],"campfire_rested":1,"item_purchase_floors":[21,21,27],"current_hp_per_floor":[75,75,75,75,69,69,61,37,37,37,26,26,26,26,26,8,30,28,22,22,22,12,75,75,63,63,63,42,32,32,32,24,12,12,12,0,0],"gold":259,"neow_bonus":"THREE_ENEMY_KILL","is_daily":false,"chose_seed":false,"campfire_upgraded":2,"win_rate":0.0,"timestamp":1614453976,"path_taken":["M","M","?","M","M","$","?","E","R","$","E","M","T","T","?","E","R","M","M","M","R","BOSS","M","?","?","$","M","M","R","E","M","M","T","E","M"],"items_purchased_type":["Relic","Card","Relic"],"build_version":"2020-12-22","purchased_purges":2,"victory":false,"max_hp_per_floor":[75,75,75,75,75,75,75,75,75,75,75,75,75,75,75,75,75,75,75,75,75,75,75,75,75,75,75,75,75,75,75,75,75,75,75,75,75],"card_choices":[{"not_picked":["Cold Snap","Redo","Reprogram"],"picked":"SKIP","floor":1.0},{"not_picked":["REME_Whirling","BootSequence","Stack"],"picked":"SKIP","floor":2.0},{"not_picked":["Sweeping Beam","Rebound","Redo"],"picked":"SKIP","floor":4.0},{"not_picked":["Tempest","Beam Cell"],"picked":"Ball Lightning","floor":5.0},{"not_picked":["Go for the Eyes","Rebound","Streamline"],"picked":"SKIP","floor":7.0},{"not_picked":["Gash","Force Field"],"picked":"Amplify","floor":8.0},{"not_picked":["REME_DataAnalysis","Coolheaded","Conserve Battery"],"picked":"SKIP","floor":11.0},{"not_picked":["Coolheaded","Cold Snap","Streamline"],"picked":"SKIP","floor":12.0},{"not_picked":["Coolheaded","REME_SelfUpgrade","Stack"],"picked":"SKIP","floor":16.0},{"not_picked":["Compile Driver","REME_DataAnalysis","Conserve Battery"],"picked":"SKIP","floor":18.0},{"not_picked":["Rebound","Barrage","BootSequence"],"picked":"SKIP","floor":19.0},{"not_picked":["Storm","Chaos","Melter"],"picked":"SKIP","floor":20.0},{"not_picked":["Scrape","Hologram"],"picked":"REME_SelfUpgrade+1","floor":24.0},{"not_picked":["Hologram","Redo+1","Sunder","Aggregate+1"],"picked":"White Noise","floor":25.0},{"not_picked":["Go for the Eyes","Beam Cell","Stack","Skim","Leap","Gash+1"],"picked":"Capacitor","floor":28.0},{"not_picked":["Chill","Cold Snap","Skim","Steam+1","Hologram"],"picked":"SKIP","floor":29.0},{"not_picked":["Beam Cell","Reprogram","Compile Driver","Seek"],"picked":"Capacitor","floor":31.0},{"not_picked":["Ball Lightning","Fusion+1","REME_DataAnalysis","Steam","Coolheaded"],"picked":"SKIP","floor":32.0},{"not_picked":["Turbo","Conserve Battery"],"picked":"Glacier+1","floor":33}],"player_experience":290517,"relics_obtained":[{"floor":8.0,"key":"Gremlin Horn"},{"floor":11.0,"key":"Mercury Hourglass"},{"floor":14.0,"key":"CeramicFish"},{"floor":16.0,"key":"Blue Candle"},{"floor":31.0,"key":"REME_HourglassOfDeath"},{"floor":34,"key":"REME_HandOfSuture"}],"event_choices":[{"damage_healed":0.0,"max_hp_gain":0.0,"max_hp_loss":0.0,"gold_gain":0.0,"event_name":"Upgrade Shrine","player_choice":"Upgraded","floor":3.0,"gold_loss":0.0,"damage_taken":0.0,"cards_upgraded":["Human_Monster_Realm_purple"]},{"damage_healed":0.0,"max_hp_gain":0.0,"max_hp_loss":0.0,"gold_gain":0.0,"event_name":"Accursed Blacksmith","player_choice":"Forge","floor":15.0,"gold_loss":0.0,"damage_taken":0.0,"cards_upgraded":["Zap"]},{"damage_healed":0.0,"max_hp_gain":0.0,"max_hp_loss":0.0,"gold_gain":99.0,"event_name":"Nest","player_choice":"Stole From Cult","floor":26.0,"gold_loss":0.0,"damage_taken":0.0}],"is_beta":false,"boss_relics":[{"not_picked":["Snecko Eye","Fusion Hammer"],"picked":"Coffee Dripper"}],"items_purged_floors":[6,27],"is_endless":false,"potions_floor_spawned":[4,7,12,16,20,29,31],"killed_by":"Snake Plant","ascension_level":3}}