{"host":"dbkc9h3etq50r1dq","time":1614384222,"event":{"mods":["100% Spire Juice","2.2 Compatiblity","AchievementEnabler","BaseMod","Block Reminder","Colored Powertips","Curses Come First","Dark Map","Keyboard Shortcuts","Minty Spire (QoL Compilation)","Permanent Neow","Potion Indicator Mod","Random Character Button","Rare Cards Sparkle","StSLib","SuperFastMode","Weighted Paths"],"gold_per_floor":[109,119,119,138,156,190,190,222,222,77,94,126,126,142,142,241,241,251,251,261,280,298,298,328,328,328,345,345,94,94,125,125,226,226,245,295,295,295,313,343,343,376,376,401,421,67,67,78,78,78],"floor_reached":51,"language":"ZHS","playtime":1446,"items_purged":["Strike_R","Entrench","Wild Strike"],"score":1188,"play_id":"b9dd36a6-755a-4606-a7b3-90decaf60615","local_time":"20210227080342","is_ascension_mode":true,"campfire_choices":[{"floor":7.0,"key":"REST"},{"floor":13.0,"key":"REST"},{"data":"Armaments","floor":15.0,"key":"SMITH"},{"floor":23.0,"key":"REST"},{"data":"Sword Boomerang","floor":25.0,"key":"SMITH"},{"data":"Whirlwind","floor":28.0,"key":"SMITH"},{"data":"Battle Trance","floor":30.0,"key":"SMITH"},{"data":"Inflame","floor":32.0,"key":"SMITH"},{"data":"Offering","floor":41.0,"key":"SMITH"},{"data":"Double Tap","floor":49.0,"key":"SMITH"}],"circlet_count":0,"master_deck":["Bash","Sword Boomerang+1","Flex","Rampage","Flex","Armaments+1","Sword Boomerang+1","Inflame","Fiend Fire","Havoc","Whirlwind+1","Battle Trance+1","Inflame+1","Sword Boomerang+1","Bloodletting","Bloodletting","Offering+1","Seeing Red","Bloodletting","Flex","Double Tap+1","Flex"],"relics":["Burning Blood","Nunchaku","Eternal Feather","Akabeko","Whetstone","Kunai","Pandora\u0027s Box","Gremlin Horn","Singing Bowl","Pen Nib","Matryoshka","Empty Cage","Pocketwatch","Regal Pillow","Bag of Preparation","Mercury Hourglass","HornCleat","StrikeDummy","Toy Ornithopter"],"acts_visited":["Exordium","TheCity","TheBeyond"],"potions_floor_usage":[50,50,50],"damage_taken":[{"damage":1.0,"enemies":"2 Louse","floor":1.0,"turns":4.0},{"damage":0.0,"enemies":"Cultist","floor":2.0,"turns":3.0},{"damage":10.0,"enemies":"Small Slimes","floor":4.0,"turns":3.0},{"damage":11.0,"enemies":"Blue Slaver","floor":5.0,"turns":3.0},{"damage":42.0,"enemies":"3 Sentries","floor":6.0,"turns":9.0},{"damage":20.0,"enemies":"Gremlin Nob","floor":8.0,"turns":4.0},{"damage":14.0,"enemies":"Lots of Slimes","floor":11.0,"turns":4.0},{"damage":27.0,"enemies":"Lagavulin","floor":12.0,"turns":5.0},{"damage":0.0,"enemies":"3 Louse","floor":14.0,"turns":1.0},{"damage":68.0,"enemies":"The Guardian","floor":16.0,"turns":8.0},{"damage":0.0,"enemies":"Spheric Guardian","floor":18.0,"turns":1.0},{"damage":4.0,"enemies":"3 Byrds","floor":20.0,"turns":4.0},{"damage":18.0,"enemies":"Sentry and Sphere","floor":21.0,"turns":3.0},{"damage":33.0,"enemies":"Snecko","floor":22.0,"turns":4.0},{"damage":23.0,"enemies":"Book of Stabbing","floor":24.0,"turns":3.0},{"damage":3.0,"enemies":"3 Cultists","floor":27.0,"turns":1.0},{"damage":9.0,"enemies":"Slavers","floor":31.0,"turns":1.0},{"damage":21.0,"enemies":"Collector","floor":33.0,"turns":3.0},{"damage":11.0,"enemies":"3 Darklings","floor":35.0,"turns":2.0},{"damage":9.0,"enemies":"Mind Bloom Boss Battle","floor":36.0,"turns":1.0},{"damage":0.0,"enemies":"Orb Walker","floor":39.0,"turns":1.0},{"damage":22.0,"enemies":"Giant Head","floor":40.0,"turns":3.0},{"damage":22.0,"enemies":"Nemesis","floor":42.0,"turns":3.0},{"damage":6.0,"enemies":"Reptomancer","floor":44.0,"turns":1.0},{"damage":9.0,"enemies":"Maw","floor":45.0,"turns":3.0},{"damage":6.0,"enemies":"Spire Growth","floor":48.0,"turns":1.0},{"damage":25,"enemies":"Donu and Deca","floor":50,"turns":2}],"seed_played":"3441332664766667508","potions_obtained":[{"floor":2.0,"key":"Strength Potion"},{"floor":6.0,"key":"BlessingOfTheForge"},{"floor":8.0,"key":"FearPotion"},{"floor":14.0,"key":"LiquidBronze"},{"floor":18.0,"key":"Swift Potion"},{"floor":20.0,"key":"SkillPotion"},{"floor":24.0,"key":"SkillPotion"},{"floor":27.0,"key":"SkillPotion"},{"floor":33.0,"key":"Energy Potion"},{"floor":36.0,"key":"LiquidBronze"},{"floor":38.0,"key":"DuplicationPotion"},{"floor":38.0,"key":"SteroidPotion"},{"floor":42.0,"key":"SteroidPotion"},{"floor":44.0,"key":"EssenceOfSteel"}],"is_trial":false,"path_per_floor":["M","M","?","M","M","E","R","E","T","$","M","E","R","M","R","B",null,"M","?","M","M","M","R","E","R","T","M","R","$","R","E","R","B",null,"M","?","?","?","M","E","R","E","T","E","M","$","?","M","R","B",null],"character_chosen":"IRONCLAD","items_purchased":["Flex","Armaments","Pen Nib","Regen Potion","Toy Ornithopter"],"campfire_rested":3,"item_purchase_floors":[10,10,29,46,46],"current_hp_per_floor":[77,80,80,76,71,35,65,51,51,51,43,22,55,61,70,8,62,68,68,70,58,31,67,50,62,62,67,79,79,82,81,84,69,80,75,74,74,74,82,66,78,64,64,66,63,63,63,65,77,78],"gold":78,"neow_bonus":"RANDOM_COMMON_RELIC","is_daily":false,"chose_seed":false,"campfire_upgraded":7,"win_rate":0.0,"timestamp":1614384222,"path_taken":["M","M","?","?","M","E","R","E","T","$","?","E","R","M","R","BOSS","M","?","M","?","M","R","E","R","T","M","R","$","R","E","R","BOSS","M","?","?","?","?","E","R","E","T","E","M","$","?","M","R","BOSS"],"items_purchased_type":["Card","Card","Relic","Potion","Relic"],"build_version":"2020-12-22","purchased_purges":3,"victory":true,"max_hp_per_floor":[80,80,80,80,80,80,80,80,80,80,80,80,80,80,80,80,80,80,80,80,80,80,80,80,80,80,82,82,82,82,84,84,84,84,84,86,86,86,88,88,88,90,90,92,92,92,92,94,94,94],"card_choices":[{"not_picked":["Clothesline","Body Slam"],"picked":"Sword Boomerang","floor":1.0},{"not_picked":["Rage","Headbutt"],"picked":"Flex","floor":2.0},{"not_picked":["Wild Strike","Second Wind"],"picked":"Metallicize","floor":4.0},{"not_picked":["Headbutt","Perfected Strike","Power Through"],"picked":"SKIP","floor":5.0},{"not_picked":["Infernal Blade","Shrug It Off"],"picked":"Rampage","floor":6.0},{"not_picked":["Cleave","Body Slam","Impervious"],"picked":"SKIP","floor":8.0},{"not_picked":["Ghostly Armor","True Grit","Headbutt"],"picked":"SKIP","floor":11.0},{"not_picked":["Havoc","Sentinel"],"picked":"Sword Boomerang","floor":12.0},{"not_picked":["True Grit","Disarm","Twin Strike"],"picked":"SKIP","floor":14.0},{"not_picked":["Reaper","Demon Form"],"picked":"Juggernaut","floor":16.0},{"not_picked":["Armaments","Headbutt+1","Carnage"],"picked":"SKIP","floor":18.0},{"not_picked":["Perfected Strike","Anger"],"picked":"Sword Boomerang+1","floor":20.0},{"not_picked":["Armaments+1","Rage+1"],"picked":"Bloodletting","floor":21.0},{"not_picked":["Dark Embrace","Dropkick+1","Heavy Blade"],"picked":"SKIP","floor":22.0},{"not_picked":["Bludgeon","Disarm"],"picked":"Bloodletting","floor":24.0},{"not_picked":["Warcry","True Grit","Clothesline+1"],"picked":"Singing Bowl","floor":27.0},{"not_picked":["Rampage","Spot Weakness+1","Thunderclap"],"picked":"Singing Bowl","floor":31.0},{"not_picked":["Immolate","Double Tap"],"picked":"Offering","floor":33.0},{"not_picked":["Spot Weakness+1","Flame Barrier"],"picked":"Seeing Red","floor":35.0},{"not_picked":["Feel No Pain","Sever Soul","Shrug It Off"],"picked":"Singing Bowl","floor":36.0},{"not_picked":["Cleave+1","Wild Strike+1","Rage+1"],"picked":"Singing Bowl","floor":39.0},{"not_picked":["Spot Weakness","Headbutt+1"],"picked":"Bloodletting","floor":40.0},{"not_picked":["Havoc+1","Body Slam","Anger"],"picked":"Singing Bowl","floor":42.0},{"not_picked":["True Grit","Clothesline","Rage+1"],"picked":"Singing Bowl","floor":44.0},{"not_picked":["Whirlwind","Clash+1"],"picked":"Flex","floor":45.0},{"not_picked":["Perfected Strike+1","Thunderclap+1","Corruption"],"picked":"Singing Bowl","floor":48.0}],"player_experience":207400,"relics_obtained":[{"floor":6.0,"key":"Eternal Feather"},{"floor":8.0,"key":"Akabeko"},{"floor":9.0,"key":"Whetstone"},{"floor":12.0,"key":"Kunai"},{"floor":24.0,"key":"Gremlin Horn"},{"floor":26.0,"key":"Singing Bowl"},{"floor":31.0,"key":"Matryoshka"},{"floor":36.0,"key":"Pocketwatch"},{"floor":40.0,"key":"Regal Pillow"},{"floor":42.0,"key":"Bag of Preparation"},{"floor":43.0,"key":"Mercury Hourglass"},{"floor":43.0,"key":"HornCleat"},{"floor":44.0,"key":"StrikeDummy"}],"event_choices":[{"damage_healed":0.0,"max_hp_gain":0.0,"max_hp_loss":0.0,"gold_gain":0.0,"event_name":"Match and Keep!","player_choice":"0 cards matched","floor":3.0,"gold_loss":0.0,"damage_taken":0.0,"cards_obtained":[]},{"damage_healed":0.0,"max_hp_gain":0.0,"max_hp_loss":0.0,"gold_gain":0.0,"event_name":"Duplicator","player_choice":"Copied","floor":19.0,"gold_loss":0.0,"damage_taken":0.0,"cards_obtained":["Inflame"]},{"damage_healed":0.0,"max_hp_gain":0.0,"max_hp_loss":0.0,"gold_gain":0.0,"event_name":"MindBloom","player_choice":"Fight","floor":36.0,"gold_loss":0.0,"damage_taken":0.0},{"cards_removed":["Metallicize"],"damage_healed":0.0,"max_hp_gain":0.0,"max_hp_loss":0.0,"gold_gain":0.0,"event_name":"Falling","player_choice":"Removed Power","floor":37.0,"gold_loss":0.0,"damage_taken":0.0},{"damage_healed":0.0,"max_hp_gain":0.0,"max_hp_loss":0.0,"gold_gain":0.0,"event_name":"Lab","player_choice":"Got Potions","floor":38.0,"gold_loss":0.0,"damage_taken":0.0},{"damage_healed":0.0,"max_hp_gain":0.0,"max_hp_loss":0.0,"gold_gain":0.0,"event_name":"Match and Keep!","player_choice":"2 cards matched","floor":47.0,"gold_loss":0.0,"damage_taken":0.0,"cards_obtained":["Double Tap","Flex"]}],"is_beta":false,"boss_relics":[{"not_picked":["Ectoplasm","SlaversCollar"],"picked":"Pandora\u0027s Box"},{"not_picked":["Black Star","Fusion Hammer"],"picked":"Empty Cage"}],"items_purged_floors":[10,29,46],"is_endless":false,"potions_floor_spawned":[2,6,8,14,18,20,24,27,33,36,42,44,45],"ascension_level":8}}