{"host":"hemqwg9ve6welna9","time":1614395402,"event":{"mods":["2.2 Compatiblity","AchievementEnabler","Act Like it!","Aya Shameimaru","BaseMod","Beaked The Cultist","Bestiary","Better Match","Better Note","Better Third Choice","BetterRewards","Bossed Relics","Conspire","Curses Come First","Dio Mod","Downfall","Gremlin Mod","GungeonMod","Hermit","Highlight Path","Hubris","Marisa????????","Melee Mod","Minty Spire (QoL Compilation)","Morshu Shopkeeper","Morshu Shopkeeper - ENHANCED","Permanent Neow","Potionbrewer","Quick Restart","Rare Cards Sparkle","Relic Stats","Reliquary","Robot Space Explorer","Ruina","SOS???????","Shop Mod","Small Relic Pack","StSLib","SuperFastMode","Td1madao Mod","The Animator","The Bug Knight","The Construct","The Cursed","The Disciple","The Forsaken","The Hierophant","The Jungle","The Marked","The Runesmith","The Senshi","The Servant 0.9.4","The Wild Card","TheBandit","TheVacant","Transform Curses","UnlockEverythingMod","everything is the same but u backflip on backflip"],"gold_per_floor":[112,112,112,128,92,92,121,121,147,66,66,66,84,84,84,187,187,203,203,215,215,215,244,51,76,152,152,167,167,167,179,179,278,278,289,300,59,111,160,160,192,192,192,192,221,233,47,65,65,65,65,65,14,40,40],"floor_reached":56,"language":"ENG","playtime":3950,"items_purged":[],"score":1312,"play_id":"0e3f8a94-7afc-484c-b81b-2e7034819fbe","local_time":"20210226211002","is_ascension_mode":false,"campfire_choices":[{"data":"shameimaru:WindsOfChange","floor":6.0,"key":"SMITH"},{"data":"shameimaru:Galeforce","floor":8.0,"key":"SMITH"},{"data":"shameimaru:BunbunmaruNewspaper","floor":12.0,"key":"SMITH"},{"data":"shameimaru:PhotoAlbum","floor":15.0,"key":"SMITH"},{"data":"shameimaru:HighlightReel","floor":32.0,"key":"SMITH"},{"data":"shameimaru:BlindingSpeed","floor":40.0,"key":"SMITH"},{"data":"shameimaru:Imitation","floor":42.0,"key":"SMITH"},{"data":"shameimaru:SplittingGale","floor":44.0,"key":"SMITH"},{"floor":49.0,"key":"RECALL"},{"data":"shameimaru:MountainProcession","floor":52.0,"key":"SMITH"}],"circlet_count":0,"master_deck":["shameimaru:Defend","shameimaru:Defend","shameimaru:Defend","shameimaru:PlayfulTaunt+1","shameimaru:SnapshotStrike+1","shameimaru:Imitation","shameimaru:PhotoAlbum+1","shameimaru:ReporterInstinct","shameimaru:WindsOfChange+1","shameimaru:Galeforce+1","shameimaru:BunbunmaruNewspaper+1","shameimaru:GuidingBreeze","shameimaru:DashingGrace","shameimaru:MountainProcession+1","shameimaru:SuddenOutburst+1","shameimaru:AirSlash","shameimaru:AirSlash+1","shameimaru:HighlightReel+1","shameimaru:CandidShot+1","shameimaru:DashingDomination","Bite","Bite","Bite","Bite","Bite","shameimaru:Imitation+1","shameimaru:SplittingGale+1","shameimaru:Foresight+1","shameimaru:BlindingSpeed+1","shameimaru:Preparation","shameimaru:DoctoredImage","shameimaru:CoerciveReport+1","shameimaru:HurricaneOfFreedom+1","shameimaru:LoadedStatement","shameimaru:AdverseWind","shameimaru:ForseenReaction","shameimaru:Opportunity","shameimaru:AirCutter","shameimaru:Persuade+1"],"relics":["shameimaru:blackbirdfeather","Runesmith:Nanobots","potionbrewer:BottledElixir","Tiny Chest","hubris:SphereOfDissonance","potionbrewer:BhaskarasWheel","hubris:Icosahedron","Juzu Bracelet","Art of War","Question Card","construct:FoamFinger","conspire:BottledYoYo","Sozu","TheAbacus","hubris:CuriousFeather","Whetstone","potionbrewer:SlideRule","Blue Candle","Lantern","Frozen Eye","Bronze Scales"],"acts_visited":["Exordium","TheCity","TheBeyond","TheEnding"],"potions_floor_usage":[],"damage_taken":[{"damage":5.0,"enemies":"Cultist","floor":1.0,"turns":5.0},{"damage":0.0,"enemies":"Small Slimes","floor":4.0,"turns":3.0},{"damage":14.0,"enemies":"3 Sentries","floor":7.0,"turns":8.0},{"damage":0.0,"enemies":"Jaw Worm","floor":13.0,"turns":2.0},{"damage":20.0,"enemies":"The Guardian","floor":16.0,"turns":8.0},{"damage":22.0,"enemies":"2 Thieves","floor":18.0,"turns":3.0},{"damage":18.0,"enemies":"conspire:HollyBat","floor":20.0,"turns":7.0},{"damage":19.0,"enemies":"HollowMod:Nosk","floor":23.0,"turns":7.0},{"damage":29.0,"enemies":"Book of Stabbing","floor":25.0,"turns":4.0},{"damage":3.0,"enemies":"Snake Plant","floor":28.0,"turns":2.0},{"damage":0.0,"enemies":"Centurion and Healer","floor":31.0,"turns":3.0},{"damage":71.0,"enemies":"Automaton","floor":33.0,"turns":9.0},{"damage":25.0,"enemies":"3 Shapes","floor":35.0,"turns":4.0},{"damage":8.0,"enemies":"3 Darklings","floor":36.0,"turns":3.0},{"damage":4.0,"enemies":"2 Orb Walkers","floor":38.0,"turns":3.0},{"damage":0.0,"enemies":"Giant Head","floor":41.0,"turns":5.0},{"damage":0.0,"enemies":"Nemesis","floor":45.0,"turns":3.0},{"damage":0.0,"enemies":"Sphere and 2 Shapes","floor":46.0,"turns":2.0},{"damage":15.0,"enemies":"Maw","floor":48.0,"turns":4.0},{"damage":17.0,"enemies":"hubris:GrandSnecko","floor":50.0,"turns":9.0},{"damage":0.0,"enemies":"Shield and Spear","floor":54.0,"turns":4.0},{"damage":36,"enemies":"The Heart","floor":55,"turns":8}],"seed_played":"265042912722643110","potions_obtained":[{"floor":1.0,"key":"LiquidBronze"},{"floor":4.0,"key":"potionbrewer:HastePotion"},{"floor":20.0,"key":"hexamod:SoulburnPotion"},{"floor":25.0,"key":"BlessingOfTheForge"}],"is_trial":false,"path_per_floor":["M","T","?","M","$","R","E","R","T","$","?","R","M","T","R","B",null,"M","?","M","?","T","E","$","E","T","T","M","?","?","M","R","B",null,"M","M","$","?","T","R","E","R","T","R","E","M","$","M","R","B",null,"R","$","E","B",null],"character_chosen":"AYA","items_purchased":["shameimaru:WindsOfChange","shameimaru:BunbunmaruNewspaper","Art of War","shameimaru:HighlightReel","shameimaru:Preparation","shameimaru:DoctoredImage","TheAbacus","Frozen Eye","shameimaru:ForseenReaction","shameimaru:AirCutter"],"campfire_rested":0,"item_purchase_floors":[5,10,24,24,37,37,37,47,47,53],"current_hp_per_floor":[75,75,75,75,75,75,61,61,61,61,61,61,61,61,61,41,80,58,58,40,40,40,21,21,24,24,27,24,27,30,38,38,18,56,43,47,47,52,55,55,56,56,56,56,56,56,56,47,47,36,56,56,56,56,25],"gold":40,"neow_bonus":"UPGRADE_CARD","is_daily":false,"chose_seed":false,"campfire_upgraded":9,"win_rate":0.0,"timestamp":1614395402,"path_taken":["M","?","?","M","$","R","E","R","T","?","?","R","?","?","R","BOSS","M","?","M","?","?","E","$","E","T","?","M","?","?","M","R","BOSS","M","M","$","?","?","R","E","R","T","R","E","M","?","M","R","BOSS","R","$","E","BOSS"],"items_purchased_type":["Card","Card","Relic","Card","Card","Card","Relic","Relic","Card","Card"],"build_version":"2020-12-22","purchased_purges":0,"victory":true,"max_hp_per_floor":[80,80,80,80,80,80,80,80,80,80,80,80,80,80,80,80,80,80,80,80,80,80,80,80,80,80,80,80,56,56,56,56,56,56,56,56,56,56,56,56,56,56,56,56,56,56,56,56,56,56,56,56,56,56,56],"relic_stats":{"Sozu":5,"TheAbacus":[48],"counters":[22,106],"Blue Candle":[0],"Bronze Scales":[75],"Tiny Chest":3,"Juzu Bracelet":1,"Art of War":[1],"Whetstone":["shameimaru:SnapshotStrike","shameimaru:AirSlash"],"Question Card":11,"obtain_stats":[{"shameimaru:blackbirdfeather":0,"Runesmith:Nanobots":2,"Lantern":45,"construct:FoamFinger":26,"Blue Candle":43,"hubris:SphereOfDissonance":14,"potionbrewer:BhaskarasWheel":17,"Juzu Bracelet":23,"Whetstone":39,"Question Card":25,"Sozu":34,"Frozen Eye":47,"hubris:Icosahedron":21,"TheAbacus":37,"Bronze Scales":54,"Tiny Chest":9,"hubris:CuriousFeather":38,"Art of War":24,"conspire:BottledYoYo":27,"potionbrewer:BottledElixir":7,"potionbrewer:SlideRule":41},{"shameimaru:blackbirdfeather":0,"Runesmith:Nanobots":1,"Lantern":17,"construct:FoamFinger":9,"Blue Candle":16,"hubris:SphereOfDissonance":4,"potionbrewer:BhaskarasWheel":5,"Juzu Bracelet":8,"Whetstone":15,"Question Card":9,"Sozu":12,"Frozen Eye":18,"hubris:Icosahedron":7,"TheAbacus":14,"Bronze Scales":21,"Tiny Chest":3,"hubris:CuriousFeather":15,"Art of War":8,"conspire:BottledYoYo":9,"potionbrewer:BottledElixir":3,"potionbrewer:SlideRule":16},{"shameimaru:blackbirdfeather":0,"Runesmith:Nanobots":5,"Lantern":79,"construct:FoamFinger":47,"Blue Candle":76,"hubris:SphereOfDissonance":18,"potionbrewer:BhaskarasWheel":26,"Juzu Bracelet":43,"Whetstone":71,"Question Card":47,"Sozu":61,"Frozen Eye":81,"hubris:Icosahedron":36,"TheAbacus":68,"Bronze Scales":98,"Tiny Chest":16,"hubris:CuriousFeather":71,"Art of War":43,"conspire:BottledYoYo":47,"potionbrewer:BottledElixir":16,"potionbrewer:SlideRule":76}]},"card_choices":[{"not_picked":["shameimaru:MassDeletion","shameimaru:DashingDomination"],"picked":"shameimaru:Imitation","floor":1.0},{"not_picked":["shameimaru:Persuade","shameimaru:Photocopier"],"picked":"shameimaru:ReporterInstinct","floor":4.0},{"not_picked":["shameimaru:AirCutter","shameimaru:ForseenReaction"],"picked":"shameimaru:Galeforce","floor":7.0},{"not_picked":["shameimaru:FlutteringFeyFan","shameimaru:CoerciveReport"],"picked":"shameimaru:DashingGrace","floor":13.0},{"not_picked":["shameimaru:OverclockedCamera","shameimaru:GatherEvidence"],"picked":"shameimaru:MountainProcession","floor":16.0},{"not_picked":["shameimaru:InvertedColours","shameimaru:Foresight"],"picked":"shameimaru:SuddenOutburst","floor":18.0},{"not_picked":["shameimaru:MassDeletion","shameimaru:RapidFirePhotography"],"picked":"shameimaru:AirSlash","floor":20.0},{"not_picked":["shameimaru:Photocopier","shameimaru:GaleBlade"],"picked":"shameimaru:AirSlash","floor":23.0},{"not_picked":["shameimaru:WhispersOfTheWind+1","shameimaru:RapidEnhancement"],"picked":"shameimaru:CandidShot+1","floor":25.0},{"not_picked":["shameimaru:GaleBullet","shameimaru:ExclusiveScoop","shameimaru:SuddenOutburst"],"picked":"shameimaru:DashingDomination","floor":28.0},{"not_picked":["shameimaru:PeerlessWind","shameimaru:BlindingSpeed+1","shameimaru:Foresight"],"picked":"shameimaru:Imitation","floor":31.0},{"not_picked":["shameimaru:SpiralingTempest","shameimaru:WindSickleVeiling","shameimaru:ClangingWindchime"],"picked":"shameimaru:SplittingGale","floor":33.0},{"not_picked":["shameimaru:LoadedStatement","shameimaru:ReporterInstinct+1","shameimaru:Photocopier+1"],"picked":"shameimaru:Foresight+1","floor":35.0},{"not_picked":["shameimaru:MassDeletion+1","shameimaru:Imitation","shameimaru:Persuade"],"picked":"shameimaru:BlindingSpeed","floor":36.0},{"not_picked":["shameimaru:Persuade+1","shameimaru:BlindingSpeed","shameimaru:Photoshoot"],"picked":"shameimaru:CoerciveReport+1","floor":38.0},{"not_picked":["shameimaru:GaleBullet","shameimaru:InvertedColours","shameimaru:ReporterInstinct"],"picked":"shameimaru:HurricaneOfFreedom+1","floor":41.0},{"not_picked":["shameimaru:Foresight","shameimaru:Galeforce","shameimaru:PeerlessWind"],"picked":"shameimaru:LoadedStatement","floor":45.0},{"not_picked":["shameimaru:Photoshoot","shameimaru:MassDeletion","shameimaru:InstantShotJournalist"],"picked":"shameimaru:AdverseWind","floor":46.0},{"not_picked":["shameimaru:GuidingBreeze+1","shameimaru:Imitation","shameimaru:HitAndRun+1"],"picked":"shameimaru:Opportunity","floor":48.0},{"not_picked":["shameimaru:Preparation","shameimaru:AutumnalFallWind","shameimaru:BlindingSpeed+1"],"picked":"shameimaru:Persuade+1","floor":54.0}],"player_experience":62178,"relics_obtained":[{"floor":2.0,"key":"Runesmith:Nanobots"},{"floor":7.0,"key":"potionbrewer:BottledElixir"},{"floor":9.0,"key":"Tiny Chest"},{"floor":14.0,"key":"hubris:SphereOfDissonance"},{"floor":23.0,"key":"Juzu Bracelet"},{"floor":25.0,"key":"Question Card"},{"floor":26.0,"key":"construct:FoamFinger"},{"floor":27.0,"key":"conspire:BottledYoYo"},{"floor":38.0,"key":"hubris:CuriousFeather"},{"floor":39.0,"key":"Whetstone"},{"floor":41.0,"key":"potionbrewer:SlideRule"},{"floor":43.0,"key":"Blue Candle"},{"floor":45.0,"key":"Lantern"},{"floor":54.0,"key":"Bronze Scales"}],"event_choices":[{"damage_healed":0.0,"max_hp_gain":0.0,"max_hp_loss":0.0,"gold_gain":0.0,"cards_transformed":["shameimaru:Defend"],"event_name":"Living Wall","player_choice":"Change","floor":3.0,"gold_loss":0.0,"damage_taken":0.0,"cards_obtained":["shameimaru:PhotoAlbum"]},{"damage_healed":0.0,"max_hp_gain":0.0,"max_hp_loss":0.0,"gold_gain":0.0,"cards_transformed":["shameimaru:Strike"],"event_name":"Transmorgrifier","player_choice":"Transformed","floor":11.0,"gold_loss":0.0,"damage_taken":0.0,"cards_obtained":["shameimaru:GuidingBreeze"]},{"damage_healed":0.0,"max_hp_gain":0.0,"max_hp_loss":0.0,"gold_gain":0.0,"event_name":"betterNote:BetterNote","player_choice":"Ignored","floor":19.0,"gold_loss":0.0,"damage_taken":0.0,"cards_obtained":["theForsaken:Preservation"]},{"damage_healed":0.0,"max_hp_gain":0.0,"max_hp_loss":24.0,"gold_gain":0.0,"event_name":"Vampires","player_choice":"Became a vampire","floor":29.0,"gold_loss":0.0,"damage_taken":0.0,"cards_obtained":["Bite","Bite","Bite","Bite","Bite"]},{"damage_healed":0.0,"max_hp_gain":0.0,"max_hp_loss":0.0,"gold_gain":0.0,"event_name":"Upgrade Shrine","player_choice":"Upgraded","floor":30.0,"gold_loss":0.0,"damage_taken":0.0,"cards_upgraded":["shameimaru:SuddenOutburst"]},{"damage_healed":0.0,"max_hp_gain":0.0,"max_hp_loss":0.0,"gold_gain":0.0,"event_name":"Mysterious Sphere","player_choice":"Fight","floor":38.0,"gold_loss":0.0,"damage_taken":0.0}],"is_beta":false,"boss_relics":[{"not_picked":["hubris:BlackHole","beaked:SacredDeck"],"picked":"potionbrewer:BhaskarasWheel"},{"not_picked":["hubris:RunicObelisk","relicPack:ShieldShield"],"picked":"Sozu"}],"items_purged_floors":[],"is_endless":false,"potions_floor_spawned":[1,4,20,25,35,38,41,48,54],"ascension_level":0}}