{"host":"xb2tau8pgi8aflss","time":1614434594,"event":{"mods":["AchievementEnabler","BaseMod","Hermit","Minty Spire (QoL Compilation)","StSLib","SuperFastMode"],"gold_per_floor":[114,129,143,143,18,18,18,18,18,18,33,46,46,62,62,159,159,172,183,193,208,208,208],"floor_reached":22,"language":"KOR","playtime":705,"items_purged":["Defend_B"],"score":252,"play_id":"018b2c19-8a1a-4a65-84b9-201a6c8de2c8","local_time":"20210227230314","is_ascension_mode":true,"campfire_choices":[{"data":"Dualcast","floor":7,"key":"SMITH"},{"data":"Genetic Algorithm","floor":10,"key":"SMITH"},{"data":"Coolheaded","floor":13,"key":"SMITH"},{"data":"Sunder","floor":15,"key":"SMITH"}],"circlet_count":0,"master_deck":["Strike_B","Strike_B","Strike_B","Defend_B","Defend_B","Defend_B","Zap","Dualcast+1","Coolheaded+1","Genetic Algorithm+1","Double Energy","Hologram","Loop","Compile Driver","Sunder+1","Machine Learning","Stack","Melter","Capacitor"],"relics":["Cracked Core","NeowsBlessing","InkBottle","FossilizedHelix","Philosopher\u0027s Stone"],"acts_visited":["Exordium","TheCity"],"potions_floor_usage":[12,18,20,22],"damage_taken":[{"damage":0,"enemies":"Cultist","floor":1,"turns":1},{"damage":0,"enemies":"Small Slimes","floor":2,"turns":1},{"damage":0,"enemies":"2 Louse","floor":3,"turns":1},{"damage":0,"enemies":"Looter","floor":11,"turns":3},{"damage":22,"enemies":"Lots of Slimes","floor":12,"turns":4},{"damage":0,"enemies":"3 Louse","floor":14,"turns":3},{"damage":19,"enemies":"Slime Boss","floor":16,"turns":9},{"damage":12,"enemies":"2 Thieves","floor":18,"turns":4},{"damage":17,"enemies":"Shell Parasite","floor":19,"turns":5},{"damage":18,"enemies":"Snake Plant","floor":20,"turns":4},{"damage":15,"enemies":"Centurion and Healer","floor":21,"turns":8},{"damage":6,"enemies":"Cultist and Chosen","floor":22,"turns":6}],"seed_played":"-2039759311832429615","potions_obtained":[{"floor":1,"key":"BlessingOfTheForge"},{"floor":14,"key":"ColorlessPotion"},{"floor":18,"key":"GamblersBrew"},{"floor":19,"key":"SkillPotion"}],"is_trial":false,"path_per_floor":["M","M","M","?","$","?","R","?","T","R","M","M","R","M","R","B",null,"M","M","M","M","M"],"character_chosen":"DEFECT","items_purchased":["Hologram"],"campfire_rested":0,"item_purchase_floors":[5],"current_hp_per_floor":[68,68,68,61,61,66,66,66,66,66,66,44,44,44,44,25,66,54,37,19,4,0,0],"gold":208,"neow_bonus":"THREE_ENEMY_KILL","is_daily":false,"chose_seed":false,"campfire_upgraded":4,"win_rate":0.0,"timestamp":1614434594,"path_taken":["M","M","?","?","$","?","R","?","T","R","M","M","R","M","R","BOSS","M","M","M","M","?"],"items_purchased_type":["Card"],"build_version":"2020-12-22","purchased_purges":1,"victory":false,"max_hp_per_floor":[75,75,75,75,75,80,80,80,80,80,80,80,80,80,80,80,80,80,80,80,80,80,80],"card_choices":[{"not_picked":["Auto Shields","Hologram"],"picked":"Coolheaded","floor":1},{"not_picked":["Heatsinks","Beam Cell"],"picked":"Genetic Algorithm","floor":2},{"not_picked":["Steam","Consume"],"picked":"Double Energy","floor":3},{"not_picked":["Stack","Hologram"],"picked":"Loop","floor":11},{"not_picked":["Leap","Cold Snap"],"picked":"Compile Driver","floor":12},{"not_picked":["Undo","Aggregate"],"picked":"Sunder","floor":14},{"not_picked":["Reboot","Seek"],"picked":"Machine Learning","floor":16},{"not_picked":["Beam Cell","Chaos+1"],"picked":"Stack","floor":18},{"not_picked":["Static Discharge","Rip and Tear+1"],"picked":"Melter","floor":19},{"not_picked":["Cold Snap","Consume"],"picked":"Capacitor","floor":20},{"not_picked":["Hologram","Loop","Cold Snap+1"],"picked":"SKIP","floor":21}],"player_experience":865093,"relics_obtained":[{"floor":8,"key":"InkBottle"},{"floor":9,"key":"FossilizedHelix"}],"event_choices":[{"cards_removed":["Strike_B"],"damage_healed":0,"gold_gain":0,"player_choice":"Card Removal","damage_taken":7,"max_hp_gain":0,"max_hp_loss":0,"event_name":"Golden Wing","floor":4,"gold_loss":0},{"damage_healed":0,"gold_gain":0,"player_choice":"Donut","damage_taken":0,"max_hp_gain":5,"max_hp_loss":0,"event_name":"Big Fish","floor":6,"gold_loss":0},{"damage_healed":0,"gold_gain":0,"player_choice":"Relic","damage_taken":0,"max_hp_gain":0,"max_hp_loss":0,"event_name":"Wheel of Change","floor":8,"gold_loss":0}],"is_beta":false,"boss_relics":[{"not_picked":["Busted Crown","Coffee Dripper"],"picked":"Philosopher\u0027s Stone"}],"items_purged_floors":[5],"is_endless":false,"potions_floor_spawned":[1,14,18,19],"killed_by":"Cultist and Chosen","ascension_level":8}}