{"host":"ydg0vn0pu4pubmdt","time":1614455147,"event":{"mods":["AchievementEnabler","BaseMod","Colored Map","Minty Spire (QoL Compilation)","Quick Restart","SuperFastMode"],"gold_per_floor":[117,117,117,117,129,129,156,172,172,184,202,127,141,156,156,232,232,245,256,256,267,267,267],"floor_reached":22,"language":"KOR","playtime":375,"items_purged":["Strike_B"],"score":430,"play_id":"173c53f9-e37b-4a50-afdf-58c40e1b4295","local_time":"20210228044547","is_ascension_mode":true,"campfire_choices":[{"data":"Capacitor","floor":6.0,"key":"SMITH"},{"floor":15,"key":"REST"}],"circlet_count":0,"master_deck":["AscendersBane","Strike_B+1","Defend_B+1","Defend_B","Zap","Dualcast","Capacitor+1","Compile Driver","Streamline","Darkness","Chill","Ball Lightning","Biased Cognition","Rainbow","Force Field+1","Ball Lightning+1","Compile Driver+1","Darkness"],"relics":["Cracked Core","NeowsBlessing","FossilizedHelix","Eternal Feather","Mercury Hourglass","Astrolabe"],"acts_visited":["Exordium","TheCity"],"potions_floor_usage":[19],"damage_taken":[{"damage":0.0,"enemies":"Small Slimes","floor":1.0,"turns":1.0},{"damage":0.0,"enemies":"2 Louse","floor":5.0,"turns":1.0},{"damage":0.0,"enemies":"3 Sentries","floor":7.0,"turns":1.0},{"damage":0.0,"enemies":"Jaw Worm","floor":8.0,"turns":3.0},{"damage":4.0,"enemies":"Red Slaver","floor":10.0,"turns":3.0},{"damage":10,"enemies":"Lots of Slimes","floor":11,"turns":3},{"damage":0,"enemies":"Large Slime","floor":13,"turns":4},{"damage":2,"enemies":"Gremlin Gang","floor":14,"turns":3},{"damage":10,"enemies":"Slime Boss","floor":16,"turns":8},{"damage":20,"enemies":"Chosen","floor":18,"turns":5},{"damage":0,"enemies":"Shell Parasite","floor":19,"turns":6},{"damage":28,"enemies":"Snake Plant","floor":21,"turns":3},{"damage":19,"enemies":"Snecko","floor":22,"turns":4}],"seed_played":"2121617931676903189","potions_obtained":[{"floor":1.0,"key":"SpeedPotion"},{"floor":5.0,"key":"DistilledChaos"},{"floor":8.0,"key":"Fire Potion"},{"floor":13,"key":"PowerPotion"},{"floor":21,"key":"Weak Potion"}],"is_trial":false,"path_per_floor":["M","?","?","?","M","R","E","M","T","M","M","$","M","M","R","B",null,"M","M","?","M","M"],"character_chosen":"DEFECT","items_purchased":[],"campfire_rested":1,"item_purchase_floors":[],"current_hp_per_floor":[64,43,32,32,32,32,32,32,32,28,18,18,18,16,46,36,62,42,42,42,14,0,0],"gold":267,"neow_bonus":"THREE_ENEMY_KILL","is_daily":false,"chose_seed":false,"campfire_upgraded":1,"win_rate":0.0,"timestamp":1614455147,"path_taken":["M","?","?","?","?","R","E","M","T","M","M","?","M","M","R","BOSS","M","?","?","M","M"],"items_purchased_type":[],"build_version":"2020-12-22","purchased_purges":1,"victory":false,"max_hp_per_floor":[71,71,71,71,71,71,71,71,71,71,71,71,71,71,71,71,71,71,71,71,71,71,71],"card_choices":[{"not_picked":["Steam","Sunder"],"picked":"Capacitor","floor":1.0},{"not_picked":["Leap","Steam Power"],"picked":"Compile Driver","floor":5.0},{"not_picked":["Recycle","Lockon","Steam Power"],"picked":"SKIP","floor":7.0},{"not_picked":["Melter","Lockon"],"picked":"Streamline","floor":8.0},{"not_picked":["Redo","Defragment"],"picked":"Darkness","floor":10.0},{"not_picked":["Turbo","Sunder"],"picked":"Chill","floor":11},{"not_picked":["Go for the Eyes","Conserve Battery"],"picked":"Ball Lightning","floor":13},{"not_picked":["Leap","Beam Cell"],"picked":"Biased Cognition","floor":14},{"not_picked":["All For One","Echo Form"],"picked":"Rainbow","floor":16},{"not_picked":["Sweeping Beam","Lockon","Capacitor"],"picked":"SKIP","floor":18},{"not_picked":["Ball Lightning","Scrape"],"picked":"Compile Driver+1","floor":19},{"not_picked":["Rip and Tear","Beam Cell"],"picked":"Darkness","floor":21}],"player_experience":635558,"relics_obtained":[{"floor":7.0,"key":"Eternal Feather"},{"floor":9.0,"key":"Mercury Hourglass"}],"event_choices":[{"damage_healed":0.0,"max_hp_gain":0.0,"max_hp_loss":0.0,"gold_gain":0.0,"event_name":"Shining Light","player_choice":"Entered Light","floor":2.0,"gold_loss":0.0,"damage_taken":21.0,"cards_upgraded":["Strike_B","Defend_B"]},{"damage_healed":0.0,"max_hp_gain":0.0,"max_hp_loss":0.0,"gold_gain":0.0,"event_name":"Scrap Ooze","player_choice":"Success","floor":3.0,"gold_loss":0.0,"damage_taken":11.0,"relics_obtained":["FossilizedHelix"]},{"cards_removed":["Strike_B"],"damage_healed":0.0,"max_hp_gain":0.0,"max_hp_loss":0.0,"gold_gain":0.0,"event_name":"Living Wall","player_choice":"Forget","floor":4.0,"gold_loss":0.0,"damage_taken":0.0},{"cards_removed":["Sunder"],"damage_healed":0,"gold_gain":0,"player_choice":"Purged","damage_taken":0,"max_hp_gain":0,"max_hp_loss":0,"event_name":"Purifier","floor":20,"gold_loss":0}],"is_beta":false,"boss_relics":[{"not_picked":["Black Star","Empty Cage"],"picked":"Astrolabe"}],"items_purged_floors":[12],"is_endless":false,"potions_floor_spawned":[1,5,8,13,16,18,21],"killed_by":"Snecko","ascension_level":20}}