{"host":"1avr1135to2copjv","time":1614458420,"event":{"mods":["BaseMod","Colored Map","Colored Powertips","Filter the Spire","Minty Spire (QoL Compilation)","Relic Stats","StSLib"],"gold_per_floor":[110,127,141,157,170,170,170,170],"floor_reached":7,"language":"ENG","playtime":300,"items_purged":[],"score":90,"play_id":"cb5acaf6-4e7a-4f97-ad18-1089eb27f96a","local_time":"20210227234020","is_ascension_mode":true,"campfire_choices":[{"data":"Defragment","floor":6,"key":"SMITH"}],"circlet_count":0,"master_deck":["AscendersBane","Strike_B","Strike_B","Strike_B","Strike_B","Defend_B","Defend_B","Defend_B","Defend_B","Zap","Dualcast","Meteor Strike","Conserve Battery","Defragment+1","Cold Snap","Hologram","Coolheaded"],"relics":["Cracked Core"],"acts_visited":["Exordium"],"potions_floor_usage":[5,7],"damage_taken":[{"damage":5,"enemies":"2 Louse","floor":1,"turns":3},{"damage":5,"enemies":"Jaw Worm","floor":2,"turns":4},{"damage":10,"enemies":"Small Slimes","floor":3,"turns":4},{"damage":0,"enemies":"Blue Slaver","floor":4,"turns":5},{"damage":3,"enemies":"Exordium Thugs","floor":5,"turns":6},{"damage":57,"enemies":"Gremlin Nob","floor":7,"turns":4}],"seed_played":"4962899319285250488","potions_obtained":[{"floor":2,"key":"Block Potion"},{"floor":3,"key":"PotionOfCapacity"},{"floor":5,"key":"BlessingOfTheForge"}],"is_trial":false,"path_per_floor":["M","M","M","M","M","R","E"],"character_chosen":"DEFECT","items_purchased":[],"campfire_rested":0,"item_purchase_floors":[],"current_hp_per_floor":[59,54,44,44,41,41,0,0],"gold":170,"neow_bonus":"ONE_RANDOM_RARE_CARD","is_daily":false,"chose_seed":false,"campfire_upgraded":1,"win_rate":0.0,"timestamp":1614458420,"path_taken":["M","M","M","M","M","R","E"],"items_purchased_type":[],"build_version":"2020-12-22","purchased_purges":0,"victory":false,"max_hp_per_floor":[71,71,71,71,71,71,71,71],"relic_stats":{"counters":[6,26],"obtain_stats":[{"Cracked Core":0},{"Cracked Core":0},{"Cracked Core":0}]},"card_choices":[{"not_picked":["Skim","Rebound"],"picked":"Conserve Battery","floor":1},{"not_picked":["Darkness","Self Repair"],"picked":"Defragment","floor":2},{"not_picked":["Beam Cell","Self Repair"],"picked":"Cold Snap","floor":3},{"not_picked":["Beam Cell","Steam"],"picked":"Hologram","floor":4},{"not_picked":["Undo","Redo"],"picked":"Coolheaded","floor":5}],"player_experience":1084025,"relics_obtained":[],"event_choices":[],"is_beta":false,"boss_relics":[],"items_purged_floors":[],"is_endless":false,"potions_floor_spawned":[2,3,5],"killed_by":"Gremlin Nob","ascension_level":20}}