{"host":"wri98rxht4656ll8","time":1614451994,"event":{"mods":["AchievementEnabler","BaseMod","Colored Map","Colored Powertips","Minty Spire (QoL Compilation)","Permanent Neow","StSLib"],"gold_per_floor":[114,74,5,21,37,37,37,37,37,81,81,101,117,117,117,247,247,241,21,21,36,60,60,60,75,75,0,0,18,18,38,38,162,162,162],"floor_reached":34,"language":"ENG","playtime":1857,"items_purged":[],"score":442,"play_id":"d77d19df-5dba-417b-9c11-02c3032f7a65","local_time":"20210227195314","is_ascension_mode":true,"campfire_choices":[{"data":"Hologram","floor":6,"key":"SMITH"},{"data":"Zap","floor":8,"key":"SMITH"},{"data":"Creative AI","floor":11,"key":"SMITH"},{"floor":15,"key":"REST"},{"floor":23,"key":"REST"},{"floor":28,"key":"REST"},{"floor":32,"key":"REST"}],"circlet_count":0,"master_deck":["Strike_B","Strike_B+1","Defend_B","Defend_B","Defend_B","Defend_B","Zap+1","Dualcast","Hologram+1","Cold Snap","Leap","Undo","Injury","Creative AI+1","Double Energy","Rebound+1","Seek","Conserve Battery+1","Chill","Chill+1","Consume","Writhe","Electrodynamics","Auto Shields","CurseOfTheBell"],"relics":["Cracked Core","FossilizedHelix","Golden Idol","Matryoshka","Anchor","Nuclear Battery","Dream Catcher","Pocketwatch","Bag of Marbles","Whetstone","Calling Bell","Blood Vial","Letter Opener","WingedGreaves"],"acts_visited":["Exordium","TheCity"],"potions_floor_usage":[2,16,33,33,33],"damage_taken":[{"damage":0,"enemies":"2 Louse","floor":1,"turns":1},{"damage":0,"enemies":"Cultist","floor":4,"turns":3},{"damage":0,"enemies":"Jaw Worm","floor":5,"turns":3},{"damage":15,"enemies":"3 Sentries","floor":10,"turns":11},{"damage":0,"enemies":"Large Slime","floor":12,"turns":6},{"damage":0,"enemies":"3 Louse","floor":13,"turns":4},{"damage":0,"enemies":"Slime Boss","floor":16,"turns":8},{"damage":9,"enemies":"2 Thieves","floor":18,"turns":4},{"damage":10,"enemies":"Shell Parasite","floor":21,"turns":7},{"damage":21,"enemies":"Snake Plant","floor":22,"turns":8},{"damage":37,"enemies":"Chosen and Byrds","floor":25,"turns":12},{"damage":36,"enemies":"Cultist and Chosen","floor":29,"turns":8},{"damage":0,"enemies":"Snecko","floor":31,"turns":6},{"damage":61,"enemies":"Collector","floor":33,"turns":18}],"seed_played":"-1271471732652165234","potions_obtained":[{"floor":2,"key":"Fruit Juice"},{"floor":2,"key":"SpeedPotion"},{"floor":2,"key":"DistilledChaos"},{"floor":4,"key":"EssenceOfDarkness"},{"floor":5,"key":"EssenceOfDarkness"},{"floor":18,"key":"BlessingOfTheForge"}],"is_trial":false,"path_per_floor":["M","?","$","M","M","R","?","R","T","E","R","M","M","?","R","B",null,"M","$","?","M","M","R","?","M","T","?","R","M","?","M","R","B",null],"character_chosen":"DEFECT","items_purchased":["Cold Snap","Leap","Dream Catcher","Chill"],"campfire_rested":4,"item_purchase_floors":[3,3,19,19],"current_hp_per_floor":[54,59,59,59,59,59,59,59,59,44,44,44,44,44,68,68,80,71,71,71,61,40,64,64,27,27,27,51,15,41,41,65,4,4,4],"gold":162,"neow_bonus":"ONE_RARE_RELIC","is_daily":false,"chose_seed":false,"campfire_upgraded":3,"win_rate":0.0,"timestamp":1614451994,"path_taken":["M","?","$","?","M","R","?","R","T","E","R","M","M","?","R","BOSS","M","$","?","M","?","R","?","M","T","?","R","M","?","M","R","BOSS"],"items_purchased_type":["Card","Card","Relic","Card"],"build_version":"2020-12-22","purchased_purges":0,"victory":false,"max_hp_per_floor":[75,80,80,80,80,80,80,80,80,80,80,80,80,80,80,80,80,80,80,80,80,80,80,80,80,80,80,80,80,80,80,80,80,80,80],"card_choices":[{"not_picked":["Rip and Tear","Rebound"],"picked":"Hologram","floor":1},{"not_picked":["Hologram","Steam"],"picked":"Undo","floor":4},{"not_picked":["Melter","Reprogram","Stack"],"picked":"SKIP","floor":5},{"not_picked":["Cold Snap","Ball Lightning"],"picked":"Creative AI","floor":10},{"not_picked":["Barrage","Coolheaded"],"picked":"Double Energy","floor":12},{"not_picked":["Steam","White Noise"],"picked":"Rebound","floor":13},{"not_picked":["Electrodynamics","Creative AI"],"picked":"Seek","floor":16},{"not_picked":["Turbo","Steam Power"],"picked":"Conserve Battery+1","floor":18},{"not_picked":["Ball Lightning","Go for the Eyes"],"picked":"Chill+1","floor":21},{"not_picked":["Compile Driver+1","Hologram"],"picked":"Consume","floor":22},{"not_picked":["Leap+1","Melter+1"],"picked":"Electrodynamics","floor":25},{"not_picked":["Steam+1","Ball Lightning+1"],"picked":"Auto Shields","floor":28},{"not_picked":["Stack","Sweeping Beam","Skim"],"picked":"SKIP","floor":29},{"not_picked":["Turbo","Chaos","Beam Cell+1"],"picked":"SKIP","floor":31}],"player_experience":255159,"relics_obtained":[{"floor":9,"key":"Matryoshka"},{"floor":10,"key":"Anchor"},{"floor":26,"key":"Bag of Marbles"},{"floor":26,"key":"Whetstone"},{"floor":34,"key":"Blood Vial"},{"floor":34,"key":"Letter Opener"},{"floor":34,"key":"WingedGreaves"}],"event_choices":[{"damage_healed":0,"gold_gain":0,"player_choice":"Bought 3 Potions","damage_taken":0,"max_hp_gain":0,"max_hp_loss":0,"event_name":"The Woman in Blue","floor":2,"gold_loss":0},{"damage_healed":0,"gold_gain":0,"player_choice":"Take Wound","damage_taken":0,"relics_obtained":["Golden Idol"],"max_hp_gain":0,"max_hp_loss":0,"event_name":"Golden Idol","floor":7,"gold_loss":0,"cards_obtained":["Injury"]},{"damage_healed":0,"gold_gain":0,"player_choice":"Ignored","damage_taken":0,"max_hp_gain":0,"max_hp_loss":0,"event_name":"Liars Game","floor":14,"gold_loss":0},{"cards_removed":["Strike_B"],"damage_healed":0,"gold_gain":0,"player_choice":"Purged","damage_taken":0,"max_hp_gain":0,"max_hp_loss":0,"event_name":"Purifier","floor":20,"gold_loss":0},{"damage_healed":0,"gold_gain":0,"player_choice":"Opened","damage_taken":0,"relics_obtained":["Pocketwatch"],"max_hp_gain":0,"max_hp_loss":0,"event_name":"The Mausoleum","floor":24,"gold_loss":0,"cards_obtained":["Writhe"]},{"cards_removed":["Strike_B"],"damage_healed":0,"gold_gain":0,"player_choice":"Gave Gold","damage_taken":0,"max_hp_gain":0,"max_hp_loss":0,"event_name":"Beggar","floor":27,"gold_loss":75},{"damage_healed":26,"gold_gain":0,"player_choice":"Heal","damage_taken":0,"max_hp_gain":0,"max_hp_loss":0,"event_name":"The Library","floor":30,"gold_loss":0}],"is_beta":false,"boss_relics":[{"not_picked":["Fusion Hammer","SacredBark"],"picked":"Nuclear Battery"},{"not_picked":["Busted Crown","Runic Pyramid"],"picked":"Calling Bell"}],"items_purged_floors":[],"is_endless":false,"potions_floor_spawned":[4,5,10,12,13,18,21,29],"ascension_level":2}}