{"host":"b7qo4gia7dvxrdtr","time":1614400788,"event":{"mods":["BaseMod","Highlight Path","Minty Spire (QoL Compilation)","StSLib","The Animator"],"gold_per_floor":[128,128,143,157,169,200,211,211,211,224,249,265,311,331,331,428,428,443,94,0,14,14,14,30,30,30,49,49,73,73,93,93,93,93],"floor_reached":33,"language":"ENG","playtime":4109,"items_purged":[],"score":380,"play_id":"5bcb066f-7f36-4fe4-ae27-651f9ce1cb96","local_time":"20210227123948","is_ascension_mode":true,"campfire_choices":[{"floor":8.0,"key":"REST"},{"floor":15.0,"key":"RECALL"},{"floor":23.0,"key":"REST"},{"floor":25.0,"key":"REST"},{"floor":30.0,"key":"REST"},{"floor":32,"key":"REST"}],"circlet_count":0,"master_deck":["animator:Strike_Konosuba","animator:Defend_Konosuba","animator:Strike","animator:Strike","animator:Strike","animator:Defend","animator:Defend","animator:Defend","animator:Kazuma","animator:Aqua","animator:Eve","animator:Melzalgald","animator:Chung","animator:MetalKnight","animator:Add","animator:Jibril","animator:PinaCoLada","animator:Aqua","animator:Chomusuke","animator:ElricAlphonse","animator:Darkness","animator:Aisha","animator:Rimuru","animator:Verdia","animator:YunYun","animator:DolaRiku","animator:ElricAlphonse","animator:QuestionMark","animator:DolaStephanie","animator:Saber","animator:ElricEdward","animator:Raven","animator:Shiro","animator:DolaRiku","Shame","animator:Shalltear","animator:Caster+1","animator:Tatsumaki","animator:Geryuganshoop","animator:Verdia"],"relics":["animator:LivingPicture","animator:TheMissingPiece","animator:PurgingStone","CaptainsWheel","Charon\u0027s Ashes","animator:CursedGlyph","Paper Crane","Mark of Pain","Orrery","Calipers","Bird Faced Urn"],"acts_visited":["Exordium","TheCity"],"potions_floor_usage":[31],"damage_taken":[{"damage":2.0,"enemies":"2 Louse","floor":1.0,"turns":5.0},{"damage":6.0,"enemies":"Cultist","floor":3.0,"turns":3.0},{"damage":7.0,"enemies":"Jaw Worm","floor":4.0,"turns":4.0},{"damage":12.0,"enemies":"2 Fungi Beasts","floor":5.0,"turns":4.0},{"damage":31.0,"enemies":"3 Sentries","floor":6.0,"turns":13.0},{"damage":6.0,"enemies":"3 Louse","floor":7.0,"turns":4.0},{"damage":1.0,"enemies":"Blue Slaver","floor":10.0,"turns":5.0},{"damage":8.0,"enemies":"Gremlin Nob","floor":11.0,"turns":4.0},{"damage":4.0,"enemies":"Large Slime","floor":12.0,"turns":8.0},{"damage":4.0,"enemies":"Lagavulin","floor":13.0,"turns":5.0},{"damage":7.0,"enemies":"Exordium Thugs","floor":14.0,"turns":6.0},{"damage":35.0,"enemies":"The Guardian","floor":16.0,"turns":10.0},{"damage":38.0,"enemies":"Chosen","floor":18.0,"turns":9.0},{"damage":7.0,"enemies":"3 Byrds","floor":21.0,"turns":5.0},{"damage":19.0,"enemies":"Snake Plant","floor":24.0,"turns":6.0},{"damage":39.0,"enemies":"Chosen and Byrds","floor":27.0,"turns":8.0},{"damage":15.0,"enemies":"Sentry and Sphere","floor":29.0,"turns":7.0},{"damage":28,"enemies":"Centurion and Healer","floor":31,"turns":7},{"damage":47,"enemies":"Collector","floor":33,"turns":6}],"seed_played":"4584263912464458340","potions_obtained":[{"floor":1.0,"key":"Regen Potion"},{"floor":5.0,"key":"Regen Potion"},{"floor":7.0,"key":"AttackPotion"},{"floor":12.0,"key":"SneckoOil"},{"floor":13.0,"key":"Block Potion"},{"floor":24.0,"key":"Fruit Juice"},{"floor":27.0,"key":"LiquidBronze"},{"floor":29.0,"key":"PowerPotion"}],"is_trial":false,"path_per_floor":["M","?","M","M","M","E","M","R","T","M","E","M","E","M","R","B",null,"M","$","?","M","?","R","M","R","T","M","?","M","R","M","R","B"],"character_chosen":"THE_ANIMATOR","items_purchased":["animator:YunYun","animator:DolaRiku","animator:ElricAlphonse","animator:QuestionMark","Orrery"],"campfire_rested":5,"item_purchase_floors":[19,19,19,19,19],"current_hp_per_floor":[59,59,54,50,40,26,22,40,40,41,49,49,49,46,46,15,47,14,14,14,15,15,32,22,40,40,16,16,7,26,8,27,0,0],"gold":93,"neow_bonus":"THREE_RARE_CARDS","is_daily":false,"chose_seed":false,"campfire_upgraded":0,"win_rate":0.0,"timestamp":1614400788,"path_taken":["M","?","?","M","M","E","M","R","T","M","E","M","E","M","R","BOSS","M","$","?","M","?","R","M","R","T","M","?","M","R","?","R","BOSS"],"items_purchased_type":["Card","Card","Card","Card","Relic"],"build_version":"2020-12-22","purchased_purges":0,"victory":false,"max_hp_per_floor":[60,60,60,61,61,61,61,61,61,61,57,57,57,57,57,57,57,58,58,58,58,58,58,63,63,63,64,64,64,64,64,64,64,64],"card_choices":[{"not_picked":["animator:Rimuru","animator:Greed"],"picked":"animator:Eve","floor":0.0},{"not_picked":["animator:IzunaHatsuse","animator:RinTohsaka"],"picked":"animator:Melzalgald","floor":1.0},{"not_picked":["animator:Demiurge","animator:WinryRockbell"],"picked":"animator:Chung","floor":3.0},{"not_picked":["animator:ElricEdward","animator:WinryRockbell"],"picked":"animator:MetalKnight","floor":4.0},{"not_picked":["animator:Rena","animator:Raven"],"picked":"animator:Add","floor":5.0},{"not_picked":["animator:Raven","animator:Melzalgald"],"picked":"animator:Jibril","floor":6.0},{"not_picked":["animator:Sloth","animator:Chris"],"picked":"animator:PinaCoLada","floor":7.0},{"not_picked":["animator:ShinjiMatou","animator:Tyuule"],"picked":"animator:Aqua","floor":10.0},{"not_picked":["animator:Vanir","animator:Verdia"],"picked":"animator:Chomusuke","floor":11.0},{"not_picked":["animator:Mitsurugi","animator:Shuna"],"picked":"animator:ElricAlphonse","floor":12.0},{"not_picked":["animator:Demiurge","animator:Lu"],"picked":"animator:Darkness","floor":13.0},{"not_picked":["animator:MetalKnight","animator:Ciel"],"picked":"animator:Aisha","floor":14.0},{"not_picked":["animator:Gilgamesh","animator:Sora"],"picked":"animator:Rimuru","floor":16.0},{"not_picked":["animator:Vanir","animator:Kazuma"],"picked":"animator:Verdia","floor":18.0},{"not_picked":["animator:Add","animator:Millim"],"picked":"animator:DolaStephanie","floor":19.0},{"not_picked":["animator:Millim","animator:DolaSchwi"],"picked":"animator:Saber","floor":19.0},{"not_picked":["animator:SilverFang","animator:Gluttony"],"picked":"animator:ElricEdward","floor":19.0},{"not_picked":["animator:DolaStephanie","animator:YaoHaDucy"],"picked":"animator:Raven","floor":19.0},{"not_picked":["animator:Kazuma","animator:Arpeggio"],"picked":"animator:Shiro","floor":19.0},{"not_picked":["animator:SilverFang","animator:Genos"],"picked":"animator:DolaRiku","floor":21.0},{"not_picked":["animator:Shion","animator:Shuna+1"],"picked":"animator:Shalltear","floor":24.0},{"not_picked":["animator:PandorasActor+1","animator:Vesta"],"picked":"animator:Caster+1","floor":27.0},{"not_picked":["animator:MumenRider","animator:SilverFang"],"picked":"animator:Geryuganshoop","floor":29.0},{"not_picked":["animator:Raven","animator:DolaSchwi"],"picked":"animator:Verdia","floor":31}],"player_experience":801901,"relics_obtained":[{"floor":6.0,"key":"CaptainsWheel"},{"floor":11.0,"key":"Charon\u0027s Ashes"},{"floor":11.0,"key":"animator:CursedGlyph"},{"floor":13.0,"key":"Paper Crane"},{"floor":26.0,"key":"Bird Faced Urn"}],"event_choices":[{"cards_removed":["Regret"],"damage_healed":0.0,"max_hp_gain":0.0,"max_hp_loss":0.0,"gold_gain":0.0,"event_name":"NoteForYourself","player_choice":"Took Card","floor":2.0,"gold_loss":0.0,"damage_taken":0.0,"cards_obtained":["Regret"]},{"damage_healed":0.0,"max_hp_gain":0.0,"max_hp_loss":0.0,"gold_gain":0.0,"event_name":"Masked Bandits","player_choice":"Paid Fearfully","floor":20.0,"gold_loss":94.0,"damage_taken":0.0},{"damage_healed":0.0,"max_hp_gain":0.0,"max_hp_loss":0.0,"gold_gain":0.0,"event_name":"Addict","player_choice":"Stole Relic","floor":22.0,"gold_loss":0.0,"damage_taken":0.0,"relics_obtained":["Calipers"],"cards_obtained":["Shame"]},{"damage_healed":0.0,"max_hp_gain":0.0,"max_hp_loss":0.0,"gold_gain":0.0,"event_name":"The Library","player_choice":"Read","floor":28.0,"gold_loss":0.0,"damage_taken":0.0,"cards_obtained":["animator:Tatsumaki"]}],"is_beta":false,"boss_relics":[{"not_picked":["animator:VividPicture","Cursed Key"],"picked":"Mark of Pain"}],"items_purged_floors":[],"is_endless":false,"potions_floor_spawned":[1,5,7,12,13,24,27,29],"killed_by":"Collector","ascension_level":6}}