{"host":"lktusdb9orijgc6z","time":1614416712,"event":{"mods":["BaseMod","Bestiary","Colored Map","Colored Powertips","Minty Spire (QoL Compilation)","Permanent Neow","Quick Restart","Relic Stats","StSLib","everything is the same but u backflip on backflip","slay the spire mod where everything is the same but ironclad has a cowboy hat"],"gold_per_floor":[117,192,209,219,22,22,52,52,127,127,160,170,170,181,181,256,256,267,287,50,64,81,115,115,115,115],"floor_reached":25,"language":"ENG","playtime":898,"items_purged":["Strike_G"],"score":466,"play_id":"d3c8dddf-9804-4c9c-bf45-14c1e5945f90","local_time":"20210227100512","is_ascension_mode":true,"campfire_choices":[{"data":"Leg Sweep","floor":6.0,"key":"SMITH"},{"floor":8.0,"key":"REST"},{"data":"Bouncing Flask","floor":13.0,"key":"SMITH"},{"data":"Dagger Spray","floor":15.0,"key":"SMITH"},{"data":"Wraith Form v2","floor":24.0,"key":"SMITH"}],"circlet_count":0,"master_deck":["AscendersBane","Strike_G","Strike_G","Strike_G","Strike_G","Defend_G","Defend_G","Defend_G","Defend_G","Defend_G","Survivor","Neutralize","The Bomb","Backflip","Flying Knee","Leg Sweep+1","Master of Strategy","Slice+1","Dagger Spray+1","Bouncing Flask+1","Predator","Wraith Form v2+1","Crippling Poison","Eviscerate","After Image","PiercingWail","PiercingWail+1","Footwork+1"],"relics":["Ring of the Snake","Anchor","Matryoshka","Mercury Hourglass","Snecko Eye","Orrery","Bottled Lightning"],"acts_visited":["Exordium","TheCity"],"potions_floor_usage":[25],"damage_taken":[{"damage":6.0,"enemies":"2 Louse","floor":1.0,"turns":3.0},{"damage":4.0,"enemies":"Jaw Worm","floor":3.0,"turns":3.0},{"damage":1.0,"enemies":"Cultist","floor":4.0,"turns":4.0},{"damage":24.0,"enemies":"Gremlin Nob","floor":7.0,"turns":4.0},{"damage":6.0,"enemies":"3 Sentries","floor":11.0,"turns":4.0},{"damage":0.0,"enemies":"Looter","floor":12.0,"turns":3.0},{"damage":0.0,"enemies":"2 Fungi Beasts","floor":14.0,"turns":2.0},{"damage":17.0,"enemies":"Hexaghost","floor":16.0,"turns":7.0},{"damage":21.0,"enemies":"2 Thieves","floor":18.0,"turns":3.0},{"damage":0.0,"enemies":"3 Byrds","floor":19.0,"turns":3.0},{"damage":0.0,"enemies":"Snake Plant","floor":21.0,"turns":3.0},{"damage":13.0,"enemies":"Centurion and Healer","floor":22.0,"turns":8.0},{"damage":4.0,"enemies":"Slavers","floor":23.0,"turns":3.0},{"damage":24,"enemies":"Snecko","floor":25,"turns":5}],"seed_played":"-7953714606517928463","potions_obtained":[{"floor":3.0,"key":"SpeedPotion"},{"floor":4.0,"key":"Strength Potion"},{"floor":11.0,"key":"FearPotion"},{"floor":18.0,"key":"SpeedPotion"},{"floor":19.0,"key":"DistilledChaos"},{"floor":21.0,"key":"Ancient Potion"},{"floor":23.0,"key":"PowerPotion"}],"is_trial":false,"path_per_floor":["M","?","M","M","$","R","E","R","T","?","E","M","R","M","R","B",null,"M","M","$","M","M","E","R","M"],"character_chosen":"THE_SILENT","items_purchased":["Master of Strategy","Orrery"],"campfire_rested":1,"item_purchase_floors":[5,20],"current_hp_per_floor":[53,42,38,37,37,37,13,31,31,31,25,25,25,25,25,8,47,26,26,26,26,13,9,9,0,0],"gold":115,"neow_bonus":"RANDOM_COLORLESS_2","is_daily":false,"chose_seed":false,"campfire_upgraded":4,"win_rate":0.0,"timestamp":1614416712,"path_taken":["M","?","M","M","$","R","E","R","T","?","E","M","R","M","R","BOSS","M","M","$","?","M","E","R","M"],"items_purchased_type":["Card","Relic"],"build_version":"2020-12-22","purchased_purges":1,"victory":false,"max_hp_per_floor":[60,60,60,60,60,60,60,60,60,60,60,60,60,60,60,60,60,60,60,60,60,60,60,60,60,60],"relic_stats":{"counters":[14,55],"Snecko Eye":[48,56,48,52],"obtain_stats":[{"Anchor":7,"Matryoshka":9,"Snecko Eye":17,"Orrery":20,"Bottled Lightning":23,"Ring of the Snake":0,"Mercury Hourglass":11},{"Anchor":4,"Matryoshka":4,"Snecko Eye":8,"Orrery":10,"Bottled Lightning":13,"Ring of the Snake":0,"Mercury Hourglass":5},{"Anchor":14,"Matryoshka":14,"Snecko Eye":30,"Orrery":36,"Bottled Lightning":50,"Ring of the Snake":0,"Mercury Hourglass":18}],"Ring of the Snake":[28],"Mercury Hourglass":[171]},"card_choices":[{"not_picked":["Magnetism","Chrysalis"],"picked":"The Bomb","floor":0.0},{"not_picked":["Finisher","Dodge and Roll"],"picked":"Backflip","floor":1.0},{"not_picked":["Deflect","Cloak And Dagger"],"picked":"Flying Knee","floor":3.0},{"not_picked":["Skewer","Dagger Throw"],"picked":"Leg Sweep","floor":4.0},{"not_picked":["Bane","Concentrate"],"picked":"Slice","floor":7.0},{"not_picked":["Eviscerate","Sucker Punch"],"picked":"Dagger Spray","floor":11.0},{"not_picked":["Sucker Punch","Adrenaline"],"picked":"Bouncing Flask","floor":12.0},{"not_picked":["Flying Knee","Choke"],"picked":"Predator","floor":14.0},{"not_picked":["Envenom","Glass Knife"],"picked":"Wraith Form v2","floor":16.0},{"not_picked":["Footwork","Deflect","Dagger Throw"],"picked":"SKIP","floor":18.0},{"not_picked":["Poisoned Stab","Deflect"],"picked":"Crippling Poison","floor":19.0},{"not_picked":["Blade Dance","Backstab"],"picked":"Eviscerate","floor":20.0},{"not_picked":["Bane","Tactician"],"picked":"After Image","floor":20.0},{"not_picked":["Slice+1","Caltrops"],"picked":"PiercingWail","floor":20.0},{"not_picked":["Calculated Gamble","Acrobatics+1"],"picked":"PiercingWail+1","floor":21.0},{"not_picked":["Underhanded Strike","Flying Knee+1","Accuracy"],"picked":"SKIP","floor":22.0},{"not_picked":["Underhanded Strike","Flying Knee+1","Accuracy"],"picked":"SKIP","floor":22.0},{"not_picked":["Deflect","Quick Slash+1"],"picked":"Footwork+1","floor":23.0}],"player_experience":841125,"relics_obtained":[{"floor":7.0,"key":"Anchor"},{"floor":9.0,"key":"Matryoshka"},{"floor":11.0,"key":"Mercury Hourglass"},{"floor":23.0,"key":"Bottled Lightning"}],"event_choices":[{"damage_healed":0.0,"max_hp_gain":0.0,"max_hp_loss":0.0,"gold_gain":75.0,"event_name":"World of Goop","player_choice":"Gather Gold","floor":2.0,"gold_loss":0.0,"damage_taken":11.0},{"damage_healed":0.0,"max_hp_gain":0.0,"max_hp_loss":0.0,"gold_gain":0.0,"event_name":"Accursed Blacksmith","player_choice":"Forge","floor":10.0,"gold_loss":0.0,"damage_taken":0.0,"cards_upgraded":["Slice"]}],"is_beta":false,"boss_relics":[{"not_picked":["Runic Dome","Ring of the Serpent"],"picked":"Snecko Eye"}],"items_purged_floors":[20],"is_endless":false,"potions_floor_spawned":[3,4,11,14,18,19,21,23],"killed_by":"Snecko","ascension_level":20}}