{"host":"h3yie3u3olngyjol","time":1614399312,"event":{"mods":["BaseMod","Colored Powertips","Downfall","Highlight Path","Infinite Spire","Lobotomy","LobotomyExtend","Marked Mod","Minty Spire (QoL Compilation)","Prisma Mod","Replay The Spire","RumiaBox-露米娅的神秘盒子","Shop Mod","StSLib","The Hierophant","The Runesmith"],"gold_per_floor":[111,131,131,144,156,156,166,166,192,203,213,213,213,226,226,323,323,310,1,0,12,12,12,12,12],"floor_reached":24,"language":"ZHS","playtime":960,"items_purged":[],"score":285,"play_id":"92647d37-6a99-42f9-ace1-60715bd36d21","local_time":"20210227121512","is_ascension_mode":true,"campfire_choices":[{"floor":6.0,"key":"REST"},{"data":"ReplayTheSpireMod:Shiv Toss","floor":8.0,"key":"SMITH"},{"floor":13.0,"key":"REST"},{"data":"Blade Dance","floor":15.0,"key":"SMITH"},{"floor":23,"key":"REST"}],"circlet_count":0,"master_deck":["AscendersBane","Strike_G","Strike_G","Strike_G","Strike_G","Strike_G","Defend_G","Defend_G","Defend_G","Defend_G","Defend_G","Survivor","Neutralize","Blade Dance","Blade Dance+1","ReplayTheSpireMod:Shiv Toss+1","Calculated Gamble","Prepared","Wraith Form v2"],"relics":["Ring of the Snake","Toy Ornithopter","LetterFromLob","Omamori","Ccalipers","Ring of Chaos","Pondfish Scales","Tough Bandages"],"acts_visited":["Exordium","TheCity"],"potions_floor_usage":[],"damage_taken":[{"damage":6.0,"enemies":"Cultist","floor":1.0,"turns":6.0},{"damage":11.0,"enemies":"Jaw Worm","floor":2.0,"turns":5.0},{"damage":0.0,"enemies":"2 Louse","floor":4.0,"turns":2.0},{"damage":33.0,"enemies":"Exordium Wildlife","floor":5.0,"turns":6.0},{"damage":6.0,"enemies":"Looter","floor":7.0,"turns":3.0},{"damage":0.0,"enemies":"Large Slime","floor":10.0,"turns":4.0},{"damage":14.0,"enemies":"Exordium Thugs","floor":11.0,"turns":4.0},{"damage":0.0,"enemies":"Gremlin Gang","floor":14.0,"turns":4.0},{"damage":33.0,"enemies":"Hexaghost","floor":16.0,"turns":11.0},{"damage":11,"enemies":"2 Thieves","floor":18,"turns":4},{"damage":42,"enemies":"Chosen","floor":21,"turns":9},{"damage":30,"enemies":"Book of Stabbing","floor":24,"turns":5}],"seed_played":"-6655736606844502441","potions_obtained":[{"floor":2.0,"key":"FearPotion"},{"floor":4.0,"key":"Weak Potion"},{"floor":7.0,"key":"SteroidPotion"},{"floor":14.0,"key":"DuplicationPotion"},{"floor":18,"key":"Venom Potion"}],"is_trial":false,"path_per_floor":["M","M","?","M","M","R","M","R","T","M","M","?","R","M","R","B",null,"M","$","?","M","AVR","R","E"],"character_chosen":"THE_SILENT","items_purchased":["Pondfish Scales"],"campfire_rested":3,"item_purchase_floors":[19],"current_hp_per_floor":[57,46,46,46,18,39,33,33,33,33,19,19,40,45,45,22,58,47,47,47,5,5,26,0,0],"gold":12,"neow_bonus":"RANDOM_COMMON_RELIC","is_daily":false,"chose_seed":false,"campfire_upgraded":2,"win_rate":0.0,"timestamp":1614399312,"path_taken":["M","?","?","M","?","R","M","R","T","M","M","?","R","M","R","BOSS","M","$","?","M","AVR","R","E"],"items_purchased_type":["Relic"],"build_version":"2020-12-22","purchased_purges":0,"victory":false,"max_hp_per_floor":[70,70,70,70,70,70,70,70,70,70,70,70,70,70,70,70,70,70,70,70,70,70,70,70,70],"card_choices":[{"not_picked":["Outmaneuver","Concentrate"],"picked":"Blade Dance","floor":1.0},{"not_picked":["Draining Mist","ReplayTheSpireMod:Tripwire"],"picked":"Blade Dance","floor":2.0},{"not_picked":["ReplayTheSpireMod:Scrap Shanks","Quick Slash"],"picked":"ReplayTheSpireMod:Shiv Toss","floor":4.0},{"not_picked":["Underhanded Strike","Outmaneuver","Dodge and Roll"],"picked":"SKIP","floor":5.0},{"not_picked":["PiercingWail","ReplayTheSpireMod:Shiv Toss"],"picked":"Calculated Gamble","floor":7.0},{"not_picked":["Bane","Dagger Throw","Flechettes"],"picked":"SKIP","floor":10.0},{"not_picked":["PiercingWail","Poisoned Stab","Dagger Throw"],"picked":"SKIP","floor":11.0},{"not_picked":["Sucker Punch","Tactician"],"picked":"Prepared","floor":14.0},{"not_picked":["Night Terror","Poison Darts"],"picked":"Wraith Form v2","floor":16.0},{"not_picked":["Blur","Leg Sweep","Endless Agony"],"picked":"SKIP","floor":18},{"not_picked":["Acrobatics+1","Poisoned Stab","PiercingWail"],"picked":"SKIP","floor":21}],"player_experience":480996,"relics_obtained":[{"floor":1.0,"key":"LetterFromLob"},{"floor":9.0,"key":"Omamori"},{"floor":12.0,"key":"Ccalipers"}],"event_choices":[{"damage_healed":0.0,"max_hp_gain":0.0,"max_hp_loss":0.0,"gold_gain":0.0,"event_name":"The Woman in Blue","player_choice":"Bought 0 Potions","floor":3.0,"gold_loss":0.0,"damage_taken":0.0},{"damage_healed":0,"gold_gain":0,"player_choice":"Paid Fearfully","damage_taken":0,"max_hp_gain":0,"max_hp_loss":0,"event_name":"Masked Bandits","floor":20,"gold_loss":1}],"is_beta":false,"boss_relics":[{"not_picked":["Astrolabe","Runesmith:UraniumAnvil"],"picked":"Ring of Chaos"}],"items_purged_floors":[],"is_endless":false,"potions_floor_spawned":[2,4,7,14,18],"killed_by":"Book of Stabbing","ascension_level":10}}