{"host":"bzg9y3flbaqjj1j7","time":1614397376,"event":{"mods":["AchievementEnabler","Act Like it!","Aspiration","Aya Shameimaru","BaseMod","Challenge The Spire","Hubris","Library of Ruina","Lobotomy","LobotomyExtend","Marisa????????","Marked Mod","Minty Spire (QoL Compilation)","Permanent Neow","Poor People Problems","Quick Restart","Rare Cards Sparkle","Replay The Spire","Shop Mod","Spicy Shops","Spire Arcade","StSLib","The Animator","The Blue Laboratory"],"gold_per_floor":[112,112,130,148,161,161,181,194,194,48,48,60,71,84,84,184,184,203,203],"floor_reached":18,"language":"ENG","playtime":1587,"items_purged":[],"score":246,"play_id":"4139554d-3d2c-4e5a-87ff-ff372df4288a","local_time":"20210227001256","is_ascension_mode":true,"campfire_choices":[{"floor":6.0,"key":"REST"},{"floor":15.0,"key":"RECALL"}],"circlet_count":0,"master_deck":["Dodge","LightDefense","LightDefense","LightDefense","ChargeAndCover","FocusedStrikes","OpportunitySpotted","Faith","Pain","EnergyShield","EnergyShield","AGoldenOpportunity","Parry2","SharpenedBlade","ReplayTheSpireMod:From All Sides","Choke","hubris:SlightOfHand","BindingChains","ToWhereThePrescriptPoints","Tailoring","EnergyBeam"],"relics":["PageOfLibrarian","WarpedTongs","LetterFromLob","PageOfNosferatu","MerchantsRug","hubris:TerracottaHorce"],"acts_visited":["Exordium","TheCity"],"potions_floor_usage":[],"damage_taken":[{"damage":6.0,"enemies":"Jaw Worm","floor":1.0,"turns":5.0},{"damage":3.0,"enemies":"Cultist","floor":3.0,"turns":3.0},{"damage":3.0,"enemies":"Small Slimes","floor":4.0,"turns":2.0},{"damage":13.0,"enemies":"Red Slaver","floor":5.0,"turns":7.0},{"damage":2.0,"enemies":"Looter","floor":7.0,"turns":3.0},{"damage":2.0,"enemies":"Blue Slaver","floor":8.0,"turns":5.0},{"damage":1.0,"enemies":"2 Fungi Beasts","floor":12.0,"turns":3.0},{"damage":0.0,"enemies":"Red Slaver","floor":13.0,"turns":1.0},{"damage":1.0,"enemies":"3 Louse","floor":14.0,"turns":4.0},{"damage":3.0,"enemies":"Slime Boss","floor":16.0,"turns":7.0},{"damage":11,"enemies":"2 Thieves","floor":18,"turns":3}],"seed_played":"-4541759260965262682","potions_obtained":[{"floor":4.0,"key":"Block Potion"},{"floor":5.0,"key":"BlessingOfTheForge"},{"floor":8.0,"key":"Swift Potion"},{"floor":12.0,"key":"Block Potion"},{"floor":16.0,"key":"blueLaboratory:PhilterOfMotion"}],"is_trial":false,"path_per_floor":["M","?","M","M","M","R","M","M","T","$","?","M","M","M","R","B",null,"M"],"character_chosen":"Librarian","items_purchased":["MerchantsRug"],"campfire_rested":1,"item_purchase_floors":[10],"current_hp_per_floor":[54,54,51,48,35,60,58,56,56,56,56,55,55,54,54,54,79,69,69],"gold":203,"neow_bonus":"TRANSFORM_CARD","is_daily":false,"chose_seed":false,"campfire_upgraded":0,"win_rate":0.0,"timestamp":1614397376,"path_taken":["M","?","?","M","M","R","M","M","T","$","?","?","M","M","R","BOSS","M"],"items_purchased_type":["Relic"],"build_version":"2020-12-22","purchased_purges":0,"victory":false,"max_hp_per_floor":[84,84,84,70,82,84,84,84,84,84,84,84,84,84,84,87,87,87,87],"card_choices":[{"not_picked":["Parry2","SharpenedBlade","Unlock1"],"picked":"Faith","floor":1.0},{"not_picked":["Tttonst","BizarreAttack","FierceCharge"],"picked":"EnergyShield","floor":3.0},{"not_picked":["SnakeSlit","Track","SnakesPrey"],"picked":"EnergyShield","floor":4.0},{"not_picked":["SunsetBlade","Brawl","Overpower"],"picked":"AGoldenOpportunity","floor":5.0},{"not_picked":["StrongStrike","ViolentFlame","Rampage_lor"],"picked":"Parry2","floor":7.0},{"not_picked":["WillBeTasty","TheRedNotes","MultiHit"],"picked":"SharpenedBlade","floor":8.0},{"not_picked":["WillOfThePrescript","DestructiveImpact","MultiHit"],"picked":"BindingChains","floor":12.0},{"not_picked":["FeatherShield","VenomousFangs","FierceCharge"],"picked":"ToWhereThePrescriptPoints","floor":13.0},{"not_picked":["GreatSerpentsImpact","QuickAttack","AsThePrescriptOrders"],"picked":"Tailoring","floor":14.0},{"not_picked":["Tttonst","FlamingDragonFist"],"picked":"EnergyBeam","floor":16.0}],"player_experience":128594,"relics_obtained":[{"floor":3.0,"key":"LetterFromLob"},{"floor":9.0,"key":"PageOfNosferatu"}],"event_choices":[{"damage_healed":0.0,"max_hp_gain":0.0,"max_hp_loss":0.0,"gold_gain":0.0,"event_name":"Accursed Blacksmith","player_choice":"Rummage","floor":2.0,"gold_loss":0.0,"damage_taken":0.0,"relics_obtained":["WarpedTongs"],"cards_obtained":["Pain"]}],"is_beta":false,"boss_relics":[{"not_picked":["Pandora\u0027s Box","Ectoplasm"],"picked":"hubris:TerracottaHorce"}],"items_purged_floors":[],"is_endless":false,"potions_floor_spawned":[4,5,8,12,16],"killed_by":"2 Thieves","ascension_level":1}}