{"host":"2ty4h143nj8vwezc","time":1614440006,"event":{"mods":["BaseMod","Colored Map","Googly Eyes","Highlight Path","Minty Spire (QoL Compilation)","Quick Restart","StSLib"],"gold_per_floor":[113,113,113,125,37,37,63,63,63,97,111,111,126,144,144,221,221,236,236,186,197,217,217,217],"floor_reached":23,"language":"ENG","playtime":33430,"items_purged":[],"score":418,"play_id":"6125a511-d132-42f5-8317-f1b58ec21a4e","local_time":"20210227103326","is_ascension_mode":true,"campfire_choices":[{"data":"Self Repair","floor":6.0,"key":"SMITH"},{"data":"Force Field","floor":8.0,"key":"SMITH"},{"data":"Storm","floor":15.0,"key":"SMITH"}],"circlet_count":0,"master_deck":["AscendersBane","Strike_B","Strike_B","Defend_B","Defend_B","Defend_B+1","Defend_B","Zap+1","Dualcast","Streamline","Regret","Parasite","Zap","Storm+1","Self Repair+1","Force Field+1","Chill","Tempest","Electrodynamics","Conserve Battery","Seek","Force Field","Steam Power","Core Surge","Compile Driver+1"],"relics":["Cracked Core","NeowsBlessing","Bag of Preparation","HornCleat","Smiling Mask","Pantograph","Inserter"],"acts_visited":["Exordium","TheCity"],"potions_floor_usage":[23],"damage_taken":[{"damage":0.0,"enemies":"Small Slimes","floor":1.0,"turns":1.0},{"damage":0.0,"enemies":"2 Louse","floor":4.0,"turns":1.0},{"damage":0.0,"enemies":"Lagavulin","floor":7.0,"turns":1.0},{"damage":22.0,"enemies":"Gremlin Nob","floor":10.0,"turns":5.0},{"damage":11.0,"enemies":"Cultist","floor":11.0,"turns":5.0},{"damage":9.0,"enemies":"3 Louse","floor":13.0,"turns":3.0},{"damage":9.0,"enemies":"2 Fungi Beasts","floor":14.0,"turns":4.0},{"damage":28.0,"enemies":"Slime Boss","floor":16.0,"turns":7.0},{"damage":42.0,"enemies":"Shell Parasite","floor":18.0,"turns":8.0},{"damage":27.0,"enemies":"2 Thieves","floor":21.0,"turns":3.0},{"damage":9.0,"enemies":"Chosen and Byrds","floor":22.0,"turns":4.0},{"damage":22,"enemies":"Book of Stabbing","floor":23,"turns":4}],"seed_played":"512322951786744062","potions_obtained":[{"floor":11.0,"key":"SpeedPotion"},{"floor":14.0,"key":"FocusPotion"}],"is_trial":false,"path_per_floor":["M","?","?","M","$","R","E","R","T","E","M","?","M","M","R","B",null,"M","?","?","M","M","E"],"character_chosen":"DEFECT","items_purchased":["Self Repair"],"campfire_rested":0,"item_purchase_floors":[5],"current_hp_per_floor":[64,64,64,64,64,64,64,64,64,52,51,30,31,32,32,39,63,31,31,31,14,15,0,0],"gold":217,"neow_bonus":"THREE_ENEMY_KILL","is_daily":false,"chose_seed":false,"campfire_upgraded":3,"win_rate":0.0,"timestamp":1614440006,"path_taken":["M","?","?","?","$","R","E","R","T","E","M","?","M","M","R","BOSS","M","?","?","M","M","E"],"items_purchased_type":["Card"],"build_version":"2020-12-22","purchased_purges":0,"victory":false,"max_hp_per_floor":[71,71,71,71,71,71,71,71,71,71,71,71,71,71,71,71,71,71,71,71,71,71,71,71],"card_choices":[{"not_picked":["Leap","Coolheaded"],"picked":"Streamline","floor":1.0},{"not_picked":["Fusion","Turbo"],"picked":"Storm","floor":4.0},{"not_picked":["Fusion","Chill"],"picked":"Force Field","floor":7.0},{"not_picked":["FTL","Turbo"],"picked":"Chill","floor":10.0},{"not_picked":["Gash","Beam Cell"],"picked":"Tempest","floor":11.0},{"not_picked":["Cold Snap","Leap"],"picked":"Electrodynamics","floor":13.0},{"not_picked":["Stack","Blizzard"],"picked":"Conserve Battery","floor":14.0},{"not_picked":["Core Surge","Multi-Cast"],"picked":"Seek","floor":16.0},{"not_picked":["Steam","Ball Lightning"],"picked":"Force Field","floor":18.0},{"not_picked":["Redo","Sweeping Beam"],"picked":"Compile Driver+1","floor":21.0},{"not_picked":["Hello World","Rebound","Redo"],"picked":"SKIP","floor":22.0}],"player_experience":490707,"relics_obtained":[{"floor":7.0,"key":"HornCleat"},{"floor":9.0,"key":"Smiling Mask"},{"floor":10.0,"key":"Pantograph"}],"event_choices":[{"damage_healed":0.0,"max_hp_gain":0.0,"max_hp_loss":0.0,"gold_gain":0.0,"event_name":"Big Fish","player_choice":"Box","floor":2.0,"gold_loss":0.0,"damage_taken":0.0,"relics_obtained":["Bag of Preparation"],"cards_obtained":["Regret"]},{"damage_healed":0.0,"max_hp_gain":0.0,"max_hp_loss":0.0,"gold_gain":0.0,"event_name":"Match and Keep!","player_choice":"2 cards matched","floor":3.0,"gold_loss":0.0,"damage_taken":0.0,"cards_obtained":["Parasite","Zap"]},{"damage_healed":0.0,"max_hp_gain":0.0,"max_hp_loss":0.0,"gold_gain":0.0,"event_name":"Shining Light","player_choice":"Entered Light","floor":12.0,"gold_loss":0.0,"damage_taken":21.0,"cards_upgraded":["Zap","Defend_B"]},{"damage_healed":0.0,"max_hp_gain":0.0,"max_hp_loss":0.0,"gold_gain":0.0,"cards_transformed":["Strike_B","Strike_B"],"event_name":"Drug Dealer","player_choice":"Became Test Subject","floor":19.0,"gold_loss":0.0,"damage_taken":0.0,"cards_obtained":["Steam Power","Core Surge"]},{"damage_healed":0.0,"max_hp_gain":0.0,"max_hp_loss":0.0,"gold_gain":0.0,"event_name":"The Joust","player_choice":"Bet on Owner","floor":20.0,"gold_loss":50.0,"damage_taken":0.0}],"is_beta":false,"boss_relics":[{"not_picked":["SlaversCollar","Coffee Dripper"],"picked":"Inserter"}],"items_purged_floors":[],"is_endless":false,"potions_floor_spawned":[11,14,21],"killed_by":"Book of Stabbing","ascension_level":17}}