{"host":"9v3x998ddbx8o276","time":1614384679,"event":{"mods":["AchievementEnabler","BaseMod","Colored Map","Colored Powertips","Highlight Path","Minty Spire (QoL Compilation)","Quick Restart","Rare Cards Sparkle"],"gold_per_floor":[20,20,20,36,51,51,81,81,129,129,155,165,165,178,178,178,178],"floor_reached":16,"language":"ENG","playtime":477,"items_purged":[],"score":220,"play_id":"6c17fa34-4ba4-417c-a87b-b3874224db5c","local_time":"20210227104119","is_ascension_mode":true,"campfire_choices":[{"floor":6,"key":"REST"},{"floor":8,"key":"REST"},{"floor":15,"key":"REST"}],"circlet_count":0,"master_deck":["AscendersBane","Strike_G","Strike_G+1","Strike_G","Strike_G","Strike_G","Defend_G+1","Defend_G+1","Defend_G+1","Defend_G","Defend_G","Survivor","Neutralize+1","Panache","Quick Slash","Finisher","Noxious Fumes","Quick Slash","Backstab","Deadly Poison","Dagger Spray"],"relics":["Ring of the Snake","War Paint","Tiny Chest","Nunchaku","Golden Idol"],"acts_visited":["Exordium"],"potions_floor_usage":[7,11,16,16],"damage_taken":[{"damage":11,"enemies":"Jaw Worm","floor":1,"turns":5},{"damage":3,"enemies":"2 Louse","floor":4,"turns":3},{"damage":1,"enemies":"Small Slimes","floor":5,"turns":3},{"damage":7,"enemies":"Lagavulin","floor":7,"turns":5},{"damage":18,"enemies":"3 Sentries","floor":11,"turns":7},{"damage":3,"enemies":"Exordium Thugs","floor":12,"turns":4},{"damage":11,"enemies":"Large Slime","floor":14,"turns":5},{"damage":72,"enemies":"Slime Boss","floor":16,"turns":8}],"seed_played":"-5119152259228942004","potions_obtained":[{"floor":1,"key":"DistilledChaos"},{"floor":5,"key":"Fire Potion"},{"floor":11,"key":"Poison Potion"},{"floor":12,"key":"Regen Potion"}],"is_trial":false,"path_per_floor":["M","?","?","M","M","R","E","R","T","?","E","M","?","M","R","B"],"character_chosen":"THE_SILENT","items_purchased":[],"campfire_rested":3,"item_purchase_floors":[],"current_hp_per_floor":[48,48,28,25,24,43,36,55,55,60,42,39,39,28,47,0,0],"gold":178,"neow_bonus":"RANDOM_COLORLESS_2","is_daily":false,"chose_seed":false,"campfire_upgraded":0,"win_rate":0.0,"timestamp":1614384679,"path_taken":["M","?","?","M","M","R","E","R","T","?","E","M","?","?","R","BOSS"],"items_purchased_type":[],"build_version":"2020-12-22","purchased_purges":0,"victory":false,"max_hp_per_floor":[66,66,66,66,66,66,66,66,66,71,71,71,64,64,64,64,64],"card_choices":[{"not_picked":["Thinking Ahead","Master of Strategy"],"picked":"Panache","floor":0},{"not_picked":["Dodge and Roll","Masterful Stab"],"picked":"Quick Slash","floor":1},{"not_picked":["Catalyst","Flying Knee"],"picked":"Finisher","floor":4},{"not_picked":["Masterful Stab","Outmaneuver"],"picked":"Noxious Fumes","floor":5},{"not_picked":["Outmaneuver","Expertise"],"picked":"Quick Slash","floor":7},{"not_picked":["Reflex","Prepared"],"picked":"Backstab","floor":11},{"not_picked":["Eviscerate","Poisoned Stab"],"picked":"Deadly Poison","floor":12},{"not_picked":["Distraction","Footwork"],"picked":"Dagger Spray","floor":14}],"player_experience":2260711,"relics_obtained":[{"floor":7,"key":"War Paint"},{"floor":9,"key":"Tiny Chest"},{"floor":11,"key":"Nunchaku"}],"event_choices":[{"damage_healed":0,"gold_gain":0,"player_choice":"Grow","damage_taken":0,"max_hp_gain":0,"max_hp_loss":0,"event_name":"Living Wall","floor":2,"gold_loss":0,"cards_upgraded":["Neutralize"]},{"damage_healed":0,"gold_gain":0,"player_choice":"Entered Light","damage_taken":20,"max_hp_gain":0,"max_hp_loss":0,"event_name":"Shining Light","floor":3,"gold_loss":0,"cards_upgraded":["Strike_G","Defend_G"]},{"damage_healed":0,"gold_gain":0,"player_choice":"Donut","damage_taken":0,"max_hp_gain":5,"max_hp_loss":0,"event_name":"Big Fish","floor":10,"gold_loss":0},{"damage_healed":0,"gold_gain":0,"player_choice":"Lose Max HP","damage_taken":0,"relics_obtained":["Golden Idol"],"max_hp_gain":0,"max_hp_loss":7,"event_name":"Golden Idol","floor":13,"gold_loss":0}],"is_beta":false,"boss_relics":[],"items_purged_floors":[],"is_endless":false,"potions_floor_spawned":[1,5,11,12],"killed_by":"Slime Boss","ascension_level":20}}