{"host":"gfxjwtol062e9znw","time":1614409166,"event":{"mods":["BaseMod","Colored Map","Minty Spire (QoL Compilation)","Rare Cards Sparkle","StSLib"],"gold_per_floor":[115,134,134,154,173,173,201,216,216,232,261,261,11,11,11,11,11],"floor_reached":16,"language":"ENG","playtime":785,"items_purged":["Strike_G"],"score":179,"play_id":"3af66cd0-ea94-4a5e-ba3e-f12cd63a1d42","local_time":"20210227175926","is_ascension_mode":true,"campfire_choices":[{"data":"Neutralize","floor":6,"key":"SMITH"},{"floor":12,"key":"REST"},{"floor":15,"key":"REST"}],"circlet_count":0,"master_deck":["AscendersBane","Strike_G","Strike_G","Strike_G","Strike_G","Defend_G","Defend_G","Defend_G","Defend_G","Survivor","Neutralize+1","Sucker Punch+1","Blur","Poisoned Stab","Bouncing Flask","All Out Attack","Blade Dance","Prepared","Deflect"],"relics":["Ring of the Snake","Anchor","TungstenRod","Bird Faced Urn","Singing Bowl","Toy Ornithopter"],"acts_visited":["Exordium"],"potions_floor_usage":[7,11,16,16],"damage_taken":[{"damage":2.0,"enemies":"Jaw Worm","floor":1.0,"turns":5.0},{"damage":0,"enemies":"2 Louse","floor":2,"turns":2},{"damage":0,"enemies":"Cultist","floor":4,"turns":5},{"damage":4,"enemies":"3 Louse","floor":5,"turns":4},{"damage":14,"enemies":"Gremlin Nob","floor":7,"turns":4},{"damage":8,"enemies":"Large Slime","floor":8,"turns":5},{"damage":0,"enemies":"Looter","floor":10,"turns":2},{"damage":9,"enemies":"3 Sentries","floor":11,"turns":7},{"damage":74,"enemies":"Slime Boss","floor":16,"turns":11}],"seed_played":"752390013403402808","potions_obtained":[{"floor":4,"key":"GhostInAJar"},{"floor":5,"key":"Energy Potion"},{"floor":8,"key":"Block Potion"},{"floor":11,"key":"LiquidMemories"}],"is_trial":false,"path_per_floor":["M","M","?","M","M","R","E","M","T","M","E","R","$","?","R","B"],"character_chosen":"THE_SILENT","items_purchased":["Deflect","Toy Ornithopter"],"campfire_rested":2,"item_purchase_floors":[13,13],"current_hp_per_floor":[61,61,54,54,50,50,36,28,28,28,19,40,40,40,61,0,0],"gold":11,"neow_bonus":"RANDOM_COMMON_RELIC","is_daily":false,"chose_seed":false,"campfire_upgraded":1,"win_rate":0.0,"timestamp":1614409166,"path_taken":["M","M","?","M","M","R","E","M","T","M","E","R","$","?","R","BOSS"],"items_purchased_type":["Card","Relic"],"build_version":"2020-12-22","purchased_purges":1,"victory":false,"max_hp_per_floor":[70,70,70,70,70,70,70,70,70,70,70,70,70,70,70,70,70],"card_choices":[{"not_picked":["Reflex","Slice"],"picked":"Sucker Punch","floor":1.0},{"not_picked":["Outmaneuver","Dagger Throw"],"picked":"Blur","floor":2},{"not_picked":["Underhanded Strike","Bane"],"picked":"Poisoned Stab","floor":4},{"not_picked":["Outmaneuver","Distraction"],"picked":"Bouncing Flask","floor":5},{"not_picked":["Dagger Spray","Slice"],"picked":"All Out Attack","floor":7},{"not_picked":["Underhanded Strike","Deadly Poison"],"picked":"Blade Dance","floor":8},{"not_picked":["Underhanded Strike","Envenom","Blade Dance"],"picked":"SKIP","floor":10},{"not_picked":["Slice","Reflex"],"picked":"Prepared","floor":11}],"player_experience":217447,"relics_obtained":[{"floor":7,"key":"TungstenRod"},{"floor":9,"key":"Bird Faced Urn"},{"floor":11,"key":"Singing Bowl"}],"event_choices":[{"cards_removed":["Defend_G"],"damage_healed":0,"gold_gain":0,"player_choice":"Card Removal","damage_taken":7,"max_hp_gain":0,"max_hp_loss":0,"event_name":"Golden Wing","floor":3,"gold_loss":0},{"damage_healed":0,"gold_gain":0,"player_choice":"Grow","damage_taken":0,"max_hp_gain":0,"max_hp_loss":0,"event_name":"Living Wall","floor":14,"gold_loss":0,"cards_upgraded":["Sucker Punch"]}],"is_beta":false,"boss_relics":[],"items_purged_floors":[13],"is_endless":false,"potions_floor_spawned":[4,5,8,11],"killed_by":"Slime Boss","ascension_level":12}}