{"host":"0hpcwmnjk6ebq46s","time":1614401184,"event":{"mods":["Act Like it!","AlwaysNeverKeys","Aspiration","Astrologer","Bard","BaseMod","Better Note","Better Third Choice","Colored Map","Colored Powertips","Duelist Mod","Energized Spire","GifTheSpireLib","Glutton Mod","Googly Eyes","Halation","Hallownest","Hubris","Infinite Spire","Jedi Mod","Mad Scientist","Marisa????????","Mimic Mod","Minty Spire (QoL Compilation)","Permanent Neow","Relic Stats","Reliquary","Remilia??????","Replay The Spire","Ruina","Spicy Shops","StSLib","Stuff the Spire","SuperFastMode","The Administrix","The Animator","The Blue Laboratory","The Bug Knight","The Construct","The Cursed","The Disciple","The Hierophant","The Necromancer","The Runesmith","The Wild Card","TheFirefly","Transform Curses","UnlockEverythingMod"],"gold_per_floor":[110,127,140,215,232,258,274,82,82,111,144,144,160,177,177,273,273,291,291,60,60,95,161,161,198,267,267,72,92,144,177,177,193,193],"floor_reached":33,"language":"ENG","playtime":2912,"items_purged":[],"score":470,"play_id":"c126c014-6768-4b0b-ae1b-7c1def048035","local_time":"20210226224624","daily_mods":["SealedDeck","Red Cards","Green Cards","Blue Cards","Purple Cards"],"is_ascension_mode":true,"campfire_choices":[{"data":"Pommel Strike","floor":12,"key":"SMITH"},{"data":"Flex","floor":15,"key":"SMITH"},{"data":"infinitespire:Punishment","floor":24,"key":"SMITH"},{"data":"StuffTheSpire:ReptileScales","floor":27,"key":"SMITH"},{"data":"PowerUp","floor":32,"key":"SMITH"}],"circlet_count":0,"master_deck":["construct:SaveState","StarOfDavid","jedi:controlledanger","Gash","Coolheaded","Parity","hierophant:ThreeLashes","BombardNight","Self Repair","Flex+1","thefirefly:LifeSupport","Pommel Strike+1","Parasite","Parasite","EnergyRecoil","StuffTheSpire:ReptileScales+1","construct:QuickAttack","CasketOfStar","SuperPerseids","Singularity","WitchOfGreed","infinitespire:Punishment+1","Occultation","Pride","6A","UnstableBomb","GalacticHalo","SporeBomb","PowerUp+1"],"relics":["MiniHakkero","ShroomBag","Lantern","White Beast Statue","ReplayTheSpireMod:Lightbulb","jedi:arcanewood","Replay:Bandana","hubris:DeckOfHolding","Matryoshka","hubris:Zylophone","halation:PenCase"],"acts_visited":["Exordium","TheCity"],"potions_floor_usage":[2,16,22,22,23,25,26,33,33],"damage_taken":[{"damage":2,"enemies":"Jaw Worm","floor":1,"turns":2},{"damage":7,"enemies":"2 Louse","floor":2,"turns":2},{"damage":0,"enemies":"Small Slimes","floor":3,"turns":2},{"damage":4,"enemies":"Exordium Thugs","floor":5,"turns":3},{"damage":8,"enemies":"HollowMod:MossKnight","floor":6,"turns":4},{"damage":0,"enemies":"3 Louse","floor":7,"turns":2},{"damage":16,"enemies":"Lagavulin","floor":10,"turns":5},{"damage":2,"enemies":"Large Slime","floor":11,"turns":4},{"damage":0,"enemies":"Large Slime","floor":13,"turns":4},{"damage":11,"enemies":"Exordium Thugs","floor":14,"turns":2},{"damage":42,"enemies":"The Guardian","floor":16,"turns":9},{"damage":22,"enemies":"Chosen","floor":18,"turns":5},{"damage":24,"enemies":"2 Thieves","floor":22,"turns":3},{"damage":33,"enemies":"Nightmare","floor":23,"turns":8},{"damage":24,"enemies":"Snake Plant","floor":25,"turns":2},{"damage":1,"enemies":"Snecko","floor":26,"turns":4},{"damage":0,"enemies":"Snecko","floor":29,"turns":1},{"damage":18,"enemies":"Shelled Parasite and Fungi","floor":30,"turns":4},{"damage":0,"enemies":"Gremlin Leader","floor":31,"turns":1},{"damage":18,"enemies":"Pondfish","floor":33,"turns":2}],"seed_played":"4882525869289989288","potions_obtained":[{"floor":2,"key":"Fruit Juice"},{"floor":6,"key":"Doom Potion"},{"floor":7,"key":"Energy Potion"},{"floor":10,"key":"LiquidBronze"},{"floor":11,"key":"DistilledChaos"},{"floor":13,"key":"blueLaboratory:ExaltedPotion"},{"floor":18,"key":"Swift Potion"},{"floor":22,"key":"blueLaboratory:HummingbirdPotion"},{"floor":23,"key":"Elixir"},{"floor":23,"key":"Fire Potion"},{"floor":25,"key":"blueLaboratory:BottleOfRum"},{"floor":26,"key":"Dexterity Potion"},{"floor":30,"key":"Reflective Coating"},{"floor":31,"key":"blueLaboratory:BottleOfVodka"}],"is_trial":true,"path_per_floor":["M","M","M","?","M","E","M","$","T","E","MIM","R","M","M","R","B",null,"M","?","$","?","M","NM","R","M","MIM","R","$","M","M","E","R_BF","B"],"character_chosen":"MARISA","items_purchased":["Lantern","StuffTheSpire:ReptileScales","Replay:Bandana","Singularity","hubris:Zylophone","UnstableBomb","GalacticHalo"],"campfire_rested":0,"item_purchase_floors":[8,8,20,20,28,28,28],"current_hp_per_floor":[66,71,71,60,63,68,80,80,80,75,80,80,80,76,76,45,71,60,60,60,60,44,28,28,8,18,18,18,18,10,14,14,0,0],"gold":193,"neow_bonus":"","is_daily":false,"chose_seed":false,"campfire_upgraded":5,"win_rate":0.0,"timestamp":1614401184,"path_taken":["M","M","M","?","M","E","M","$","T","E","?","R","M","M","R","BOSS","M","?","$","?","M","NM","R","M","MIM","R","$","?","M","E","R_BF","BOSS"],"items_purchased_type":["Relic","Card","Relic","Card","Relic","Card","Card"],"build_version":"2020-12-22","purchased_purges":0,"victory":false,"max_hp_per_floor":[75,80,80,80,80,80,80,80,80,80,80,80,80,80,80,80,80,80,80,80,80,80,80,80,80,80,80,80,80,80,80,80,80,80],"relic_stats":{"counters":[20,69],"obtain_stats":[{"hubris:Zylophone":28,"ShroomBag":6,"Lantern":8,"Replay:Bandana":20,"Matryoshka":26,"halation:PenCase":31,"hubris:DeckOfHolding":23,"MiniHakkero":0,"ReplayTheSpireMod:Lightbulb":10,"jedi:arcanewood":11,"White Beast Statue":9},{"hubris:Zylophone":16,"ShroomBag":5,"Lantern":6,"Replay:Bandana":12,"Matryoshka":16,"halation:PenCase":19,"hubris:DeckOfHolding":14,"MiniHakkero":0,"ReplayTheSpireMod:Lightbulb":7,"jedi:arcanewood":8,"White Beast Statue":6},{"hubris:Zylophone":61,"ShroomBag":13,"Lantern":15,"Replay:Bandana":44,"Matryoshka":61,"halation:PenCase":67,"hubris:DeckOfHolding":55,"MiniHakkero":0,"ReplayTheSpireMod:Lightbulb":20,"jedi:arcanewood":24,"White Beast Statue":15}]},"card_choices":[{"not_picked":["jedi:BurstFrost","jedi:sharpshooter","Barrage"],"picked":"SKIP","floor":1},{"not_picked":["StuffTheSpire:SnapShoot","thefirefly:QuantumTunneling"],"picked":"thefirefly:LifeSupport","floor":2},{"not_picked":["HandsUpC","StuffTheSpire:BrimstoneBlast","Warcry"],"picked":"SKIP","floor":3},{"not_picked":["construct:Autoturret","hierophant:Purify"],"picked":"Pommel Strike","floor":5},{"not_picked":["HandsUpC","ReplaySolidLightProjector","hierophant:Charity"],"picked":"SKIP","floor":6},{"not_picked":["IllusionStar","hierophant:MirrorShield"],"picked":"EnergyRecoil","floor":7},{"not_picked":["thefirefly:Distort","construct:LaserCore","Go for the Eyes"],"picked":"SKIP","floor":10},{"not_picked":["Sword Boomerang","thefirefly:HyperFocus"],"picked":"construct:QuickAttack","floor":13},{"not_picked":["thefirefly:QuantumTunneling","MagicAbsorber","hubris:Ukulele"],"picked":"SKIP","floor":14},{"not_picked":["ReplayTheSpireMod:Fabricate Wheel","SuperNova"],"picked":"CasketOfStar","floor":16},{"not_picked":["6A","DC"],"picked":"SuperPerseids","floor":18},{"not_picked":["GalacticHalo","MysteriousBeam+1"],"picked":"WitchOfGreed","floor":22},{"not_picked":["hubris:Rewind","ReplayTheSpireMod:??????????????????????"],"picked":"infinitespire:Punishment","floor":23},{"not_picked":["IllusionStar+1","Occultation","OneTimeOff"],"picked":"SKIP","floor":23},{"not_picked":["OpenUniverse","UnstableBomb"],"picked":"Occultation","floor":25},{"not_picked":["DC","OpenUniverse+1"],"picked":"6A","floor":26},{"not_picked":["AbsoluteMagnitude","DC"],"picked":"SporeBomb","floor":29},{"not_picked":["GrandCross","UnstableBomb"],"picked":"PowerUp","floor":30},{"not_picked":["WitchLeyline+1","Acceleration","UnstableBomb+1"],"picked":"SKIP","floor":31}],"player_experience":125447,"relics_obtained":[{"floor":6,"key":"ShroomBag"},{"floor":9,"key":"White Beast Statue"},{"floor":10,"key":"ReplayTheSpireMod:Lightbulb"},{"floor":11,"key":"jedi:arcanewood"},{"floor":23,"key":"hubris:DeckOfHolding"},{"floor":26,"key":"Matryoshka"},{"floor":31,"key":"halation:PenCase"}],"event_choices":[{"damage_healed":0,"gold_gain":75,"player_choice":"Gold","damage_taken":11,"max_hp_gain":0,"max_hp_loss":0,"event_name":"betterThird:BetterGoop","floor":4,"gold_loss":0},{"damage_healed":0,"gold_gain":0,"player_choice":"Ignored","damage_taken":0,"max_hp_gain":0,"max_hp_loss":0,"event_name":"N\u0027loth","floor":21,"gold_loss":0}],"is_beta":false,"boss_relics":[{"not_picked":["Abe\u0027s Treasure","halation:ForbiddenBikini","energizedSpire:StickyHand"]}],"items_purged_floors":[],"is_endless":false,"potions_floor_spawned":[2,6,7,10,11,13,14,16,18,22,23,25,26,29,30,31],"killed_by":"Pondfish","ascension_level":9}}