{"host":"kjgzfbg2u01m7isv","time":1614457116,"event":{"mods":["BaseMod","Minty Spire (QoL Compilation)"],"gold_per_floor":[117,117,134,134,134,134,169,344,422,422,422,422,93,43,43,139,139,157,174,274,16,29,29,63,37,37,37,48,65,111,129,129,227,227,237,1236,1236,1236,1251,1251,1271,1271,1296,686,718,183,183,199,199,199,199,199,16,42,42],"floor_reached":56,"language":"RUS","playtime":3006,"items_purged":["Regret","Normality","Normality"],"score":1628,"play_id":"a17a86c2-f65f-4ec8-a7d6-02a2e209c7f8","local_time":"20210227231836","is_ascension_mode":true,"campfire_choices":[{"data":"Zap","floor":6,"key":"SMITH"},{"data":"Machine Learning","floor":10,"key":"SMITH"},{"data":"Reinforced Body","floor":12,"key":"SMITH"},{"data":"Go for the Eyes","floor":15,"key":"SMITH"},{"floor":23,"key":"REST"},{"floor":27,"key":"REST"},{"floor":32,"key":"REST"},{"data":"Hologram","floor":40,"key":"SMITH"},{"floor":42,"key":"REST"},{"floor":49,"key":"RECALL"},{"data":"Turbo","floor":52,"key":"SMITH"}],"circlet_count":0,"master_deck":["Strike_B","Strike_B","Strike_B","Defend_B+1","Defend_B","Defend_B","Defend_B","Zap+1","Dualcast+1","Ball Lightning","Machine Learning+1","Reinforced Body+1","All For One","Steam","Go for the Eyes+1","All For One","Hologram+1","Gash","All For One+1","Skim","Conserve Battery+1","All For One","Streamline+1","Hologram+1","Steam","Hologram","Steam+1","Seek","FTL","Flash of Steel","Good Instincts","Flash of Steel","Turbo+1","Beam Cell","Thinking Ahead","Turbo+1","Panache","Streamline+1"],"relics":["Cracked Core","NeowsBlessing","Ancient Tea Set","Dream Catcher","Pantograph","Darkstone Periapt","PreservedInsect","Philosopher\u0027s Stone","DollysMirror","Ornamental Fan","Unceasing Top","Whetstone","SlaversCollar","Gremlin Horn","Shovel","Blue Candle","Medical Kit","Oddly Smooth Stone","Lantern"],"acts_visited":["Exordium","TheCity","TheBeyond","TheEnding"],"potions_floor_usage":[19,24,24,33],"damage_taken":[{"damage":0,"enemies":"2 Louse","floor":1,"turns":1},{"damage":0,"enemies":"Cultist","floor":3,"turns":1},{"damage":0,"enemies":"Gremlin Nob","floor":7,"turns":1},{"damage":31,"enemies":"Hexaghost","floor":16,"turns":11},{"damage":0,"enemies":"Spheric Guardian","floor":18,"turns":2},{"damage":23,"enemies":"3 Byrds","floor":19,"turns":2},{"damage":9,"enemies":"Snake Plant","floor":22,"turns":5},{"damage":47,"enemies":"Slavers","floor":24,"turns":3},{"damage":0,"enemies":"Centurion and Healer","floor":28,"turns":5},{"damage":10,"enemies":"3 Cultists","floor":29,"turns":4},{"damage":2,"enemies":"Shelled Parasite and Fungi","floor":31,"turns":4},{"damage":51,"enemies":"Champ","floor":33,"turns":11},{"damage":0,"enemies":"Orb Walker","floor":35,"turns":3},{"damage":35,"enemies":"3 Darklings","floor":39,"turns":8},{"damage":0,"enemies":"4 Shapes","floor":41,"turns":3},{"damage":0,"enemies":"Reptomancer","floor":45,"turns":3},{"damage":21,"enemies":"Jaw Worm Horde","floor":48,"turns":3},{"damage":10,"enemies":"Donu and Deca","floor":50,"turns":4},{"damage":0,"enemies":"Shield and Spear","floor":54,"turns":2},{"damage":67,"enemies":"The Heart","floor":55,"turns":5}],"seed_played":"2287838569930870586","potions_obtained":[{"floor":7,"key":"LiquidBronze"},{"floor":16,"key":"FocusPotion"},{"floor":19,"key":"PowerPotion"},{"floor":24,"key":"FearPotion"},{"floor":29,"key":"SkillPotion"},{"floor":48,"key":"DuplicationPotion"}],"is_trial":false,"path_per_floor":["M","?","M","?","?","R","E","?","T","R","T","R","$","?","R","B",null,"M","M","?","$","M","R","E","$","T","R","M","M","T","M","R","B",null,"M","?","?","?","M","R","M","R","T","$","E","$","?","M","R","B",null,"R","$","E","B",null],"character_chosen":"DEFECT","items_purchased":["PreservedInsect","Steam","Go for the Eyes","Gash","DollysMirror","Explosive Potion","Streamline","Thinking Ahead","Gremlin Horn","FairyPotion","Blue Candle","Medical Kit","Panache"],"campfire_rested":4,"item_purchase_floors":[13,13,13,21,21,21,25,44,44,44,46,46,53],"current_hp_per_floor":[68,68,68,68,53,53,53,53,53,53,53,53,53,53,53,44,67,67,44,44,44,35,57,10,10,10,32,32,22,22,20,42,16,60,60,72,62,62,27,27,27,53,53,53,53,53,53,32,32,47,77,77,77,77,20],"gold":42,"neow_bonus":"THREE_ENEMY_KILL","is_daily":false,"chose_seed":false,"campfire_upgraded":6,"win_rate":0.0,"timestamp":1614457116,"path_taken":["M","?","?","?","?","R","E","?","T","R","?","R","$","?","R","BOSS","M","M","?","?","M","R","E","$","T","R","M","M","?","M","R","BOSS","M","?","?","?","M","R","?","R","T","$","E","$","?","M","R","BOSS","R","$","E","BOSS"],"items_purchased_type":["Relic","Card","Card","Card","Relic","Potion","Card","Card","Relic","Potion","Relic","Relic","Card"],"build_version":"2020-12-22","purchased_purges":3,"victory":true,"max_hp_per_floor":[75,75,75,75,75,75,75,75,75,75,75,75,75,75,75,75,75,75,75,75,75,75,75,75,75,75,75,75,75,75,75,75,75,75,75,87,87,87,87,87,87,87,87,87,87,87,87,87,87,87,87,87,87,87,87],"card_choices":[{"not_picked":["Conserve Battery","Coolheaded"],"picked":"Ball Lightning","floor":1},{"not_picked":["Self Repair","Steam"],"picked":"Reinforced Body","floor":3},{"not_picked":["Go for the Eyes","Chill"],"picked":"All For One","floor":7},{"not_picked":["Thunder Strike","Hyperbeam"],"picked":"All For One","floor":16},{"not_picked":["Redo","Consume","Static Discharge+1"],"picked":"SKIP","floor":18},{"not_picked":["Beam Cell","Rebound+1"],"picked":"Hologram","floor":19},{"not_picked":["Compile Driver","Tempest"],"picked":"Skim","floor":22},{"not_picked":["Recycle","Coolheaded"],"picked":"Conserve Battery+1","floor":23},{"not_picked":["Sweeping Beam","Self Repair"],"picked":"All For One","floor":24},{"not_picked":["Loop","Chill"],"picked":"Hologram","floor":27},{"not_picked":["Auto Shields","Streamline"],"picked":"Steam","floor":28},{"not_picked":["Stack","Glacier"],"picked":"Hologram","floor":29},{"not_picked":["Rebound+1","Blizzard"],"picked":"Steam+1","floor":31},{"not_picked":["Rainbow","Buffer"],"picked":"Seek","floor":33},{"not_picked":["Cold Snap","Genetic Algorithm"],"picked":"FTL","floor":35},{"not_picked":["Enlightenment","Deep Breath"],"picked":"Flash of Steel","floor":37},{"not_picked":["Violence","Bandage Up"],"picked":"Good Instincts","floor":37},{"not_picked":["Good Instincts","Swift Strike"],"picked":"Flash of Steel","floor":37},{"not_picked":["Go for the Eyes+1","Streamline"],"picked":"Turbo","floor":39},{"not_picked":["Cold Snap","BootSequence+1"],"picked":"Beam Cell","floor":41},{"not_picked":["Rebound+1","Steam Power"],"picked":"Turbo+1","floor":45},{"not_picked":["Compile Driver+1","Lockon","Rebound+1"],"picked":"SKIP","floor":48},{"not_picked":["Cold Snap","Barrage"],"picked":"Streamline+1","floor":54}],"player_experience":395832,"relics_obtained":[{"floor":7,"key":"Dream Catcher"},{"floor":9,"key":"Pantograph"},{"floor":11,"key":"Darkstone Periapt"},{"floor":24,"key":"Ornamental Fan"},{"floor":26,"key":"Unceasing Top"},{"floor":30,"key":"Whetstone"},{"floor":45,"key":"Shovel"},{"floor":47,"key":"Oddly Smooth Stone"},{"floor":54,"key":"Lantern"}],"event_choices":[{"damage_healed":0,"gold_gain":0,"cards_transformed":["Strike_B"],"player_choice":"Transformed","damage_taken":0,"max_hp_gain":0,"max_hp_loss":0,"event_name":"Transmorgrifier","floor":2,"gold_loss":0,"cards_obtained":["Machine Learning"]},{"damage_healed":0,"gold_gain":0,"player_choice":"Box","damage_taken":0,"relics_obtained":["Ancient Tea Set"],"max_hp_gain":0,"max_hp_loss":0,"event_name":"Big Fish","floor":4,"gold_loss":0,"cards_obtained":["Regret"]},{"damage_healed":0,"gold_gain":0,"player_choice":"Entered Light","damage_taken":15,"max_hp_gain":0,"max_hp_loss":0,"event_name":"Shining Light","floor":5,"gold_loss":0,"cards_upgraded":["Dualcast","Defend_B"]},{"damage_healed":0,"gold_gain":175,"player_choice":"AGREE","damage_taken":0,"max_hp_gain":0,"max_hp_loss":0,"event_name":"Liars Game","floor":8,"gold_loss":0,"cards_obtained":["Doubt"]},{"cards_removed":["Doubt"],"damage_healed":0,"gold_gain":0,"player_choice":"Card Removal","damage_taken":0,"max_hp_gain":0,"max_hp_loss":0,"event_name":"The Cleric","floor":14,"gold_loss":50},{"damage_healed":0,"gold_gain":100,"player_choice":"Pray","damage_taken":0,"max_hp_gain":0,"max_hp_loss":0,"event_name":"Golden Shrine","floor":20,"gold_loss":0},{"damage_healed":0,"gold_gain":999,"player_choice":"Gold","damage_taken":0,"max_hp_gain":0,"max_hp_loss":0,"event_name":"MindBloom","floor":36,"gold_loss":0,"cards_obtained":["Normality","Normality"]},{"damage_healed":0,"gold_gain":0,"player_choice":"Memory 3","damage_taken":10,"max_hp_gain":0,"max_hp_loss":0,"event_name":"SensoryStone","floor":37,"gold_loss":0},{"damage_healed":0,"gold_gain":0,"player_choice":"Upgraded","damage_taken":0,"max_hp_gain":0,"max_hp_loss":0,"event_name":"Upgrade Shrine","floor":38,"gold_loss":0,"cards_upgraded":["Hologram"]},{"damage_healed":0,"gold_gain":0,"player_choice":"Relic","damage_taken":0,"max_hp_gain":0,"max_hp_loss":0,"event_name":"Wheel of Change","floor":47,"gold_loss":0}],"is_beta":false,"boss_relics":[{"not_picked":["Inserter","Runic Dome"],"picked":"Philosopher\u0027s Stone"},{"not_picked":["Pandora\u0027s Box","Empty Cage"],"picked":"SlaversCollar"}],"items_purged_floors":[13,44,46],"is_endless":false,"potions_floor_spawned":[7,16,19,24,29,31,45,48,54],"ascension_level":6}}