{"host":"w4b7hmige5bnqipq","time":1614460494,"event":{"mods":["2.2 Compatiblity","BaseMod","Colored Map","DeckTracker","Keyboard Shortcuts","Minty Spire (QoL Compilation)","Permanent Neow","Rare Cards Sparkle","SuperFastMode","everything is the same but u backflip on backflip","slay the spire mod where everything is the same but ironclad has a cowboy hat"],"gold_per_floor":[16,16,33,108,126,159,159,187,187,199,231,68,68,79,79,157,157,167,367,84,103,123,156,81,81,81,81,101,136,136,226,226,226,226],"floor_reached":33,"language":"KOR","playtime":1006,"items_purged":["Strike_G"],"score":756,"play_id":"1ed2c8da-b23d-406e-ba64-2f12dba2a4af","local_time":"20210228051454","is_ascension_mode":true,"campfire_choices":[{"floor":7.0,"key":"REST"},{"data":"Glass Knife","floor":15.0,"key":"SMITH"},{"data":"Footwork","floor":25.0,"key":"SMITH"},{"data":"Neutralize","floor":27.0,"key":"SMITH"},{"data":"Riddle With Holes","floor":32,"key":"SMITH"}],"circlet_count":0,"master_deck":["AscendersBane","Strike_G","Strike_G","Strike_G","Defend_G","Defend_G","Defend_G","Defend_G","Defend_G","Survivor","Neutralize+1","Footwork+1","Riddle With Holes+1","PiercingWail","Glass Knife+1","Night Terror+1","Dodge and Roll+1","Escape Plan+1","Prepared+1","Doppelganger+1","Deadly Poison+1","Injury","Caltrops"],"relics":["Ring of the Snake","FossilizedHelix","Toxic Egg 2","Bird Faced Urn","Lizard Tail","InkBottle","TheAbacus","Cursed Key","Darkstone Periapt","Sundial","Gremlin Horn","Vajra"],"acts_visited":["Exordium","TheCity"],"potions_floor_usage":[29],"damage_taken":[{"damage":5.0,"enemies":"Jaw Worm","floor":1.0,"turns":4.0},{"damage":0.0,"enemies":"Small Slimes","floor":3.0,"turns":5.0},{"damage":0.0,"enemies":"Cultist","floor":5.0,"turns":4.0},{"damage":31.0,"enemies":"Gremlin Nob","floor":6.0,"turns":5.0},{"damage":29.0,"enemies":"3 Sentries","floor":8.0,"turns":15.0},{"damage":0.0,"enemies":"Red Slaver","floor":10.0,"turns":4.0},{"damage":28.0,"enemies":"Gremlin Nob","floor":11.0,"turns":4.0},{"damage":0.0,"enemies":"Exordium Wildlife","floor":14.0,"turns":4.0},{"damage":0.0,"enemies":"Slime Boss","floor":16.0,"turns":8.0},{"damage":0.0,"enemies":"Shell Parasite","floor":18.0,"turns":2.0},{"damage":5.0,"enemies":"Chosen","floor":21.0,"turns":6.0},{"damage":7.0,"enemies":"Shelled Parasite and Fungi","floor":22.0,"turns":6.0},{"damage":10.0,"enemies":"Slavers","floor":23.0,"turns":6.0},{"damage":0.0,"enemies":"3 Cultists","floor":28.0,"turns":4.0},{"damage":0,"enemies":"Gremlin Leader","floor":29,"turns":6},{"damage":53,"enemies":"Automaton","floor":33,"turns":10}],"seed_played":"6744878224098238434","potions_obtained":[{"floor":1.0,"key":"Strength Potion"},{"floor":3.0,"key":"Poison Potion"},{"floor":6.0,"key":"Swift Potion"},{"floor":10.0,"key":"Swift Potion"},{"floor":18.0,"key":"FearPotion"},{"floor":21.0,"key":"SteroidPotion"}],"is_trial":false,"path_per_floor":["M","?","M","?","M","E","R","E","T","M","E","$","?","M","R","B",null,"M","?","$","M","M","E","$","R","T","R","M","E","?","?","R","B"],"character_chosen":"THE_SILENT","items_purchased":["TheAbacus","Darkstone Periapt"],"campfire_rested":1,"item_purchase_floors":[12,20],"current_hp_per_floor":[54,54,54,43,43,12,31,2,2,4,33,33,33,33,33,35,58,58,58,58,55,50,42,42,42,48,48,50,54,54,42,42,0,0],"gold":226,"neow_bonus":"ONE_RARE_RELIC","is_daily":false,"chose_seed":false,"campfire_upgraded":4,"win_rate":0.0,"timestamp":1614460494,"path_taken":["M","?","M","?","M","E","R","E","T","M","E","$","?","M","R","BOSS","M","?","?","M","?","E","$","R","T","R","M","E","?","?","R","BOSS"],"items_purchased_type":["Relic","Relic"],"build_version":"2020-12-22","purchased_purges":1,"victory":false,"max_hp_per_floor":[66,66,66,66,66,66,66,66,66,66,66,66,66,66,66,66,66,66,66,66,66,66,66,66,66,72,72,72,72,72,72,72,72,72],"card_choices":[{"not_picked":["PiercingWail","Accuracy"],"picked":"Footwork","floor":1.0},{"not_picked":["Crippling Poison","Endless Agony"],"picked":"Riddle With Holes","floor":3.0},{"not_picked":["Reflex","Calculated Gamble"],"picked":"PiercingWail","floor":5.0},{"not_picked":["Backflip+1","Leg Sweep+1"],"picked":"Glass Knife","floor":6.0},{"not_picked":["Quick Slash","Flying Knee"],"picked":"Night Terror+1","floor":8.0},{"not_picked":["Flechettes","Cloak And Dagger+1"],"picked":"Dodge and Roll+1","floor":10.0},{"not_picked":["Riddle With Holes","Acrobatics+1"],"picked":"Escape Plan+1","floor":11.0},{"not_picked":["Slice","Deflect+1"],"picked":"Prepared+1","floor":14.0},{"not_picked":["Glass Knife","A Thousand Cuts"],"picked":"Doppelganger+1","floor":16.0},{"not_picked":["Blade Dance+1","Endless Agony","Bane"],"picked":"SKIP","floor":18.0},{"not_picked":["Dodge and Roll+1","Dagger Spray"],"picked":"Deadly Poison+1","floor":21.0},{"not_picked":["Concentrate+1","Prepared+1","Accuracy"],"picked":"SKIP","floor":22.0},{"not_picked":["Underhanded Strike","Dash","Outmaneuver+1"],"picked":"SKIP","floor":23.0},{"not_picked":["Caltrops","Grand Finale","Cloak And Dagger+1"],"picked":"SKIP","floor":28.0},{"not_picked":["Grand Finale","Cloak And Dagger+1"],"picked":"Caltrops","floor":28.0},{"not_picked":["Flying Knee","Dagger Spray","Finisher"],"picked":"SKIP","floor":29}],"player_experience":806122,"relics_obtained":[{"floor":6.0,"key":"Toxic Egg 2"},{"floor":8.0,"key":"Bird Faced Urn"},{"floor":9.0,"key":"Lizard Tail"},{"floor":11.0,"key":"InkBottle"},{"floor":23.0,"key":"Sundial"},{"floor":26.0,"key":"Gremlin Horn"},{"floor":29,"key":"Vajra"}],"event_choices":[{"cards_removed":["Strike_G"],"damage_healed":0.0,"max_hp_gain":0.0,"max_hp_loss":0.0,"gold_gain":0.0,"event_name":"Living Wall","player_choice":"Forget","floor":2.0,"gold_loss":0.0,"damage_taken":0.0},{"damage_healed":0.0,"max_hp_gain":0.0,"max_hp_loss":0.0,"gold_gain":75.0,"event_name":"World of Goop","player_choice":"Gather Gold","floor":4.0,"gold_loss":0.0,"damage_taken":11.0},{"damage_healed":0.0,"max_hp_gain":0.0,"max_hp_loss":0.0,"gold_gain":0.0,"event_name":"Shining Light","player_choice":"Ignored","floor":13.0,"gold_loss":0.0,"damage_taken":0.0},{"damage_healed":0.0,"max_hp_gain":0.0,"max_hp_loss":0.0,"gold_gain":250.0,"event_name":"The Joust","player_choice":"Bet on Owner","floor":19.0,"gold_loss":50.0,"damage_taken":0.0},{"damage_healed":0,"gold_gain":0,"player_choice":"Ignored","damage_taken":0,"max_hp_gain":0,"max_hp_loss":0,"event_name":"Vampires","floor":30,"gold_loss":0},{"damage_healed":0,"gold_gain":90,"player_choice":"GOLD ","damage_taken":12,"max_hp_gain":0,"max_hp_loss":0,"event_name":"Knowing Skull","floor":31,"potions_obtained":[],"gold_loss":0,"cards_obtained":[]}],"is_beta":false,"boss_relics":[{"not_picked":["Runic Pyramid","Velvet Choker"],"picked":"Cursed Key"}],"items_purged_floors":[24],"is_endless":false,"potions_floor_spawned":[1,3,6,10,18,21,22],"killed_by":"Automaton","ascension_level":20}}