{"host":"50qwps766cbz6ukm","time":1614446882,"event":{"mods":["BaseMod","Colored Map","Colored Powertips","DeckTracker","Highlight Path","Minty Spire (QoL Compilation)","Quick Restart","Remove Card Discount Mod","StSLib","SuperFastMode","Synergy Search"],"gold_per_floor":[116,128,145,145,145,170,170,60,60,25,43,55,55,86,86,181,181,198,212,212,56,74,74,105,117,143,143,156,156,156,156,156,259,259,274,274,128,128,128,128],"floor_reached":39,"language":"ENG","playtime":987,"items_purged":["Strike_P","Strike_P","Strike_P+1","Strike_P","Defend_P","Defend_P","Defend_P","Defend_P","Eruption+1"],"score":497,"play_id":"49d41c33-4802-4d6f-9440-144df7a1958d","local_time":"20210227192802","is_ascension_mode":true,"campfire_choices":[{"floor":7,"key":"REST"},{"data":"Tantrum","floor":13,"key":"SMITH"},{"data":"MentalFortress","floor":15,"key":"SMITH"},{"data":"Establishment","floor":23,"key":"SMITH"},{"floor":27,"key":"REST"},{"floor":29,"key":"RECALL"},{"data":"Streamline","floor":32,"key":"SMITH"}],"circlet_count":0,"master_deck":["Vigilance","FollowUp","Tantrum+1","Protect","Wallop","Dramatic Entrance","MentalFortress+1","Establishment+1","Consecrate","MentalFortress+1","Thunderclap+1","After Image","Streamline+1","Bandage Up"],"relics":["PureWater","Lantern","White Beast Statue","Singing Bowl","GoldenEye","PrismaticShard","Peace Pipe","VioletLotus","Regal Pillow"],"acts_visited":["Exordium","TheCity","TheBeyond"],"potions_floor_usage":[6,24,33,33],"damage_taken":[{"damage":6,"enemies":"2 Louse","floor":1,"turns":3},{"damage":0,"enemies":"Small Slimes","floor":2,"turns":2},{"damage":0,"enemies":"Jaw Worm","floor":3,"turns":2},{"damage":43,"enemies":"3 Sentries","floor":6,"turns":7},{"damage":0,"enemies":"2 Fungi Beasts","floor":11,"turns":2},{"damage":18,"enemies":"Exordium Wildlife","floor":12,"turns":2},{"damage":0,"enemies":"Lagavulin","floor":14,"turns":4},{"damage":16,"enemies":"The Guardian","floor":16,"turns":9},{"damage":14,"enemies":"2 Thieves","floor":18,"turns":3},{"damage":12,"enemies":"3 Byrds","floor":19,"turns":4},{"damage":18,"enemies":"Snake Plant","floor":22,"turns":6},{"damage":20,"enemies":"Gremlin Leader","floor":24,"turns":4},{"damage":12,"enemies":"Centurion and Healer","floor":25,"turns":4},{"damage":0,"enemies":"Snecko","floor":28,"turns":4},{"damage":52,"enemies":"Champ","floor":33,"turns":9},{"damage":21,"enemies":"Orb Walker","floor":35,"turns":4},{"damage":71,"enemies":"3 Shapes","floor":39,"turns":4}],"seed_played":"7815410318072305202","potions_obtained":[{"floor":3,"key":"Block Potion"},{"floor":11,"key":"PowerPotion"},{"floor":12,"key":"GamblersBrew"},{"floor":14,"key":"LiquidMemories"},{"floor":16,"key":"Strength Potion"},{"floor":18,"key":"DistilledChaos"},{"floor":24,"key":"Block Potion"},{"floor":25,"key":"Ambrosia"},{"floor":28,"key":"DistilledChaos"},{"floor":33,"key":"Strength Potion"},{"floor":35,"key":"Energy Potion"}],"is_trial":false,"path_per_floor":["M","M","M","?","?","E","R","$","T","?","M","M","R","E","R","B",null,"M","M","?","$","M","R","E","M","T","R","M","R","?","?","R","B",null,"M","?","$","$","M"],"character_chosen":"WATCHER","items_purchased":["Dramatic Entrance","PrismaticShard","Regal Pillow"],"campfire_rested":2,"item_purchase_floors":[8,21,37],"current_hp_per_floor":[66,66,66,66,52,9,30,30,30,48,48,32,32,34,34,18,76,62,52,52,52,34,34,14,4,4,28,28,28,28,54,54,4,82,61,61,61,61,0,0],"gold":128,"neow_bonus":"RANDOM_COMMON_RELIC","is_daily":false,"chose_seed":false,"campfire_upgraded":4,"win_rate":0.0,"timestamp":1614446882,"path_taken":["M","M","M","?","?","E","R","?","T","?","?","M","R","E","R","BOSS","M","M","?","$","M","R","E","M","T","R","?","R","?","?","R","BOSS","M","?","?","$","M"],"items_purchased_type":["Card","Relic","Relic"],"build_version":"2020-12-22","purchased_purges":9,"victory":false,"max_hp_per_floor":[72,72,72,72,72,72,72,72,72,72,72,74,74,76,76,76,76,76,78,78,78,78,78,78,80,80,80,80,80,80,80,80,82,82,82,82,82,82,82,82],"card_choices":[{"not_picked":["JustLucky","Wireheading"],"picked":"FollowUp","floor":1},{"not_picked":["WheelKick","EmptyFist"],"picked":"Tantrum","floor":2},{"not_picked":["ReachHeaven","PathToVictory"],"picked":"Protect","floor":3},{"not_picked":["CrushJoints","ReachHeaven"],"picked":"Wallop","floor":6},{"not_picked":["Nirvana","Halt"],"picked":"MentalFortress","floor":11},{"not_picked":["CutThroughFate","CarveReality","ReachHeaven"],"picked":"Singing Bowl","floor":12},{"not_picked":["Indignation","BowlingBash","CrushJoints"],"picked":"Singing Bowl","floor":14},{"not_picked":["MasterReality","ConjureBlade"],"picked":"Establishment","floor":16},{"not_picked":["ClearTheMind+1","EmptyBody"],"picked":"Consecrate","floor":18},{"not_picked":["ThirdEye","BattleHymn+1","Protect+1"],"picked":"Singing Bowl","floor":19},{"not_picked":["Prostrate","ClearTheMind"],"picked":"Thunderclap+1","floor":22},{"not_picked":["Finesse","Shockwave+1"],"picked":"After Image","floor":24},{"not_picked":["Barrage","Worship+1","Blind"],"picked":"Singing Bowl","floor":25},{"not_picked":["Underhanded Strike+1","EmptyBody+1"],"picked":"Streamline","floor":28},{"not_picked":["Scrawl","Immolate","Offering"],"picked":"Singing Bowl","floor":33},{"not_picked":["Backflip+1","Setup"],"picked":"Bandage Up","floor":35}],"player_experience":459146,"relics_obtained":[{"floor":6,"key":"White Beast Statue"},{"floor":9,"key":"Singing Bowl"},{"floor":14,"key":"GoldenEye"},{"floor":24,"key":"Peace Pipe"}],"event_choices":[{"damage_healed":0,"gold_gain":0,"player_choice":"Ignored","damage_taken":0,"max_hp_gain":0,"max_hp_loss":0,"event_name":"Golden Wing","floor":4,"gold_loss":0},{"damage_healed":0,"gold_gain":0,"player_choice":"Entered Light","damage_taken":14,"max_hp_gain":0,"max_hp_loss":0,"event_name":"Shining Light","floor":5,"gold_loss":0,"cards_upgraded":["Strike_P","Eruption"]},{"damage_healed":18,"gold_gain":0,"player_choice":"Healed","damage_taken":0,"max_hp_gain":0,"max_hp_loss":0,"event_name":"The Cleric","floor":10,"gold_loss":35},{"damage_healed":0,"gold_gain":0,"player_choice":"Copied","damage_taken":0,"max_hp_gain":0,"max_hp_loss":0,"event_name":"Duplicator","floor":20,"gold_loss":0,"cards_obtained":["MentalFortress"]},{"damage_healed":0,"gold_gain":0,"player_choice":"Ignored","damage_taken":0,"max_hp_gain":0,"max_hp_loss":0,"event_name":"Cursed Tome","floor":30,"gold_loss":0},{"damage_healed":26,"gold_gain":0,"player_choice":"Heal","damage_taken":0,"max_hp_gain":0,"max_hp_loss":0,"event_name":"The Library","floor":31,"gold_loss":0},{"damage_healed":0,"gold_gain":0,"player_choice":"Ignored","damage_taken":0,"max_hp_gain":0,"max_hp_loss":0,"event_name":"Transmorgrifier","floor":36,"gold_loss":0}],"is_beta":false,"boss_relics":[{"not_picked":["Fusion Hammer","Runic Dome","Velvet Choker"]},{"not_picked":["Tiny House","Runic Pyramid"],"picked":"VioletLotus"}],"items_purged_floors":[8,8,8,8,8,8,8,8,21],"is_endless":false,"potions_floor_spawned":[3,11,12,14,16,18,19,22,24,25,28,33,35],"killed_by":"3 Shapes","ascension_level":3}}