{"host":"g0zlq7spi0ykrc8e","time":1614452966,"event":{"mods":["BaseMod","Colored Powertips","Friendly Minions","Kiyohime（清姬）","Minty Spire (QoL Compilation)","Nova Terra(诺娃・泰拉)","Quick Restart","Remilia（蕾米莉亚）","StSLib","UnlockEverythingMod","WarShipGirlsR/战舰少女R mod"],"gold_per_floor":[115,131,142,195,208,243,243,278,278,60,91,91,131,149,149,277,277,295,308,53,66,165,165,208,208,234,277,277,296,314,352,352,473,473,493,493,517,585,604,642,658,693,693,134,173,173,173,208,208,208,208,208,86,120,120],"floor_reached":56,"language":"ZHS","playtime":3156,"items_purged":["Strike_RM","Pain"],"score":2083,"play_id":"ef322a68-c184-42a3-b3fe-81d78d6330b1","local_time":"20210228030926","is_ascension_mode":true,"campfire_choices":[{"floor":15.0,"key":"REST"},{"data":"QueenOfMidnight","floor":23.0,"key":"SMITH"},{"data":"EquivalentExchange","floor":25.0,"key":"SMITH"},{"floor":28.0,"key":"REST"},{"data":"DemonKingCradle","floor":32.0,"key":"SMITH"},{"floor":46.0,"key":"REST"},{"floor":49.0,"key":"RECALL"},{"floor":52.0,"key":"DIG"}],"circlet_count":0,"master_deck":["AscendersBane","Strike_RM","Strike_RM","Defend_RM+1","Defend_RM","RedMoon+1","ScarletShoot+1","StarOfDavid","NightDance","VampireKiss","Stigmanizer","ChainGang","DemonKingCradle+1","QueenOfMidnight+1","ReincarnationDial+1","KillingBlow+1","ReincarnationDial+1","EquivalentExchange+1","EternalNight+1","Stigmanizer+1","MastersStateliness","Writhe"],"relics":["ScarletHat","Incense Burner","Golden Idol","AntiCross","Pocketwatch","Dead Branch","Ice Cream","Astrolabe","Mummified Hand","Mercury Hourglass","Anchor","The Courier","Ancient Tea Set","Cursed Key","Shovel","Orichalcum","Bottled Lightning","Letter Opener","War Paint","Strawberry","Eternal Feather","Sundial","Pen Nib","Oddly Smooth Stone"],"acts_visited":["Exordium","TheCity","TheBeyond","TheEnding"],"potions_floor_usage":[55],"damage_taken":[{"damage":0.0,"enemies":"Small Slimes","floor":1.0,"turns":3.0},{"damage":0.0,"enemies":"2 Louse","floor":2.0,"turns":3.0},{"damage":0.0,"enemies":"Jaw Worm","floor":3.0,"turns":4.0},{"damage":4.0,"enemies":"Red Slaver","floor":5.0,"turns":3.0},{"damage":0.0,"enemies":"3 Sentries","floor":6.0,"turns":5.0},{"damage":32.0,"enemies":"Lagavulin","floor":8.0,"turns":6.0},{"damage":17.0,"enemies":"3 Sentries","floor":11.0,"turns":3.0},{"damage":3.0,"enemies":"Lagavulin","floor":13.0,"turns":4.0},{"damage":0.0,"enemies":"Exordium Wildlife","floor":14.0,"turns":2.0},{"damage":65.0,"enemies":"Hexaghost","floor":16.0,"turns":7.0},{"damage":15.0,"enemies":"2 Thieves","floor":18.0,"turns":3.0},{"damage":0.0,"enemies":"Spheric Guardian","floor":19.0,"turns":1.0},{"damage":20.0,"enemies":"Snecko","floor":21.0,"turns":4.0},{"damage":38.0,"enemies":"Gremlin Leader","floor":24.0,"turns":4.0},{"damage":4.0,"enemies":"Slavers","floor":27.0,"turns":3.0},{"damage":0.0,"enemies":"3 Cultists","floor":29.0,"turns":4.0},{"damage":0.0,"enemies":"Snake Plant","floor":30.0,"turns":2.0},{"damage":6.0,"enemies":"Gremlin Leader","floor":31.0,"turns":3.0},{"damage":0.0,"enemies":"Champ","floor":33.0,"turns":6.0},{"damage":0.0,"enemies":"3 Darklings","floor":35.0,"turns":2.0},{"damage":33.0,"enemies":"3 Shapes","floor":37.0,"turns":3.0},{"damage":3.0,"enemies":"2 Orb Walkers","floor":38.0,"turns":2.0},{"damage":34.0,"enemies":"Transient","floor":39.0,"turns":5.0},{"damage":47.0,"enemies":"Nemesis","floor":40.0,"turns":5.0},{"damage":7.0,"enemies":"Sphere and 2 Shapes","floor":41.0,"turns":2.0},{"damage":38.0,"enemies":"Reptomancer","floor":42.0,"turns":3.0},{"damage":10.0,"enemies":"Jaw Worm Horde","floor":45.0,"turns":3.0},{"damage":21.0,"enemies":"Giant Head","floor":48.0,"turns":5.0},{"damage":28.0,"enemies":"Donu and Deca","floor":50.0,"turns":4.0},{"damage":6.0,"enemies":"Shield and Spear","floor":54.0,"turns":4.0},{"damage":92,"enemies":"The Heart","floor":55,"turns":6}],"seed_played":"-123843416417236023","potions_obtained":[{"floor":1.0,"key":"AttackPotion"},{"floor":13.0,"key":"DuplicationPotion"},{"floor":18.0,"key":"Swift Potion"},{"floor":21.0,"key":"AttackPotion"},{"floor":27.0,"key":"Swift Potion"},{"floor":31.0,"key":"BlessingOfTheForge"},{"floor":39.0,"key":"GamblersBrew"},{"floor":41.0,"key":"FearPotion"},{"floor":45.0,"key":"Dexterity Potion"},{"floor":54.0,"key":"FearPotion"}],"is_trial":false,"path_per_floor":["M","M","M","?","M","E","?","E","T","$","E","$","E","M","R","B",null,"M","M","$","M","?","R","E","R","T","E","R","M","M","E","R","B",null,"M","?","M","?","M","E","M","E","T","$","M","R","?","E","R","B",null,"R","$","E","B",null],"character_chosen":"REMILIA","items_purchased":["DemonKingCradle","Mummified Hand","Letter Opener","War Paint","MastersStateliness","Strawberry","Pen Nib"],"campfire_rested":3,"item_purchase_floors":[10,20,44,44,44,44,53],"current_hp_per_floor":[68,70,70,70,70,72,54,30,30,30,13,13,15,18,40,36,65,52,52,52,42,42,42,21,21,21,20,42,46,50,60,60,75,75,75,75,53,58,75,52,45,15,15,22,16,40,61,82,82,82,82,82,82,76,57],"gold":120,"neow_bonus":"UPGRADE_CARD","is_daily":false,"chose_seed":false,"campfire_upgraded":3,"win_rate":0.0,"timestamp":1614452966,"path_taken":["M","M","M","?","M","E","?","E","T","$","E","?","E","M","R","BOSS","M","M","$","M","?","R","E","R","T","E","R","M","M","E","R","BOSS","M","?","M","?","M","E","M","E","T","$","M","R","?","E","R","BOSS","R","$","E","BOSS"],"items_purchased_type":["Card","Relic","Relic","Relic","Card","Relic","Relic"],"build_version":"2020-12-22","purchased_purges":2,"victory":true,"max_hp_per_floor":[75,75,75,75,75,75,75,75,75,75,75,75,75,75,75,75,75,75,75,75,75,75,75,75,75,75,75,75,75,75,75,75,75,75,75,75,75,75,75,75,75,75,75,82,82,82,82,82,82,82,82,82,82,82,82],"card_choices":[{"not_picked":["MiserableFate","BloodHunter"],"picked":"StarOfDavid","floor":1.0},{"not_picked":["UnstableMagic","BombardNight"],"picked":"NightDance","floor":2.0},{"not_picked":["VampireClaw","DiffusionOfMisfortune"],"picked":"VampireKiss","floor":3.0},{"not_picked":["Septette","FavorOfDestiny"],"picked":"Stigmanizer","floor":5.0},{"not_picked":["VampirishNight","NightLord"],"picked":"ChainGang","floor":6.0},{"not_picked":["UnstableMagic","EndlessAdversity","StarOfDavid"],"picked":"SKIP","floor":8.0},{"not_picked":["UnstableMagic","BloodyHallows","UnderTheZenith"],"picked":"SKIP","floor":11.0},{"not_picked":["NightDance","UnstableMagic","FavorOfDestiny"],"picked":"SKIP","floor":13.0},{"not_picked":["VampireKiss","ReincarnationDial","NightDance"],"picked":"SKIP","floor":14.0},{"not_picked":["ScarletCoffin","HeartBreak"],"picked":"QueenOfMidnight","floor":16.0},{"not_picked":["RedMagic","VampireClaw+1","VampireFantasy"],"picked":"SKIP","floor":18.0},{"not_picked":["ScarletImprint","VampireClaw","EndlessAdversity+1"],"picked":"SKIP","floor":19.0},{"not_picked":["Stigmanizer","UnstableMagic","DiffusionOfMisfortune"],"picked":"SKIP","floor":21.0},{"not_picked":["ScarletDream","RedRainbow"],"picked":"EquivalentExchange","floor":24.0},{"not_picked":["Stigmanizer","MastersStateliness+1","BloodAndWine"],"picked":"SKIP","floor":27.0},{"not_picked":["MastersStateliness","DevilSight"],"picked":"EternalNight+1","floor":29.0},{"not_picked":["MiserableFate","VampireKiss","Stigmanizer"],"picked":"SKIP","floor":30.0},{"not_picked":["HellCatastrophe","BombardNight"],"picked":"Stigmanizer+1","floor":31.0},{"not_picked":["BombardNight+1","UnstableMagic+1","MiserableFate"],"picked":"SKIP","floor":35.0},{"not_picked":["VampireClaw+1","BloodHunter","CharismaGuard+1"],"picked":"SKIP","floor":37.0},{"not_picked":["BloodAndWine","UnstableMagic+1","VampireKiss+1"],"picked":"SKIP","floor":39.0},{"not_picked":["BloodHunter+1","SuperhumanBloodyKnife","BombardNight"],"picked":"SKIP","floor":40.0},{"not_picked":["BloodAndWine+1","CharismaGuard","ScarletDevil+1"],"picked":"SKIP","floor":41.0},{"not_picked":["BloodyTrap+1","VampireKiss+1","DemonKingCradle"],"picked":"SKIP","floor":42.0},{"not_picked":["VampireKiss","ReincarnationDial+1","NightDance+1"],"picked":"SKIP","floor":45.0},{"not_picked":["UnderTheZenith","ChainGang","NightLord+1"],"picked":"SKIP","floor":48.0},{"not_picked":["BombardNight","ScarletImprint+1","NightLord"],"picked":"SKIP","floor":54.0}],"player_experience":148289,"relics_obtained":[{"floor":6.0,"key":"Incense Burner"},{"floor":8.0,"key":"AntiCross"},{"floor":9.0,"key":"Pocketwatch"},{"floor":11.0,"key":"Dead Branch"},{"floor":13.0,"key":"Ice Cream"},{"floor":24.0,"key":"Mercury Hourglass"},{"floor":26.0,"key":"Anchor"},{"floor":27.0,"key":"The Courier"},{"floor":31.0,"key":"Ancient Tea Set"},{"floor":38.0,"key":"Shovel"},{"floor":40.0,"key":"Orichalcum"},{"floor":42.0,"key":"Bottled Lightning"},{"floor":48.0,"key":"Eternal Feather"},{"floor":52.0,"key":"Sundial"},{"floor":54.0,"key":"Oddly Smooth Stone"}],"event_choices":[{"damage_healed":0.0,"max_hp_gain":0.0,"max_hp_loss":0.0,"gold_gain":53.0,"event_name":"Golden Wing","player_choice":"Gained Gold","floor":4.0,"gold_loss":0.0,"damage_taken":0.0},{"damage_healed":0.0,"max_hp_gain":0.0,"max_hp_loss":0.0,"gold_gain":0.0,"event_name":"Golden Idol","player_choice":"Take Damage","floor":7.0,"gold_loss":0.0,"damage_taken":18.0,"relics_obtained":["Golden Idol"]},{"damage_healed":0.0,"max_hp_gain":0.0,"max_hp_loss":0.0,"gold_gain":99.0,"event_name":"Nest","player_choice":"Stole From Cult","floor":22.0,"gold_loss":0.0,"damage_taken":0.0},{"damage_healed":0.0,"max_hp_gain":0.0,"max_hp_loss":0.0,"gold_gain":0.0,"event_name":"Mysterious Sphere","player_choice":"Fight","floor":38.0,"gold_loss":0.0,"damage_taken":0.0},{"damage_healed":21.0,"max_hp_gain":0.0,"max_hp_loss":0.0,"gold_gain":0.0,"event_name":"Winding Halls","player_choice":"Writhe","floor":47.0,"gold_loss":0.0,"damage_taken":0.0,"cards_obtained":["Writhe"]}],"is_beta":false,"boss_relics":[{"not_picked":["Runic Pyramid","Empty Cage"],"picked":"Astrolabe"},{"not_picked":["SlaversCollar","Sozu"],"picked":"Cursed Key"}],"items_purged_floors":[10,44],"is_endless":false,"potions_floor_spawned":[1,13,18,21,27,31,35,39,41,45,48,54],"ascension_level":11}}