{"host":"nuu0xlk1bpqu5s2n","time":1614423472,"event":{"mods":["AchievementEnabler","BaseMod","Minty Spire (QoL Compilation)","StSLib"],"gold_per_floor":[214,156,231,196,196,196,231,231,257,285,45,45,60,75,75,150,150,160,160,160,171,184,184,184,184],"floor_reached":24,"language":"ENG","playtime":932,"items_purged":["Strike_R"],"score":404,"play_id":"6ae32816-a95d-499d-b84a-5fa13c843119","local_time":"20210227125752","is_ascension_mode":true,"campfire_choices":[{"data":"Armaments","floor":6,"key":"SMITH"},{"floor":8,"key":"REST"},{"floor":12,"key":"REST"},{"data":"Spot Weakness","floor":15,"key":"SMITH"},{"floor":23,"key":"REST"}],"circlet_count":0,"master_deck":["AscendersBane","Strike_R","Strike_R","Strike_R","Strike_R","Defend_R","Defend_R","Defend_R","Defend_R","Bash","Anger","Armaments+1","Spot Weakness+1","Reaper","Corruption","Carnage","Flame Barrier","Juggernaut"],"relics":["Burning Blood","Question Card","Art of War","Omamori","Akabeko","Red Skull","Calling Bell","Ancient Tea Set","Sundial","Turnip","MutagenicStrength"],"acts_visited":["Exordium","TheCity"],"potions_floor_usage":[16,24],"damage_taken":[{"damage":9,"enemies":"2 Louse","floor":1,"turns":3},{"damage":31,"enemies":"Gremlin Nob","floor":7,"turns":4},{"damage":50,"enemies":"3 Sentries","floor":10,"turns":10},{"damage":0,"enemies":"Small Slimes","floor":13,"turns":2},{"damage":2,"enemies":"Jaw Worm","floor":14,"turns":3},{"damage":53,"enemies":"Slime Boss","floor":16,"turns":12},{"damage":52,"enemies":"3 Byrds","floor":18,"turns":5},{"damage":12,"enemies":"Chosen","floor":21,"turns":3},{"damage":56,"enemies":"Shelled Parasite and Fungi","floor":22,"turns":4},{"damage":41,"enemies":"Slavers","floor":24,"turns":4}],"seed_played":"-2557626321605578480","potions_obtained":[{"floor":10,"key":"FairyPotion"},{"floor":14,"key":"SkillPotion"},{"floor":22,"key":"AttackPotion"}],"is_trial":false,"path_per_floor":["M","$","?","?","?","R","E","R","T","E","$","R","M","M","R","B",null,"M","?","?","M","M","R","E"],"character_chosen":"IRONCLAD","items_purchased":["Armaments","Red Skull"],"campfire_rested":3,"item_purchase_floors":[2,11],"current_hp_per_floor":[65,65,54,72,61,61,36,58,58,14,14,36,42,46,46,9,59,28,28,28,38,17,39,0,0],"gold":184,"neow_bonus":"HUNDRED_GOLD","is_daily":false,"chose_seed":false,"campfire_upgraded":2,"win_rate":0.0,"timestamp":1614423472,"path_taken":["M","$","?","?","?","R","E","R","T","E","$","R","M","M","R","BOSS","M","?","?","M","M","R","E"],"items_purchased_type":["Card","Relic"],"build_version":"2020-12-22","purchased_purges":1,"victory":false,"max_hp_per_floor":[75,75,75,75,75,75,75,75,75,75,75,75,75,75,75,75,75,75,75,75,75,75,75,75,75],"card_choices":[{"not_picked":["Sword Boomerang","Combust"],"picked":"Anger","floor":1},{"not_picked":["Perfected Strike","Armaments","Body Slam","Bloodletting"],"picked":"SKIP","floor":7},{"not_picked":["Wild Strike","Thunderclap","Dark Embrace"],"picked":"Spot Weakness","floor":10},{"not_picked":["Armaments","Reckless Charge","Evolve","Perfected Strike"],"picked":"SKIP","floor":13},{"not_picked":["Whirlwind","Burning Pact","Iron Wave"],"picked":"Reaper","floor":14},{"not_picked":["Feed","Demon Form","Double Tap"],"picked":"Corruption","floor":16},{"not_picked":["Armaments","True Grit","Wild Strike"],"picked":"Carnage","floor":18},{"not_picked":["Shrug It Off","Body Slam","Second Wind"],"picked":"Flame Barrier","floor":21},{"not_picked":["Cleave","Pommel Strike","Clothesline"],"picked":"Juggernaut","floor":22}],"player_experience":585762,"relics_obtained":[{"floor":7,"key":"Art of War"},{"floor":9,"key":"Omamori"},{"floor":10,"key":"Akabeko"},{"floor":17,"key":"Ancient Tea Set"},{"floor":17,"key":"Sundial"},{"floor":17,"key":"Turnip"}],"event_choices":[{"damage_healed":0,"gold_gain":75,"player_choice":"Gather Gold","damage_taken":11,"max_hp_gain":0,"max_hp_loss":0,"event_name":"World of Goop","floor":3,"gold_loss":0},{"damage_healed":18,"gold_gain":0,"player_choice":"Healed","damage_taken":0,"max_hp_gain":0,"max_hp_loss":0,"event_name":"The Cleric","floor":4,"gold_loss":35},{"damage_healed":0,"gold_gain":0,"player_choice":"Success","damage_taken":11,"relics_obtained":["Question Card"],"max_hp_gain":0,"max_hp_loss":0,"event_name":"Scrap Ooze","floor":5,"gold_loss":0},{"damage_healed":0,"gold_gain":0,"player_choice":"Inject Mutagens","damage_taken":0,"relics_obtained":["MutagenicStrength"],"max_hp_gain":0,"max_hp_loss":0,"event_name":"Drug Dealer","floor":19,"gold_loss":0},{"damage_healed":0,"gold_gain":0,"player_choice":"Ignored","damage_taken":0,"max_hp_gain":0,"max_hp_loss":0,"event_name":"Ghosts","floor":20,"gold_loss":0}],"is_beta":false,"boss_relics":[{"not_picked":["Sozu","Runic Cube"],"picked":"Calling Bell"}],"items_purged_floors":[11],"is_endless":false,"potions_floor_spawned":[10,14,22],"killed_by":"Slavers","ascension_level":20}}