{"host":"x73jdofm2fk9hsud","time":1614417582,"event":{"mods":["BaseMod","Bestiary","Minty Spire (QoL Compilation)","Relic Stats","ojb\u0027s Better Paths Mod","ojb\u0027s Info Mod"],"gold_per_floor":[116,191,291,19,34,68,68,96,146,146,71,88,116,39,39,115,115,130,45,59,59,59,94,106,135,158,158,186,111,139,169,181,193,193],"floor_reached":33,"language":"ENG","playtime":1153,"items_purged":["Strike_B"],"score":778,"play_id":"612a8f6e-e701-4f12-b034-09d990b721b7","local_time":"20210227041942","is_ascension_mode":true,"campfire_choices":[{"data":"Apotheosis","floor":7,"key":"SMITH"},{"floor":10,"key":"REST"},{"data":"Loop","floor":15,"key":"SMITH"},{"floor":32,"key":"REST"}],"circlet_count":0,"master_deck":["AscendersBane","Strike_B","Defend_B","Defend_B","Defend_B","Defend_B","Zap","Dualcast","FTL","Apotheosis+1","Darkness","Coolheaded","Redo","Cold Snap","Reinforced Body","Loop+1","Biased Cognition","Doom and Gloom+1","Ball Lightning+1","Ghostly","Ghostly","Ghostly","Go for the Eyes+1","Glacier","Conserve Battery"],"relics":["Cracked Core","NeowsBlessing","Orichalcum","Bronze Scales","Anchor","StrikeDummy","Fusion Hammer","Boot","DataDisk","PreservedInsect","Centennial Puzzle","Vajra","MawBank"],"acts_visited":["Exordium","TheCity"],"potions_floor_usage":[8,8,20,28,33],"damage_taken":[{"damage":0,"enemies":"Jaw Worm","floor":1,"turns":1},{"damage":0,"enemies":"Small Slimes","floor":5,"turns":2},{"damage":0,"enemies":"Lagavulin","floor":6,"turns":2},{"damage":33,"enemies":"Gremlin Nob","floor":8,"turns":6},{"damage":0,"enemies":"Cultist","floor":12,"turns":3},{"damage":2,"enemies":"3 Sentries","floor":13,"turns":5},{"damage":12,"enemies":"The Guardian","floor":16,"turns":9},{"damage":0,"enemies":"Spheric Guardian","floor":18,"turns":4},{"damage":2,"enemies":"Chosen","floor":20,"turns":5},{"damage":11,"enemies":"Gremlin Leader","floor":23,"turns":5},{"damage":0,"enemies":"Centurion and Healer","floor":24,"turns":5},{"damage":4,"enemies":"Book of Stabbing","floor":25,"turns":4},{"damage":0,"enemies":"Gremlin Leader","floor":28,"turns":6},{"damage":9,"enemies":"Book of Stabbing","floor":30,"turns":4},{"damage":0,"enemies":"Snecko","floor":31,"turns":3},{"damage":39,"enemies":"Automaton","floor":33,"turns":8}],"seed_played":"1242029227855177091","potions_obtained":[{"floor":1,"key":"PowerPotion"},{"floor":6,"key":"Weak Potion"},{"floor":8,"key":"PowerPotion"},{"floor":13,"key":"LiquidMemories"},{"floor":20,"key":"BlessingOfTheForge"},{"floor":24,"key":"Regen Potion"},{"floor":28,"key":"EssenceOfDarkness"}],"is_trial":false,"path_per_floor":["M","?","?","$","M","E","R","E","T","R","?","M","E","$","R","B",null,"M","?","M","?","?","E","M","E","T","$","E","?","E","M","R","B"],"character_chosen":"DEFECT","items_purchased":["Apotheosis","Loop"],"campfire_rested":2,"item_purchase_floors":[4,14],"current_hp_per_floor":[64,53,53,53,53,53,53,20,20,41,41,41,39,39,39,27,60,60,60,58,58,35,24,24,20,20,20,35,35,26,26,35,0,0],"gold":193,"neow_bonus":"THREE_ENEMY_KILL","is_daily":false,"chose_seed":false,"campfire_upgraded":2,"win_rate":0.0,"timestamp":1614417582,"path_taken":["M","?","?","$","?","E","R","E","T","R","?","M","E","$","R","BOSS","M","?","M","?","?","E","M","E","T","?","E","?","E","M","R","BOSS"],"items_purchased_type":["Card","Card"],"build_version":"2020-12-22","purchased_purges":1,"victory":false,"max_hp_per_floor":[71,71,71,71,71,71,71,71,71,71,71,71,71,71,71,71,71,71,71,71,71,35,35,35,35,35,35,35,35,35,35,35,35,35],"relic_stats":{"Centennial Puzzle":[6],"counters":[16,72],"Bronze Scales":[158],"PreservedInsect":88,"Orichalcum":[90],"Boot":[10],"MawBank":36,"obtain_stats":[{"NeowsBlessing":0,"Vajra":28,"PreservedInsect":25,"Orichalcum":6,"Boot":19,"MawBank":30,"Anchor":9,"DataDisk":23,"Centennial Puzzle":26,"Bronze Scales":8,"Fusion Hammer":17,"Cracked Core":0,"StrikeDummy":13},{"NeowsBlessing":0,"Vajra":13,"PreservedInsect":12,"Orichalcum":3,"Boot":8,"MawBank":14,"Anchor":4,"DataDisk":10,"Centennial Puzzle":12,"Bronze Scales":4,"Fusion Hammer":7,"Cracked Core":0,"StrikeDummy":6},{"NeowsBlessing":0,"Vajra":57,"PreservedInsect":51,"Orichalcum":5,"Boot":32,"MawBank":61,"Anchor":11,"DataDisk":42,"Centennial Puzzle":51,"Bronze Scales":11,"Fusion Hammer":28,"Cracked Core":0,"StrikeDummy":19}]},"card_choices":[{"not_picked":["Scrape","Rebound"],"picked":"FTL","floor":1},{"not_picked":["Barrage","Doom and Gloom"],"picked":"Darkness","floor":5},{"not_picked":["Storm","Tempest"],"picked":"Coolheaded","floor":6},{"not_picked":["Amplify","Beam Cell"],"picked":"Redo","floor":8},{"not_picked":["Ball Lightning","Melter"],"picked":"Cold Snap","floor":12},{"not_picked":["BootSequence","Hyperbeam"],"picked":"Reinforced Body","floor":13},{"not_picked":["Machine Learning","Meteor Strike"],"picked":"Biased Cognition","floor":16},{"not_picked":["Streamline","Conserve Battery+1"],"picked":"Doom and Gloom+1","floor":18},{"not_picked":["Go for the Eyes","Leap"],"picked":"Ball Lightning+1","floor":20},{"not_picked":["Reinforced Body","Force Field"],"picked":"Go for the Eyes+1","floor":23},{"not_picked":["Darkness","Doom and Gloom","Storm"],"picked":"SKIP","floor":24},{"not_picked":["FTL","Amplify","Redo"],"picked":"SKIP","floor":25},{"not_picked":["Redo","FTL"],"picked":"Glacier","floor":28},{"not_picked":["Steam Power","Rip and Tear","Cold Snap"],"picked":"SKIP","floor":30},{"not_picked":["Turbo","Steam Power+1"],"picked":"Conserve Battery","floor":31}],"player_experience":5446279,"relics_obtained":[{"floor":6,"key":"Orichalcum"},{"floor":8,"key":"Bronze Scales"},{"floor":9,"key":"Anchor"},{"floor":13,"key":"StrikeDummy"},{"floor":23,"key":"DataDisk"},{"floor":25,"key":"PreservedInsect"},{"floor":26,"key":"Centennial Puzzle"},{"floor":28,"key":"Vajra"},{"floor":30,"key":"MawBank"}],"event_choices":[{"damage_healed":0,"gold_gain":75,"player_choice":"Gather Gold","damage_taken":11,"max_hp_gain":0,"max_hp_loss":0,"event_name":"World of Goop","floor":2,"gold_loss":0},{"damage_healed":0,"gold_gain":100,"player_choice":"Gold","damage_taken":0,"max_hp_gain":0,"max_hp_loss":0,"event_name":"Wheel of Change","floor":3,"gold_loss":0},{"cards_removed":["Strike_B"],"damage_healed":0,"gold_gain":0,"player_choice":"Card Removal","damage_taken":0,"max_hp_gain":0,"max_hp_loss":0,"event_name":"The Cleric","floor":11,"gold_loss":75},{"damage_healed":0,"gold_gain":0,"player_choice":"Obtained Relic","damage_taken":0,"relics_obtained":["Boot"],"max_hp_gain":0,"max_hp_loss":0,"event_name":"Addict","floor":19,"gold_loss":85},{"damage_healed":0,"gold_gain":0,"player_choice":"Ignored","damage_taken":0,"max_hp_gain":0,"max_hp_loss":0,"event_name":"Vampires","floor":21,"gold_loss":0},{"damage_healed":0,"gold_gain":0,"player_choice":"Became a Ghost","damage_taken":0,"max_hp_gain":0,"max_hp_loss":36,"event_name":"Ghosts","floor":22,"gold_loss":0,"cards_obtained":["Ghostly","Ghostly","Ghostly"]},{"cards_removed":["Strike_B"],"damage_healed":0,"gold_gain":0,"player_choice":"Gave Gold","damage_taken":0,"max_hp_gain":0,"max_hp_loss":0,"event_name":"Beggar","floor":29,"gold_loss":75}],"is_beta":false,"boss_relics":[{"not_picked":["Sozu","Nuclear Battery"],"picked":"Fusion Hammer"}],"items_purged_floors":[4],"is_endless":false,"potions_floor_spawned":[1,6,8,13,20,24,28,31],"killed_by":"Automaton","ascension_level":20}}