{"host":"7k2a2omxz3voj5ax","time":1614447400,"event":{"mods":["BaseMod","Marisa£¨ìFÓê¡¡Ä§ÀíÉ³£©","Minty Spire (QoL Compilation)","Quick Restart","Spicy Shops","StSLib","Starting Relic: Pandora\u0027s Box","Yakumo Yukari mod","¡¾ÒÅÎï¿¨ÅÆ¡¿REMEMod","óô»ðÖ¸ÄÏ"],"gold_per_floor":[137,137,87,145,71,122,176,268,268,319,319,319,319,428,561,561,601,601,691,730,270,446,446,481,481,576,19,62,62,95,156,31,102,102,166,9,73,118,118,118,244,244,286,361,402,402,446,521,571,128,182,225,225,225,285,328,423,75,100,139,60,60,110,110,73,73,153,153],"floor_reached":69,"language":"ZHS","playtime":2646,"items_purged":["GrandCross","UpSweep","GalacticHalo","GalacticHalo"],"score":2248,"play_id":"78e3d6e8-9665-4586-9038-6089bbdd8f87","local_time":"20210228023640","is_ascension_mode":true,"campfire_choices":[{"data":"HandOfGreed","floor":9.0,"key":"SMITH"},{"data":"BlazeAway","floor":13.0,"key":"SMITH"},{"data":"MilkyWay","floor":16.0,"key":"SMITH"},{"data":"EarthLightRay","floor":29.0,"key":"SMITH"},{"data":"Singularity","floor":39.0,"key":"SMITH"},{"floor":40.0,"key":"RECALL"},{"data":"PowerUp","floor":54.0,"key":"SMITH"}],"circlet_count":0,"master_deck":["SporeBomb+1","PowerUp+1","MilkyWay+1","PowerUp+1","HandOfGreed+1","EarthLightRay+1","BlazeAway+1","SatelliteIllusion+1","6A+1","UltimateShortwave+1","Singularity+1","MagicChant+1","TalkToTheHand+1","DeusExMachina+1","Backflip+1","Backflip+1","ManaConvection+1"],"relics":["MiniHakkero","REME_ComplimentaryCards","TheAbacus","REME_IWantAll","Incense Burner","Toxic Egg 2","PreservedInsect","Kunai","SimpleLauncher","Bag of Preparation","Coffee Dripper","Dream Catcher","Medical Kit","Bag of Marbles","Centennial Puzzle","Turnip","Mummified Hand","PrismaticShard","Runic Pyramid","Gambling Chip","CatCart","Letter Opener","MagicBroom","Art of War","Shuriken","Calipers","Mercury Hourglass","Membership Card","Sundial","Lantern","DollysMirror","TungstenRod"],"acts_visited":["Exordium","TheCity","TheBeyond","TheEnding"],"potions_floor_usage":[68,68,68,68],"damage_taken":[{"damage":0.0,"enemies":"Jaw Worm","floor":1.0,"turns":3.0},{"damage":7.0,"enemies":"Small Slimes","floor":4.0,"turns":2.0},{"damage":1.0,"enemies":"2 Louse","floor":6.0,"turns":3.0},{"damage":0.0,"enemies":"Lagavulin","floor":7.0,"turns":4.0},{"damage":6.0,"enemies":"Gremlin Gang","floor":8.0,"turns":5.0},{"damage":0.0,"enemies":"Gremlin Nob","floor":10.0,"turns":3.0},{"damage":20.0,"enemies":"3 Sentries","floor":14.0,"turns":6.0},{"damage":10.0,"enemies":"3 Sentries","floor":15.0,"turns":6.0},{"damage":11.0,"enemies":"Looter","floor":17.0,"turns":2.0},{"damage":16.0,"enemies":"3 Louse","floor":19.0,"turns":4.0},{"damage":1.0,"enemies":"Blue Slaver","floor":20.0,"turns":5.0},{"damage":0.0,"enemies":"Slime Boss","floor":22.0,"turns":6.0},{"damage":0.0,"enemies":"Chosen","floor":24.0,"turns":1.0},{"damage":12.0,"enemies":"3 Byrds","floor":26.0,"turns":4.0},{"damage":0.0,"enemies":"Snake Plant","floor":28.0,"turns":1.0},{"damage":0.0,"enemies":"Gremlin Leader","floor":30.0,"turns":3.0},{"damage":6.0,"enemies":"Shelled Parasite and Fungi","floor":31.0,"turns":2.0},{"damage":0.0,"enemies":"Centurion and Healer","floor":35.0,"turns":4.0},{"damage":0.0,"enemies":"Sentry and Sphere","floor":37.0,"turns":3.0},{"damage":0.0,"enemies":"Snake Plant","floor":38.0,"turns":2.0},{"damage":21.0,"enemies":"Collector","floor":41.0,"turns":5.0},{"damage":0.0,"enemies":"3 Darklings","floor":43.0,"turns":4.0},{"damage":0.0,"enemies":"Mind Bloom Boss Battle","floor":44.0,"turns":2.0},{"damage":0.0,"enemies":"Orb Walker","floor":45.0,"turns":1.0},{"damage":0.0,"enemies":"Maw","floor":47.0,"turns":2.0},{"damage":0.0,"enemies":"Orin","floor":48.0,"turns":2.0},{"damage":0.0,"enemies":"Giant Head","floor":49.0,"turns":3.0},{"damage":0.0,"enemies":"Reptomancer","floor":51.0,"turns":2.0},{"damage":0.0,"enemies":"Spire Growth","floor":52.0,"turns":1.0},{"damage":0.0,"enemies":"Giant Head","floor":55.0,"turns":1.0},{"damage":0.0,"enemies":"Transient","floor":56.0,"turns":3.0},{"damage":0.0,"enemies":"4 Shapes","floor":57.0,"turns":3.0},{"damage":0.0,"enemies":"4 Shapes","floor":59.0,"turns":3.0},{"damage":0.0,"enemies":"Maw","floor":60.0,"turns":2.0},{"damage":0.0,"enemies":"Donu and Deca","floor":63.0,"turns":2.0},{"damage":16.0,"enemies":"Shield and Spear","floor":67.0,"turns":2.0},{"damage":0,"enemies":"The Heart","floor":68,"turns":4}],"seed_played":"5869907999337258651","potions_obtained":[{"floor":4.0,"key":"Strength Potion"},{"floor":10.0,"key":"Weak Potion"},{"floor":14.0,"key":"LiquidBronze"},{"floor":28.0,"key":"Regen Potion"},{"floor":51.0,"key":"EntropicBrew"}],"is_trial":false,"path_per_floor":["M","?","?","M","$","M","E","M","R","E","?","T","R","E","?","R","M","T","M","M","R","B",null,"M","?","M","$","M","R","E","M","$","T","?","M","$","M","M","R","R","B",null,"M","?","M","?","M","?","E","R","E","M","T","R","E","M","M","$","?","M","R","R","B",null,"R","$","E","B",null],"character_chosen":"MARISA","items_purchased":["TheAbacus","SimpleLauncher","Bag of Preparation","Singularity","Medical Kit","Bag of Marbles","Centennial Puzzle","PrismaticShard","MagicBroom","Art of War","Membership Card","Sundial","Lantern","DollysMirror","ManaConvection+1"],"campfire_rested":0,"item_purchase_floors":[5,21,21,27,27,27,27,36,50,50,58,58,58,61,65],"current_hp_per_floor":[68,61,61,58,58,61,65,63,63,67,67,67,67,51,45,45,38,38,26,29,29,33,65,65,65,57,57,57,57,63,63,63,63,63,69,69,75,75,75,75,54,70,75,75,75,75,75,75,75,75,75,75,75,75,75,75,75,75,75,75,75,75,75,75,75,75,59,65],"gold":153,"neow_bonus":"TRANSFORM_CARD","is_daily":false,"chose_seed":false,"campfire_upgraded":6,"win_rate":0.0,"timestamp":1614447400,"path_taken":["M","?","?","?","$","M","E","M","R","E","?","T","R","E","?","R","M","?","M","M","R","BOSS","M","?","?","$","M","R","E","?","?","T","?","M","$","M","?","R","R","BOSS","M","?","M","?","?","?","E","R","E","M","T","R","E","M","M","$","?","M","R","R","BOSS","R","$","E","BOSS"],"items_purchased_type":["Relic","Relic","Relic","Card","Relic","Relic","Relic","Relic","Relic","Relic","Relic","Relic","Relic","Relic","Card"],"build_version":"2020-12-22","purchased_purges":4,"victory":true,"max_hp_per_floor":[75,75,75,75,75,75,75,75,75,75,75,75,75,75,75,75,75,75,75,75,75,75,75,75,75,75,75,75,75,75,75,75,75,75,75,75,75,75,75,75,75,75,75,75,75,75,75,75,75,75,75,75,75,75,75,75,75,75,75,75,75,75,75,75,75,75,75,75],"card_choices":[{"not_picked":["UnstableBomb","DoubleSpark"],"picked":"EarthLightRay","floor":1.0},{"not_picked":["MysteriousBeam","Acceleration","GravityBeat"],"picked":"SKIP","floor":4.0},{"not_picked":["MilkyWay","Acceleration","EscapeVelocity"],"picked":"SKIP","floor":6.0},{"not_picked":["AsteroidBelt","UnstableBomb"],"picked":"BlazeAway","floor":7.0},{"not_picked":["SuperPerseids","RefractionSpark","EnergyRecoil"],"picked":"SKIP","floor":8.0},{"not_picked":["DarkMatter","SuperPerseids","MilkyWay"],"picked":"SKIP","floor":10.0},{"not_picked":["OortCloud","GrandCross"],"picked":"SatelliteIllusion","floor":14.0},{"not_picked":["EnergyFlow","SuperPerseids+1","SporeBomb+1"],"picked":"SKIP","floor":17.0},{"not_picked":["ShootTheMoon","DragonMeteor"],"picked":"6A","floor":19.0},{"not_picked":["OneTimeOff+1","NonDirectionalLaser","AlicesGift"],"picked":"SKIP","floor":20.0},{"not_picked":["BlazingStar","StarDustReverie+1"],"picked":"UltimateShortwave+1","floor":22.0},{"not_picked":["GalacticHalo+1","OrrerysSun","ShootTheMoon"],"picked":"SKIP","floor":24.0},{"not_picked":["Orbital+1","DoubleSpark","SuperPerseids+1"],"picked":"SKIP","floor":26.0},{"not_picked":["EnergyFlow+1","OpenUniverse+1","ChargeUpSpray"],"picked":"SKIP","floor":28.0},{"not_picked":["MagicChant+1","PropBag+1","WitchOfGreed"],"picked":"SKIP","floor":30.0},{"not_picked":["PropBag+1","WitchOfGreed"],"picked":"MagicChant+1","floor":30.0},{"not_picked":["OneTimeOff+1","WitchLeyline","MillisecondPulsars"],"picked":"SKIP","floor":31.0},{"not_picked":["SporeBomb+1","6A","ShootingEcho"],"picked":"SKIP","floor":35.0},{"not_picked":["Doom and Gloom","CarveReality","FearNoEvil+1"],"picked":"SKIP","floor":37.0},{"not_picked":["Twin Strike+1","REME_SelfUpgrade"],"picked":"TalkToTheHand+1","floor":38.0},{"not_picked":["Monsters_DoubleDeathButterfly_purple","Alpha+1"],"picked":"DeusExMachina+1","floor":41.0},{"not_picked":["Undo+1","Body Slam","REME_MusicOfDeath+1"],"picked":"SKIP","floor":43.0},{"not_picked":["Eviscerate+1","Storm","Cold Snap+1"],"picked":"SKIP","floor":45.0},{"not_picked":["Feel No Pain+1","GalacticHalo+1","Rupture"],"picked":"SKIP","floor":47.0},{"not_picked":["REME_MawOfCthun+1","DC+1","Deadly Poison+1"],"picked":"SKIP","floor":49.0},{"not_picked":["Caltrops+1","Warcry+1","Consecrate"],"picked":"SKIP","floor":51.0},{"not_picked":["6A","Steam+1","NonDirectionalLaser+1"],"picked":"SKIP","floor":52.0},{"not_picked":["CrushJoints","Heavy Blade+1","CasketOfStar"],"picked":"SKIP","floor":55.0},{"not_picked":["SfantasyHide_purple+1","WaveOfTheHand+1"],"picked":"Backflip+1","floor":56.0},{"not_picked":["ForeignInfluence+1","EarthLightRay+1","Good Instincts+1"],"picked":"SKIP","floor":57.0},{"not_picked":["GalacticHalo+1","Bait_Toxicbait_purple+1","Evaluate+1"],"picked":"SKIP","floor":60.0},{"not_picked":["Coolheaded+1","MasterReality","Streamline"],"picked":"SKIP","floor":67.0}],"player_experience":283315,"relics_obtained":[{"floor":7.0,"key":"REME_IWantAll"},{"floor":10.0,"key":"Incense Burner"},{"floor":14.0,"key":"Toxic Egg 2"},{"floor":15.0,"key":"PreservedInsect"},{"floor":18.0,"key":"Kunai"},{"floor":30.0,"key":"Turnip"},{"floor":33.0,"key":"Mummified Hand"},{"floor":44.0,"key":"Gambling Chip"},{"floor":48.0,"key":"CatCart"},{"floor":49.0,"key":"Letter Opener"},{"floor":51.0,"key":"Shuriken"},{"floor":53.0,"key":"Calipers"},{"floor":55.0,"key":"Mercury Hourglass"},{"floor":67.0,"key":"TungstenRod"}],"event_choices":[{"cards_removed":["GalacticHalo"],"damage_healed":0.0,"max_hp_gain":0.0,"max_hp_loss":0.0,"gold_gain":0.0,"event_name":"Golden Wing","player_choice":"Card Removal","floor":2.0,"gold_loss":0.0,"damage_taken":7.0},{"cards_removed":["OneTimeOff"],"damage_healed":0.0,"max_hp_gain":0.0,"max_hp_loss":0.0,"gold_gain":0.0,"event_name":"The Cleric","player_choice":"Card Removal","floor":3.0,"gold_loss":50.0,"damage_taken":0.0},{"damage_healed":0.0,"max_hp_gain":0.0,"max_hp_loss":0.0,"gold_gain":0.0,"event_name":"Liars Game","player_choice":"Ignored","floor":11.0,"gold_loss":0.0,"damage_taken":0.0},{"damage_healed":0.0,"max_hp_gain":0.0,"max_hp_loss":0.0,"gold_gain":30.0,"event_name":"Dead Adventurer","player_choice":"Searched \u00272\u0027 times","floor":15.0,"gold_loss":0.0,"damage_taken":0.0},{"damage_healed":0.0,"max_hp_gain":0.0,"max_hp_loss":0.0,"gold_gain":0.0,"event_name":"WeMeetAgain","player_choice":"Gave Potion","floor":25.0,"gold_loss":0.0,"damage_taken":0.0,"relics_obtained":["Dream Catcher"]},{"damage_healed":0.0,"max_hp_gain":0.0,"max_hp_loss":0.0,"gold_gain":0.0,"event_name":"The Woman in Blue","player_choice":"Bought 0 Potions","floor":34.0,"gold_loss":0.0,"damage_taken":0.0},{"damage_healed":0.0,"max_hp_gain":0.0,"max_hp_loss":0.0,"gold_gain":0.0,"event_name":"MindBloom","player_choice":"Fight","floor":44.0,"gold_loss":0.0,"damage_taken":0.0},{"damage_healed":0.0,"max_hp_gain":0.0,"max_hp_loss":0.0,"gold_gain":0.0,"event_name":"SecretPortal","player_choice":"Ignored","floor":46.0,"gold_loss":0.0,"damage_taken":0.0},{"damage_healed":0.0,"max_hp_gain":0.0,"max_hp_loss":0.0,"gold_gain":0.0,"event_name":"OrinTheCat","player_choice":"Fight","floor":48.0,"gold_loss":0.0,"damage_taken":0.0},{"damage_healed":0.0,"max_hp_gain":0.0,"max_hp_loss":0.0,"gold_gain":0.0,"event_name":"OrinTheCat","player_choice":"Fight","floor":48.0,"gold_loss":0.0,"damage_taken":0.0}],"is_beta":false,"boss_relics":[{"not_picked":["REME_DuelDisc","Snecko Eye"],"picked":"Coffee Dripper"},{"not_picked":["BewitchedHakkero","REME_ChargedStone"],"picked":"Runic Pyramid"}],"items_purged_floors":[21,27,32,50],"is_endless":false,"potions_floor_spawned":[4,10,14,17,19,22,24,28,37,41,45,48,51,52,59,60],"ascension_level":6}}