{"host":"mzgsj1kjwdeaug4a","time":1614440789,"event":{"mods":["Act Like it!","BaseMod","CapriCore","Card Forge","Colored Powertips","Decade(王小明)","Gensokyo","HololiveMod","KinomotoSakuraMod(木之本?)","Koishi","LagranYue(拉格朗·月)","Marisa（霧雨　魔理沙）","Minty Spire (QoL Compilation)","Prisma Mod","Reimu（博???）","Remilia（蕾米莉?）","RumiaBox-露米?的神秘盒子","Shop Mod","StSLib","Td1madao Mod","The Administrix","The Animator","The Immortal","The Senshi","The Servant 0.9.4","WarShipGirlsR/??少女R mod","Yakumo Yukari mod","Youmu（魂魄妖?）","Yuyuko","篝火指南"],"gold_per_floor":[80,96,96,682,702,702,731,743,812,812,832,832,854,894,616,777,777,803,825,623,623,623,656,523,523,570,133,154,197,209,219,137,312,312,331,331,392,392,22,96,181,133,133,73,103,156,380,410,422,632,644,656,1,39,57],"floor_reached":56,"language":"ZHS","playtime":7167,"items_purged":[],"score":1539,"play_id":"7988dc9a-726c-4f07-8a8b-9ce14bf59450","local_time":"20210227234629","is_ascension_mode":false,"campfire_choices":[{"floor":6.0,"key":"RECALL"},{"data":"Gensokyo:UnlikelyAid","floor":52,"key":"SMITH"}],"circlet_count":0,"master_deck":["Hololive_Strike+1","Hololive_Strike+1","Hololive_Defend+1","Hololive_Defend+1","Hololive_Sequa+1","Hololive_CallInugamiKorone+1","Hololive_CallUsadaPekora+1","Hololive_CallRoboco+1","Hololive_CallAkaiHaato+1","Hololive_CallTokinoSora+1","Hololive_CallUsadaPekora+1","Hololive_CallShiroganeNoel+1","Hololive_CallNatsuiroMatsuri+1","Hololive_Thief+1","Hololive_StrengthChampion+5","Hololive_CallSpadeEcho+1","Hololive_RevenueBasedLive+1","Hololive_DDD+1","Hololive_CallTsunomakiWatame+1","Hololive_CallMomosuzuNene+12","Hololive_CallNekomataOkayu+1","Hololive_DurableLive+1","Hololive_CallYozoraMel+1","Hololive_HuntDinosaur+1","Hololive_DiamondStrike+1","Hololive_CallSakuraMiko+1","Hololive_CallFriendA+1","Hololive_RevenueBasedLive+1","Reinforced Body+1","Hololive_AWSL","Hololive_CallMinatoAqua+1","Hololive_Yoholoon+1","Hololive_CallKiryuuCoco+1","Hololive_CallOkamiMio+1","Hololive_Yoholoon+1","Hololive_CallMoonaHoshinova+1","Hololive_Thief+1","Hololive_CallNakiriAyame+1","Gensokyo:UnlikelyAid+1","Hololive_CallAmaneKanata+1","Hololive_OvertimeWork+1","Hololive_Rebound+1","Hololive_CallMurasakiShion+1","Hololive_LuckPotion+1","Hololive_CallKiryuuCoco+1","Hololive_Psychosis+1","Hololive_CallAiraniIofifteen+1","Hololive_RevenueBasedLive+1","Hololive_FlareMind+1","Hololive_Drill+1","Hololive_CallManoAloe+1","Hololive_CallAyundaRisu+1","Hololive_RevenueBasedLive+1","Hololive_FlareMind","Hololive_CallUsadaPekora","Hololive_ManjiGathering","Hololive_CallOmaruPolka"],"relics":["Hololive_TheStar","Hammer of Thor","Seething Fire","Anvil of the Gods","LagranYue:RandomDrawCardRelic","NeowsBlessing","Happy Flower","RuthlessExorcism:ReiMu","Anchor","SoulBox","Frozen Eye","MerchantsRug","Hololive_FriedShrimpLion","Matryoshka","Bronze Scales","Philosopher\u0027s Stone","Bottled Flame","ChaoDraw"],"acts_visited":["Exordium","Gensokyo:Gensokyo","Gensokyo:Gensokyoer","TheEnding"],"potions_floor_usage":[55,55],"damage_taken":[{"damage":0.0,"enemies":"Gensokyo:2_Kodama","floor":1.0,"turns":1.0},{"damage":0.0,"enemies":"Gensokyo:3_Fairies","floor":2.0,"turns":3.0},{"damage":0.0,"enemies":"Gensokyo:Gryphon","floor":5.0,"turns":1.0},{"damage":0.0,"enemies":"Gensokyo:Mamizou","floor":7.0,"turns":5.0},{"damage":0.0,"enemies":"Gensokyo:Kitsune","floor":8.0,"turns":2.0},{"damage":0.0,"enemies":"Gensokyo:VengefulSpirit","floor":11.0,"turns":3.0},{"damage":0.0,"enemies":"Gensokyo:3_Kodama","floor":13.0,"turns":2.0},{"damage":0.0,"enemies":"Gensokyo:Aya","floor":14.0,"turns":3.0},{"damage":0.0,"enemies":"Gensokyo:Reimu","floor":16.0,"turns":9.0},{"damage":0.0,"enemies":"Gensokyo:CosmicMonolith","floor":18.0,"turns":4.0},{"damage":0.0,"enemies":"Gensokyo:AngelMirror","floor":19.0,"turns":2.0},{"damage":0.0,"enemies":"Gensokyo:Monolith_and_Dog","floor":23.0,"turns":4.0},{"damage":8.0,"enemies":"Gensokyo:Swordslinger","floor":28.0,"turns":4.0},{"damage":23.0,"enemies":"Gensokyo:Koishi","floor":29.0,"turns":7.0},{"damage":0.0,"enemies":"Gensokyo:Slime_Group","floor":30.0,"turns":3.0},{"damage":0.0,"enemies":"Gensokyo:Wraith","floor":31.0,"turns":3.0},{"damage":26.0,"enemies":"Gensokyo:Eternal_Rivals","floor":33.0,"turns":7.0},{"damage":0,"enemies":"Gensokyo:3_Bats","floor":35,"turns":3},{"damage":27,"enemies":"Gensokyo:3_Bats","floor":36,"turns":12},{"damage":0,"enemies":"Gensokyo:3_Boulders","floor":37,"turns":4},{"damage":0,"enemies":"Gensokyo:Kasen","floor":41,"turns":6},{"damage":0,"enemies":"Gensokyo:AtlasGolem","floor":45,"turns":3},{"damage":0,"enemies":"Gensokyo:Doremy","floor":46,"turns":4},{"damage":0,"enemies":"Gensokyo:Dusk_and_Dawn","floor":47,"turns":3},{"damage":0,"enemies":"Gensokyo:SeedOfUnknown","floor":48,"turns":4},{"damage":0,"enemies":"Gensokyo:Yuyuko","floor":50,"turns":6},{"damage":0,"enemies":"Shield and Spear","floor":54,"turns":3},{"damage":71,"enemies":"The Heart","floor":55,"turns":8}],"seed_played":"-8750110232930615656","potions_obtained":[{"floor":5.0,"key":"AttackPotion"},{"floor":7.0,"key":"ZuzhouPotion:ReiMu"},{"floor":11.0,"key":"PowerPotion"},{"floor":16.0,"key":"LiquidMemories"},{"floor":31.0,"key":"SkillPotion"},{"floor":41,"key":"Block Potion"},{"floor":45,"key":"FairyPotion"}],"is_trial":false,"path_per_floor":["M","M","?","$","M","R","E","M","T","?","M","?","M","E","R","B",null,"M","M","$","?","?","M","R","?","T","R","M","E","M","M","R","B",null,"M","?","M","?","COS","R","E","R","T","?","M","E","M","M","R","B",null,"R","$","E","B",null],"character_chosen":"Hololive_HololiveCharacter","items_purchased":["Hololive_CallNatsuiroMatsuri","Hololive_Thief","Happy Flower","Hololive_CallYozoraMel","Hololive_HuntDinosaur","Blood Vial","Hololive_RevenueBasedLive","Frozen Eye","Hololive_CallMinatoAqua","MerchantsRug","Hololive_FriedShrimpLion","Hololive_Yoholoon","Matryoshka","Hololive_CallMoonaHoshinova","Hololive_OvertimeWork","Hololive_Rebound","Hololive_CallMurasakiShion","Bottled Flame","ChaoDraw","Hololive_FlareMind","Energy Potion","Hololive_CallUsadaPekora","Hololive_ManjiGathering"],"campfire_rested":0,"item_purchase_floors":[4,4,4,15,15,15,20,20,24,24,27,27,27,32,40,42,42,53,53,53,53,53,53],"current_hp_per_floor":[35,35,35,35,35,35,35,35,35,30,30,30,30,30,30,32,45,45,45,45,45,45,45,45,45,45,45,38,18,42,45,45,50,50,51,51,52,52,52,52,53,53,53,53,54,55,56,60,60,60,61,61,61,62,30],"gold":57,"neow_bonus":"THREE_ENEMY_KILL","is_daily":false,"chose_seed":false,"campfire_upgraded":1,"win_rate":0.0,"timestamp":1614440789,"path_taken":["M","M","?","$","M","R","E","M","T","?","M","?","?","E","R","BOSS","M","M","$","?","?","M","R","?","T","R","M","E","M","?","R","BOSS","M","?","?","?","COS","R","E","R","T","?","M","E","M","M","R","BOSS","R","$","E","BOSS"],"items_purchased_type":["Card","Card","Relic","Card","Card","Relic","Card","Relic","Card","Relic","Relic","Card","Relic","Card","Card","Card","Card","Relic","Relic","Card","Potion","Card","Card"],"build_version":"2020-12-22","purchased_purges":0,"victory":true,"max_hp_per_floor":[35,35,35,35,35,35,35,35,35,45,45,45,45,45,45,45,45,45,45,45,45,45,45,45,45,45,45,46,47,48,49,49,50,50,51,51,52,52,52,52,53,53,53,53,54,55,56,60,60,61,61,61,61,62,63],"card_choices":[{"not_picked":["Hololive_OvertimeWork","Hololive_Psychosis","Hololive_CallAyundaRisu"],"picked":"Hololive_CallUsadaPekora","floor":1.0},{"not_picked":["Hololive_StrengthChampion","Hololive_CallMomosuzuNene","Hololive_LuckPotion"],"picked":"Hololive_CallShiroganeNoel","floor":2.0},{"not_picked":["Hololive_CocoNews","Hololive_Psychosis","Hololive_CallFriendA"],"picked":"Hololive_StrengthChampion","floor":5.0},{"not_picked":["Hololive_Rebound","Hololive_RevenueBasedLive","Hololive_Trident"],"picked":"Hololive_CallSpadeEcho","floor":7.0},{"not_picked":["Hololive_FlyingPonyTail","Hololive_Sequa","Hololive_Trident"],"picked":"Hololive_RevenueBasedLive","floor":8.0},{"not_picked":["Hololive_Trident","Hololive_Watashimo","Hololive_StrengthChampion"],"picked":"Hololive_DDD","floor":11.0},{"not_picked":["Hololive_RevenueBasedLive","Hololive_CallRoboco","Hololive_CocoNews"],"picked":"Hololive_CallTsunomakiWatame","floor":12.0},{"not_picked":["Hololive_Psychosis","Hololive_CallShiranuiFlare","Hololive_Breathe"],"picked":"Hololive_CallMomosuzuNene","floor":12.0},{"not_picked":["Hololive_RevenueBasedLive","Hololive_LuckPotion","Hololive_Drill"],"picked":"Hololive_CallNekomataOkayu","floor":13.0},{"not_picked":["Hololive_RevenueBasedLive","Hololive_Breathe","Hololive_BeCareful"],"picked":"Hololive_DurableLive","floor":14.0},{"not_picked":["Hololive_Nanodesu","Hololive_DDD","Hololive_DurableLive"],"picked":"Hololive_DiamondStrike","floor":16.0},{"not_picked":["Hololive_OvertimeWork","Hololive_FlyingPonyTail+1","Hololive_CallArtia"],"picked":"Hololive_CallSakuraMiko+1","floor":18.0},{"not_picked":["Hololive_Sequa","Hololive_Rebound","Hololive_StrengthChampion"],"picked":"Hololive_CallFriendA","floor":19.0},{"not_picked":["Hololive_Breathe","Hololive_CallMomosuzuNene+1","Hololive_CallOkamiMio+1"],"picked":"Hololive_AWSL","floor":23.0},{"not_picked":["Hololive_LuckPotion","Hololive_Drill","Hololive_CallTokoyamiTowa"],"picked":"Hololive_CallKiryuuCoco","floor":28.0},{"not_picked":["Hololive_CallYozoraMel","Hololive_SummonFox","Hololive_Drill"],"picked":"Hololive_CallMurasakiShion","floor":29.0},{"not_picked":["Hololive_Rebound","Hololive_Trident","Hololive_Psychosis"],"picked":"Hololive_CallOkamiMio+1","floor":30.0},{"not_picked":["Hololive_HuntDinosaur","Hololive_StrengthChampion","Hololive_OvertimeWork"],"picked":"Hololive_Yoholoon","floor":31.0},{"not_picked":["Hololive_HighAtkLowDef","Hololive_Recruit","Hololive_ASMR"],"picked":"Hololive_Thief","floor":33.0},{"not_picked":["Hololive_Drill","Hololive_Psychosis","Hololive_CallMinatoAqua"],"picked":"Hololive_CallNakiriAyame+1","floor":35},{"not_picked":["Gensokyo:DreamlikeParadise","Gensokyo:HouraiInAPot"],"picked":"Gensokyo:UnlikelyAid","floor":36},{"not_picked":["Hololive_Rebound","Hololive_Trident","Hololive_CallUsadaPekora+1"],"picked":"Hololive_CallAmaneKanata+1","floor":37},{"not_picked":["Reverse The Screen","TightArray:ReiMu+1","theSenshi:LunaWiseMentor","Mountainwind:ReiMu"],"picked":"SKIP","floor":41},{"not_picked":[],"picked":"Hololive_LuckPotion","floor":44},{"not_picked":[],"picked":"Hololive_CallKiryuuCoco","floor":44},{"not_picked":[],"picked":"Hololive_Psychosis","floor":44},{"not_picked":[],"picked":"Hololive_CallAiraniIofifteen","floor":44},{"not_picked":[],"picked":"Hololive_RevenueBasedLive","floor":44},{"not_picked":[],"picked":"Hololive_FlareMind","floor":44},{"not_picked":["Hololive_HuntDinosaur","Hololive_CallKiryuuCoco+1","Hololive_Rebound+1"],"picked":"Hololive_Drill+1","floor":45},{"not_picked":["Hololive_StrengthChampion","Hololive_CallTokinoSora+1","Hololive_CallMurasakiShion+1"],"picked":"Hololive_CallManoAloe+1","floor":46},{"not_picked":["Hololive_StarCraft","Hololive_CandyCastle+1","Hololive_Teleport+1"],"picked":"Hololive_CallAyundaRisu+1","floor":47},{"not_picked":["Hololive_HuntDinosaur+1","Hololive_CallRoboco","Hololive_Rebound+1"],"picked":"Hololive_RevenueBasedLive","floor":48},{"not_picked":["Hololive_BringToTrial","Hololive_CocoNews+1","Hololive_DDD"],"picked":"Hololive_CallOmaruPolka","floor":54}],"player_experience":81678,"relics_obtained":[{"floor":7.0,"key":"RuthlessExorcism:ReiMu"},{"floor":14.0,"key":"Anchor"},{"floor":26.0,"key":"Bag of Marbles"},{"floor":29.0,"key":"Bronze Scales"},{"floor":41,"key":"Oddly Smooth Stone"},{"floor":43,"key":"Pen Nib"},{"floor":46,"key":"MawBank"}],"event_choices":[],"is_beta":false,"boss_relics":[{"not_picked":["SlaversCollar","Snecko Eye"],"picked":"SoulBox"},{"not_picked":["Calling Bell","EasyGame_NEW"],"picked":"Philosopher\u0027s Stone"}],"items_purged_floors":[],"is_endless":false,"potions_floor_spawned":[5,7,11,13,16,18,19,31,35,41,45],"ascension_level":0}}