{"host":"1ot21gvocus9hpzo","time":1614435434,"event":{"mods":["BaseMod","Colored Map","Colored Powertips","Infinite Spire","Minty Spire (QoL Compilation)","StSLib"],"gold_per_floor":[109,123,123,48,62,62,62,73,73,99,149,199,199,214,214,287,287,307,357,371,421,421,421,452,452,477,477,627,644,143,193,193,275,275,304,329,53,75,234,275,325,325,357,396,458,540,574,636,648,746,857,928,963,994,823,875,891,891,898,898,907,907,963,963,970,999,999,1064,1064,1078,697,691,759,859,859,909,874,874,924,933,941,941,945,945,1000,1000,1007,1066,1073,1073,1123,1136,1132,1141,1210,953,953,955,955,957,957,1004,1032,1041,1041,730,754,715,715],"floor_reached":108,"language":"ENG","playtime":4484,"items_purged":["Strike_G","Clumsy","Strike_G","infinitespire:Pacifist","Strike_G","Clumsy","Defend_G","Survivor"],"score":5593,"play_id":"af00ae2c-7f6d-4805-80e0-c54637436107","local_time":"20210227061714","is_ascension_mode":true,"campfire_choices":[{"data":"Deadly Poison","floor":6.0,"key":"SMITH"},{"floor":13.0,"key":"REST"},{"data":"Caltrops","floor":15.0,"key":"SMITH"},{"data":"infinitespire:Neurotoxin","floor":23.0,"key":"SMITH"},{"floor":25.0,"key":"REST"},{"data":"Deadly Poison","floor":27.0,"key":"SMITH"},{"floor":32.0,"key":"REST"},{"data":"Catalyst","floor":42,"key":"SMITH"},{"data":"Crippling Poison","floor":49,"key":"SMITH"},{"data":"Footwork","floor":58,"key":"SMITH"},{"floor":60,"key":"REST"},{"data":"A Thousand Cuts","floor":62,"key":"SMITH"},{"floor":64,"key":"REST"},{"data":"Accuracy","floor":67,"key":"SMITH"},{"data":"infinitespire:UltimateForm","floor":75,"key":"SMITH"},{"data":"Bullet Time","floor":82,"key":"SMITH"},{"floor":84,"key":"REST"},{"data":"Leg Sweep","floor":97,"key":"SMITH"},{"data":"Leg Sweep","floor":99,"key":"SMITH"},{"data":"Noxious Fumes","floor":101,"key":"SMITH"},{"data":"Noxious Fumes","floor":105,"key":"SMITH"}],"circlet_count":0,"master_deck":["AscendersBane","Neutralize+1","Deadly Poison+1","Deadly Poison+1","Venomology","Caltrops+1","infinitespire:SevenWalls+1","infinitespire:Neurotoxin+1","Crippling Poison+1","Bullet Time+1","Backstab+1","Dodge and Roll","Corpse Explosion+1","Deflect+1","infinitespire:SevenWalls+1","Catalyst+1","Slice+1","Madness","Madness","After Image","A Thousand Cuts+1","Deadly Poison+1","Accuracy+1","Leg Sweep+1","Footwork+1","Dodge and Roll","Leg Sweep+1","Cloak And Dagger+1","infinitespire:UltimateForm+1","Noxious Fumes+1","Leg Sweep+1","Noxious Fumes+1","Infinite Blades","Blur+1","Dodge and Roll+1","Burst+1","Backflip+1","Predator+1","Flying Knee+1","Backflip+1","Adrenaline+1","The Bomb+1","Blade Dance+1","Adrenaline+1","Night Terror+1","Bullet Time+1","Choke+1","Terror+1","Cloak And Dagger+1"],"relics":["Ring of the Snake","SsserpentHead","Juzu Bracelet","Mummified Hand","SacredBark","Cursed Key","Smiling Mask","CeramicFish","WingedGreaves","infinitespire:FocusingShard","Membership Card","Pantograph","infinitespire:EmpoweringShard","Runic Pyramid","Mercury Hourglass","Du-Vu Doll","infinitespire:Midas Blood","MawBank","Tiny House","TwistedFunnel","Molten Egg 2","HornCleat","Paper Crane","Toxic Egg 2","SlaversCollar","infinitespire:ShieldingShard","Medical Kit","Anchor","Omamori","InkBottle","HoveringKite","Ancient Tea Set","Toy Ornithopter","Cauldron","Bottled Lightning","Happy Flower","infinitespire:Beetle Shell","Bottled Flame","Pandora\u0027s Box","Question Card","TheAbacus","Nunchaku"],"acts_visited":["Exordium","TheCity","TheBeyond","Exordium","TheCity","TheBeyond","TheEnding"],"potions_floor_usage":[40,40,50,51,59,66,68,68,72,72,83,85,85,90,92,94,98,102,102,102,103,108,108,108],"damage_taken":[{"damage":1.0,"enemies":"2 Louse","floor":1.0,"turns":5.0},{"damage":3.0,"enemies":"Small Slimes","floor":2.0,"turns":4.0},{"damage":5.0,"enemies":"infinitespire:Voidling","floor":5.0,"turns":5.0},{"damage":1.0,"enemies":"2 Fungi Beasts","floor":8.0,"turns":5.0},{"damage":15.0,"enemies":"Lagavulin","floor":10.0,"turns":7.0},{"damage":6.0,"enemies":"Blue Slaver","floor":14.0,"turns":3.0},{"damage":11.0,"enemies":"Hexaghost","floor":16.0,"turns":9.0},{"damage":6.0,"enemies":"Chosen","floor":18.0,"turns":5.0},{"damage":12.0,"enemies":"2 Thieves","floor":20.0,"turns":4.0},{"damage":25.0,"enemies":"Book of Stabbing","floor":24.0,"turns":6.0},{"damage":0.0,"enemies":"Colosseum Slavers","floor":28.0,"turns":4.0},{"damage":5.0,"enemies":"Colosseum Nobs","floor":28.0,"turns":4.0},{"damage":23.0,"enemies":"Snake Plant","floor":29.0,"turns":3.0},{"damage":38.0,"enemies":"Collector","floor":33.0,"turns":7.0},{"damage":0.0,"enemies":"Orb Walker","floor":35.0,"turns":2.0},{"damage":0.0,"enemies":"3 Shapes","floor":36.0,"turns":3.0},{"damage":0.0,"enemies":"Maw","floor":38.0,"turns":6.0},{"damage":0.0,"enemies":"infinitespire:Three Voidlings","floor":39.0,"turns":4.0},{"damage":8.0,"enemies":"Nightmare_Alpha","floor":39.0,"turns":9.0},{"damage":17,"enemies":"Nightmare","floor":40,"turns":6},{"damage":0,"enemies":"Jaw Worm Horde","floor":44,"turns":2},{"damage":14,"enemies":"Spire Growth","floor":47,"turns":3},{"damage":21,"enemies":"infinitespire:MassOfShapes","floor":50,"turns":8},{"damage":40,"enemies":"Time Eater","floor":51,"turns":10},{"damage":0,"enemies":"Cultist","floor":53,"turns":1},{"damage":0,"enemies":"Jaw Worm","floor":54,"turns":1},{"damage":0,"enemies":"Small Slimes","floor":57,"turns":1},{"damage":98,"enemies":"Nightmare","floor":59,"turns":7},{"damage":0,"enemies":"Exordium Thugs","floor":65,"turns":1},{"damage":0,"enemies":"Lagavulin","floor":66,"turns":3},{"damage":0,"enemies":"The Guardian","floor":68,"turns":4},{"damage":22,"enemies":"2 Thieves","floor":70,"turns":3},{"damage":0,"enemies":"Spheric Guardian","floor":72,"turns":3},{"damage":0,"enemies":"Centurion and Healer","floor":80,"turns":3},{"damage":0,"enemies":"Chosen and Byrds","floor":81,"turns":2},{"damage":14,"enemies":"Snecko","floor":83,"turns":4},{"damage":2,"enemies":"Automaton","floor":85,"turns":5},{"damage":0,"enemies":"3 Darklings","floor":87,"turns":3},{"damage":0,"enemies":"Orb Walker","floor":89,"turns":3},{"damage":0,"enemies":"Transient","floor":90,"turns":3},{"damage":0,"enemies":"Reptomancer","floor":92,"turns":4},{"damage":0,"enemies":"Maw","floor":93,"turns":5},{"damage":0,"enemies":"Nemesis","floor":98,"turns":5},{"damage":0,"enemies":"Sphere and 2 Shapes","floor":100,"turns":4},{"damage":1,"enemies":"Donu and Deca","floor":102,"turns":5},{"damage":36,"enemies":"Awakened One","floor":103,"turns":8},{"damage":0,"enemies":"Shield and Spear","floor":107,"turns":2},{"damage":95,"enemies":"The Heart","floor":108,"turns":5}],"seed_played":"-572412771820910491","potions_obtained":[{"floor":5.0,"key":"DuplicationPotion"},{"floor":14.0,"key":"SteroidPotion"},{"floor":16.0,"key":"LiquidMemories"},{"floor":18.0,"key":"EntropicBrew"},{"floor":36.0,"key":"Block Potion"},{"floor":39,"key":"Strength Potion"},{"floor":44,"key":"Swift Potion"},{"floor":52,"key":"GamblersBrew"},{"floor":54,"key":"EssenceOfSteel"},{"floor":59,"key":"Regen Potion"},{"floor":80,"key":"EssenceOfSteel"},{"floor":89,"key":"CunningPotion"},{"floor":92,"key":"DuplicationPotion"},{"floor":94,"key":"Fruit Juice"},{"floor":94,"key":"DuplicationPotion"},{"floor":102,"key":"Weak Potion"},{"floor":103,"key":"AttackPotion"}],"is_trial":false,"path_per_floor":["M","M","?","$","M","R","?","M","T","E","?","?","R","M","R","B",null,"M","?","M","?","AVR","R","E","R","T","R","?","M","$","?","R","B",null,"M","M","$","M","?","NM","?","R","T","M","?","?","M","?","R","B","B",null,"M","M","$","?","M","R","NM","R","T","R","?","R","M","E","R","B",null,"M","$","M","?","?","R","?","?","T","?","M","M","R","M","R","B",null,"M","?","M","M","?","E","M","AVR","T","$","R","E","R","M","R","B","B",null,"R","$","E","B"],"character_chosen":"THE_SILENT","items_purchased":["Membership Card","Pantograph","infinitespire:EmpoweringShard","Corpse Explosion","Heel Hook","Mercury Hourglass","Footwork","TwistedFunnel","Dodge and Roll","infinitespire:ShieldingShard","Medical Kit","Anchor","Leg Sweep+1","Happy Flower","infinitespire:Beetle Shell","The Bomb+1","Question Card","TheAbacus","Choke+1","Terror+1"],"campfire_rested":6,"item_purchase_floors":[30,30,30,37,37,37,55,55,55,71,71,71,71,96,96,96,106,106,106,106],"current_hp_per_floor":[58,55,48,48,48,48,48,47,47,32,16,21,42,36,36,25,60,54,54,42,42,42,42,17,38,38,38,33,10,10,10,31,18,58,58,58,58,58,59,42,42,42,42,42,42,29,15,58,58,37,18,53,53,53,53,46,46,46,13,31,31,31,13,31,31,58,58,63,63,41,41,41,41,41,41,41,41,41,41,41,41,41,27,45,61,63,63,63,63,63,63,63,63,73,73,73,73,73,73,73,73,72,37,64,64,64,64,0,0],"gold":715,"neow_bonus":"UPGRADE_CARD","is_daily":false,"chose_seed":false,"campfire_upgraded":15,"win_rate":0.0,"timestamp":1614435434,"path_taken":["M","M","?","$","M","R","?","M","T","E","?","?","R","M","R","BOSS","M","?","M","?","AVR","R","E","R","T","R","?","M","$","?","R","BOSS","M","M","$","M","?","NM","?","R","T","M","?","?","M","?","R","BOSS","BOSS","M","M","$","?","M","R","NM","R","T","R","?","R","M","E","R","BOSS","M","$","M","?","?","R","?","?","T","?","M","M","R","M","R","BOSS","M","?","M","M","?","E","M","AVR","T","?","R","E","R","M","R","BOSS","BOSS","R","$","E","BOSS"],"items_purchased_type":["Relic","Relic","Relic","Card","Card","Relic","Card","Relic","Card","Relic","Relic","Relic","Card","Relic","Relic","Card","Relic","Relic","Card","Card"],"build_version":"2020-12-22","purchased_purges":8,"victory":false,"max_hp_per_floor":[66,66,66,66,66,66,66,66,66,66,66,71,71,71,71,71,71,71,71,71,71,71,71,71,71,71,71,71,71,71,71,71,71,71,71,71,71,71,71,71,71,71,71,71,71,71,71,58,58,58,58,63,63,63,63,63,63,63,63,63,63,63,63,63,63,63,63,63,63,63,63,63,63,63,63,63,63,63,63,63,63,63,63,63,63,63,63,63,63,63,63,63,63,73,73,73,73,73,73,73,73,73,73,73,73,73,73,73,73],"card_choices":[{"not_picked":["Acrobatics","Backflip","Dagger Spray"],"picked":"SKIP","floor":1.0},{"not_picked":["Terror","Crippling Poison"],"picked":"Deadly Poison","floor":2.0},{"not_picked":["Cloak And Dagger","Sucker Punch"],"picked":"Deadly Poison","floor":5.0},{"not_picked":["Underhanded Strike","Quick Slash"],"picked":"Venomology","floor":8.0},{"not_picked":["Distraction","Outmaneuver"],"picked":"Caltrops","floor":10.0},{"not_picked":["infinitespire:UltimateForm","infinitespire:FutureSight"],"picked":"infinitespire:SevenWalls","floor":11.0},{"not_picked":["Slice","Poisoned Stab","Cloak And Dagger"],"picked":"SKIP","floor":14.0},{"not_picked":["A Thousand Cuts","Glass Knife"],"picked":"infinitespire:Neurotoxin","floor":16.0},{"not_picked":["Eviscerate","Dagger Spray","Blade Dance"],"picked":"SKIP","floor":18.0},{"not_picked":["Quick Slash","Slice"],"picked":"Crippling Poison","floor":20.0},{"not_picked":["Setup","Poisoned Stab","Acrobatics+1"],"picked":"SKIP","floor":24.0},{"not_picked":["Dagger Throw","Dagger Spray","Expertise"],"picked":"SKIP","floor":29.0},{"not_picked":["infinitespire:Neurotoxin","A Thousand Cuts"],"picked":"Bullet Time","floor":33.0},{"not_picked":["Dodge and Roll","Terror"],"picked":"Backstab+1","floor":35.0},{"not_picked":["Underhanded Strike+1","PiercingWail"],"picked":"Dodge and Roll","floor":36.0},{"not_picked":["Tactician","Bane"],"picked":"Deflect+1","floor":38.0},{"not_picked":["infinitespire:Execution","infinitespire:TheBestDefense"],"picked":"infinitespire:SevenWalls","floor":39},{"not_picked":["Sucker Punch","Dagger Throw"],"picked":"Catalyst","floor":40},{"not_picked":["Setup","Backstab","Slice+1"],"picked":"SKIP","floor":44},{"not_picked":["Setup","Backstab"],"picked":"Slice+1","floor":44},{"not_picked":["PiercingWail+1","Skewer","Dagger Throw+1"],"picked":"SKIP","floor":47},{"not_picked":["Envenom","infinitespire:Neurotoxin"],"picked":"After Image","floor":50},{"not_picked":["Tools of the Trade","infinitespire:Neurotoxin"],"picked":"A Thousand Cuts","floor":51},{"not_picked":["Flying Knee","Acrobatics+1"],"picked":"Deadly Poison+1","floor":52},{"not_picked":["Cloak And Dagger","Dagger Throw"],"picked":"Accuracy","floor":53},{"not_picked":["Distraction","Slice"],"picked":"Leg Sweep","floor":54},{"not_picked":["Calculated Gamble","Flying Knee"],"picked":"Leg Sweep","floor":57},{"not_picked":["Dagger Throw+1","Quick Slash+1","Reflex"],"picked":"SKIP","floor":59},{"not_picked":["Masterful Stab+1","PiercingWail","Quick Slash+1"],"picked":"SKIP","floor":65},{"not_picked":["Corpse Explosion+1","Dagger Spray+1"],"picked":"Cloak And Dagger+1","floor":66},{"not_picked":["infinitespire:DeathsTouch","infinitespire:Oblivion"],"picked":"infinitespire:UltimateForm","floor":68},{"not_picked":["Bane+1","Underhanded Strike+1"],"picked":"Noxious Fumes","floor":70},{"not_picked":["Accuracy","Predator+1","Dagger Throw+1"],"picked":"SKIP","floor":72},{"not_picked":["Quick Slash+1","Prepared+1"],"picked":"Blur+1","floor":80},{"not_picked":["Dagger Throw+1","Heel Hook+1","Underhanded Strike+1"],"picked":"SKIP","floor":81},{"not_picked":["Heel Hook+1","Acrobatics+1"],"picked":"Dodge and Roll+1","floor":83},{"not_picked":["A Thousand Cuts","Die Die Die+1"],"picked":"Burst+1","floor":85},{"not_picked":["Blade Dance+1","Dagger Spray+1"],"picked":"Backflip+1","floor":87},{"not_picked":["Slice+1","All Out Attack+1"],"picked":"Flying Knee+1","floor":89},{"not_picked":["Noxious Fumes","Prepared+1","Quick Slash+1"],"picked":"SKIP","floor":90},{"not_picked":["Bane+1","Sucker Punch+1"],"picked":"Backflip+1","floor":92},{"not_picked":["All Out Attack+1","Skewer+1"],"picked":"Adrenaline+1","floor":93},{"not_picked":["PiercingWail+1","Skewer+1","Calculated Gamble+1"],"picked":"SKIP","floor":98},{"not_picked":["Poisoned Stab+1","Crippling Poison+1"],"picked":"Blade Dance+1","floor":100},{"not_picked":["Malaise+1","Corpse Explosion+1"],"picked":"Adrenaline+1","floor":102},{"not_picked":["A Thousand Cuts","Unload+1"],"picked":"Night Terror+1","floor":103},{"not_picked":["Distraction+1","Backflip+1","PiercingWail+1"],"picked":"Cloak And Dagger+1","floor":107}],"player_experience":3879777,"relics_obtained":[{"floor":9.0,"key":"Juzu Bracelet"},{"floor":10.0,"key":"Mummified Hand"},{"floor":24.0,"key":"Smiling Mask"},{"floor":26.0,"key":"CeramicFish"},{"floor":28.0,"key":"WingedGreaves"},{"floor":28.0,"key":"infinitespire:FocusingShard"},{"floor":39,"key":"Du-Vu Doll"},{"floor":40,"key":"infinitespire:Midas Blood"},{"floor":43,"key":"MawBank"},{"floor":59,"key":"Molten Egg 2"},{"floor":61,"key":"HornCleat"},{"floor":66,"key":"Toxic Egg 2"},{"floor":78,"key":"InkBottle"},{"floor":92,"key":"Toy Ornithopter"},{"floor":95,"key":"Bottled Lightning"},{"floor":98,"key":"Bottled Flame"},{"floor":107,"key":"Nunchaku"}],"event_choices":[{"cards_removed":["Strike_G"],"damage_healed":0.0,"max_hp_gain":0.0,"max_hp_loss":0.0,"gold_gain":0.0,"event_name":"Golden Wing","player_choice":"Card Removal","floor":3.0,"gold_loss":0.0,"damage_taken":7.0},{"damage_healed":0.0,"max_hp_gain":0.0,"max_hp_loss":0.0,"gold_gain":0.0,"event_name":"FaceTrader","player_choice":"Trade","floor":7.0,"gold_loss":0.0,"damage_taken":0.0,"relics_obtained":["SsserpentHead"]},{"damage_healed":0.0,"max_hp_gain":5.0,"max_hp_loss":0.0,"gold_gain":0.0,"event_name":"Big Fish","player_choice":"Donut","floor":12.0,"gold_loss":0.0,"damage_taken":0.0},{"cards_removed":["Defend_G"],"damage_healed":0.0,"max_hp_gain":0.0,"max_hp_loss":0.0,"gold_gain":0.0,"event_name":"Bonfire Elementals","player_choice":"Offered Basic","floor":19.0,"gold_loss":0.0,"damage_taken":0.0},{"damage_healed":0.0,"max_hp_gain":0.0,"max_hp_loss":0.0,"gold_gain":0.0,"event_name":"Cursed Tome","player_choice":"Ignored","floor":21.0,"gold_loss":0.0,"damage_taken":0.0},{"damage_healed":0.0,"max_hp_gain":0.0,"max_hp_loss":0.0,"gold_gain":0.0,"event_name":"Colosseum","player_choice":"Fight","floor":28.0,"gold_loss":0.0,"damage_taken":0.0},{"damage_healed":0.0,"max_hp_gain":0.0,"max_hp_loss":0.0,"gold_gain":0.0,"event_name":"Colosseum","player_choice":"Fought Nobs","floor":28.0,"gold_loss":0.0,"damage_taken":0.0},{"damage_healed":0.0,"max_hp_gain":0.0,"max_hp_loss":0.0,"gold_gain":0.0,"event_name":"Upgrade Shrine","player_choice":"Upgraded","floor":31.0,"gold_loss":0.0,"damage_taken":0.0,"cards_upgraded":["infinitespire:SevenWalls"]},{"damage_healed":0,"gold_gain":0,"player_choice":"Upgraded","damage_taken":0,"max_hp_gain":0,"max_hp_loss":0,"event_name":"Upgrade Shrine","floor":39,"gold_loss":0,"cards_upgraded":["infinitespire:SevenWalls"]},{"damage_healed":0,"gold_gain":0,"player_choice":"Memory 1","damage_taken":0,"max_hp_gain":0,"max_hp_loss":0,"event_name":"SensoryStone","floor":41,"gold_loss":0},{"damage_healed":0,"gold_gain":0,"player_choice":"Ignored","damage_taken":0,"max_hp_gain":0,"max_hp_loss":0,"event_name":"Tomb of Lord Red Mask","floor":45,"gold_loss":0},{"damage_healed":0,"gold_gain":0,"player_choice":"Embrace Madness","damage_taken":13,"max_hp_gain":0,"max_hp_loss":0,"event_name":"Winding Halls","floor":46,"gold_loss":0,"cards_obtained":["Madness","Madness"]},{"damage_healed":58,"gold_gain":0,"player_choice":"Heal","damage_taken":0,"max_hp_gain":0,"max_hp_loss":13,"event_name":"The Moai Head","floor":48,"gold_loss":0},{"cards_removed":["Strike_G"],"damage_healed":0,"gold_gain":0,"player_choice":"Card Removal","damage_taken":7,"max_hp_gain":0,"max_hp_loss":0,"event_name":"Golden Wing","floor":56,"gold_loss":0},{"damage_healed":0,"gold_gain":0,"player_choice":"Success","damage_taken":18,"relics_obtained":["Paper Crane"],"max_hp_gain":0,"max_hp_loss":0,"event_name":"Scrap Ooze","floor":63,"gold_loss":0},{"damage_healed":0,"gold_gain":0,"cards_transformed":["Heel Hook","Defend_G"],"player_choice":"Became Test Subject","damage_taken":0,"max_hp_gain":0,"max_hp_loss":0,"event_name":"Drug Dealer","floor":73,"gold_loss":0,"cards_obtained":["Noxious Fumes","Infinite Blades"]},{"damage_healed":0,"gold_gain":50,"player_choice":"Stole From Cult","damage_taken":0,"max_hp_gain":0,"max_hp_loss":0,"event_name":"Nest","floor":74,"gold_loss":0},{"damage_healed":0,"gold_gain":0,"player_choice":"Ignored","damage_taken":0,"max_hp_gain":0,"max_hp_loss":0,"event_name":"Vampires","floor":76,"gold_loss":0},{"damage_healed":0,"gold_gain":0,"player_choice":"Obtained Relic","damage_taken":0,"relics_obtained":["Omamori"],"max_hp_gain":0,"max_hp_loss":0,"event_name":"Addict","floor":77,"gold_loss":85},{"damage_healed":0,"gold_gain":0,"player_choice":"Ignored","damage_taken":0,"max_hp_gain":0,"max_hp_loss":0,"event_name":"Ghosts","floor":79,"gold_loss":0},{"damage_healed":0,"gold_gain":0,"cards_transformed":["Defend_G"],"player_choice":"Transformed","damage_taken":0,"max_hp_gain":0,"max_hp_loss":0,"event_name":"Transmorgrifier","floor":88,"gold_loss":0,"cards_obtained":["Predator"]},{"damage_healed":0,"gold_gain":0,"player_choice":"Gave Potion","damage_taken":0,"relics_obtained":["Ancient Tea Set"],"max_hp_gain":0,"max_hp_loss":0,"event_name":"WeMeetAgain","floor":91,"gold_loss":0}],"is_beta":false,"boss_relics":[{"not_picked":["Black Star","Busted Crown"],"picked":"SacredBark"},{"not_picked":["Ring of the Serpent","Coffee Dripper"],"picked":"Runic Pyramid"},{"not_picked":["Philosopher\u0027s Stone","Sozu"],"picked":"Tiny House"},{"not_picked":["WristBlade","Snecko Eye"],"picked":"SlaversCollar"},{"not_picked":["Runic Dome","Busted Crown"],"picked":"HoveringKite"},{"not_picked":["infinitespire:Cupcake","Sozu"],"picked":"Pandora\u0027s Box"}],"items_purged_floors":[4,30,37,55,71,94,96,106],"is_endless":true,"potions_floor_spawned":[5,14,16,18,28,33,36,38,39,44,54,59,65,70,80,89,92,98,100,102,103,107],"killed_by":"The Heart","ascension_level":20}}