{"host":"k73jsiy5lznhl6mk","time":1614402224,"event":{"mods":["BaseMod","Colored Map","Colored Powertips","Highlight Path","Infinite Spire","Ironclad Rager","Minty Spire (QoL Compilation)","Retaliation","Spicy Shops","StSLib","The Blue Laboratory","The Jungle","Uncapped"],"gold_per_floor":[114,114,129,149,149,166,166,180,203,378,407,407,440,440,440,566,566,581,581,581,599,599,599],"floor_reached":22,"language":"ENG","playtime":1228,"items_purged":["Doubt"],"score":194,"play_id":"5bfdf9a4-9991-4641-9562-2e01c0dcd372","local_time":"20210226210344","is_ascension_mode":false,"campfire_choices":[{"data":"Carnage","floor":7,"key":"SMITH"},{"floor":15,"key":"REST"}],"circlet_count":0,"master_deck":["Bash","ICR:RageStrike","ICR:RageStrike","ICR:RageStrike","ICR:RageStrike","ICR:RageStrike","ICR:ShieldBash","ICR:ShieldBash","ICR:ShieldBash","ICR:ShieldBash","DDmod:BurningFumesPowerCard","Carnage+1","Secret Weapon+1","DDmod:SpikeInjectionSkill","Searing Blow","Fire Breathing","Injury","Juggernaut","Double Tap","infinitespire:OneForAll","Decay","infinitespire:Starlight","infinitespire:Oblivion","DDmod:UnstoppableAttack"],"relics":["Burning Blood","Red Skull","infinitespire:Satchel","Ancient Tea Set","Golden Idol","DDmod:StuhbiRelic","DDmod:BarbedSlagRelic","Runic Pyramid","infinitespire:Lychee Nut"],"acts_visited":["Exordium","TheCity"],"potions_floor_usage":[13,13],"damage_taken":[{"damage":2,"enemies":"Small Slimes","floor":1,"turns":4},{"damage":3,"enemies":"2 Louse","floor":3,"turns":3},{"damage":12,"enemies":"Cultist","floor":4,"turns":5},{"damage":5,"enemies":"2 Fungi Beasts","floor":6,"turns":3},{"damage":8,"enemies":"Looter","floor":8,"turns":3},{"damage":46,"enemies":"Lagavulin","floor":11,"turns":7},{"damage":21,"enemies":"3 Sentries","floor":13,"turns":4},{"damage":12,"enemies":"Slime Boss","floor":16,"turns":7},{"damage":22,"enemies":"3 Byrds","floor":18,"turns":4},{"damage":54,"enemies":"2 Thieves","floor":21,"turns":4},{"damage":31,"enemies":"Centurion and Healer","floor":22,"turns":3}],"seed_played":"-6205984904185920097","potions_obtained":[{"floor":1,"key":"Swift Potion"},{"floor":6,"key":"Dexterity Potion"},{"floor":11,"key":"ColorlessPotion"},{"floor":16,"key":"Dexterity Potion"},{"floor":18,"key":"blueLaboratory:CorrosionFlask"}],"is_trial":false,"path_per_floor":["M","?","M","M","?","M","R","M","T","?","E","?","E","?","R","B",null,"M","?","AVR","M","M"],"character_chosen":"IRONCLAD","items_purchased":[],"campfire_rested":1,"item_purchase_floors":[],"current_hp_per_floor":[80,80,80,74,74,75,75,73,73,73,33,33,18,18,42,36,80,64,64,60,25,0,0],"gold":599,"neow_bonus":"IRONCLAD_RAGER","is_daily":false,"chose_seed":false,"campfire_upgraded":1,"win_rate":0.0,"timestamp":1614402224,"path_taken":["M","?","M","M","?","M","R","?","T","?","E","?","E","?","R","BOSS","M","?","AVR","M","?"],"items_purchased_type":[],"build_version":"2020-12-22","purchased_purges":1,"victory":false,"max_hp_per_floor":[80,80,80,80,80,80,80,80,80,80,80,80,80,80,80,80,80,80,80,60,60,60,60],"card_choices":[{"not_picked":["Rupture","Anger"],"picked":"Entrench","floor":1},{"not_picked":["Evolve","Combust"],"picked":"DDmod:BurningFumesPowerCard","floor":3},{"not_picked":["Dark Embrace","DDmod:CallousedSkill"],"picked":"Carnage","floor":4},{"not_picked":["Hemokinesis","DDmod:EasePowerCard"],"picked":"DDmod:SpikeInjectionSkill","floor":6},{"not_picked":["Cleave","Body Slam"],"picked":"Searing Blow","floor":8},{"not_picked":["Iron Wave","Cleave"],"picked":"Fire Breathing","floor":11},{"not_picked":["DDmod:CallousedSkill","Body Slam"],"picked":"Juggernaut","floor":13},{"not_picked":["Exhume","Fiend Fire"],"picked":"Double Tap","floor":16},{"not_picked":["Armaments","Sword Boomerang"],"picked":"infinitespire:OneForAll","floor":18},{"not_picked":["Rampage+1","Armaments"],"picked":"DDmod:UnstoppableAttack","floor":21}],"player_experience":455922,"relics_obtained":[{"floor":2,"key":"Red Skull"},{"floor":9,"key":"infinitespire:Satchel"},{"floor":11,"key":"Ancient Tea Set"},{"floor":13,"key":"DDmod:StuhbiRelic"}],"event_choices":[{"cards_removed":["Entrench"],"damage_healed":0,"gold_gain":0,"player_choice":"Took Card","damage_taken":0,"max_hp_gain":0,"max_hp_loss":0,"event_name":"NoteForYourself","floor":5,"gold_loss":0,"cards_obtained":["Secret Weapon"]},{"damage_healed":0,"gold_gain":175,"player_choice":"AGREE","damage_taken":0,"max_hp_gain":0,"max_hp_loss":0,"event_name":"Liars Game","floor":10,"gold_loss":0,"cards_obtained":["Doubt"]},{"damage_healed":0,"gold_gain":0,"player_choice":"Take Wound","damage_taken":0,"relics_obtained":["Golden Idol"],"max_hp_gain":0,"max_hp_loss":0,"event_name":"Golden Idol","floor":12,"gold_loss":0,"cards_obtained":["Injury"]},{"damage_healed":0,"gold_gain":0,"player_choice":"Cursed","damage_taken":0,"max_hp_gain":0,"max_hp_loss":0,"event_name":"Wheel of Change","floor":19,"gold_loss":0,"cards_obtained":["Decay"]}],"is_beta":false,"boss_relics":[{"not_picked":["Runic Dome","Snecko Eye"],"picked":"Runic Pyramid"}],"items_purged_floors":[20],"is_endless":false,"potions_floor_spawned":[1,6,11,16,18,21],"killed_by":"Centurion and Healer","ascension_level":0}}