{"host":"3sqvgza1l4ip9ny1","time":1614438452,"event":{"mods":["BaseMod","Minty Spire (QoL Compilation)"],"gold_per_floor":[118,132,132,147,3,34,47,47,47],"floor_reached":8,"language":"ENG","playtime":463,"items_purged":[],"score":70,"play_id":"031864ff-9b5e-4b77-a712-45349b3cf847","local_time":"20210227150732","is_ascension_mode":true,"campfire_choices":[],"circlet_count":0,"master_deck":["Strike_G","Strike_G","Strike_G","Strike_G","Strike_G","Defend_G","Defend_G","Defend_G","Defend_G","Defend_G","Survivor","Neutralize","Caltrops","Terror+1","Dodge and Roll","Caltrops","Infinite Blades"],"relics":["Ring of the Snake","NeowsBlessing","DollysMirror","Ancient Tea Set"],"acts_visited":["Exordium"],"potions_floor_usage":[8,8],"damage_taken":[{"damage":0,"enemies":"Cultist","floor":1,"turns":1},{"damage":0,"enemies":"Jaw Worm","floor":2,"turns":1},{"damage":0,"enemies":"Small Slimes","floor":4,"turns":1},{"damage":39,"enemies":"3 Sentries","floor":6,"turns":9},{"damage":5,"enemies":"Blue Slaver","floor":7,"turns":5},{"damage":29,"enemies":"Gremlin Nob","floor":8,"turns":3}],"seed_played":"4323927795482562288","potions_obtained":[{"floor":1,"key":"SteroidPotion"},{"floor":7,"key":"Energy Potion"}],"is_trial":false,"path_per_floor":["M","M","?","M","$","E","M","E"],"character_chosen":"THE_SILENT","items_purchased":["DollysMirror"],"campfire_rested":0,"item_purchase_floors":[5],"current_hp_per_floor":[70,70,70,70,70,31,26,0,0],"gold":47,"neow_bonus":"THREE_ENEMY_KILL","is_daily":false,"chose_seed":false,"campfire_upgraded":0,"win_rate":0.0,"timestamp":1614438452,"path_taken":["M","M","?","?","?","E","M","E"],"items_purchased_type":["Relic"],"build_version":"2020-12-22","purchased_purges":0,"victory":false,"max_hp_per_floor":[70,70,70,70,70,70,70,70,70],"card_choices":[{"not_picked":["Flechettes","Bane"],"picked":"Caltrops","floor":1},{"not_picked":["Poisoned Stab","Choke"],"picked":"Terror","floor":2},{"not_picked":["Deflect","Sucker Punch"],"picked":"Dodge and Roll","floor":4},{"not_picked":["Dash","Acrobatics"],"picked":"Infinite Blades","floor":6},{"not_picked":["Sucker Punch","Bane","Poisoned Stab"],"picked":"SKIP","floor":7}],"player_experience":253632,"relics_obtained":[{"floor":6,"key":"Ancient Tea Set"}],"event_choices":[{"damage_healed":0,"gold_gain":0,"player_choice":"Upgraded","damage_taken":0,"max_hp_gain":0,"max_hp_loss":0,"event_name":"Upgrade Shrine","floor":3,"gold_loss":0,"cards_upgraded":["Terror"]}],"is_beta":false,"boss_relics":[],"items_purged_floors":[],"is_endless":false,"potions_floor_spawned":[1,7],"killed_by":"Gremlin Nob","ascension_level":4}}