{"host":"rmu5lyz1fk95wg3z","time":1614398739,"event":{"mods":["BaseMod","Bestiary","Curses Come First","Minty Spire (QoL Compilation)","Relic Stats","StSLib"],"gold_per_floor":[118,132,57,77,77,77,88,107,155,194,194,230,230,268,268,349,349,376,399,34,61,76,76,88,115,184,184,203,234,273,303,315,414,426,460,493,85,99,120,160,194,236,245,245,261,290,290,304,304,304,304,304,304,19,50,50],"floor_reached":57,"language":"ENG","playtime":9952,"items_purged":["Strike_G","Strike_G","Parasite"],"score":2787,"play_id":"ef2474e2-114f-4604-98e9-c5814a333ebb","local_time":"20210226230539","is_ascension_mode":true,"campfire_choices":[{"data":"Catalyst","floor":6.0,"key":"SMITH"},{"data":"Tools of the Trade","floor":13.0,"key":"SMITH"},{"floor":15.0,"key":"REST"},{"floor":23.0,"key":"REST"},{"floor":27.0,"key":"REST"},{"data":"Wraith Form v2","floor":32.0,"key":"SMITH"},{"floor":44.0,"key":"RECALL"},{"data":"Envenom","floor":47.0,"key":"SMITH"},{"floor":49.0,"key":"REST"},{"data":"Wraith Form v2","floor":53.0,"key":"SMITH"}],"circlet_count":0,"master_deck":["AscendersBane","Strike_G","Strike_G","Defend_G","Defend_G","Defend_G","Defend_G","Defend_G","Survivor","Neutralize","Corpse Explosion+1","Bane","Catalyst+1","Poisoned Stab","Slice","Poisoned Stab","Tools of the Trade+1","Prepared","Adrenaline","Catalyst","Escape Plan","Deadly Poison","Deadly Poison+1","Caltrops","Neutralize","Deflect","Wraith Form v2+1","Wraith Form v2+1","Tactician+1","Backflip+1","Well Laid Plans","Caltrops","Wraith Form v2","Envenom+1"],"relics":["Ring of the Snake","CeramicFish","Meat on the Bone","Strawberry","Regal Pillow","Black Star","OrangePellets","Paper Crane","Shuriken","Gremlin Horn","Snake Skull","MawBank","Cursed Key","Incense Burner","Oddly Smooth Stone","MealTicket","FossilizedHelix","Centennial Puzzle","Bag of Preparation","Toxic Egg 2","Ginger","Cauldron","Bronze Scales","Unceasing Top"],"acts_visited":["Exordium","TheCity","TheBeyond","TheEnding"],"potions_floor_usage":[56,56],"damage_taken":[{"damage":0.0,"enemies":"2 Louse","floor":1.0,"turns":2.0},{"damage":2.0,"enemies":"Jaw Worm","floor":2.0,"turns":5.0},{"damage":0.0,"enemies":"Small Slimes","floor":4.0,"turns":2.0},{"damage":15.0,"enemies":"Red Slaver","floor":7.0,"turns":4.0},{"damage":3.0,"enemies":"Looter","floor":8.0,"turns":3.0},{"damage":7.0,"enemies":"Lagavulin","floor":10.0,"turns":7.0},{"damage":20.0,"enemies":"3 Sentries","floor":12.0,"turns":3.0},{"damage":6.0,"enemies":"Gremlin Nob","floor":14.0,"turns":3.0},{"damage":50.0,"enemies":"Hexaghost","floor":16.0,"turns":9.0},{"damage":25.0,"enemies":"Chosen","floor":18.0,"turns":5.0},{"damage":2.0,"enemies":"3 Byrds","floor":19.0,"turns":2.0},{"damage":38.0,"enemies":"Cultist and Chosen","floor":21.0,"turns":6.0},{"damage":25.0,"enemies":"Snecko","floor":22.0,"turns":4.0},{"damage":30.0,"enemies":"Snake Plant","floor":24.0,"turns":3.0},{"damage":16.0,"enemies":"Book of Stabbing","floor":25.0,"turns":3.0},{"damage":8.0,"enemies":"3 Cultists","floor":28.0,"turns":3.0},{"damage":43.0,"enemies":"Slavers","floor":29.0,"turns":3.0},{"damage":0.0,"enemies":"Centurion and Healer","floor":31.0,"turns":4.0},{"damage":53.0,"enemies":"Collector","floor":33.0,"turns":5.0},{"damage":1.0,"enemies":"Orb Walker","floor":35.0,"turns":3.0},{"damage":16.0,"enemies":"3 Darklings","floor":36.0,"turns":3.0},{"damage":26.0,"enemies":"Writhing Mass","floor":38.0,"turns":3.0},{"damage":7.0,"enemies":"Jaw Worm Horde","floor":39.0,"turns":4.0},{"damage":6.0,"enemies":"Reptomancer","floor":40.0,"turns":4.0},{"damage":1.0,"enemies":"Mind Bloom Boss Battle","floor":41.0,"turns":4.0},{"damage":1.0,"enemies":"Giant Head","floor":42.0,"turns":9.0},{"damage":0.0,"enemies":"Maw","floor":45.0,"turns":9.0},{"damage":6.0,"enemies":"Reptomancer","floor":46.0,"turns":6.0},{"damage":1.0,"enemies":"Transient","floor":48.0,"turns":6.0},{"damage":4.0,"enemies":"Donu and Deca","floor":50.0,"turns":7.0},{"damage":6.0,"enemies":"Awakened One","floor":51.0,"turns":12.0},{"damage":1,"enemies":"Shield and Spear","floor":55,"turns":7},{"damage":24,"enemies":"The Heart","floor":56,"turns":10}],"seed_played":"3218207075790351588","potions_obtained":[{"floor":2.0,"key":"DistilledChaos"},{"floor":4.0,"key":"LiquidMemories"},{"floor":8.0,"key":"Explosive Potion"},{"floor":18.0,"key":"Regen Potion"},{"floor":28.0,"key":"Dexterity Potion"},{"floor":29.0,"key":"LiquidBronze"},{"floor":31.0,"key":"Regen Potion"},{"floor":33.0,"key":"SpeedPotion"},{"floor":39.0,"key":"Explosive Potion"},{"floor":45.0,"key":"Weak Potion"},{"floor":48.0,"key":"BlessingOfTheForge"},{"floor":54.0,"key":"SpeedPotion"},{"floor":54.0,"key":"Poison Potion"}],"is_trial":false,"path_per_floor":["M","M","?","M","?","R","M","M","T","E","?","E","R","E","R","B",null,"M","M","$","M","M","R","M","E","T","R","M","E","?","M","R","B",null,"M","M","$","M","M","E","?","E","T","R","M","E","R","M","R","B","B",null,"R","$","E","B",null],"character_chosen":"THE_SILENT","items_purchased":["OrangePellets","Deadly Poison","Fruit Juice","Incense Burner","Cauldron"],"campfire_rested":4,"item_purchase_floors":[20,20,20,37,54],"current_hp_per_floor":[59,57,57,57,62,62,47,44,44,37,37,36,36,42,78,40,69,44,42,42,31,18,56,38,34,34,72,64,33,33,50,50,24,68,67,51,51,37,42,48,47,46,46,46,46,52,52,51,83,79,73,81,81,80,79,55],"gold":50,"neow_bonus":"ONE_RANDOM_RARE_CARD","is_daily":false,"chose_seed":false,"campfire_upgraded":5,"win_rate":0.0,"timestamp":1614398739,"path_taken":["M","M","?","M","?","R","M","M","T","E","?","E","R","E","R","BOSS","M","M","?","M","M","R","?","E","T","R","M","E","?","M","R","BOSS","M","M","$","M","?","E","?","E","T","R","M","E","R","M","R","BOSS","BOSS","R","$","E","BOSS"],"items_purchased_type":["Relic","Card","Potion","Relic","Relic"],"build_version":"2020-12-22","purchased_purges":3,"victory":true,"max_hp_per_floor":[66,66,66,66,71,71,71,71,71,71,71,78,78,78,78,78,78,78,78,78,78,78,78,78,78,78,78,78,78,78,83,83,83,83,83,83,83,83,83,83,83,83,83,83,83,83,83,83,83,83,83,83,83,80,80,80],"relic_stats":{"Regal Pillow":51,"Gremlin Horn":[14,14],"counters":[33,163],"CeramicFish":180,"Snake Skull":[176],"Bag of Preparation":[14],"Ginger":[2],"MawBank":96,"Cursed Key":1,"OrangePellets":[40],"Centennial Puzzle":[18],"Shuriken":[19],"Bronze Scales":[144],"MealTicket":2,"Black Star":6,"obtain_stats":[{"Regal Pillow":14,"Gremlin Horn":26,"CeramicFish":9,"Oddly Smooth Stone":40,"Snake Skull":29,"Incense Burner":37,"Bag of Preparation":42,"Ginger":46,"Paper Crane":25,"MawBank":29,"Cursed Key":34,"OrangePellets":20,"Cauldron":54,"Centennial Puzzle":42,"Shuriken":25,"Strawberry":12,"Bronze Scales":55,"MealTicket":40,"Black Star":17,"Toxic Egg 2":46,"FossilizedHelix":41,"Unceasing Top":55,"Ring of the Snake":0,"Meat on the Bone":10},{"Regal Pillow":8,"Gremlin Horn":15,"CeramicFish":5,"Oddly Smooth Stone":24,"Snake Skull":17,"Incense Burner":21,"Bag of Preparation":26,"Ginger":28,"Paper Crane":15,"MawBank":17,"Cursed Key":19,"OrangePellets":11,"Cauldron":31,"Centennial Puzzle":26,"Shuriken":15,"Strawberry":7,"Bronze Scales":32,"MealTicket":24,"Black Star":9,"Toxic Egg 2":28,"FossilizedHelix":25,"Unceasing Top":32,"Ring of the Snake":0,"Meat on the Bone":6},{"Regal Pillow":29,"Gremlin Horn":61,"CeramicFish":16,"Oddly Smooth Stone":93,"Snake Skull":67,"Incense Burner":82,"Bag of Preparation":106,"Ginger":121,"Paper Crane":61,"MawBank":67,"Cursed Key":76,"OrangePellets":45,"Cauldron":146,"Centennial Puzzle":106,"Shuriken":61,"Strawberry":26,"Bronze Scales":153,"MealTicket":93,"Black Star":38,"Toxic Egg 2":121,"FossilizedHelix":97,"Unceasing Top":153,"Ring of the Snake":0,"Meat on the Bone":23}],"Unceasing Top":[5],"Ring of the Snake":[66],"Meat on the Bone":168},"card_choices":[{"not_picked":["Dagger Throw","Dodge and Roll"],"picked":"Bane","floor":1.0},{"not_picked":["Prepared","Distraction"],"picked":"Catalyst","floor":2.0},{"not_picked":["Prepared","Outmaneuver"],"picked":"Poisoned Stab","floor":4.0},{"not_picked":["Outmaneuver","Flechettes"],"picked":"Slice","floor":7.0},{"not_picked":["Dagger Throw","Underhanded Strike","Well Laid Plans"],"picked":"SKIP","floor":8.0},{"not_picked":["Blade Dance","Backflip"],"picked":"Poisoned Stab","floor":10.0},{"not_picked":["Dodge and Roll","Footwork"],"picked":"Tools of the Trade","floor":12.0},{"not_picked":["Dodge and Roll","Underhanded Strike"],"picked":"Prepared","floor":14.0},{"not_picked":["Bullet Time","Night Terror"],"picked":"Adrenaline","floor":16.0},{"not_picked":["Well Laid Plans","Flying Knee+1"],"picked":"Catalyst","floor":18.0},{"not_picked":["Outmaneuver","Infinite Blades"],"picked":"Escape Plan","floor":19.0},{"not_picked":["Leg Sweep","Blade Dance"],"picked":"Deadly Poison+1","floor":21.0},{"not_picked":["Dagger Spray","Outmaneuver","Concentrate"],"picked":"SKIP","floor":22.0},{"not_picked":["Flying Knee","Backflip","Reflex"],"picked":"SKIP","floor":24.0},{"not_picked":["Flying Knee","Backflip","Distraction"],"picked":"SKIP","floor":25.0},{"not_picked":["Calculated Gamble+1","Bane"],"picked":"Caltrops","floor":28.0},{"not_picked":["Dagger Spray","Blade Dance","Skewer"],"picked":"SKIP","floor":29.0},{"not_picked":["Deflect","Expertise","Dash"],"picked":"SKIP","floor":31.0},{"not_picked":["Glass Knife","Venomology"],"picked":"Wraith Form v2","floor":33.0},{"not_picked":["Blade Dance+1","Outmaneuver"],"picked":"Tactician+1","floor":35.0},{"not_picked":["Dodge and Roll","Flying Knee"],"picked":"Backflip+1","floor":36.0},{"not_picked":["Choke","Accuracy","Deflect"],"picked":"SKIP","floor":38.0},{"not_picked":["Masterful Stab","PiercingWail"],"picked":"Well Laid Plans","floor":39.0},{"not_picked":["Quick Slash","Bouncing Flask"],"picked":"Caltrops","floor":40.0},{"not_picked":["Flechettes+1","Dash"],"picked":"Wraith Form v2","floor":41.0},{"not_picked":["Blade Dance","Escape Plan"],"picked":"Envenom","floor":42.0},{"not_picked":["Acrobatics","Outmaneuver","Footwork"],"picked":"SKIP","floor":45.0},{"not_picked":["Bane+1","All Out Attack","Slice"],"picked":"SKIP","floor":46.0},{"not_picked":["Skewer","Flechettes","Riddle With Holes"],"picked":"SKIP","floor":48.0},{"not_picked":["Deadly Poison+1","Acrobatics+1","Predator+1"],"picked":"SKIP","floor":55}],"player_experience":1365705,"relics_obtained":[{"floor":9.0,"key":"CeramicFish"},{"floor":10.0,"key":"Meat on the Bone"},{"floor":12.0,"key":"Strawberry"},{"floor":14.0,"key":"Regal Pillow"},{"floor":25.0,"key":"Paper Crane"},{"floor":25.0,"key":"Shuriken"},{"floor":26.0,"key":"Gremlin Horn"},{"floor":29.0,"key":"Snake Skull"},{"floor":29.0,"key":"MawBank"},{"floor":40.0,"key":"Oddly Smooth Stone"},{"floor":40.0,"key":"MealTicket"},{"floor":41.0,"key":"FossilizedHelix"},{"floor":42.0,"key":"Centennial Puzzle"},{"floor":42.0,"key":"Bag of Preparation"},{"floor":46.0,"key":"Toxic Egg 2"},{"floor":46.0,"key":"Ginger"},{"floor":55,"key":"Bronze Scales"},{"floor":55,"key":"Unceasing Top"}],"event_choices":[{"cards_removed":["Strike_G"],"damage_healed":0.0,"max_hp_gain":0.0,"max_hp_loss":0.0,"gold_gain":0.0,"event_name":"The Cleric","player_choice":"Card Removal","floor":3.0,"gold_loss":75.0,"damage_taken":0.0},{"damage_healed":0.0,"max_hp_gain":5.0,"max_hp_loss":0.0,"gold_gain":0.0,"event_name":"Big Fish","player_choice":"Donut","floor":5.0,"gold_loss":0.0,"damage_taken":0.0},{"damage_healed":0.0,"max_hp_gain":0.0,"max_hp_loss":0.0,"gold_gain":0.0,"event_name":"Accursed Blacksmith","player_choice":"Forge","floor":11.0,"gold_loss":0.0,"damage_taken":0.0,"cards_upgraded":["Corpse Explosion"]},{"damage_healed":0.0,"max_hp_gain":0.0,"max_hp_loss":0.0,"gold_gain":0.0,"event_name":"Match and Keep!","player_choice":"3 cards matched","floor":30.0,"gold_loss":0.0,"damage_taken":0.0,"cards_obtained":["Neutralize","Deflect","Wraith Form v2"]},{"damage_healed":0.0,"max_hp_gain":0.0,"max_hp_loss":0.0,"gold_gain":0.0,"event_name":"MindBloom","player_choice":"Fight","floor":41.0,"gold_loss":0.0,"damage_taken":0.0}],"is_beta":false,"boss_relics":[{"not_picked":["Empty Cage","Coffee Dripper"],"picked":"Black Star"},{"not_picked":["Runic Dome","Ring of the Serpent"],"picked":"Cursed Key"}],"items_purged_floors":[20,37,54],"is_endless":false,"potions_floor_spawned":[2,4,7,8,18,28,29,31,33,39,40,45,48],"ascension_level":20}}