{"host":"bbld1ic1uj90ldt9","time":1614460403,"event":{"mods":["2.2 Compatiblity","AchievementEnabler","Act Like it!","BaseMod","Better Third Choice","Conspire","Downfall","Emptier Cage","Gensokyo","Hallownest","Hermit","Highlight Path","Hubris","Marisa????????","Minty Spire (QoL Compilation)","Random Character Button","Replay The Spire","StSLib","The Animator","The Bug Knight","The Cursed","The Disciple","The Hierophant","The Jungle","The Runesmith","The Servant 0.9.4"],"gold_per_floor":[131,5,5,36,46,85,85,111,135,135,148,190,210,249,249,361,361,374,59,59,59,6,31,31,70,70,84,84,114,127,147,147,252,252,270,270,270,286,286,286,286,286],"floor_reached":41,"language":"FRA","playtime":6616,"items_purged":["animator:Defend"],"score":723,"play_id":"9249ce19-d9fb-422e-8c59-8cfd81981a61","local_time":"20210227221323","is_ascension_mode":true,"campfire_choices":[{"data":"animator:Benimaru","floor":7,"key":"SMITH"},{"floor":15,"key":"REST"},{"data":"animator:GazelDwargon","floor":24,"key":"SMITH"},{"data":"animator:Vesta","floor":28,"key":"SMITH"},{"floor":32,"key":"REST"},{"floor":40,"key":"REST"}],"circlet_count":0,"master_deck":["animator:Strike_TenSura+1","animator:Defend_TenSura","animator:Strike+1","animator:Strike","animator:Strike","animator:Defend","animator:Defend","animator:Benimaru+1","animator:Shuna","animator:DolaCouronne","animator:Shuna","animator:Saitama","animator:ChlammyZell","animator:Tet","animator:DolaRiku","animator:Tet","animator:Shion","animator:Vesta+1","animator:DolaSchwi","animator:Rimuru","animator:Geryuganshoop+1","animator:DolaSchwi+1","animator:FielNirvalen","downfall:Bewildered","SwitchThreat","animator:GazelDwargon+1","animator:DolaCouronne+1","animator:MumenRider","animator:FielNirvalen","animator:Hans+1","animator:DolaSchwi","animator:Sora","animator:Hakurou","animator:GazelDwargon+1","Gensokyo:LifeforceConverter"],"relics":["animator:VividPicture","animator:TheMissingPiece","hubris:Towel","Snack Pack","Blue Doll","ReplayTheSpireMod:TigerMarble","InkBottle","Shuriken","conspire:SlowCooker","Ornamental Fan","sneckomod:BabySnecko","Simple Rune","Du-Vu Doll","Onion Ring","Thread and Needle","Juzu Bracelet","Gensokyo:TheCrow"],"acts_visited":["Gensokyo:Gensokyo","TheCity","Gensokyo:Gensokyoest"],"potions_floor_usage":[12,13,16,27,29,29,33,33,33,35,38,38,38,41,41],"damage_taken":[{"damage":0,"enemies":"Gensokyo:Python","floor":1,"turns":5},{"damage":0,"enemies":"Gensokyo:Gryphon","floor":4,"turns":4},{"damage":6,"enemies":"Gensokyo:3_Fairies","floor":5,"turns":6},{"damage":0,"enemies":"Gensokyo:Mamizou","floor":6,"turns":9},{"damage":16,"enemies":"Gensokyo:Aya","floor":8,"turns":7},{"damage":0,"enemies":"Gensokyo:2_Rabbits","floor":11,"turns":5},{"damage":0,"enemies":"Gensokyo:Mamizou","floor":12,"turns":8},{"damage":9,"enemies":"Gensokyo:Gryphon_and_Rabbit","floor":13,"turns":5},{"damage":0,"enemies":"Gensokyo:VengefulSpirit","floor":14,"turns":4},{"damage":25,"enemies":"Gensokyo:Yukari","floor":16,"turns":8},{"damage":3,"enemies":"Spheric Guardian","floor":18,"turns":6},{"damage":0,"enemies":"conspire:SneckoGhost","floor":23,"turns":7},{"damage":1,"enemies":"HollowMod:Nosk","floor":25,"turns":8},{"damage":10,"enemies":"Shell Parasite","floor":27,"turns":5},{"damage":16,"enemies":"Slavers","floor":29,"turns":4},{"damage":0,"enemies":"conspire:HollyBat","floor":30,"turns":7},{"damage":2,"enemies":"Snecko","floor":31,"turns":5},{"damage":40,"enemies":"conspire:MysteriousRune","floor":33,"turns":9},{"damage":22,"enemies":"Gensokyo:3_Bats","floor":35,"turns":6},{"damage":7,"enemies":"Gensokyo:AncientGuardian","floor":38,"turns":6},{"damage":71,"enemies":"Gensokyo:Kasen","floor":41,"turns":4}],"seed_played":"-2510826727287953292","potions_obtained":[{"floor":4,"key":"Cursed Concoction"},{"floor":5,"key":"Strength Potion"},{"floor":11,"key":"PowerPotion"},{"floor":12,"key":"Strength Potion"},{"floor":14,"key":"Explosive Potion"},{"floor":27,"key":"AttackPotion"},{"floor":30,"key":"Reflective Coating"},{"floor":31,"key":"EntropicBrew"},{"floor":33,"key":"EntropicBrew"},{"floor":38,"key":"Elixir"}],"is_trial":false,"path_per_floor":["M","$","?","M","M","E","R","E","T","?","M","E","M","M","R","B",null,"M","$","?","?","$","E","R","E","T","M","R","E","M","M","R","B",null,"M","?","?","M","?","R","E"],"character_chosen":"THE_ANIMATOR","items_purchased":["animator:Shuna","Ornamental Fan","animator:DolaSchwi+1","animator:FielNirvalen","animator:GazelDwargon","animator:DolaCouronne+1"],"campfire_rested":3,"item_purchase_floors":[2,19,19,19,22,22],"current_hp_per_floor":[65,65,65,65,60,60,60,45,45,31,31,33,27,29,51,28,63,63,63,63,63,63,65,65,68,68,60,60,48,50,48,70,36,68,49,49,49,44,44,67,0,0],"gold":286,"neow_bonus":"TEN_PERCENT_HP_BONUS","is_daily":false,"chose_seed":false,"campfire_upgraded":3,"win_rate":0.0,"timestamp":1614460403,"path_taken":["M","$","?","M","M","E","R","E","T","?","M","E","M","M","R","BOSS","M","$","?","?","$","E","R","E","T","?","R","E","M","M","R","BOSS","M","?","?","M","?","R","E"],"items_purchased_type":["Card","Relic","Card","Card","Card","Card"],"build_version":"2020-12-22","purchased_purges":1,"victory":false,"max_hp_per_floor":[72,72,72,72,73,73,73,74,74,74,74,74,75,75,75,75,75,76,76,76,76,76,76,76,76,76,76,76,76,76,76,76,78,78,79,79,79,79,79,79,79,79],"card_choices":[{"not_picked":["animator:Shigure","animator:TukaLunaMarceau"],"picked":"animator:DolaCouronne","floor":1},{"not_picked":["animator:Aqua","animator:Genos"],"picked":"animator:Saitama","floor":4},{"not_picked":["animator:Kuribayashi","animator:HiiragiShinya"],"picked":"animator:ChlammyZell","floor":5},{"not_picked":["animator:LeleiLaLalena","animator:Mikaela"],"picked":"animator:Tet","floor":6},{"not_picked":["animator:Hakurou","animator:Shinoa"],"picked":"animator:DolaRiku","floor":8},{"not_picked":["animator:Megumin","animator:Cocytus"],"picked":"animator:Tet","floor":11},{"not_picked":["animator:Kazuma","animator:Mitsuba"],"picked":"animator:Shion","floor":12},{"not_picked":["animator:Kazuma","animator:Megumin"],"picked":"animator:Vesta","floor":13},{"not_picked":["animator:TukaLunaMarceau","animator:Ainz"],"picked":"animator:DolaSchwi","floor":14},{"not_picked":["animator:Sora","animator:Wiz"],"picked":"animator:Rimuru","floor":16},{"not_picked":["animator:Shion","animator:Bozes"],"picked":"animator:Geryuganshoop+1","floor":18},{"not_picked":["animator:Arpeggio","animator:NarberalGamma","animator:PandorasActor"],"picked":"SKIP","floor":23},{"not_picked":["animator:Kazuma","animator:Aqua+1"],"picked":"animator:MumenRider","floor":25},{"not_picked":["animator:PandorasActor+1","animator:Vanir+1"],"picked":"animator:FielNirvalen","floor":27},{"not_picked":["animator:Geryuganshoop+1","animator:Kaijin+1"],"picked":"animator:Hans","floor":29},{"not_picked":["animator:Tet","animator:Entoma+1"],"picked":"animator:DolaSchwi","floor":30},{"not_picked":["animator:Entoma","animator:HiiragiShinya","animator:TukaLunaMarceau"],"picked":"SKIP","floor":31},{"not_picked":["animator:ItamiYouji","animator:Saitama"],"picked":"animator:Sora","floor":33},{"not_picked":["animator:Mitsuba","animator:Yuuichirou+1"],"picked":"animator:Hakurou","floor":35},{"not_picked":["animator:Demiurge","animator:PandorasActor"],"picked":"animator:GazelDwargon+1","floor":38}],"player_experience":2333563,"relics_obtained":[{"floor":6,"key":"Snack Pack"},{"floor":8,"key":"Blue Doll"},{"floor":9,"key":"ReplayTheSpireMod:TigerMarble"},{"floor":12,"key":"Shuriken"},{"floor":23,"key":"Du-Vu Doll"},{"floor":25,"key":"Onion Ring"},{"floor":26,"key":"Thread and Needle"},{"floor":29,"key":"Juzu Bracelet"}],"event_choices":[],"is_beta":false,"boss_relics":[{"not_picked":["conspire:SpecialSausage","Calling Bell"],"picked":"conspire:SlowCooker"},{"not_picked":["hubris:RunicObelisk","Painkiller Herb"],"picked":"animator:VividPicture"}],"items_purged_floors":[2],"is_endless":false,"potions_floor_spawned":[4,5,11,12,14,27,30,31,33,38],"killed_by":"Gensokyo:Kasen","ascension_level":6}}