{"host":"skx52d3x4g37h2em","time":1614438626,"event":{"mods":["BaseMod","Colored Map","Library of Ruina","Library of Ruina Extra","Lobotomy","LobotomyExtend","Minty Spire (QoL Compilation)","Quick Restart","Relic Sorter","StSLib"],"gold_per_floor":[117,133,151,151,162,162,187,18,18,18,33,47,58,75,75,180,180,180],"floor_reached":18,"language":"ENG","playtime":850,"items_purged":["LightAttack"],"score":191,"play_id":"defdf06e-387c-4a02-bbfd-e6470057c580","local_time":"20210227181026","is_ascension_mode":false,"campfire_choices":[{"data":"SwordOfVolition","floor":6,"key":"SMITH"},{"floor":15,"key":"REST"}],"circlet_count":0,"master_deck":["Dodge","LightDefense","LightDefense","LightDefense","LightDefense","FocusedStrikes","SwordOfVolition+1","SwordOfVolition","DarkCloud","FrontalAssault","Decapitation","SkyClearingCut","FleetFootsteps","CrackOfDawn","Multislash+1","RhinoRam+1","DefenseOrder+1"],"relics":["PageOfLibrarian","LetterFromLob","Gambling Chip","PageOfFairyFestival","Astrolabe"],"acts_visited":["Exordium","TheCity"],"potions_floor_usage":[],"damage_taken":[{"damage":7,"enemies":"2 Louse","floor":1,"turns":3},{"damage":3,"enemies":"Cultist","floor":2,"turns":4},{"damage":0,"enemies":"Jaw Worm","floor":3,"turns":2},{"damage":0,"enemies":"3 Louse","floor":5,"turns":3},{"damage":2,"enemies":"Gremlin Nob","floor":7,"turns":2},{"damage":5,"enemies":"Red Slaver","floor":11,"turns":1},{"damage":7,"enemies":"Exordium Thugs","floor":12,"turns":1},{"damage":7,"enemies":"Blue Slaver","floor":13,"turns":1},{"damage":5,"enemies":"Large Slime","floor":14,"turns":1},{"damage":14,"enemies":"Slime Boss","floor":16,"turns":4}],"seed_played":"5045256339483779800","potions_obtained":[{"floor":2,"key":"PowerPotion"},{"floor":12,"key":"FearPotion"},{"floor":13,"key":"SteroidPotion"}],"is_trial":false,"path_per_floor":["M","M","M","?","M","R","E","$","T","M","M","M","M","M","R","B",null],"character_chosen":"Librarian","items_purchased":["DarkCloud","FrontalAssault"],"campfire_rested":1,"item_purchase_floors":[8,8],"current_hp_per_floor":[53,50,50,50,50,50,48,48,48,48,43,36,29,24,51,37,68,68],"gold":180,"neow_bonus":"REMOVE_CARD","is_daily":false,"chose_seed":false,"campfire_upgraded":1,"win_rate":0.0,"timestamp":1614438626,"path_taken":["M","M","M","?","M","R","E","$","T","M","M","?","?","M","R","BOSS"],"items_purchased_type":["Card","Card"],"build_version":"2020-12-22","purchased_purges":1,"victory":false,"max_hp_per_floor":[65,63,71,71,77,77,77,77,77,77,77,64,90,64,90,68,68,68],"card_choices":[{"not_picked":["Bvapour","AsThePrescriptOrders","Rewind","BladeWhirl","GrazeTheGrass","Marionette","ViolentFlame","Endure"],"picked":"DesperateStruggle","floor":1},{"not_picked":["AlloutWar","AGoldenOpportunity","Parry","MirageStorm","LossOfSenses","FieryWaltz","TheWillOfTheCity","Eject"],"picked":"SwordOfVolition","floor":2},{"not_picked":["IronWall","Diversion","HandleRequest","SinglePointStab","EnergyShield","HiddenBlade","BiteOff","Multislash"],"picked":"Castigation","floor":3},{"not_picked":["Multislash","StrikeDown","FaintMemories","BlindFaith","TrimTheIngredients","DesperateStruggle","ViolentFlame","MultiBlock"],"picked":"SwordOfVolition","floor":5},{"not_picked":["GaleKick","ChopItOff","FendThisOffIfYouCan","PinpointShot","Zzzzzap","Clone","Eliminate","WillOfThePrescript","Standoff"],"picked":"SKIP","floor":7},{"not_picked":["HighKick","AsThePrescriptOrders","ElectricShock","Standoff","SerpentineBarrier","DefenseOrder","HeavyPeaks","PinpointShot"],"picked":"Decapitation","floor":11},{"not_picked":["ProselytesBlade","LawAndOrder","EnergyStrike","FlowOfTheSword","AutonomousRush","Outburst","Pound","Standoff"],"picked":"SkyClearingCut","floor":12},{"not_picked":["FocusFire","HiddenBlade","SpearedSweep","UpbeatPerformance","FlashingStrike","AutonomousRush","ProselytesBlade","Pound"],"picked":"FleetFootsteps","floor":13},{"not_picked":["WillOfThePrescript","FleetEdge","SkyClearingCut","Outburst","GuardingStance","MirageStorm","UpbeatPerformance","FrontalAssault","DesperateStruggle"],"picked":"SKIP","floor":14},{"not_picked":["BlazingStrike","MindCrush"],"picked":"CrackOfDawn","floor":16}],"player_experience":118011,"relics_obtained":[{"floor":1,"key":"LetterFromLob"},{"floor":7,"key":"Gambling Chip"},{"floor":9,"key":"PageOfFairyFestival"}],"event_choices":[{"cards_removed":["LightAttack"],"damage_healed":0,"gold_gain":0,"player_choice":"Purged","damage_taken":0,"max_hp_gain":0,"max_hp_loss":0,"event_name":"Purifier","floor":4,"gold_loss":0}],"is_beta":false,"boss_relics":[{"not_picked":["Fusion Hammer","Coffee Dripper"],"picked":"Astrolabe"}],"items_purged_floors":[8],"is_endless":false,"potions_floor_spawned":[2,12,13,14,16],"ascension_level":0}}