{"host":"cfv8orgc8997ql4r","time":1614451791,"event":{"mods":["AchievementEnabler","BaseMod","DeckTracker","Keyboard Shortcuts","Minty Spire (QoL Compilation)"],"gold_per_floor":[111,111,111,124,4,4,31,31,31,31,43,60,75,106,106,210,210,220,232,232,145,179,208,55,55,55,73,21,21,21,32,32,127,127,143,158,121,121,74,74,94,107,107,120,131,62,88,106,106,106],"floor_reached":51,"language":"KOR","playtime":1853,"items_purged":["Heatsinks+1"],"score":1098,"play_id":"c86016ae-0e24-4317-b911-fe607c1cb1ad","local_time":"20210228034951","is_ascension_mode":true,"campfire_choices":[{"data":"Dualcast","floor":6.0,"key":"SMITH"},{"data":"Ball Lightning","floor":8.0,"key":"SMITH"},{"data":"Biased Cognition","floor":15.0,"key":"SMITH"},{"data":"Defragment","floor":25.0,"key":"SMITH"},{"data":"Thunder Strike","floor":30.0,"key":"SMITH"},{"data":"Loop","floor":32,"key":"SMITH"},{"data":"Static Discharge","floor":40,"key":"SMITH"},{"floor":49,"key":"REST"}],"circlet_count":0,"master_deck":["Strike_B","Strike_B","Defend_B","Defend_B","Defend_B","Zap+1","Dualcast+1","Ball Lightning+1","Gash","Defragment+1","Cold Snap","Reboot","Chill","Chill","Cold Snap","Biased Cognition+1","Thunder Strike+1","Multi-Cast+1","Auto Shields+1","Chaos","Ghostly","Ghostly","Ghostly","Ghostly","Ghostly","Loop+1","Coolheaded","Glacier+1","Reinforced Body","Capacitor","Ball Lightning","Ball Lightning","All For One","Reboot","Turbo+1","Static Discharge+1","Stack","Core Surge","Defragment"],"relics":["Cracked Core","NeowsBlessing","Cables","Thread and Needle","Bottled Tornado","Art of War","Red Mask","InkBottle","Anchor","Nloth\u0027s Gift","Runic Pyramid","Letter Opener","Calipers"],"acts_visited":["Exordium","TheCity","TheBeyond"],"potions_floor_usage":[33,35,45,50,50,50],"damage_taken":[{"damage":0.0,"enemies":"2 Louse","floor":1.0,"turns":1.0},{"damage":0.0,"enemies":"Jaw Worm","floor":4.0,"turns":1.0},{"damage":0.0,"enemies":"Gremlin Nob","floor":7.0,"turns":1.0},{"damage":0.0,"enemies":"Small Slimes","floor":11.0,"turns":2.0},{"damage":2.0,"enemies":"Red Slaver","floor":12.0,"turns":4.0},{"damage":0.0,"enemies":"Exordium Wildlife","floor":13.0,"turns":5.0},{"damage":0.0,"enemies":"Lagavulin","floor":14.0,"turns":5.0},{"damage":1.0,"enemies":"The Guardian","floor":16.0,"turns":8.0},{"damage":0.0,"enemies":"3 Byrds","floor":18.0,"turns":6.0},{"damage":0.0,"enemies":"Spheric Guardian","floor":19.0,"turns":3.0},{"damage":0.0,"enemies":"Masked Bandits","floor":22.0,"turns":7.0},{"damage":0.0,"enemies":"Slavers","floor":23.0,"turns":10.0},{"damage":0.0,"enemies":"Centurion and Healer","floor":27.0,"turns":7.0},{"damage":0.0,"enemies":"Snecko","floor":31.0,"turns":5.0},{"damage":0,"enemies":"Automaton","floor":33,"turns":8},{"damage":14,"enemies":"3 Darklings","floor":35,"turns":3},{"damage":0,"enemies":"3 Shapes","floor":36,"turns":6},{"damage":12,"enemies":"Spire Growth","floor":41,"turns":4},{"damage":0,"enemies":"Transient","floor":42,"turns":5},{"damage":0,"enemies":"Jaw Worm Horde","floor":44,"turns":5},{"damage":0,"enemies":"Maw","floor":45,"turns":10},{"damage":2,"enemies":"Nemesis","floor":47,"turns":7},{"damage":0,"enemies":"4 Shapes","floor":48,"turns":8},{"damage":9,"enemies":"Awakened One","floor":50,"turns":11}],"seed_played":"-8783210841389754823","potions_obtained":[{"floor":1.0,"key":"SkillPotion"},{"floor":4.0,"key":"SneckoOil"},{"floor":13.0,"key":"Ancient Potion"},{"floor":16.0,"key":"FearPotion"},{"floor":18.0,"key":"SpeedPotion"},{"floor":27.0,"key":"Strength Potion"},{"floor":33,"key":"EssenceOfDarkness"},{"floor":35,"key":"Explosive Potion"},{"floor":38,"key":"Fire Potion"},{"floor":44,"key":"Swift Potion"},{"floor":45,"key":"DuplicationPotion"},{"floor":48,"key":"CultistPotion"}],"is_trial":false,"path_per_floor":["M","?","?","M","$","R","E","R","T","?","M","M","M","E","R","B",null,"M","M","?","$","?","E","$","R","T","M","$","?","R","M","R","B",null,"M","M","$","?","$","R","M","M","T","M","M","$","E","M","R","B",null],"character_chosen":"DEFECT","items_purchased":["Defragment","Cold Snap","Loop","Coolheaded","Capacitor","Ball Lightning","Static Discharge","Stack","Defragment"],"campfire_rested":1,"item_purchase_floors":[5,5,21,21,24,28,37,39,46],"current_hp_per_floor":[75,63,63,63,63,63,63,63,63,63,63,61,61,61,61,60,75,75,75,37,37,37,37,37,37,37,37,37,37,37,37,37,37,37,23,23,23,23,23,23,11,11,11,11,11,11,9,9,20,11],"gold":106,"neow_bonus":"THREE_ENEMY_KILL","is_daily":false,"chose_seed":false,"campfire_upgraded":7,"win_rate":0.0,"timestamp":1614451791,"path_taken":["M","?","?","?","$","R","E","R","T","?","?","M","M","E","R","BOSS","M","M","?","$","?","E","?","R","T","M","$","?","R","M","R","BOSS","M","?","$","?","$","R","M","M","T","?","M","?","E","M","R","BOSS"],"items_purchased_type":["Card","Card","Card","Card","Card","Card","Card","Card","Card"],"build_version":"2020-12-22","purchased_purges":1,"victory":true,"max_hp_per_floor":[75,75,75,75,75,75,75,75,75,75,75,75,75,75,75,75,75,75,75,37,37,37,37,37,37,37,37,37,37,37,37,37,37,37,37,37,37,37,37,37,37,37,37,37,37,37,37,37,37,37],"card_choices":[{"not_picked":["Sunder","Conserve Battery"],"picked":"Ball Lightning","floor":1.0},{"not_picked":["Compile Driver","Rebound"],"picked":"Gash","floor":4.0},{"not_picked":["Coolheaded","Hologram"],"picked":"Reboot","floor":7.0},{"not_picked":["Hologram","Sweeping Beam"],"picked":"Chill","floor":11.0},{"not_picked":["Doom and Gloom","Turbo"],"picked":"Chill","floor":12.0},{"not_picked":["BootSequence","Genetic Algorithm"],"picked":"Cold Snap","floor":13.0},{"not_picked":["Chaos","Steam Power"],"picked":"Biased Cognition","floor":14.0},{"not_picked":["Machine Learning","Creative AI"],"picked":"Thunder Strike","floor":16.0},{"not_picked":["Rip and Tear","Hello World","BootSequence+1"],"picked":"SKIP","floor":18.0},{"not_picked":["Barrage","White Noise"],"picked":"Chaos","floor":19.0},{"not_picked":["Steam","Coolheaded"],"picked":"Glacier+1","floor":22.0},{"not_picked":["Rebound","Streamline"],"picked":"Reinforced Body","floor":23.0},{"not_picked":["Hologram+1","Stack"],"picked":"Ball Lightning","floor":27.0},{"not_picked":["Darkness","Sunder+1"],"picked":"All For One","floor":31.0},{"not_picked":["Multi-Cast","All For One"],"picked":"Reboot","floor":33},{"not_picked":["Coolheaded","Beam Cell+1","Aggregate"],"picked":"SKIP","floor":35},{"not_picked":["Sweeping Beam","Doom and Gloom"],"picked":"Turbo+1","floor":36},{"not_picked":["Rebound","Gash+1","Compile Driver+1"],"picked":"SKIP","floor":41},{"not_picked":["Gash","Reinforced Body+1","Reprogram"],"picked":"SKIP","floor":42},{"not_picked":["Storm","Redo+1"],"picked":"Core Surge","floor":44},{"not_picked":["Go for the Eyes+1","Force Field+1","Cold Snap"],"picked":"SKIP","floor":45},{"not_picked":["Hologram","Amplify","Stack"],"picked":"SKIP","floor":47},{"not_picked":["Hologram+1","Scrape","Self Repair+1"],"picked":"SKIP","floor":48}],"player_experience":220149,"relics_obtained":[{"floor":7.0,"key":"Thread and Needle"},{"floor":9.0,"key":"Bottled Tornado"},{"floor":14.0,"key":"Art of War"},{"floor":22.0,"key":"Red Mask"},{"floor":23.0,"key":"InkBottle"},{"floor":26.0,"key":"Anchor"},{"floor":43,"key":"Letter Opener"},{"floor":47,"key":"Calipers"}],"event_choices":[{"damage_healed":0.0,"max_hp_gain":0.0,"max_hp_loss":0.0,"gold_gain":0.0,"event_name":"Scrap Ooze","player_choice":"Success","floor":2.0,"gold_loss":0.0,"damage_taken":12.0,"relics_obtained":["Cables"]},{"damage_healed":0.0,"max_hp_gain":0.0,"max_hp_loss":0.0,"gold_gain":0.0,"event_name":"Living Wall","player_choice":"Grow","floor":3.0,"gold_loss":0.0,"damage_taken":0.0,"cards_upgraded":["Zap"]},{"damage_healed":0.0,"max_hp_gain":0.0,"max_hp_loss":0.0,"gold_gain":0.0,"cards_transformed":["Strike_B"],"event_name":"Transmorgrifier","player_choice":"Transformed","floor":10.0,"gold_loss":0.0,"damage_taken":0.0,"cards_obtained":["Fission"]},{"damage_healed":0.0,"max_hp_gain":0.0,"max_hp_loss":38.0,"gold_gain":0.0,"event_name":"Ghosts","player_choice":"Became a Ghost","floor":20.0,"gold_loss":0.0,"damage_taken":0.0,"cards_obtained":["Ghostly","Ghostly","Ghostly","Ghostly","Ghostly"]},{"damage_healed":0.0,"max_hp_gain":0.0,"max_hp_loss":0.0,"gold_gain":0.0,"event_name":"Masked Bandits","player_choice":"Fought Bandits","floor":22.0,"gold_loss":0.0,"damage_taken":0.0},{"damage_healed":0.0,"max_hp_gain":0.0,"max_hp_loss":0.0,"gold_gain":0.0,"event_name":"N\u0027loth","player_choice":"Traded Relic","floor":29.0,"relics_lost":["Astrolabe"],"gold_loss":0.0,"damage_taken":0.0,"relics_obtained":["Nloth\u0027s Gift"]},{"damage_healed":0,"gold_gain":0,"player_choice":"Got Potions","damage_taken":0,"max_hp_gain":0,"max_hp_loss":0,"event_name":"Lab","floor":38,"gold_loss":0}],"is_beta":false,"boss_relics":[{"not_picked":["Runic Dome","Snecko Eye"],"picked":"Astrolabe"},{"not_picked":["SacredBark","Pandora\u0027s Box"],"picked":"Runic Pyramid"}],"items_purged_floors":[24],"is_endless":false,"potions_floor_spawned":[1,4,13,16,18,27,33,35,44,45,47,48],"ascension_level":4}}