{"host":"97k5lqmr6aaz1p9r","time":1614424503,"event":{"mods":["BaseMod","Colored Map","Downfall","Jorbs\u0027s Wanderer Trilogy","Minty Spire (QoL Compilation)","StSLib","The Cursed"],"gold_per_floor":[114,129,304,149,164,194,194,224,274,274,289,289,289,304,304,404,404,419,434,434,26,41,41,71,71,96,102,117,117,147,162,162,262,262,277,277,292,339,39,39,69,69,94,94,109,124,163,178,178,178],"floor_reached":51,"language":"ENG","playtime":2844,"items_purged":["Doubt"],"score":1055,"play_id":"de8a2dcb-7adc-4d1b-9783-90766b2aa49a","local_time":"20210227111503","daily_mods":["SealedDeck","Vintage","Lethality"],"is_ascension_mode":false,"campfire_choices":[{"data":"Slimebound:PressTheAttack","floor":7.0,"key":"SMITH"},{"data":"Slimebound:Recollect","floor":12.0,"key":"SMITH"},{"data":"Slimebound:Schlurp","floor":15.0,"key":"SMITH"},{"data":"Slimebound:OneTwoCombo","floor":23.0,"key":"SMITH"},{"data":"Slimebound:FirmFortitude","floor":25.0,"key":"SMITH"},{"data":"Slimebound:Prepare","floor":29.0,"key":"SMITH"},{"data":"Slimebound:Schlurp+1","floor":32.0,"key":"PURGE"},{"data":"Slimebound:SamplingLick","floor":40,"key":"PURGE"},{"data":"Slimebound:Repurpose","floor":42,"key":"PURGE"},{"data":"Slimebound:HauntingLick+1","floor":44,"key":"PURGE"},{"data":"Slimebound:ItLooksTasty","floor":49,"key":"PURGE"}],"circlet_count":0,"master_deck":["Slimebound:SlimeBarrage+1","Slimebound:Recollect+1","Slimebound:GoopSpray","Slimebound:SplitMire+1","Slimebound:SplitMire+1","Slimebound:SplitLeeching","Slimebound:Prepare+1","Slimebound:Prepare+1","Slimebound:PressTheAttack+1","Slimebound:Overexert+1","Slimebound:FirmFortitude+1","Slimebound:OneTwoCombo+1","Slimebound:Darklings+1","Slimebound:PressTheAttack+1","Slimebound:OneTwoCombo+1","Slimebound:SplitMire+1","Slimebound:Overexert+1","Slimebound:Recollect+1"],"relics":["Slimebound:AbsorbEndCombat","Nunchaku","Whetstone","Bronze Scales","StoneCalendar","Guardian:GemstoneGun","Happy Flower","Toy Ornithopter","InkBottle","SlaversCollar","Blood Vial","sneckomod:BlankCard","Toxic Egg 2","Juzu Bracelet","Molten Egg 2","MealTicket","Red Mask","Mummified Hand","Vajra","Peace Pipe","Sozu","Slimebound:MaxSlimesRelic","Slimebound:StickyStick","Incense Burner","DollysMirror","War Paint","CeramicFish","Ancient Tea Set","Bird Faced Urn","Strawberry","bronze:BronzeIdol","Shuriken"],"acts_visited":["Exordium","TheCity","TheBeyond"],"potions_floor_usage":[50],"damage_taken":[{"damage":0.0,"enemies":"2 Louse","floor":1.0,"turns":3.0},{"damage":0.0,"enemies":"Small Slimes","floor":2.0,"turns":3.0},{"damage":4.0,"enemies":"Jaw Worm","floor":5.0,"turns":3.0},{"damage":1.0,"enemies":"Gremlin Nob","floor":6.0,"turns":3.0},{"damage":4.0,"enemies":"3 Sentries","floor":8.0,"turns":4.0},{"damage":0.0,"enemies":"3 Louse","floor":11.0,"turns":2.0},{"damage":0.0,"enemies":"Looter","floor":14.0,"turns":2.0},{"damage":0.0,"enemies":"The Guardian","floor":16.0,"turns":4.0},{"damage":0.0,"enemies":"Spheric Guardian","floor":18.0,"turns":1.0},{"damage":0.0,"enemies":"Shell Parasite","floor":19.0,"turns":2.0},{"damage":0.0,"enemies":"Cultist and Chosen","floor":22.0,"turns":3.0},{"damage":2.0,"enemies":"Book of Stabbing","floor":24.0,"turns":2.0},{"damage":0.0,"enemies":"Masked Bandits","floor":27.0,"turns":2.0},{"damage":0.0,"enemies":"Snecko","floor":28.0,"turns":2.0},{"damage":9.0,"enemies":"Slavers","floor":30.0,"turns":2.0},{"damage":0.0,"enemies":"Shelled Parasite and Fungi","floor":31.0,"turns":2.0},{"damage":0.0,"enemies":"Automaton","floor":33.0,"turns":3.0},{"damage":0.0,"enemies":"3 Darklings","floor":35.0,"turns":2.0},{"damage":0.0,"enemies":"3 Darklings","floor":36.0,"turns":2.0},{"damage":0.0,"enemies":"3 Shapes","floor":37.0,"turns":1.0},{"damage":0.0,"enemies":"2 Orb Walkers","floor":38.0,"turns":2.0},{"damage":0,"enemies":"Reptomancer","floor":41,"turns":2},{"damage":0,"enemies":"Writhing Mass","floor":45,"turns":2},{"damage":0,"enemies":"Transient","floor":46,"turns":5},{"damage":0,"enemies":"Giant Head","floor":47,"turns":3},{"damage":0,"enemies":"Maw","floor":48,"turns":2},{"damage":0,"enemies":"Donu and Deca","floor":50,"turns":2}],"seed_played":"4728103701414758894","potions_obtained":[{"floor":2.0,"key":"Dexterity Potion"},{"floor":6.0,"key":"Fruit Juice"},{"floor":8.0,"key":"Energy Potion"},{"floor":11.0,"key":"ColorlessPotion"},{"floor":31.0,"key":"Dexterity Potion"},{"floor":33.0,"key":"Slimebound:SpawnSlimePotion"}],"is_trial":false,"path_per_floor":["M","M","?","$","M","E","R","E","T","?","M","R","?","M","R","B",null,"M","M","?","$","M","R","E","R","T","?","M","R","E","M","R","B",null,"M","?","M","?","$","R","E","R","T","R","M","M","E","M","R","B",null],"character_chosen":"SLIMEBOUND","items_purchased":["Slimebound:ItLooksTasty","Slimebound:Schlurp","Toxic Egg 2","Slimebound:OneTwoCombo","DollysMirror","War Paint"],"campfire_rested":0,"item_purchase_floors":[4,4,21,21,39,39],"current_hp_per_floor":[65,65,65,65,63,65,65,65,65,52,64,64,69,71,71,75,75,75,75,61,61,71,71,79,79,79,80,80,80,75,80,80,80,80,80,80,80,80,80,80,80,80,80,80,80,87,87,87,87,87],"gold":178,"neow_bonus":"","is_daily":true,"chose_seed":false,"campfire_upgraded":6,"win_rate":0.0,"timestamp":1614424503,"path_taken":["M","M","?","$","M","E","R","E","T","?","M","R","?","M","R","BOSS","M","M","?","$","M","R","E","R","T","?","M","R","E","M","R","BOSS","M","?","M","?","$","R","E","R","T","R","M","M","E","M","R","BOSS"],"items_purchased_type":["Card","Card","Relic","Card","Relic","Relic"],"build_version":"2020-12-22","purchased_purges":1,"victory":true,"max_hp_per_floor":[65,65,65,65,65,65,65,65,65,65,70,70,75,75,75,75,75,75,75,80,80,80,80,80,80,80,80,80,80,80,80,80,80,80,80,80,80,80,80,80,80,80,80,80,80,87,87,87,87,87],"card_choices":[{"not_picked":["Slimebound:SplitBruiser","Slimebound:FinishingTackle"],"picked":"Slimebound:PressTheAttack","floor":6.0},{"not_picked":["Slimebound:MegaLick","Slimebound:RollThrough"],"picked":"Slimebound:Overexert","floor":8.0},{"not_picked":["Slimebound:MassRepurpose","Slimebound:SlimeSlap"],"picked":"Slimebound:FirmFortitude","floor":16.0},{"not_picked":["Slimebound:FinishingTackle+1","Slimebound:RejuvenatingLick+1"],"picked":"Slimebound:Darklings+1","floor":24.0},{"not_picked":["Slimebound:SpikyOuterGoop","Slimebound:SlimeSpikes+1"],"picked":"Slimebound:HauntingLick+1","floor":27.0},{"not_picked":["Slimebound:SpikyOuterGoop","Slimebound:DuplicatedForm"],"picked":"Slimebound:PressTheAttack+1","floor":30.0},{"not_picked":["Slimebound:MassRepurpose+1","Slimebound:Darklings+1"],"picked":"Slimebound:OneTwoCombo+1","floor":33.0},{"not_picked":["Slimebound:HauntingLick+1","Slimebound:ComboTackle+1"],"picked":"Slimebound:SplitMire+1","floor":36.0},{"not_picked":["Slimebound:Grow+1","Slimebound:SamplingLick+1","Slimebound:LeechingTouch+1"],"picked":"SKIP","floor":41},{"not_picked":["Slimebound:ComboTackle+1","Slimebound:FinishingTackle+1"],"picked":"Slimebound:Recollect+1","floor":47}],"player_experience":719360,"relics_obtained":[{"floor":1.0,"key":"Nunchaku"},{"floor":2.0,"key":"Whetstone"},{"floor":5.0,"key":"Bronze Scales"},{"floor":6.0,"key":"StoneCalendar"},{"floor":8.0,"key":"Guardian:GemstoneGun"},{"floor":9.0,"key":"Happy Flower"},{"floor":11.0,"key":"Toy Ornithopter"},{"floor":14.0,"key":"InkBottle"},{"floor":18.0,"key":"Blood Vial"},{"floor":19.0,"key":"sneckomod:BlankCard"},{"floor":22.0,"key":"Juzu Bracelet"},{"floor":24.0,"key":"Molten Egg 2"},{"floor":26.0,"key":"MealTicket"},{"floor":27.0,"key":"Red Mask"},{"floor":28.0,"key":"Mummified Hand"},{"floor":30.0,"key":"Vajra"},{"floor":31.0,"key":"Peace Pipe"},{"floor":35.0,"key":"Slimebound:MaxSlimesRelic"},{"floor":37.0,"key":"Slimebound:StickyStick"},{"floor":38.0,"key":"Incense Burner"},{"floor":41,"key":"CeramicFish"},{"floor":43,"key":"Ancient Tea Set"},{"floor":45,"key":"Bird Faced Urn"},{"floor":46,"key":"Strawberry"},{"floor":47,"key":"bronze:BronzeIdol"},{"floor":48,"key":"Shuriken"}],"event_choices":[{"damage_healed":0.0,"max_hp_gain":0.0,"max_hp_loss":0.0,"gold_gain":175.0,"event_name":"Liars Game","player_choice":"AGREE","floor":3.0,"gold_loss":0.0,"damage_taken":0.0,"cards_obtained":["Doubt"]},{"damage_healed":0.0,"max_hp_gain":0.0,"max_hp_loss":0.0,"gold_gain":0.0,"event_name":"Shining Light","player_choice":"Entered Light","floor":10.0,"gold_loss":0.0,"damage_taken":13.0,"cards_upgraded":["Slimebound:SplitMire","Slimebound:Overexert"]},{"damage_healed":0.0,"max_hp_gain":5.0,"max_hp_loss":0.0,"gold_gain":0.0,"event_name":"Big Fish","player_choice":"Donut","floor":13.0,"gold_loss":0.0,"damage_taken":0.0},{"damage_healed":0.0,"max_hp_gain":5.0,"max_hp_loss":0.0,"gold_gain":0.0,"event_name":"Forgotten Altar","player_choice":"Shed Blood","floor":20.0,"gold_loss":0.0,"damage_taken":19.0},{"damage_healed":0.0,"max_hp_gain":0.0,"max_hp_loss":0.0,"gold_gain":0.0,"event_name":"Masked Bandits","player_choice":"Fought Bandits","floor":27.0,"gold_loss":0.0,"damage_taken":0.0},{"damage_healed":0.0,"max_hp_gain":0.0,"max_hp_loss":0.0,"gold_gain":0.0,"event_name":"Mysterious Sphere","player_choice":"Fight","floor":38.0,"gold_loss":0.0,"damage_taken":0.0}],"is_beta":false,"boss_relics":[{"not_picked":["Ectoplasm","Velvet Choker"],"picked":"SlaversCollar"},{"not_picked":["Runic Dome","Slimebound:TarBlob"],"picked":"Sozu"}],"items_purged_floors":[4],"is_endless":false,"potions_floor_spawned":[2,6,8,11,16,22,24,28,31,33,37,41,46,47,48],"ascension_level":0}}