{"host":"og21o26alpnbwmz8","time":1614456298,"event":{"mods":["2.2 Compatiblity","Act Like it!","Aspiration","BaseMod","Conspire","Downfall","Halation","Hallownest","Hubris","Jedi Mod","Library of Ruina","Mimic Mod","Minty Spire (QoL Compilation)","Pale of the Ancients","Reliquary","Replay The Spire","Ruina","Shop Mod","Spikes Relics","StSLib","The Alterego","The Animator","The Blue Laboratory","Waifu the Spire","Yuri Mod"],"gold_per_floor":[218,218,234,234,244,244,259,259,259,259,271,300,300,330,330,429,429,445,445,459,459,459,459,472,503,503,531,531,551,563,583,583,583,583],"floor_reached":33,"language":"ENG","playtime":1321,"items_purged":[],"score":372,"play_id":"2ebe1dde-28b1-4334-ae6c-62aea6f91a80","local_time":"20210227150458","is_ascension_mode":false,"campfire_choices":[{"data":"SunsetBlade","floor":6,"key":"SMITH"},{"data":"FrontalAssault","floor":8,"key":"SMITH"},{"data":"FocusedStrikes","floor":10,"key":"SMITH"},{"data":"SearingSword","floor":23,"key":"SMITH"},{"data":"FlamingDragonFist","floor":28,"key":"SMITH"},{"data":"LightDefense","floor":28,"key":"SMITH"},{"data":"LightDefense","floor":32,"key":"SMITH"},{"data":"LightDefense","floor":32,"key":"SMITH"}],"circlet_count":0,"master_deck":["Dodge","LightDefense+1","LightDefense+1","LightDefense+1","LightDefense","ChargeAndCover+1","FocusedStrikes+1","FrontalAssault+1","SunsetBlade+1","InnerArdor+1","FrontalAssault+1","TrashDisposal+1","SearingSword+1","Strike_G","Poisoned Stab","Backstab","ViolentFlame+1","FlamingDragonFist+1"],"relics":["PageOfLibrarian","Blue Candle","reliquary:SilkGlove","Runic Dome","reliquary:ExpiredCoupon","Tiny Chest","halation:PenCase"],"acts_visited":["Exordium","Hallownest:Greenpath"],"potions_floor_usage":[5,16,29],"damage_taken":[{"damage":5,"enemies":"2_ Uuma","floor":1,"turns":6},{"damage":2,"enemies":"Hallownest:monsterHuskGuard","floor":3,"turns":3},{"damage":0,"enemies":"Hallownest:2_Baldur","floor":5,"turns":5},{"damage":2,"enemies":"Hallownest:Wandering_and_Horned","floor":7,"turns":4},{"damage":16,"enemies":"Hallownest:1_Ooma_and_2_Uuma","floor":11,"turns":7},{"damage":0,"enemies":"Hallownest:eliteCrystalGuardian","floor":12,"turns":5},{"damage":19,"enemies":"Hallownest:eliteMossKnight","floor":14,"turns":7},{"damage":41,"enemies":"Hallownest:BossFalseKnight","floor":16,"turns":8},{"damage":9,"enemies":"ruina:BadWolf","floor":18,"turns":3},{"damage":0,"enemies":"ruina:2_Scarecrows","floor":20,"turns":3},{"damage":11,"enemies":"ruina:KingOfGreed","floor":24,"turns":4},{"damage":11,"enemies":"ruina:RoadHome","floor":25,"turns":3},{"damage":0,"enemies":"ruina:ServantOfWrath","floor":27,"turns":4},{"damage":3,"enemies":"ruina:KnightOfDespair","floor":29,"turns":3},{"damage":12,"enemies":"ruina:3_Scarecrows","floor":30,"turns":5},{"damage":0,"enemies":"ruina:QueenOfHate","floor":31,"turns":3},{"damage":42,"enemies":"ruina:Red_and_Wolf","floor":33,"turns":6}],"seed_played":"-6728777569909034168","potions_obtained":[{"floor":1,"key":"AttackPotion"},{"floor":11,"key":"Weak Potion"},{"floor":14,"key":"jedi:StrikingPotion"},{"floor":24,"key":"blueLaboratory:StoneskinPotion"},{"floor":25,"key":"blueLaboratory:PolymorphPotion"},{"floor":30,"key":"BlessingOfTheForge"}],"is_trial":false,"path_per_floor":["M","?","M","?","M","R","M","R","T","R","M","E","?","E","R","B",null,"M","?","M","?","?","R","M","E","T","E","R","M","M","M","R","B"],"character_chosen":"Librarian","items_purchased":[],"campfire_rested":0,"item_purchase_floors":[],"current_hp_per_floor":[55,55,53,53,68,68,67,67,67,67,54,55,46,27,45,4,70,65,35,39,47,47,47,46,39,39,49,49,46,38,38,38,0,0],"gold":583,"neow_bonus":"HUNDRED_GOLD","is_daily":false,"chose_seed":false,"campfire_upgraded":8,"win_rate":0.0,"timestamp":1614456298,"path_taken":["M","?","M","?","M","R","?","R","T","R","M","E","?","E","R","BOSS","M","?","M","?","?","R","M","E","T","E","R","M","M","?","R","BOSS"],"items_purchased_type":[],"build_version":"2020-12-22","purchased_purges":0,"victory":false,"max_hp_per_floor":[81,81,74,74,74,74,74,74,74,74,74,62,62,63,63,70,70,70,70,70,78,78,78,78,78,78,78,78,78,78,78,78,78,78],"card_choices":[{"not_picked":["Faith","QuickSuppression","PinpointShot"],"picked":"FrontalAssault","floor":1},{"not_picked":["ViolentFlame","ChargeUp","SinglePointStab"],"picked":"SunsetBlade","floor":3},{"not_picked":["WildCard","DefenseOrder","RushDown","SunsetBlade"],"picked":"SKIP","floor":5},{"not_picked":["EnergyStrike","MultiHit","MultiBlock"],"picked":"InnerArdor","floor":7},{"not_picked":["StructuralAnalysis","EnergyStrike","DefenseOrder","StrongStrike"],"picked":"SKIP","floor":11},{"not_picked":["CumulusWall","ForTheFamily","FervidEmotions"],"picked":"FrontalAssault","floor":12},{"not_picked":["SunsetBlade","BackstreetsDash","Bvapour","BulkyImpact"],"picked":"SKIP","floor":14},{"not_picked":["GroundSmash","ChargeUp"],"picked":"TrashDisposal","floor":16},{"not_picked":["SharpNails","PinpointShot","BulkyImpact","Disposal"],"picked":"SKIP","floor":18},{"not_picked":["QuickSuppression","GuidanceOfTheGears","Disposal"],"picked":"SearingSword","floor":20},{"not_picked":["PinpointShot+1","FleetEdge","SinglePointStab","BackstreetsDash"],"picked":"SKIP","floor":24},{"not_picked":["PinpointShot","Faith","AutonomousRush+1"],"picked":"ViolentFlame+1","floor":25},{"not_picked":["SkitterAway","UnavoidableGaze","SunsetBlade"],"picked":"FlamingDragonFist","floor":27},{"not_picked":["RatsGuideToSurvival","DefenseOrder","MultiHit","DarkCloud"],"picked":"SKIP","floor":29},{"not_picked":["ExtractFuel","ViolentFlame","AssaultOrder","RapidGashes"],"picked":"SKIP","floor":30},{"not_picked":["ShrineToMusic","StrongStrike","QuickSuppression+1","SinglePointStab"],"picked":"SKIP","floor":31}],"player_experience":374248,"relics_obtained":[{"floor":12,"key":"Blue Candle"},{"floor":14,"key":"reliquary:SilkGlove"},{"floor":25,"key":"reliquary:ExpiredCoupon"},{"floor":26,"key":"Tiny Chest"},{"floor":27,"key":"halation:PenCase"}],"event_choices":[],"is_beta":false,"boss_relics":[{"not_picked":["hubris:Backtick","Tiny House"],"picked":"Runic Dome"}],"items_purged_floors":[],"is_endless":false,"potions_floor_spawned":[1,11,14,24,25,27,30,31],"killed_by":"ruina:Red_and_Wolf","ascension_level":0}}