{"host":"npubv26u89aif4fa","time":1614414771,"event":{"mods":["Astrologer","BaseMod","Better Vampires","Better-Laid Plans","CapriCore","Colored Powertips","GifTheSpireLib","GungeonMod","HornydragonMod","Hubris","Jedi Mod","Library of Ruina","Library of Ruina Extra","Minty Spire (QoL Compilation)","Potionbrewer","Quick Restart","Remilia（蕾米莉亚）","Replay The Spire","StSLib","The Administrix","The Alterego","The Blackbeard","The Bug Knight","The Cursed","The Immortal","The Marked","The Runesmith","Yuri Mod","残留之物"],"gold_per_floor":[118,138,150,160,85,115,115,148,224,234,245,245,271,271,271,376,376,386,402,412,40,40,73,73,107,155,183,183,53,53,53,53,157,157,175,186,186,200,200,229,229,255,255,255,275,288,303,318,318,318,318,318,318,43,71,71],"floor_reached":57,"language":"ZHS","playtime":4509,"items_purged":["LightAttack","LightAttack","LightAttack","LightDefense"],"score":1840,"play_id":"c2b603c5-0e1f-46e7-8759-01f99f52d03b","local_time":"20210227163251","is_ascension_mode":true,"campfire_choices":[{"floor":7.0,"key":"RECALL"},{"data":"Replay:Parry","floor":12.0,"key":"SMITH"},{"data":"SturdyDefense","floor":15.0,"key":"SMITH"},{"data":"SearingSword","floor":24.0,"key":"SMITH"},{"data":"BalefulBrand","floor":28.0,"key":"SMITH"},{"data":"SilentMist","floor":30.0,"key":"SMITH"},{"data":"ForTheFamily","floor":32.0,"key":"SMITH"},{"data":"EmotionalTurbulence","floor":41.0,"key":"SMITH"},{"data":"FormingStorm","floor":49,"key":"SMITH"},{"data":"TheWillOfTheCity","floor":53,"key":"SMITH"}],"circlet_count":0,"master_deck":["Dodge","LightDefense","LightDefense","LightDefense","ChargeAndCover","FocusedStrikes","Replay:Parry+1","ToWhereThePrescriptPoints","Preparation","SwordOfVolition+1","PuppetBlockade","SturdyDefense+1","ForTheFamily+1","ViolentFlame","Marionette","BalefulBrand+1","JiaoTu","BalefulBrand","ScatteringSlash","Specialist","Secret Technique","SearingSword+1","ViolentFlame","SilentMist+1","EmotionalTurbulence+1","FieryDragonSlash","CoordinatedAssault","Fence","Madness","Madness","HandleRequest+1","TheWillOfTheCity+1","Amnesia","HardRehearsal+1","FormingStorm+1","SunsetBlade+1","jedi:forcepull"],"relics":["PageOfLibrarian","hubris:BundleOfHerbs","Turnip","Pen Nib","Sozu","Regal Pillow","Strawberry","Smiling Mask","Replay:Kaleidoscope","DemoMod:Metronome","Cursed Key","hubris:Icosahedron","hubris:TinFlute","PageOfTheQueenOfHatred","PageOfTheKnightOfDespair","ReplayTheSpireMod:TigerMarble","PageOfGreed"],"acts_visited":[],"potions_floor_usage":[],"damage_taken":[{"damage":1.0,"enemies":"Small Slimes","floor":1.0,"turns":4.0},{"damage":0.0,"enemies":"Cultist","floor":2.0,"turns":4.0},{"damage":0.0,"enemies":"Jaw Worm","floor":3.0,"turns":3.0},{"damage":0.0,"enemies":"Exordium Wildlife","floor":4.0,"turns":3.0},{"damage":0.0,"enemies":"Gremlin Nob","floor":6.0,"turns":3.0},{"damage":3.0,"enemies":"Lagavulin","floor":8.0,"turns":6.0},{"damage":0.0,"enemies":"2 Fungi Beasts","floor":10.0,"turns":2.0},{"damage":0.0,"enemies":"Looter","floor":11.0,"turns":4.0},{"damage":0.0,"enemies":"3 Sentries","floor":13.0,"turns":6.0},{"damage":18.0,"enemies":"Fading Forest","floor":16.0,"turns":11.0},{"damage":0.0,"enemies":"Chosen","floor":18.0,"turns":3.0},{"damage":0.0,"enemies":"2 Thieves","floor":19.0,"turns":3.0},{"damage":20.0,"enemies":"Sentry and Sphere","floor":20.0,"turns":6.0},{"damage":2.0,"enemies":"Book of Stabbing","floor":23.0,"turns":3.0},{"damage":6.0,"enemies":"Replay:Snechameleon","floor":25.0,"turns":2.0},{"damage":0.0,"enemies":"Gremlin Leader","floor":27.0,"turns":4.0},{"damage":4.0,"enemies":"Pondfish","floor":33.0,"turns":6.0},{"damage":0.0,"enemies":"3 Shapes","floor":35.0,"turns":3.0},{"damage":0.0,"enemies":"3 Darklings","floor":36.0,"turns":3.0},{"damage":8.0,"enemies":"4 Shapes","floor":38.0,"turns":4.0},{"damage":8.0,"enemies":"Reptomancer","floor":40.0,"turns":4.0},{"damage":22.0,"enemies":"Giant Head","floor":42.0,"turns":6.0},{"damage":5,"enemies":"Jaw Worm Horde","floor":45,"turns":4},{"damage":8,"enemies":"Sphere and 2 Shapes","floor":46,"turns":5},{"damage":0,"enemies":"Maw","floor":47,"turns":3},{"damage":0,"enemies":"3 Darklings","floor":48,"turns":5},{"damage":23,"enemies":"Awakened One","floor":50,"turns":8},{"damage":0,"enemies":"Shield and Spear","floor":55,"turns":5},{"damage":34,"enemies":"The Heart","floor":56,"turns":4}],"seed_played":"1920299747609100575","potions_obtained":[{"floor":4.0,"key":"Strength Potion"},{"floor":8.0,"key":"Cursed Concoction"},{"floor":11.0,"key":"Regen Potion"},{"floor":13.0,"key":"DemoMod:BlankPotion"},{"floor":16.0,"key":"Fire Potion"}],"is_trial":false,"path_per_floor":["M","M","M","M","$","E","R","E","T","M","M","R","E","?","R","B",null,"M","M","M","$","?","E","R","E","T","E","R","$","R","T","R","B",null,"M","M","?","M","?","E","R","E","T","?","M","M","M","M","R","B",null,null,"R","$","E","B",null],"character_chosen":"Librarian","items_purchased":["Specialist","Secret Technique","SilentMist","ReplayTheSpireMod:TigerMarble","jedi:forcepull"],"campfire_rested":0,"item_purchase_floors":[21,21,29,54,54],"current_hp_per_floor":[59,59,59,59,59,59,59,56,56,56,56,56,56,56,56,38,82,82,82,62,62,62,60,60,61,61,61,61,61,61,61,61,57,89,89,89,89,81,70,62,62,40,40,40,43,43,48,56,56,48,48,89,89,89,89,60],"gold":71,"neow_bonus":"RANDOM_COLORLESS","is_daily":false,"chose_seed":false,"campfire_upgraded":9,"win_rate":0.0,"timestamp":1614414771,"path_taken":["M","M","M","M","$","E","R","E","T","M","M","R","E","?","R","BOSS","M","M","?","$","?","E","R","E","T","E","R","?","R","?","R","BOSS","M","M","?","M","?","E","R","E","T","?","M","M","M","?","R","BOSS","R","$","E","BOSS"],"items_purchased_type":["Card","Card","Card","Relic","Card"],"build_version":"2020-12-22","purchased_purges":4,"victory":true,"max_hp_per_floor":[82,82,82,82,82,82,82,82,82,82,82,82,82,82,82,82,82,82,82,82,82,82,82,82,89,89,89,89,89,89,89,89,89,89,89,89,89,89,89,89,89,89,89,89,89,89,89,89,89,89,89,89,89,89,89,89],"card_choices":[{"not_picked":["hubris:Ssssneak","Good Instincts"],"picked":"Replay:Parry","floor":0.0},{"not_picked":["Decapitation","DirtyBlow","GrazeTheGrass","BulkyImpact","ClassAndRespect","SpearedSweep","Parry2","TendonChords"],"picked":"ToWhereThePrescriptPoints","floor":1.0},{"not_picked":["GoinFirst","SteelKnuckles","BladeWhirl","BackAttack","BiteOff","PreemptiveStrike","UpbeatPerformance","CoordinatedAssault"],"picked":"Preparation","floor":2.0},{"not_picked":["PreemptiveStrike","BlowItUp","GreatSerpentsImpact","ClassAndRespect","WrathOfTorment","GrazeTheGrass","Thirst","DesperateStruggle"],"picked":"SwordOfVolition","floor":3.0},{"not_picked":["FlyingSword","TimeForALittleTest","BiteOff","SpearedSweep","Reload","Riposte","Castigation","PreemptiveStrike"],"picked":"PuppetBlockade","floor":4.0},{"not_picked":["RapidGashes","StrongStrike","EnergyStrike","SweepTheBackstreets","Faith","Parry","Punishment","FocusFire"],"picked":"SturdyDefense","floor":6.0},{"not_picked":["SnakesPrey","SharpSwipe","DarkCloud","CleanUp","ViolentFlame","ShockRound","GuardingStance","Diversion"],"picked":"ForTheFamily","floor":8.0},{"not_picked":["TheWillOfTheCity","FervidEmotions","SpearedSweep","PreemptiveStrike","Standoff","MultiHit","BackAttack","BladeWhirl"],"picked":"ViolentFlame","floor":10.0},{"not_picked":["QuickAttack","TendonChords","SharpSwipe","FierceCharge","FlashingStrike","ExtractFuel","Thrust","ClassAndRespect","EndlessBattle"],"picked":"SKIP","floor":11.0},{"not_picked":["Preparation","Diversion","CumulusWall","Multislash","Wallop_lor","Outburst","SparkingSpear","YouOnlyLiveOnce"],"picked":"Marionette","floor":13.0},{"not_picked":["Transpierce","Disposal"],"picked":"BalefulBrand","floor":16.0},{"not_picked":["BiteOff","ChiWen+1","FrontalAssault","SharpSwipe","DarkCloud+1","Concentration","QuickAttack","EndlessBattle+1"],"picked":"JiaoTu","floor":18.0},{"not_picked":["NightInTheBackstreets","Wallop_lor+1","StrongStrike","Creak","Unlock1+1","SuppressingShot","QuickAttack+1","GrazeTheGrass+1"],"picked":"BalefulBrand","floor":19.0},{"not_picked":["SwordOfVolition","ExtremeEdge+1","Preparation","TheArtOfRapidSteps","DefenseOrder+1","SteelKnuckles","Multislash","StrongStrike+1"],"picked":"ScatteringSlash","floor":20.0},{"not_picked":["Multislash","Preparation+1","UpbeatPerformance+1","SpearedSweep+1","MultiBlock","Observe","Diversion","Standoff+1"],"picked":"SearingSword","floor":23.0},{"not_picked":["QuickSuppression","RhinoRam","FrontalAssault","Decapitation","Marionette","InnerArdor+1","HiddenBlade","ShrineToMusic"],"picked":"ViolentFlame","floor":25.0},{"not_picked":["FaintMemories","UpbeatPerformance","Retaliate+1","Eradication","CombatPreparation","Duel_lor","MultiHit","AsThePrescriptOrders","BizarreAttack"],"picked":"SKIP","floor":27.0},{"not_picked":["RepressedFlesh","MindCrush"],"picked":"EmotionalTurbulence","floor":33.0},{"not_picked":["Gigigig","SuppressingShot+1","QuickAttack","SharpSwipe+1","FleetFootsteps","EndlessBattle","UnavoidableGaze+1","Rampage_lor+1"],"picked":"FieryDragonSlash","floor":35.0},{"not_picked":["Endure+1","ScratchThat","SerpentSwordTechnique","EndlessBattle+1","EnergyShield+1","Thrust","YourShield+1","AsThePrescriptOrders+1"],"picked":"CoordinatedAssault","floor":36.0},{"not_picked":["Wallop_lor","LoosenUp","SnakesPrey","EnergyCycle+1","DefenseOrder+1","Overcharge+1","FleetEdge","EnergyConversion"],"picked":"Fence","floor":38.0},{"not_picked":["TimeForALittleTest","YouOnlyLiveOnce","YoureTooSlow+1","EnergyStrike+1","PinpointShot+1","TasteMyFlamingBat","Tailoring","EndlessBattle+1"],"picked":"HandleRequest+1","floor":40.0},{"not_picked":["BiteOff","FaintMemories","StrongStrike","ElectricShock","NonstopAssault","EnergyStrike+1","HandleRequest+1","WaitUp"],"picked":"TheWillOfTheCity","floor":42.0},{"not_picked":["BiAn+1","AGoldenOpportunity+1","Crush+1","StructuralAnalysis","BulkyImpact","ExtractFuel+1","SerpentSwordTechnique+1","GuardingStance"],"picked":"HardRehearsal+1","floor":45},{"not_picked":["BackAttack+1","Mutilate+1","StructuralAnalysis+1","SuppressingShot","QuickSuppression+1","GrazeTheGrass+1","Unlock1+1","DriedUp+1"],"picked":"FormingStorm","floor":46},{"not_picked":["MultiHit","HiddenBlade","UncannyStrike+1","GuidanceOfTheGears+1","ForTheFamily","StructuralAnalysis","PreemptiveStrike+1","EnergyShield"],"picked":"SunsetBlade+1","floor":47},{"not_picked":["SerpentSwordTechnique+1","Disposal","SmokingPipe","Rewind+1","QuickAttack","DesperateStruggle","UnforgettableMelody","EnergyCycle+1","Eject+1"],"picked":"SKIP","floor":48},{"not_picked":["SharpNails+1","KeepItFresh+1","HandleRequest+1","ForcefulGesture+1","BiteOff","QuickSuppression+1","Unlock1+1","UnavoidableGaze","GuardingStance+1"],"picked":"SKIP","floor":55},{"not_picked":["SharpNails+1","KeepItFresh+1","HandleRequest+1","ForcefulGesture+1","BiteOff","QuickSuppression+1","Unlock1+1","UnavoidableGaze","GuardingStance+1"],"picked":"SKIP","floor":55}],"player_experience":423793,"relics_obtained":[{"floor":6.0,"key":"hubris:BundleOfHerbs"},{"floor":8.0,"key":"Turnip"},{"floor":13.0,"key":"Pen Nib"},{"floor":22.0,"key":"Regal Pillow"},{"floor":25.0,"key":"Strawberry"},{"floor":26.0,"key":"Smiling Mask"},{"floor":27.0,"key":"Replay:Kaleidoscope"},{"floor":31.0,"key":"DemoMod:Metronome"},{"floor":40.0,"key":"hubris:TinFlute"},{"floor":42.0,"key":"PageOfTheQueenOfHatred"},{"floor":43.0,"key":"PageOfTheKnightOfDespair"},{"floor":55,"key":"PageOfGreed"}],"event_choices":[{"damage_healed":0.0,"max_hp_gain":0.0,"max_hp_loss":0.0,"gold_gain":0.0,"event_name":"Upgrade Shrine","player_choice":"Upgraded","floor":14.0,"gold_loss":0.0,"damage_taken":0.0,"cards_upgraded":["SwordOfVolition"]},{"damage_healed":0.0,"max_hp_gain":0.0,"max_hp_loss":0.0,"gold_gain":0.0,"event_name":"Winding Halls","player_choice":"Embrace Madness","floor":39.0,"gold_loss":0.0,"damage_taken":11.0,"cards_obtained":["Madness","Madness"]}],"is_beta":false,"boss_relics":[{"not_picked":["Black Star","Honey Jar"],"picked":"Sozu"},{"not_picked":["Astrolabe","ReplayTheSpireMod:DimensionalGlitch"],"picked":"Cursed Key"}],"items_purged_floors":[5,21,29,54],"is_endless":false,"potions_floor_spawned":[4,8,11,13,16,18,23,27,33,35,36,42,46],"ascension_level":3}}