{"host":"5ueuk67tsx07ylcu","time":1614385665,"event":{"mods":["Act Like it!","BaseMod","Colored Map","Colored Powertips","Downfall","Duelist Mod","GifTheSpireLib","GungeonMod","Hallownest","Hermit","Infinite Spire","Library of Ruina","Lobotomy","Minty Spire (QoL Compilation)","Reliquary","Ruina","StSLib","The Animator"],"gold_per_floor":[117,117,131,149,167,193,193,227,252,278,278,203,215,75,75,178,178,198,213,88,99,99,125,125,125,125],"floor_reached":25,"language":"ENG","playtime":1525,"items_purged":["Defend_R","Defend_R","Strike_R"],"score":254,"play_id":"4a74fc35-6ad1-4e94-b477-a61c1bde3145","local_time":"20210226192745","is_ascension_mode":true,"campfire_choices":[{"floor":15,"key":"RECALL"},{"floor":24,"key":"REST"}],"circlet_count":0,"master_deck":["Strike_R","Strike_R","Strike_R","Defend_R","Defend_R","Bash","Impervious","Pummel","Ghostly Armor","Entrench","Clash","Corruption","Fiend Fire","Rage","Reckless Charge","Rampage+1","Reaper","Flame Barrier","Metallicize","Metallicize+1"],"relics":["Burning Blood","reliquary:PurpleTingedLeaf","PageOfGreed","PageOfTheQueenOfHatred","PageOfTheKnightOfDespair","Fusion Hammer","PageOfWrath"],"acts_visited":["Exordium","TheCity"],"potions_floor_usage":[6,8,16,23,23],"damage_taken":[{"damage":6,"enemies":"Jaw Worm","floor":1,"turns":5},{"damage":6,"enemies":"Cultist","floor":3,"turns":4},{"damage":3,"enemies":"2 Louse","floor":4,"turns":3},{"damage":21,"enemies":"Exordium Wildlife","floor":5,"turns":7},{"damage":35,"enemies":"Gremlin Nob","floor":6,"turns":6},{"damage":25,"enemies":"3 Sentries","floor":8,"turns":9},{"damage":0,"enemies":"2 Fungi Beasts","floor":13,"turns":3},{"damage":10,"enemies":"Slime Boss","floor":16,"turns":8},{"damage":12,"enemies":"Chosen","floor":18,"turns":5},{"damage":8,"enemies":"Spheric Guardian","floor":19,"turns":5},{"damage":6,"enemies":"3 Cultists","floor":21,"turns":7},{"damage":23,"enemies":"Book of Stabbing","floor":23,"turns":7},{"damage":102,"enemies":"Gremlin Leader","floor":25,"turns":6}],"seed_played":"-7786502285523216085","potions_obtained":[{"floor":4,"key":"Regen Potion"},{"floor":6,"key":"PowerPotion"},{"floor":13,"key":"Strength Potion"},{"floor":18,"key":"ElixirPotion"},{"floor":19,"key":"PowerPotion"},{"floor":23,"key":"Dexterity Potion"}],"is_trial":false,"path_per_floor":["M","?","M","M","M","E","?","E","T","T","?","$","M","$","R","B",null,"M","M","$","M","?","E","R","E"],"character_chosen":"IRONCLAD","items_purchased":["Rampage"],"campfire_rested":1,"item_purchase_floors":[14],"current_hp_per_floor":[80,80,80,80,65,51,48,30,30,30,35,35,44,44,44,50,85,85,85,85,85,85,77,85,0,0],"gold":125,"neow_bonus":"ONE_RANDOM_RARE_CARD","is_daily":false,"chose_seed":false,"campfire_upgraded":0,"win_rate":0.0,"timestamp":1614385665,"path_taken":["M","?","M","M","?","E","?","E","T","?","?","$","M","$","R","BOSS","M","M","$","M","?","E","R","E"],"items_purchased_type":["Card"],"build_version":"2020-12-22","purchased_purges":3,"victory":false,"max_hp_per_floor":[80,80,80,80,80,80,80,80,80,80,85,85,85,85,85,85,85,85,85,85,85,85,85,85,85,85],"card_choices":[{"not_picked":["Twin Strike","Wild Strike"],"picked":"Pummel","floor":1},{"not_picked":["Iron Wave","Second Wind"],"picked":"Entrench","floor":3},{"not_picked":["Sever Soul","Anger"],"picked":"Clash","floor":4},{"not_picked":["Seeing Red","Pommel Strike"],"picked":"Corruption","floor":5},{"not_picked":["Twin Strike","Hemokinesis"],"picked":"Fiend Fire","floor":6},{"not_picked":["Dark Embrace","Fire Breathing"],"picked":"Rage","floor":8},{"not_picked":["Twin Strike","Carnage"],"picked":"Reckless Charge","floor":13},{"not_picked":["Double Tap","Immolate"],"picked":"Reaper","floor":16},{"not_picked":["Wild Strike+1","Warcry","Headbutt"],"picked":"SKIP","floor":18},{"not_picked":["Flex+1","Wild Strike"],"picked":"Flame Barrier","floor":19},{"not_picked":["Sword Boomerang","Shrug It Off+1"],"picked":"Metallicize","floor":21},{"not_picked":["True Grit+1","Clash"],"picked":"Metallicize+1","floor":23}],"player_experience":363722,"relics_obtained":[{"floor":6,"key":"reliquary:PurpleTingedLeaf"},{"floor":8,"key":"PageOfTheQueenOfHatred"},{"floor":10,"key":"PageOfTheKnightOfDespair"},{"floor":23,"key":"PageOfWrath"}],"event_choices":[{"damage_healed":0,"gold_gain":0,"cards_transformed":["Strike_R"],"player_choice":"Transformed","damage_taken":0,"max_hp_gain":0,"max_hp_loss":0,"event_name":"Transmorgrifier","floor":2,"gold_loss":0,"cards_obtained":["Ghostly Armor"]},{"damage_healed":0,"gold_gain":0,"player_choice":"Success","damage_taken":3,"relics_obtained":["PageOfGreed"],"max_hp_gain":0,"max_hp_loss":0,"event_name":"Scrap Ooze","floor":7,"gold_loss":0},{"damage_healed":0,"gold_gain":0,"player_choice":"Donut","damage_taken":0,"max_hp_gain":5,"max_hp_loss":0,"event_name":"Big Fish","floor":11,"gold_loss":0},{"damage_healed":0,"gold_gain":0,"player_choice":"Upgraded","damage_taken":0,"max_hp_gain":0,"max_hp_loss":0,"event_name":"Upgrade Shrine","floor":22,"gold_loss":0,"cards_upgraded":["Rampage"]}],"is_beta":false,"boss_relics":[{"not_picked":["reliquary:WritOfMandamus","reliquary:RedPaperclip"],"picked":"Fusion Hammer"}],"items_purged_floors":[12,14,20],"is_endless":false,"potions_floor_spawned":[4,6,13,18,19,23],"killed_by":"Gremlin Leader","ascension_level":2}}