{"host":"emzatosnsokm6754","time":1614438955,"event":{"mods":["Act Like it!","BaseMod","Bossed Relics","Colored Powertips","Dota2Spire","Energized Spire","Minty Spire (QoL Compilation)","Rare Cards Sparkle","Replay The Spire","Ruina","Small Relic Pack","StSLib","The Hierophant","The Servant 0.9.4"],"gold_per_floor":[112,112,112,112,37,37,51,51,132,147,147,45,45,45,150,281,281,294,294,314,111,111,111,111,111],"floor_reached":24,"language":"ENG","playtime":573,"items_purged":["Regret","Strike_S"],"score":180,"play_id":"12b850a4-1ca3-452c-b9c9-7754d4b81f70","local_time":"20210228041555","is_ascension_mode":false,"campfire_choices":[{"data":"Strike_S","floor":6,"key":"SMITH"},{"data":"Potential","floor":8,"key":"SMITH"},{"data":"Potential","floor":11,"key":"SMITH"},{"data":"Exchange","floor":13,"key":"SMITH"},{"floor":23,"key":"REST"}],"circlet_count":0,"master_deck":["Strike_S","Strike_S+1","Defend_S+1","Defend_S","Defend_S","Defend_S","KidneyShot","Exchange+1","Potential+1","Potential+1","PendulumOfEternity+1","RealityMarble+1","TimeWarp"],"relics":["Uniform","Bag of Marbles","Golden Idol","Mummified Hand","relicPack:AllForOne","Ring of Chaos","Membership Card","Replay:Wax Seal"],"acts_visited":["Exordium","ruina:Briah"],"potions_floor_usage":[16],"damage_taken":[{"damage":2,"enemies":"2 Louse","floor":1,"turns":3},{"damage":5,"enemies":"Small Slimes","floor":7,"turns":3},{"damage":0,"enemies":"Cultist","floor":10,"turns":4},{"damage":43,"enemies":"Hexaghost","floor":16,"turns":11},{"damage":21,"enemies":"ruina:BadWolf","floor":18,"turns":6},{"damage":22,"enemies":"ruina:Nosferatu","floor":20,"turns":4},{"damage":52,"enemies":"ruina:Mountain","floor":24,"turns":4}],"seed_played":"-8088698195229329191","potions_obtained":[{"floor":7,"key":"SkillPotion"},{"floor":18,"key":"FairyPotion"}],"is_trial":false,"path_per_floor":["M","?","?","?","$","R","M","R","T","M","R","$","R","?","R","B",null,"M","?","M","$","T","R","E"],"character_chosen":"THE_SERVANT","items_purchased":["PendulumOfEternity+1","Membership Card"],"campfire_rested":1,"item_purchase_floors":[12,21],"current_hp_per_floor":[63,63,47,65,65,65,60,60,60,60,60,60,60,60,60,17,65,44,38,16,16,16,35,7,7],"gold":111,"neow_bonus":"UPGRADE_CARD","is_daily":false,"chose_seed":false,"campfire_upgraded":4,"win_rate":0.0,"timestamp":1614438955,"path_taken":["M","?","?","?","$","R","M","R","T","?","R","$","R","?","R","BOSS","M","?","M","$","?","R","E"],"items_purchased_type":["Card","Relic"],"build_version":"2020-12-22","purchased_purges":2,"victory":false,"max_hp_per_floor":[65,65,65,65,65,65,65,65,65,65,65,65,65,65,65,65,65,65,65,65,65,65,65,65,65],"card_choices":[{"not_picked":["Ricochet","ShatteredReality","Sabotage"],"picked":"SKIP","floor":1},{"not_picked":["Rearm","Spin"],"picked":"Potential","floor":7},{"not_picked":["Starlight","BottledTime"],"picked":"Potential","floor":10},{"not_picked":["Replace","BestPractice","FastForward"],"picked":"SKIP","floor":18},{"not_picked":["Alleviate","Contraction"],"picked":"TimeWarp","floor":20}],"player_experience":237893,"relics_obtained":[{"floor":9,"key":"Mummified Hand"},{"floor":22,"key":"Replay:Wax Seal"}],"event_choices":[{"damage_healed":0,"gold_gain":0,"player_choice":"Box","damage_taken":0,"relics_obtained":["Bag of Marbles"],"max_hp_gain":0,"max_hp_loss":0,"event_name":"Big Fish","floor":2,"gold_loss":0,"cards_obtained":["Regret"]},{"damage_healed":0,"gold_gain":0,"player_choice":"Take Damage","damage_taken":16,"relics_obtained":["Golden Idol"],"max_hp_gain":0,"max_hp_loss":0,"event_name":"Golden Idol","floor":3,"gold_loss":0},{"damage_healed":18,"gold_gain":0,"player_choice":"Full Heal","damage_taken":0,"max_hp_gain":0,"max_hp_loss":0,"event_name":"Wheel of Change","floor":4,"gold_loss":0}],"is_beta":false,"boss_relics":[{"not_picked":["Runic Dome","energizedSpire:RedRose"],"picked":"Ring of Chaos"}],"items_purged_floors":[5,21],"is_endless":false,"potions_floor_spawned":[7,18],"killed_by":"ruina:Mountain","ascension_level":0}}