{"host":"syozzdlzcqop4jia","time":1614389219,"event":{"mods":["AchievementEnabler","BaseMod","Colored Map","Colored Powertips","Minty Spire (QoL Compilation)","Quick Restart"],"gold_per_floor":[117,117,117,135,135,135,146,146,222,240,266,279,291,291,291,291,291],"floor_reached":16,"language":"ENG","playtime":460,"items_purged":[],"score":112,"play_id":"4deb659b-d455-4ddf-bac4-54cfaa6c779d","local_time":"20210227022659","is_ascension_mode":true,"campfire_choices":[{"data":"Defragment","floor":6,"key":"SMITH"},{"data":"Lockon","floor":8,"key":"SMITH"},{"floor":15,"key":"REST"}],"circlet_count":0,"master_deck":["Strike_B","Strike_B","Strike_B","Strike_B","Defend_B","Defend_B","Defend_B","Zap","Dualcast","Defragment+1","Lockon+1","Hyperbeam","Ball Lightning","Ball Lightning","Sunder","Hologram"],"relics":["Cracked Core","Strawberry"],"acts_visited":["Exordium"],"potions_floor_usage":[13,16],"damage_taken":[{"damage":2,"enemies":"Jaw Worm","floor":1,"turns":3},{"damage":0,"enemies":"Small Slimes","floor":4,"turns":4},{"damage":1,"enemies":"Cultist","floor":7,"turns":4},{"damage":12,"enemies":"2 Fungi Beasts","floor":10,"turns":3},{"damage":8,"enemies":"Gremlin Nob","floor":11,"turns":3},{"damage":11,"enemies":"Looter","floor":12,"turns":2},{"damage":26,"enemies":"Exordium Thugs","floor":13,"turns":3},{"damage":49,"enemies":"Hexaghost","floor":16,"turns":7}],"seed_played":"-8920690941296153264","potions_obtained":[{"floor":10,"key":"Swift Potion"},{"floor":11,"key":"Fire Potion"},{"floor":13,"key":"EssenceOfSteel"}],"is_trial":false,"path_per_floor":["M","?","?","M","$","R","M","R","T","M","E","M","M","?","R","B"],"character_chosen":"DEFECT","items_purchased":[],"campfire_rested":1,"item_purchase_floors":[],"current_hp_per_floor":[80,80,73,73,73,73,72,72,72,60,59,48,22,22,48,0,0],"gold":291,"neow_bonus":"TEN_PERCENT_HP_BONUS","is_daily":false,"chose_seed":false,"campfire_upgraded":2,"win_rate":0.0,"timestamp":1614389219,"path_taken":["M","?","?","M","$","R","M","R","T","M","E","M","M","?","R","BOSS"],"items_purchased_type":[],"build_version":"2020-12-22","purchased_purges":0,"victory":false,"max_hp_per_floor":[82,82,82,82,82,82,82,82,82,82,89,89,89,89,89,89,89],"card_choices":[{"not_picked":["Coolheaded","Static Discharge"],"picked":"Defragment","floor":1},{"not_picked":["Coolheaded","Beam Cell","Compile Driver"],"picked":"SKIP","floor":4},{"not_picked":["Genetic Algorithm","Loop"],"picked":"Lockon","floor":7},{"not_picked":["Double Energy","Go for the Eyes"],"picked":"Hyperbeam","floor":10},{"not_picked":["Capacitor","Compile Driver"],"picked":"Ball Lightning","floor":11},{"not_picked":["Redo","Aggregate"],"picked":"Ball Lightning","floor":12},{"not_picked":["Barrage","Hologram"],"picked":"Sunder","floor":13}],"player_experience":741636,"relics_obtained":[{"floor":11,"key":"Strawberry"}],"event_choices":[{"damage_healed":0,"gold_gain":0,"player_choice":"Ignored","damage_taken":0,"max_hp_gain":0,"max_hp_loss":0,"event_name":"Golden Idol","floor":2,"gold_loss":0},{"cards_removed":["Defend_B"],"damage_healed":0,"gold_gain":0,"player_choice":"Card Removal","damage_taken":7,"max_hp_gain":0,"max_hp_loss":0,"event_name":"Golden Wing","floor":3,"gold_loss":0},{"damage_healed":0,"gold_gain":0,"player_choice":"1 cards matched","damage_taken":0,"max_hp_gain":0,"max_hp_loss":0,"event_name":"Match and Keep!","floor":14,"gold_loss":0,"cards_obtained":["Hologram"]}],"is_beta":false,"boss_relics":[],"items_purged_floors":[],"is_endless":false,"potions_floor_spawned":[10,11,13],"killed_by":"Hexaghost","ascension_level":2}}