{"host":"fortuna","time":1614449945,"event":{"mods":["100% Spire Juice","Act Like it!","BaseMod","CapriCore","Gensokyo","Hallownest","Koishi","Minty Spire (QoL Compilation)","MostiFishMod","Reimu£®≤©¿ˆ¡È√Œ£©","Relic Stats","StSLib","The Alterego","The Animator","The Bug Knight","The Immortal","The Senshi","Waifu the Spire","Yakumo Yukari mod"],"gold_per_floor":[139,139,139,152,152,182,212,262,287,296,316,341,341,54,54,159,159,171,171,171,197,213,241,241,252,277,302,102,217,252,252,252,350,350,364,195,195,211,211,211,35,85,109,124,154,154,179,179,179,179,179,179,1,35,35],"floor_reached":56,"language":"ZHS","playtime":2336,"items_purged":["Defend_purpleEX+1"],"score":2052,"play_id":"6e6358aa-7bc8-4295-bf66-fadee80e3936","local_time":"20210228021905","is_ascension_mode":true,"campfire_choices":[{"data":"ContainerChange_purple","floor":13.0,"key":"SMITH"},{"floor":15.0,"key":"REST"},{"data":"Mirror_FourBoundary_purple","floor":24.0,"key":"SMITH"},{"data":"GluttonyofRealm_purpleEX","floor":32.0,"key":"SMITH"},{"floor":40.0,"key":"RECALL"},{"data":"RuptureOfTimeAndSpace_purple","floor":46.0,"key":"SMITH"},{"floor":49.0,"key":"REST"},{"floor":52.0,"key":"REST"}],"circlet_count":0,"master_deck":["AT_purpleEX+1","AT_purpleEX+1","AT_purpleEX+1","AT_purpleEX+1","Defend_purpleEX+1","Observe_purple_1+1","Observe_purple_2+1","DimensionStaggered_purple+1","Mirror_Drifter_purple+1","DimensionStaggered_purple+1","SharpContractionReality_purple+1","DimensionStaggered_purple+1","ContainerChange_purple+1","Umbrella_purple+1","Umbrella_purple+1","WingOfChimera_purple+1","GluttonyofRealm_purpleEX+1","PurpleNeedle_purple+1","Mirror_FourBoundary_purple+1","Umbrella_purple+1","Line_surface_state_purple+1","Extrememeaning_purpleEX+1","ExternalForce_HighSpeedFlying_purple+1","Mirror_FourBoundary_purple+1","Monsters_DoubleDeathButterfly_purple+1","ExternalForce_HighSpeedFlying_purple+1","SfantasyHide_purple+1","GluttonyofRealm_purpleEX+1","StateErode_purple+1","MostiFishMod:ButterFly+1","MeetDecomposer_purple+1","DistantPastFriend_purple+1","ProofOfUnderstanding_purple+1","MostiFishMod:MusicBox+1","RuptureOfTimeAndSpace_purple+1","CommonSense_AntiCommonSense_purple+1","StretchesForeverDream_purple+1","Mayhem+1"],"relics":["Boundary_crack","Memoryfragments_purpleEX","DaveBox","Vajra","NightmareShop","SynthV:TestCard","HollowMod:PaleOreRelic","Juzu Bracelet","PreservedInsect","Turnip","HollowDreamFlower","SentryEyes","Philosopher\u0027s Stone","War Paint","Matryoshka","Antimatter_spacedebris","Frozen Egg 2","Thread and Needle","Mummified Hand","Astrolabe","Gambling Chip","Regal Pillow","Ancient Tea Set","Centennial Puzzle","Toy Ornithopter","Letter Opener"],"acts_visited":["Exordium","TheCity","TheBeyond","TheEnding"],"potions_floor_usage":[55,55,55],"damage_taken":[{"damage":6.0,"enemies":"2 Louse","floor":1.0,"turns":3.0},{"damage":6.0,"enemies":"Small Slimes","floor":4.0,"turns":4.0},{"damage":47.0,"enemies":"Gremlin Nob","floor":6.0,"turns":6.0},{"damage":2.0,"enemies":"Cultist","floor":7.0,"turns":4.0},{"damage":11.0,"enemies":"Lagavulin","floor":8.0,"turns":7.0},{"damage":4.0,"enemies":"3 Sentries","floor":10.0,"turns":5.0},{"damage":1.0,"enemies":"Blue Slaver","floor":11.0,"turns":3.0},{"damage":6.0,"enemies":"HollowMod:MossKnight","floor":12.0,"turns":7.0},{"damage":0.0,"enemies":"Hexaghost","floor":16.0,"turns":6.0},{"damage":0.0,"enemies":"Chosen","floor":18.0,"turns":2.0},{"damage":0.0,"enemies":"Sentry and Sphere","floor":22.0,"turns":3.0},{"damage":12.0,"enemies":"HollowMod:Nosk","floor":23.0,"turns":3.0},{"damage":0.0,"enemies":"Snake Plant","floor":25.0,"turns":2.0},{"damage":0.0,"enemies":"Shelled Parasite and Fungi","floor":27.0,"turns":2.0},{"damage":0.0,"enemies":"Colosseum Slavers","floor":29.0,"turns":2.0},{"damage":0.0,"enemies":"Colosseum Nobs","floor":29.0,"turns":2.0},{"damage":0.0,"enemies":"Cultist and Chosen","floor":30.0,"turns":2.0},{"damage":0.0,"enemies":"Collector","floor":33.0,"turns":4.0},{"damage":0.0,"enemies":"Orb Walker","floor":35.0,"turns":2.0},{"damage":0.0,"enemies":"3 Darklings","floor":38.0,"turns":2.0},{"damage":12.0,"enemies":"3 Darklings","floor":39.0,"turns":11.0},{"damage":0.0,"enemies":"Mind Bloom Boss Battle","floor":42.0,"turns":2.0},{"damage":0.0,"enemies":"Transient","floor":44.0,"turns":4.0},{"damage":0.0,"enemies":"Giant Head","floor":45.0,"turns":2.0},{"damage":0.0,"enemies":"HollowMod:StalkingDevout","floor":47.0,"turns":2.0},{"damage":0.0,"enemies":"Time Eater","floor":50.0,"turns":3.0},{"damage":0.0,"enemies":"Shield and Spear","floor":54.0,"turns":2.0},{"damage":46,"enemies":"The Heart","floor":55,"turns":4}],"seed_played":"-3760093498726853888","potions_obtained":[{"floor":4.0,"key":"FearPotion"},{"floor":6.0,"key":"Block Potion"},{"floor":8.0,"key":"Ancient Potion"},{"floor":11.0,"key":"BlessingOfTheForge"},{"floor":22.0,"key":"LiquidMemories"},{"floor":54.0,"key":"LiquidMemories"}],"is_trial":false,"path_per_floor":["M","?","?","M","?","E","M","E","T","E","M","E","R","$","R","B",null,"M","?","?","T","M","E","R","M","T","M","?","?","M","?","R","B",null,"M","$","?","M","?","R","$","?","T","M","E","R","E","?","R","B",null,"R","$","E","B",null],"character_chosen":"Youkari","items_purchased":["SentryEyes","MostiFishMod:ButterFly","MostiFishMod:MusicBox+1","Mayhem+1"],"campfire_rested":3,"item_purchase_floors":[14,36,41,53],"current_hp_per_floor":[58,58,58,57,57,13,16,8,8,8,12,11,11,11,32,37,62,66,66,66,66,70,65,65,73,73,73,73,73,76,67,67,73,75,80,80,80,80,80,80,80,80,80,80,80,80,80,76,76,76,76,76,76,84,84],"gold":35,"neow_bonus":"RANDOM_COMMON_RELIC","is_daily":false,"chose_seed":false,"campfire_upgraded":4,"win_rate":0.0,"timestamp":1614449945,"path_taken":["M","?","?","?","?","E","M","E","T","E","M","E","R","?","R","BOSS","M","?","?","?","M","E","R","M","T","M","?","?","M","?","R","BOSS","M","$","?","M","?","R","?","?","T","M","E","R","E","?","R","BOSS","R","$","E","BOSS"],"items_purchased_type":["Relic","Card","Card","Card"],"build_version":"2020-12-18","purchased_purges":1,"victory":true,"max_hp_per_floor":[70,70,70,70,70,70,70,70,70,70,70,70,70,70,70,70,70,70,70,70,70,70,73,73,73,73,73,73,73,76,76,76,76,76,80,80,80,80,80,80,80,80,80,80,80,80,80,76,76,76,76,76,76,84,84],"relic_stats":{"Regal Pillow":0,"counters":[28,100],"Astrolabe":["ExternalForce_HighSpeedFlying_purple","SfantasyHide_purple","GluttonyofRealm_purpleEX"],"PreservedInsect":353,"Juzu Bracelet":1,"Letter Opener":[5],"War Paint":["OpenedBox_purple","DimensionStaggered_purple"],"Centennial Puzzle":[3],"Mummified Hand":[76],"Gambling Chip":[5],"Turnip":[7],"obtain_stats":[{"Regal Pillow":43,"DaveBox":0,"Antimatter_spacedebris":26,"Vajra":0,"Juzu Bracelet":8,"Ancient Tea Set":43,"Centennial Puzzle":45,"Matryoshka":23,"NightmareShop":0,"Mummified Hand":29,"Gambling Chip":42,"Philosopher\u0027s Stone":17,"HollowMod:PaleOreRelic":6,"HollowDreamFlower":12,"Astrolabe":34,"Thread and Needle":29,"PreservedInsect":9,"Boundary_crack":0,"Letter Opener":54,"War Paint":21,"Frozen Egg 2":28,"SynthV:TestCard":1,"SentryEyes":14,"Turnip":10,"Toy Ornithopter":47,"Memoryfragments_purpleEX":0},{"Regal Pillow":22,"DaveBox":0,"Antimatter_spacedebris":13,"Vajra":0,"Juzu Bracelet":5,"Ancient Tea Set":22,"Centennial Puzzle":24,"Matryoshka":12,"NightmareShop":0,"Mummified Hand":16,"Gambling Chip":22,"Philosopher\u0027s Stone":9,"HollowMod:PaleOreRelic":3,"HollowDreamFlower":8,"Astrolabe":18,"Thread and Needle":16,"PreservedInsect":5,"Boundary_crack":0,"Letter Opener":27,"War Paint":10,"Frozen Egg 2":14,"SynthV:TestCard":1,"SentryEyes":8,"Turnip":6,"Toy Ornithopter":25,"Memoryfragments_purpleEX":0},{"Regal Pillow":83,"DaveBox":0,"Antimatter_spacedebris":54,"Vajra":0,"Juzu Bracelet":24,"Ancient Tea Set":83,"Centennial Puzzle":89,"Matryoshka":52,"NightmareShop":0,"Mummified Hand":60,"Gambling Chip":83,"Philosopher\u0027s Stone":45,"HollowMod:PaleOreRelic":13,"HollowDreamFlower":39,"Astrolabe":66,"Thread and Needle":60,"PreservedInsect":24,"Boundary_crack":0,"Letter Opener":96,"War Paint":47,"Frozen Egg 2":56,"SynthV:TestCard":3,"SentryEyes":39,"Turnip":29,"Toy Ornithopter":91,"Memoryfragments_purpleEX":0}],"Toy Ornithopter":15},"card_choices":[{"not_picked":["Bait_Toxicbait_purple","ExistenceContinue_purple"],"picked":"DimensionStaggered_purple","floor":1.0},{"not_picked":["RuleDissolution_purple","WeekHit_purple","Worldmountain_purple","Yakumo_Ran_purple"],"picked":"Mirror_Drifter_purple","floor":4.0},{"not_picked":["StateDuplicate_purple","Anti_communist_purple","Umbrella_purple","Mirror_FormAndEmptin_purple"],"picked":"OpenedBox_purple","floor":6.0},{"not_picked":["Realm_recovery_purpleEX","MeetDecomposer_purple","ExistenceContinue_purple","DimensionStaggered_purple"],"picked":"ContainerChange_purple","floor":7.0},{"not_picked":["StateErode_purple","SfantasyHide_purple","ExistenceContinue_purple","Worldmountain_purple"],"picked":"Umbrella_purple","floor":8.0},{"not_picked":["Mirror_Drifter_purple","Line_surface_state_purple","Boundary_DreamRealityDamnation_purple","WatchEChange_purple","RealityDreamConfluencek_purple"],"picked":"SKIP","floor":10.0},{"not_picked":["Charmbait_purple","SharpContractionReality_purple","Mirror_FormAndEmptin_purple","Boundary_of_Extermination_purpleEX"],"picked":"Umbrella_purple","floor":11.0},{"not_picked":["Yakumo_Ran_purple","Line_surface_state_purple","RuleDissolution_purple","Worldmountain_purple"],"picked":"WingOfChimera_purple","floor":12.0},{"not_picked":["Theboundaryofcreation_purpleEX","Computing_the_future_purpleEX","UniverseChoice_purple","Fancifulhole_purple"],"picked":"GluttonyofRealm_purpleEX","floor":16.0},{"not_picked":["OmniscientAndOmnipotent_Monster_purple","DimensionStaggered_purple","DarkRealmRedLine_purple","AdvanceAttack_purple+1"],"picked":"PurpleNeedle_purple+1","floor":18.0},{"not_picked":["RealityDreamConfluencek_purple","Line_surface_state_purple+1","AdvanceAttack_purple","Boundary_DreamRealityDamnation_purple"],"picked":"Umbrella_purple","floor":22.0},{"not_picked":["ButterflyHabitatTemple_purple","Nest_LightFlightworm_purple","Mirror_Drifter_purple+1","ExistenceContinue_purple+1"],"picked":"Line_surface_state_purple+1","floor":23.0},{"not_picked":["Mirror_FormAndEmptin_purple","RuleDissolution_purple","Charmbait_purple","OmniscientAndOmnipotent_Monster_purple","Umbrella_purple"],"picked":"SKIP","floor":25.0},{"not_picked":["MeetDecomposer_purple","Anti_communist_purple","SfantasyHide_purple","ExistenceContinue_purple+1"],"picked":"Extrememeaning_purpleEX+1","floor":27.0},{"not_picked":["WorldDissolvedintheRealm_purple","MNeedle_purple","Boundary_LifeAndDeath_purple","StateErode_purple+1"],"picked":"ExternalForce_HighSpeedFlying_purple+1","floor":29.0},{"not_picked":["SfantasyHide_purple","Yakumo_Ran_purple","MeetDecomposer_purple","Realm_recovery_purpleEX"],"picked":"Mirror_FourBoundary_purple+1","floor":30.0},{"not_picked":["Fancifulhole_purple","WangLiang_LineAndCurveDreams_purple+1","Theboundaryofcreation_purpleEX","UniverseChoice_purple+1"],"picked":"Monsters_DoubleDeathButterfly_purple+1","floor":33.0},{"not_picked":["DimensionStaggered_purple","Worldmountain_purple+1","SharpContractionReality_purple+1","Fantasy_PerpetualMotionMachine_purple+1"],"picked":"StateErode_purple+1","floor":35.0},{"not_picked":["Realm_recovery_purpleEX","Worldmountain_purple+1","Price_of_realm_purpleEX","WatchEChange_purple+1"],"picked":"MeetDecomposer_purple","floor":38.0},{"not_picked":["AdvanceAttack_purple+1","Line_surface_state_purple","MeetDecomposer_purple+1","Fantasy_PerpetualMotionMachine_purple+1"],"picked":"ProofOfUnderstanding_purple+1","floor":39.0},{"not_picked":["Charmbait_purple","Mirror_FormAndEmptin_purple","Worldmountain_purple+1","Realm_recovery_purpleEX+1"],"picked":"RuptureOfTimeAndSpace_purple","floor":42.0},{"not_picked":["Umbrella_purple+1","Realm_recovery_purpleEX+1","StateErode_purple+1","RuleDissolution_purple"],"picked":"CommonSense_AntiCommonSense_purple+1","floor":44.0},{"not_picked":["Line_surface_state_purple+1","GluttonyofRealm_purpleEX","DimensionStaggered_purple+1","Mirror_FormAndEmptin_purple+1"],"picked":"StretchesForeverDream_purple+1","floor":45.0},{"not_picked":["Bait_HighSpeedFlying_purple+1","PurpleNeedle_purple+1","SharpContractionReality_purple","StateDuplicate_purple+1","Line_surface_state_purple"],"picked":"SKIP","floor":47.0},{"not_picked":["Yakumo_Ran_purple","Charmbait_purple","StateErode_purple","OpenedBox_purple+1","RuleDissolution_purple"],"picked":"SKIP","floor":54.0}],"player_experience":431321,"relics_obtained":[{"floor":1.0,"key":"SynthV:TestCard"},{"floor":6.0,"key":"HollowMod:PaleOreRelic"},{"floor":8.0,"key":"Juzu Bracelet"},{"floor":9.0,"key":"PreservedInsect"},{"floor":10.0,"key":"Turnip"},{"floor":12.0,"key":"HollowDreamFlower"},{"floor":21.0,"key":"War Paint"},{"floor":23.0,"key":"Matryoshka"},{"floor":26.0,"key":"Antimatter_spacedebris"},{"floor":29.0,"key":"Thread and Needle"},{"floor":29.0,"key":"Mummified Hand"},{"floor":42.0,"key":"Gambling Chip"},{"floor":43.0,"key":"Regal Pillow"},{"floor":43.0,"key":"Ancient Tea Set"},{"floor":45.0,"key":"Centennial Puzzle"},{"floor":47.0,"key":"Toy Ornithopter"},{"floor":54.0,"key":"Letter Opener"}],"event_choices":[{"damage_healed":0.0,"max_hp_gain":0.0,"max_hp_loss":0.0,"gold_gain":0.0,"event_name":"Liars Game","player_choice":"Ignored","floor":2.0,"gold_loss":0.0,"damage_taken":0.0},{"cards_removed":["Defend_purpleEX"],"damage_healed":0.0,"max_hp_gain":0.0,"max_hp_loss":0.0,"gold_gain":0.0,"event_name":"Purifier","player_choice":"Purged","floor":3.0,"gold_loss":0.0,"damage_taken":0.0},{"damage_healed":0.0,"max_hp_gain":0.0,"max_hp_loss":0.0,"gold_gain":0.0,"event_name":"TheLibraryeventEX","player_choice":"Read","floor":19.0,"gold_loss":0.0,"damage_taken":0.0,"cards_obtained":["Mirror_FourBoundary_purple"]},{"damage_healed":0.0,"max_hp_gain":0.0,"max_hp_loss":0.0,"gold_gain":0.0,"event_name":"Back to Basics","player_choice":"Simplicity","floor":20.0,"gold_loss":0.0,"damage_taken":0.0,"cards_upgraded":["AT_purpleEX","AT_purpleEX","AT_purpleEX","AT_purpleEX","Defend_purpleEX","Defend_purpleEX","Defend_purpleEX"]},{"damage_healed":0.0,"max_hp_gain":0.0,"max_hp_loss":0.0,"gold_gain":0.0,"event_name":"Colosseum","player_choice":"Fight","floor":29.0,"gold_loss":0.0,"damage_taken":0.0},{"damage_healed":0.0,"max_hp_gain":0.0,"max_hp_loss":0.0,"gold_gain":0.0,"event_name":"Colosseum","player_choice":"Fought Nobs","floor":29.0,"gold_loss":0.0,"damage_taken":0.0},{"damage_healed":0.0,"max_hp_gain":0.0,"max_hp_loss":0.0,"gold_gain":0.0,"event_name":"Cursed Tome","player_choice":"Stopped","floor":31.0,"gold_loss":0.0,"damage_taken":9.0},{"cards_removed":["Defend_purpleEX"],"damage_healed":0.0,"max_hp_gain":0.0,"max_hp_loss":0.0,"gold_gain":0.0,"event_name":"Falling","player_choice":"Removed Skill","floor":37.0,"gold_loss":0.0,"damage_taken":0.0},{"damage_healed":0.0,"max_hp_gain":0.0,"max_hp_loss":0.0,"gold_gain":0.0,"event_name":"MindBloom","player_choice":"Fight","floor":42.0,"gold_loss":0.0,"damage_taken":0.0},{"damage_healed":0.0,"max_hp_gain":0.0,"max_hp_loss":4.0,"gold_gain":0.0,"event_name":"Winding Halls","player_choice":"Max HP","floor":48.0,"gold_loss":0.0,"damage_taken":0.0}],"is_beta":true,"boss_relics":[{"not_picked":["Snecko Eye","Runic Pyramid"],"picked":"Philosopher\u0027s Stone"},{"not_picked":["Transparent","Cursed Key"],"picked":"Astrolabe"}],"items_purged_floors":[36],"is_endless":false,"potions_floor_spawned":[4,6,8,11,22,25,29,35,45,47,54],"ascension_level":7}}