{"host":"ll3bk5uyh699087h","time":1614412809,"event":{"mods":["2.2 Compatiblity","AchievementEnabler","Act Like it!","Ascension Unlocker","Aspiration","BaseMod","Block Reminder","Card Forge","Colored Map","Colored Powertips","Conspire","Dark Map","Energized Spire","GifTheSpireLib","Hubris","Infinite Spire","Marked Mod","Minty Spire (QoL Compilation)","Practice Mode","Rare Cards Sparkle","Reliquary","Remove Card Discount Mod","Replay The Spire","Shop Mod","Spicy Shops","StSLib","Stuff the Spire","Uncapped"],"gold_per_floor":[110,110,130,148,148,183,183,204,204,204,204,204,323,334,334,430,430,444,456,472,484,484,484,484,484,501,519,592,592,592,592,184,196,196,300,300,318,367,367,334,352,352,352,352,379,85,102,102,115,132,132,134,134,134,555,583,603],"floor_reached":58,"language":"ENG","playtime":3854,"items_purged":["Strike_R","Strike_R","StuffTheSpire:CuriosityCurse","Strike_R","Defend_R","Defend_R","Strike_R","ReplayTheSpireMod:Splinters","Defend_R","Strike_R","Demon Form","Limit Break","Heavy Blade+1","DevaForm+1","infinitespire:DeathsTouch+1","Swift Strike+1","Replay:Undeath\u0027s Touch","True Grit+1","Shrug It Off","Defend_R"],"score":1234,"play_id":"32274a1b-3361-42de-a934-99aa56b736f1","local_time":"20210227030009","is_ascension_mode":false,"campfire_choices":[{"data":"Body Slam","floor":7.0,"key":"SMITH"},{"data":"ReplayTheSpireMod:Strike From Hell","floor":10.0,"key":"SMITH"},{"floor":12.0,"key":"RECALL"},{"data":"ReplayTheSpireMod:Private Reserves","floor":15.0,"key":"SMITH"},{"data":"True Grit","floor":23.0,"key":"SMITH"},{"data":"Armaments","floor":29.0,"key":"SMITH"},{"data":"DevaForm","floor":31.0,"key":"SMITH"},{"floor":34.0,"key":"DIG"},{"data":"Brutality","floor":42,"key":"SMITH"},{"data":"Replay:Dark Deal","floor":44,"key":"SMITH"},{"data":"Burning Pact","floor":51,"key":"SMITH"},{"data":"Feel No Pain","floor":54,"key":"SMITH"}],"circlet_count":0,"master_deck":["Body Slam+1","Burning Pact+1","Feel No Pain+1","ReplayTheSpireMod:Private Reserves+1","Flash of Steel+1","infinitespire:Collect","Gash+1","Replay:Dark Deal+1","Brutality+1","Finesse","StuffTheSpire:Slingshot+1","ReplayTheSpireMod:Strike From Hell+1"],"relics":["Burning Blood","Hammer of Thor","Seething Fire","Anvil of the Gods","NeowsBlessing","infinitespire:Midas Blood","hubris:Towel","Pet Ghost","BargainBundle","reliquary:PrincelyHelmet","PrismaticShard","Molten Egg 2","aspiration:FrozenJewel","MerchantsRug","aspiration:FetidBarrel","ReplayTheSpireMod:Ring of Collecting","Ring of Hypnosis","ReplayTheSpireMod:CursedCoin","reliquary:TridentHead","Sundial","StuffTheSpire:DarkSteelAnvil","Meat on the Bone","MealTicket","HandDrill","hubris:SlimyHat","PreservedInsect","OrangePellets","StuffTheSpire:BottledEssence","conspire:RunicOctahedron","Strange Spoon","hubris:TinFlute","StuffTheSpire:Mouthbags","Strawberry"],"acts_visited":[],"potions_floor_usage":[52],"damage_taken":[{"damage":0.0,"enemies":"Small Slimes","floor":1.0,"turns":1.0},{"damage":0.0,"enemies":"infinitespire:Voidling","floor":3.0,"turns":1.0},{"damage":0.0,"enemies":"Cultist","floor":4.0,"turns":1.0},{"damage":17.0,"enemies":"Replay:BlueRogue","floor":6.0,"turns":6.0},{"damage":12.0,"enemies":"Exordium Wildlife","floor":8.0,"turns":5.0},{"damage":0.0,"enemies":"3 Louse","floor":14.0,"turns":2.0},{"damage":0.0,"enemies":"Slime Boss","floor":16.0,"turns":8.0},{"damage":2.0,"enemies":"Spheric Guardian","floor":18.0,"turns":3.0},{"damage":0.0,"enemies":"3 Byrds","floor":19.0,"turns":4.0},{"damage":0.0,"enemies":"Cultist and Chosen","floor":20.0,"turns":8.0},{"damage":0.0,"enemies":"Shelled Parasite and Fungi","floor":21.0,"turns":5.0},{"damage":0.0,"enemies":"Centurion and Healer","floor":26.0,"turns":2.0},{"damage":4.0,"enemies":"Snake Plant","floor":27.0,"turns":3.0},{"damage":0.0,"enemies":"Shelled Parasite and Fungi","floor":33.0,"turns":1.0},{"damage":14.0,"enemies":"Automaton","floor":35.0,"turns":3.0},{"damage":9.0,"enemies":"3 Shapes","floor":37.0,"turns":3.0},{"damage":50.0,"enemies":"conspire:MimicChest","floor":38.0,"turns":5.0},{"damage":1,"enemies":"Orb Walker","floor":41,"turns":2},{"damage":0,"enemies":"Writhing Mass","floor":47,"turns":1},{"damage":0,"enemies":"Jaw Worm Horde","floor":49,"turns":1},{"damage":0,"enemies":"Maw","floor":50,"turns":1},{"damage":1,"enemies":"Replay:Hell Engine","floor":52,"turns":2},{"damage":0,"enemies":"Shield and Spear","floor":56,"turns":1},{"damage":10,"enemies":"The Heart","floor":57,"turns":3}],"seed_played":"6049475407370892510","potions_obtained":[{"floor":1.0,"key":"infinitespire:BlackPotion"},{"floor":14.0,"key":"LiquidMemories"},{"floor":16.0,"key":"AttackPotion"},{"floor":18.0,"key":"Reflective Coating"},{"floor":21.0,"key":"SneckoOil"},{"floor":26.0,"key":"Death Potion"},{"floor":33.0,"key":"SkillPotion"},{"floor":38.0,"key":"SteroidPotion"}],"is_trial":false,"path_per_floor":["M","?","M","M","?","E","R","M","T","R","?","R","$","M","R","B",null,"M","M","M","M","AVR","R","PTL","PTL","M","M","T","R","?","R","$","M","R_BF","B",null,"M","?","?","$","M","R","T","R","T","$","M","AVR","M","M","R","B",null,"R","$","E","B",null],"character_chosen":"IRONCLAD","items_purchased":["BargainBundle","Adrenaline Potion","EntropicBrew","Master of Strategy","Armaments","reliquary:PrincelyHelmet","Omamori","PrismaticShard","Molten Egg 2","aspiration:FrozenJewel","Heavy Blade+1","True Grit","MerchantsRug","Swift Strike+1","ReplayTheSpireMod:CursedCoin","reliquary:TridentHead","Replay:Dark Deal","Demon Form","Meat on the Bone","Limit Break","Shrug It Off","Brutality","Finesse","StuffTheSpire:Slingshot+1","MealTicket","HandDrill","OrangePellets","StuffTheSpire:BottledEssence","Strange Spoon","hubris:TinFlute","StuffTheSpire:Mouthbags"],"campfire_rested":0,"item_purchase_floors":[13,13,13,13,13,13,13,13,13,13,13,13,13,13,32,32,32,32,40,40,40,40,40,40,40,40,46,46,55,55,55],"current_hp_per_floor":[80,80,80,80,80,69,69,63,63,63,63,63,63,69,69,75,80,80,80,80,80,80,80,80,80,80,80,80,80,80,80,80,80,80,72,80,77,33,33,33,50,50,50,50,50,65,71,71,77,80,80,80,80,80,80,87,83],"gold":603,"neow_bonus":"THREE_ENEMY_KILL","is_daily":false,"chose_seed":false,"campfire_upgraded":10,"win_rate":0.0,"timestamp":1614412809,"path_taken":["M","?","M","M","?","E","R","M","T","R","?","R","$","?","R","BOSS","M","?","M","M","AVR","R","PTL","PTL","M","?","T","R","?","R","?","M","R_BF","BOSS","M","?","?","$","M","R","?","R","T","$","M","AVR","M","M","R","BOSS","R","$","E","BOSS"],"items_purchased_type":["Relic","Potion","Potion","Card","Card","Relic","Relic","Relic","Relic","Relic","Card","Card","Relic","Card","Relic","Relic","Card","Card","Relic","Card","Card","Card","Card","Card","Relic","Relic","Relic","Relic","Relic","Relic","Relic"],"build_version":"2020-12-22","purchased_purges":20,"victory":true,"max_hp_per_floor":[80,80,80,80,80,80,80,80,80,80,80,80,80,80,80,80,80,80,80,80,80,80,80,80,80,80,80,80,80,80,80,80,80,80,80,80,80,80,80,80,80,80,80,80,80,80,80,80,80,80,80,80,80,80,80,87,87],"card_choices":[{"not_picked":["Wild Strike","Intimidate"],"picked":"Replay:Undeath\u0027s Touch","floor":1.0},{"not_picked":["Wild Strike","Dropkick"],"picked":"ReplayTheSpireMod:Strike From Hell","floor":3.0},{"not_picked":["Anger","StuffTheSpire:RockThrow"],"picked":"Body Slam","floor":4.0},{"not_picked":["Combust","Clash"],"picked":"Burning Pact","floor":6.0},{"not_picked":["ReplayTheSpireMod:LeadingStrike","Defy Death"],"picked":"Feel No Pain","floor":8.0},{"not_picked":["CrushJoints+1","Thunderclap+1"],"picked":"ReplayTheSpireMod:Private Reserves","floor":14.0},{"not_picked":["Panache","Machine Learning"],"picked":"DevaForm","floor":16.0},{"not_picked":["Rebound+1","BasicCrystalCard","Sweeping Beam+1"],"picked":"SKIP","floor":18.0},{"not_picked":["Perfected Strike+1","Distraction","Coolheaded"],"picked":"SKIP","floor":19.0},{"not_picked":["Pommel Strike+1","StuffTheSpire:Incineration+1","conspire:PoisonWeapons"],"picked":"SKIP","floor":20.0},{"not_picked":["Go for the Eyes+1","MarkedMod:Acupuncture+1"],"picked":"Flash of Steel+1","floor":21.0},{"not_picked":["Sucker Punch+1","Auto Shields","StuffTheSpire:Incursion"],"picked":"SKIP","floor":26.0},{"not_picked":["Rebound+1","Heavy Blade+1"],"picked":"Gash+1","floor":27.0},{"not_picked":["EmptyBody","Second Wind+1","Replay:BluntJabs+1"],"picked":"SKIP","floor":33.0},{"not_picked":["Beam Cell+1","Cleave+1","Coolheaded"],"picked":"SKIP","floor":37.0},{"not_picked":["Hologram","Rebound+1","Replay:BluntJabs+1"],"picked":"SKIP","floor":41},{"not_picked":["Dagger Spray+1","Pommel Strike+1","Flex+1"],"picked":"SKIP","floor":47},{"not_picked":["conspire:SharedLibrary","Replay:BasicMightCard","Flying Knee+1"],"picked":"SKIP","floor":49},{"not_picked":["Rebound+1","Noxious Fumes+1","FlyingSleeves+1"],"picked":"SKIP","floor":50},{"not_picked":["Crow Ritual","Shockwave","ReplayTheSpireMod:GoodbyeWorld+1"],"picked":"SKIP","floor":56}],"player_experience":58101,"relics_obtained":[{"floor":6.0,"key":"Pet Ghost"},{"floor":28.0,"key":"aspiration:FetidBarrel"},{"floor":30.0,"key":"ReplayTheSpireMod:Ring of Collecting"},{"floor":30.0,"key":"Ring of Hypnosis"},{"floor":34.0,"key":"Sundial"},{"floor":38.0,"key":"StuffTheSpire:DarkSteelAnvil"},{"floor":43,"key":"hubris:SlimyHat"},{"floor":45,"key":"PreservedInsect"},{"floor":56,"key":"Strawberry"}],"event_choices":[{"cards_removed":["Bash"],"damage_healed":0.0,"max_hp_gain":0.0,"max_hp_loss":0.0,"gold_gain":0.0,"event_name":"Bonfire Elementals","player_choice":"Offered Basic","floor":11.0,"gold_loss":0.0,"damage_taken":0.0},{"damage_healed":0,"gold_gain":0,"player_choice":"Memory 1","damage_taken":0,"max_hp_gain":0,"max_hp_loss":0,"event_name":"SensoryStone","floor":39,"gold_loss":0}],"is_beta":false,"boss_relics":[{"not_picked":["StuffTheSpire:Kangaroo","hubris:RunicObelisk","energizedSpire:NeverEndingSparkler"]},{"not_picked":["infinitespire:Burning Sword","aspiration:PoetsPen_weak","Cursed Key"]}],"items_purged_floors":[13,13,13,13,13,13,13,32,32,32,40,40,40,55,55,55,55,55,55,55],"is_endless":false,"potions_floor_spawned":[1,14,16,18,21,26,33,38],"ascension_level":0}}