{"host":"5yoj846f700ld8qy","time":1614432237,"event":{"mods":["AchievementEnabler","BaseMod","Better Altar","Better Match","Better Note","Better Sensory Stone","Better Skull","Better Third Choice","Colored Map","Colored Powertips","Minty Spire (QoL Compilation)","StSLib","UnlockEverythingMod"],"gold_per_floor":[115,125,200,44,44,69,69,95,95,111,23,43,43,76,76,150,150,150,150,150,150,0,0,0,0,0,0,0,0],"floor_reached":28,"language":"ENG","playtime":1100,"items_purged":["Strike_G"],"score":530,"play_id":"f6bb996d-4161-45dc-ba34-4393fc1895ff","local_time":"20210227152357","is_ascension_mode":true,"campfire_choices":[{"data":"Blade Dance","floor":7.0,"key":"SMITH"},{"floor":15,"key":"REST"},{"floor":23,"key":"REST"}],"circlet_count":0,"master_deck":["AscendersBane","Strike_G","Strike_G","Strike_G","Strike_G","Defend_G","Defend_G","Defend_G","Defend_G","Defend_G","Survivor","Neutralize+1","Blade Dance+1","Choke","Finisher","Heel Hook","Leg Sweep","Accuracy","Cloak And Dagger","Venomology","Terror","Footwork","Blur"],"relics":["Ring of the Snake","Shuriken","Akabeko","Question Card","Art of War","Ectoplasm","Toy Ornithopter","CultistMask"],"acts_visited":["Exordium","TheCity"],"potions_floor_usage":[14,16,16,18,20,21,21,24,24,24,24,28,28],"damage_taken":[{"damage":2.0,"enemies":"2 Louse","floor":1.0,"turns":3.0},{"damage":9.0,"enemies":"Jaw Worm","floor":2.0,"turns":4.0},{"damage":19.0,"enemies":"3 Sentries","floor":6.0,"turns":9.0},{"damage":6.0,"enemies":"Gremlin Nob","floor":8.0,"turns":3.0},{"damage":0.0,"enemies":"Cultist","floor":10.0,"turns":2.0},{"damage":7.0,"enemies":"2 Fungi Beasts","floor":12.0,"turns":4.0},{"damage":0,"enemies":"Lagavulin","floor":14,"turns":3},{"damage":10,"enemies":"Hexaghost","floor":16,"turns":8},{"damage":6,"enemies":"Spheric Guardian","floor":18,"turns":4},{"damage":13,"enemies":"Shell Parasite","floor":19,"turns":6},{"damage":22,"enemies":"3 Cultists","floor":20,"turns":5},{"damage":6,"enemies":"Snecko","floor":21,"turns":6},{"damage":26,"enemies":"Centurion and Healer","floor":24,"turns":5},{"damage":0,"enemies":"Snake Plant","floor":25,"turns":4},{"damage":15,"enemies":"Snecko","floor":28,"turns":3}],"seed_played":"8489156511255921904","potions_obtained":[{"floor":6.0,"key":"Energy Potion"},{"floor":8.0,"key":"SteroidPotion"},{"floor":14,"key":"Block Potion"},{"floor":18,"key":"Swift Potion"},{"floor":20,"key":"EssenceOfSteel"},{"floor":25,"key":"Ancient Potion"}],"is_trial":false,"path_per_floor":["M","M","?","$","?","E","R","E","T","M","$","M","?","E","R","B",null,"M","M","M","M","?","R","M","M","T","?","M"],"character_chosen":"THE_SILENT","items_purchased":["Finisher","Accuracy"],"campfire_rested":2,"item_purchase_floors":[4,11],"current_hp_per_floor":[57,48,37,37,59,40,40,34,34,34,34,27,27,27,46,36,59,53,40,18,12,12,31,5,5,5,5,0,0],"gold":0,"neow_bonus":"UPGRADE_CARD","is_daily":false,"chose_seed":false,"campfire_upgraded":1,"win_rate":0.0,"timestamp":1614432237,"path_taken":["M","M","?","$","?","E","R","E","T","M","?","M","?","E","R","BOSS","M","M","?","M","?","R","M","M","T","?","?"],"items_purchased_type":["Card","Card"],"build_version":"2020-12-22","purchased_purges":1,"victory":false,"max_hp_per_floor":[66,66,66,66,66,66,66,66,66,66,66,66,66,66,66,66,66,66,66,66,66,66,66,66,66,66,66,66,66],"card_choices":[{"not_picked":["Slice","Finisher"],"picked":"Blade Dance","floor":1.0},{"not_picked":["Flying Knee","Bouncing Flask"],"picked":"Choke","floor":2.0},{"not_picked":["All Out Attack","Glass Knife","Quick Slash"],"picked":"SKIP","floor":6.0},{"not_picked":["Distraction","Acrobatics"],"picked":"Heel Hook","floor":8.0},{"not_picked":["PiercingWail","Outmaneuver","Reflex"],"picked":"Leg Sweep","floor":10.0},{"not_picked":["Sucker Punch","Well Laid Plans","Accuracy"],"picked":"Cloak And Dagger","floor":12.0},{"not_picked":["Quick Slash","Poisoned Stab","Grand Finale","Setup"],"picked":"SKIP","floor":14},{"not_picked":["Grand Finale","Malaise","Doppelganger"],"picked":"Venomology","floor":16},{"not_picked":["Dodge and Roll","Outmaneuver","Leg Sweep","Reflex+1"],"picked":"SKIP","floor":18},{"not_picked":["Cloak And Dagger","Dagger Spray","Deflect","Dagger Throw"],"picked":"SKIP","floor":19},{"not_picked":["Dagger Spray","Deadly Poison","Crippling Poison"],"picked":"Terror","floor":20},{"not_picked":["Quick Slash+1","Dodge and Roll","Endless Agony"],"picked":"Footwork","floor":21},{"not_picked":["Tactician","Bane","Poisoned Stab"],"picked":"Blur","floor":24},{"not_picked":["Endless Agony","Sucker Punch","Catalyst","Distraction"],"picked":"SKIP","floor":25}],"player_experience":454453,"relics_obtained":[{"floor":6.0,"key":"Shuriken"},{"floor":8.0,"key":"Akabeko"},{"floor":9.0,"key":"Question Card"},{"floor":14,"key":"Art of War"},{"floor":26,"key":"Toy Ornithopter"}],"event_choices":[{"damage_healed":0.0,"max_hp_gain":0.0,"max_hp_loss":0.0,"gold_gain":75.0,"event_name":"betterThird:BetterGoop","player_choice":"Gold","floor":3.0,"gold_loss":0.0,"damage_taken":11.0},{"damage_healed":22.0,"max_hp_gain":0.0,"max_hp_loss":0.0,"gold_gain":0.0,"event_name":"Big Fish","player_choice":"Banana","floor":5.0,"gold_loss":0.0,"damage_taken":0.0},{"damage_healed":0.0,"max_hp_gain":0.0,"max_hp_loss":0.0,"gold_gain":0.0,"event_name":"Lab","player_choice":"Got Potions","floor":13.0,"gold_loss":0.0,"damage_taken":0.0},{"damage_healed":0,"gold_gain":0,"player_choice":"Paid Fearfully","damage_taken":0,"max_hp_gain":0,"max_hp_loss":0,"event_name":"Masked Bandits","floor":22,"gold_loss":150},{"damage_healed":0,"gold_gain":0,"player_choice":"Trade","damage_taken":0,"relics_obtained":["CultistMask"],"max_hp_gain":0,"max_hp_loss":0,"event_name":"FaceTrader","floor":27,"gold_loss":0}],"is_beta":false,"boss_relics":[{"not_picked":["Velvet Choker","Runic Dome"],"picked":"Ectoplasm"}],"items_purged_floors":[4],"is_endless":false,"potions_floor_spawned":[6,8,14,18,20,25],"killed_by":"Snecko","ascension_level":20}}