{"host":"ypphcgdomtfqpc2w","time":1614434364,"event":{"mods":["BaseMod","DeckTracker","MarisaÅiñ∂âJÅ@ñÇóùçπÅj","Minty Spire (QoL Compilation)","Relic Stats","StSLib"],"gold_per_floor":[113,113,127,127,127,127,152,169,194,227,241,291,237,253,253,253,253],"floor_reached":16,"language":"ENG","playtime":453,"items_purged":[],"score":270,"play_id":"e6bac3b8-64a2-48f3-81ae-79a7ef978085","local_time":"20210227225924","is_ascension_mode":true,"campfire_choices":[{"data":"Deadly Poison","floor":6,"key":"SMITH"},{"floor":15,"key":"REST"}],"circlet_count":0,"master_deck":["AscendersBane","Strike_G","Strike_G","Strike_G","Strike_G","Strike_G+1","Defend_G","Defend_G","Defend_G","Defend_G","Defend_G","Survivor","Neutralize+1","Bouncing Flask+1","Deadly Poison+1","Prepared","Predator","Dagger Spray","Catalyst"],"relics":["Ring of the Snake","NeowsBlessing","Juzu Bracelet","Gremlin Horn","Bronze Scales","Frozen Egg 2"],"acts_visited":["Exordium"],"potions_floor_usage":[10,16,16],"damage_taken":[{"damage":0,"enemies":"Jaw Worm","floor":1,"turns":1},{"damage":0,"enemies":"Cultist","floor":3,"turns":1},{"damage":0,"enemies":"Gremlin Nob","floor":7,"turns":1},{"damage":0,"enemies":"Small Slimes","floor":8,"turns":2},{"damage":21,"enemies":"3 Sentries","floor":10,"turns":8},{"damage":9,"enemies":"3 Louse","floor":11,"turns":3},{"damage":0,"enemies":"Lots of Slimes","floor":14,"turns":1},{"damage":38,"enemies":"Slime Boss","floor":16,"turns":6}],"seed_played":"-9218218674442029672","potions_obtained":[{"floor":7,"key":"EssenceOfSteel"},{"floor":10,"key":"Weak Potion"},{"floor":11,"key":"SkillPotion"},{"floor":14,"key":"Block Potion"}],"is_trial":false,"path_per_floor":["M","?","M","?","?","R","E","M","T","E","M","?","?","M","R","B"],"character_chosen":"THE_SILENT","items_purchased":[],"campfire_rested":1,"item_purchase_floors":[],"current_hp_per_floor":[59,59,59,39,39,39,39,39,39,18,9,9,9,9,28,0,0],"gold":253,"neow_bonus":"THREE_ENEMY_KILL","is_daily":false,"chose_seed":false,"campfire_upgraded":1,"win_rate":0.0,"timestamp":1614434364,"path_taken":["M","?","M","?","?","R","E","M","T","E","M","?","?","M","R","BOSS"],"items_purchased_type":[],"build_version":"2020-12-22","purchased_purges":0,"victory":false,"max_hp_per_floor":[66,66,66,66,66,66,66,66,66,66,66,66,66,66,66,66,66],"relic_stats":{"Gremlin Horn":[9,9],"counters":[8,23],"Bronze Scales":[33],"Juzu Bracelet":2,"obtain_stats":[{"NeowsBlessing":0,"Gremlin Horn":7,"Bronze Scales":9,"Juzu Bracelet":2,"Frozen Egg 2":10,"Ring of the Snake":0},{"NeowsBlessing":0,"Gremlin Horn":3,"Bronze Scales":4,"Juzu Bracelet":1,"Frozen Egg 2":5,"Ring of the Snake":0},{"NeowsBlessing":0,"Gremlin Horn":3,"Bronze Scales":5,"Juzu Bracelet":1,"Frozen Egg 2":13,"Ring of the Snake":0}],"Ring of the Snake":[16]},"card_choices":[{"not_picked":["Quick Slash","Escape Plan"],"picked":"Bouncing Flask","floor":1},{"not_picked":["Blur","Distraction"],"picked":"Deadly Poison","floor":3},{"not_picked":["Choke","Slice","Concentrate"],"picked":"SKIP","floor":7},{"not_picked":["Quick Slash","Accuracy"],"picked":"Prepared","floor":8},{"not_picked":["Grand Finale","Blade Dance"],"picked":"Predator","floor":10},{"not_picked":["Dodge and Roll","Outmaneuver"],"picked":"Dagger Spray","floor":11},{"not_picked":["Finisher","Choke"],"picked":"Catalyst","floor":14}],"player_experience":3391699,"relics_obtained":[{"floor":2,"key":"Juzu Bracelet"},{"floor":7,"key":"Gremlin Horn"},{"floor":9,"key":"Bronze Scales"},{"floor":10,"key":"Frozen Egg 2"}],"event_choices":[{"damage_healed":0,"gold_gain":0,"player_choice":"Relic","damage_taken":0,"max_hp_gain":0,"max_hp_loss":0,"event_name":"Wheel of Change","floor":2,"gold_loss":0},{"damage_healed":0,"gold_gain":0,"player_choice":"Entered Light","damage_taken":20,"max_hp_gain":0,"max_hp_loss":0,"event_name":"Shining Light","floor":4,"gold_loss":0,"cards_upgraded":["Strike_G","Neutralize"]},{"damage_healed":0,"gold_gain":0,"player_choice":"Grow","damage_taken":0,"max_hp_gain":0,"max_hp_loss":0,"event_name":"Living Wall","floor":5,"gold_loss":0,"cards_upgraded":["Bouncing Flask"]},{"damage_healed":0,"gold_gain":50,"player_choice":"Pray","damage_taken":0,"max_hp_gain":0,"max_hp_loss":0,"event_name":"Golden Shrine","floor":12,"gold_loss":0},{"damage_healed":0,"gold_gain":0,"player_choice":"Left Gold","damage_taken":0,"max_hp_gain":0,"max_hp_loss":0,"event_name":"World of Goop","floor":13,"gold_loss":54}],"is_beta":false,"boss_relics":[],"items_purged_floors":[],"is_endless":false,"potions_floor_spawned":[7,10,11,14],"killed_by":"Slime Boss","ascension_level":20}}