{"host":"qxeepl7ydvsgmfdb","time":1614416849,"event":{"mods":["AchievementEnabler","BaseMod","Colored Powertips","Minty Spire (QoL Compilation)","Quick Restart","slay the spire mod where everything is the same but ironclad has a cowboy hat"],"gold_per_floor":[119,119,119,29,29,73,223,236,259,300,318,337,358,373,373,468,468,489,382,406,427,427,427,67,110,110,110,110,134,134,168,180,192,192],"floor_reached":33,"language":"ENG","playtime":1015,"items_purged":["Strike_G"],"score":624,"play_id":"4e1881df-cf47-4ba1-8c80-c1e784f8ae4c","local_time":"20210227040729","is_ascension_mode":true,"campfire_choices":[{"floor":15,"key":"REST"},{"floor":23,"key":"REST"},{"floor":27,"key":"REST"},{"floor":30,"key":"REST"},{"floor":32,"key":"REST"}],"circlet_count":0,"master_deck":["AscendersBane","Strike_G","Strike_G","Strike_G","Strike_G","Defend_G","Defend_G","Defend_G","Defend_G","Defend_G","Survivor","Neutralize","Deadly Poison","Dramatic Entrance","Poisoned Stab","Bane","Backstab","Phantasmal Killer","Footwork","Blade Dance","Deflect","Finisher","Noxious Fumes","Accuracy","After Image"],"relics":["Ring of the Snake","NeowsBlessing","CaptainsWheel","Golden Idol","White Beast Statue","Vajra","Bronze Scales","Empty Cage","Meat on the Bone","Omamori","Bottled Lightning","Eternal Feather","MawBank"],"acts_visited":["Exordium","TheCity"],"potions_floor_usage":[6,10,11,12,13,16,21,25,29,31,33],"damage_taken":[{"damage":0,"enemies":"Cultist","floor":1,"turns":1},{"damage":0,"enemies":"Gremlin Nob","floor":6,"turns":1},{"damage":0,"enemies":"Small Slimes","floor":8,"turns":1},{"damage":35,"enemies":"Lagavulin","floor":10,"turns":7},{"damage":0,"enemies":"Jaw Worm","floor":11,"turns":2},{"damage":2,"enemies":"Large Slime","floor":12,"turns":4},{"damage":2,"enemies":"Exordium Wildlife","floor":13,"turns":4},{"damage":0,"enemies":"Lots of Slimes","floor":14,"turns":2},{"damage":41,"enemies":"Hexaghost","floor":16,"turns":10},{"damage":5,"enemies":"Spheric Guardian","floor":18,"turns":4},{"damage":0,"enemies":"Chosen","floor":20,"turns":3},{"damage":5,"enemies":"Snecko","floor":21,"turns":4},{"damage":48,"enemies":"Book of Stabbing","floor":25,"turns":6},{"damage":32,"enemies":"Shelled Parasite and Fungi","floor":29,"turns":4},{"damage":41,"enemies":"Gremlin Leader","floor":31,"turns":4},{"damage":123,"enemies":"Automaton","floor":33,"turns":10}],"seed_played":"2393660516071297730","potions_obtained":[{"floor":6,"key":"Fruit Juice"},{"floor":8,"key":"Block Potion"},{"floor":10,"key":"SkillPotion"},{"floor":11,"key":"AttackPotion"},{"floor":12,"key":"Weak Potion"},{"floor":13,"key":"FairyPotion"},{"floor":14,"key":"Block Potion"},{"floor":16,"key":"PowerPotion"},{"floor":18,"key":"GhostInAJar"},{"floor":21,"key":"Fire Potion"},{"floor":25,"key":"AttackPotion"},{"floor":29,"key":"FairyPotion"},{"floor":31,"key":"Poison Potion"}],"is_trial":false,"path_per_floor":["M","?","?","$","$","E","?","M","T","E","M","M","M","M","R","B",null,"M","$","M","M","?","R","$","E","T","R","?","M","R","E","R","B"],"character_chosen":"THE_SILENT","items_purchased":["Dramatic Entrance","Blade Dance","Deflect","Meat on the Bone"],"campfire_rested":5,"item_purchase_floors":[4,19,19,24],"current_hp_per_floor":[59,59,36,36,36,41,41,41,41,6,6,4,2,2,23,3,54,49,49,49,44,44,65,65,29,29,50,50,30,63,34,70,0,0],"gold":192,"neow_bonus":"THREE_ENEMY_KILL","is_daily":false,"chose_seed":false,"campfire_upgraded":0,"win_rate":0.0,"timestamp":1614416849,"path_taken":["M","?","?","?","$","E","?","?","T","E","M","M","M","M","R","BOSS","M","$","?","M","?","R","$","E","T","R","?","M","R","E","R","BOSS"],"items_purchased_type":["Card","Card","Card","Relic"],"build_version":"2020-12-22","purchased_purges":1,"victory":false,"max_hp_per_floor":[66,66,66,66,66,71,71,71,71,71,71,71,71,71,71,71,71,71,71,71,71,71,71,71,71,71,71,71,71,71,71,71,71,71],"card_choices":[{"not_picked":["Dodge and Roll","Accuracy"],"picked":"Deadly Poison","floor":1},{"not_picked":["Prepared","Heel Hook","Flechettes"],"picked":"SKIP","floor":6},{"not_picked":["Bane","Well Laid Plans"],"picked":"Poisoned Stab","floor":8},{"not_picked":["Flechettes","Dodge and Roll","Escape Plan"],"picked":"SKIP","floor":10},{"not_picked":["Flying Knee","Heel Hook"],"picked":"Bane","floor":11},{"not_picked":["Underhanded Strike","Dodge and Roll"],"picked":"Backstab","floor":12},{"not_picked":["Outmaneuver","Leg Sweep","Calculated Gamble"],"picked":"SKIP","floor":13},{"not_picked":["Tools of the Trade","Backflip","Dagger Throw"],"picked":"SKIP","floor":14},{"not_picked":["Adrenaline","Glass Knife"],"picked":"Phantasmal Killer","floor":16},{"not_picked":["Dagger Spray","Prepared"],"picked":"Footwork","floor":18},{"not_picked":["Flying Knee","Escape Plan"],"picked":"Finisher","floor":20},{"not_picked":["Bullet Time","Infinite Blades","Leg Sweep"],"picked":"SKIP","floor":21},{"not_picked":["Bane","Sucker Punch"],"picked":"Noxious Fumes","floor":25},{"not_picked":["PiercingWail","Calculated Gamble"],"picked":"Accuracy","floor":29},{"not_picked":["Deflect","Endless Agony+1"],"picked":"After Image","floor":31}],"player_experience":153869,"relics_obtained":[{"floor":6,"key":"White Beast Statue"},{"floor":9,"key":"Vajra"},{"floor":10,"key":"Bronze Scales"},{"floor":25,"key":"Omamori"},{"floor":26,"key":"Bottled Lightning"},{"floor":31,"key":"MawBank"}],"event_choices":[{"damage_healed":0,"gold_gain":0,"player_choice":"Box","damage_taken":0,"relics_obtained":["CaptainsWheel"],"max_hp_gain":0,"max_hp_loss":0,"event_name":"Big Fish","floor":2,"gold_loss":0,"cards_obtained":["Regret"]},{"damage_healed":0,"gold_gain":0,"player_choice":"Take Damage","damage_taken":23,"relics_obtained":["Golden Idol"],"max_hp_gain":0,"max_hp_loss":0,"event_name":"Golden Idol","floor":3,"gold_loss":0},{"damage_healed":0,"gold_gain":150,"player_choice":"AGREE","damage_taken":0,"max_hp_gain":0,"max_hp_loss":0,"event_name":"Liars Game","floor":7,"gold_loss":0,"cards_obtained":["Doubt"]},{"damage_healed":0,"gold_gain":0,"player_choice":"Ignored","damage_taken":0,"max_hp_gain":0,"max_hp_loss":0,"event_name":"Ghosts","floor":22,"gold_loss":0},{"damage_healed":0,"gold_gain":0,"player_choice":"Opened","damage_taken":0,"relics_obtained":["Eternal Feather"],"max_hp_gain":0,"max_hp_loss":0,"event_name":"The Mausoleum","floor":28,"gold_loss":0,"cards_obtained":["Writhe"]}],"is_beta":false,"boss_relics":[{"not_picked":["Fusion Hammer","Astrolabe"],"picked":"Empty Cage"}],"items_purged_floors":[24],"is_endless":false,"potions_floor_spawned":[6,8,10,11,12,13,14,16,18,20,21,25,29,31],"killed_by":"Automaton","ascension_level":19}}