{"host":"jsd6g3c2vo13e69c","time":1614432108,"event":{"mods":["2.2 Compatiblity","Act Like it!","BaseMod","Better Altar","Better Match","Better Note","Better Sensory Stone","Better Third Choice","BetterRewards","Colored Map","Colored Powertips","Downfall","Friendly Minions","GifTheSpireLib","Googly Eyes","Gremlin Mod","Hermit","Hubris","Infinite Spire","Melee Mod","Minty Spire (QoL Compilation)","Permanent Neow","Quick Restart","Random Character Button","Replay The Spire","Shop Mod","Spire Arcade","StSLib","The Cursed","The Disciple","The Forsaken","thorton"],"gold_per_floor":[99,113,129,149,249,264,264,264,164,178,178,191,191,202,218,321,321,321,336,348,348,362,375,375,394,410,510,544,556,556,569,587,685,685,685,704,718,733,747,766,813,713,728,746,777,677,577,577,595,595,595,629,70,70,70,70,70,70],"floor_reached":56,"language":"ENG","playtime":3601,"items_purged":["hexamod:Defend"],"score":780,"play_id":"28861e94-b0c0-4acd-b77f-78cbfc62be37","local_time":"20210227082148","is_ascension_mode":false,"campfire_choices":[{"floor":1,"key":"RECALL"},{"data":"hexamod:SoulSteal","floor":9,"key":"SMITH"},{"data":"hexamod:CatchUp","floor":11,"key":"SMITH"},{"data":"hexamod:Rewind","floor":18,"key":"SMITH"},{"data":"hexamod:SearingWound","floor":30,"key":"SMITH"},{"data":"hexamod:SoulSteal","floor":35,"key":"SMITH"},{"data":"hexamod:SoulSteal","floor":42,"key":"SMITH"},{"data":"hexamod:RetreatToShadows","floor":47,"key":"SMITH"},{"data":"hexamod:GhostOfSpirePast","floor":54,"key":"SMITH"}],"circlet_count":0,"master_deck":["hexamod:Strike","hexamod:Strike","hexamod:Strike","hexamod:Strike","hexamod:Defend","hexamod:Defend","hexamod:Defend","hexamod:Sear","hexamod:Float","hexamod:CatchUp+1","hexamod:RainOfEmbers","hexamod:SoulSteal+1","hexamod:Hexaguard","infinitespire:Gouge","hexamod:Rewind+1","hexamod:SearingWound+1","hexamod:FirstSeal","hexamod:PhantomFireball","hexamod:RetreatToShadows+1","hexamod:SkipABeat+1","hexamod:SoulSteal+1","hexamod:Again","hexamod:HexaLevel","hexamod:TimeOfNeed","hexamod:BurningTouch+1","hexamod:Hexaguard","hexamod:RetreatToShadows+1","hexamod:BacktrackSmack+1","hexamod:BacktrackSmack+1","hexamod:StepThrough","hexamod:GhostOfSpirePast+1"],"relics":["hexamod:SpiritBrand","hubris:OldNail","Replay:Ringing Soul","downfall:HeartBlessingRed","SlaversCollar","Pantograph","Meat on the Bone","Replay:Wanted Poster","hexamod:MatchstickCase","thethorton:BottledFunds","downfall:HeartBlessingBlue","Dream Catcher","downfall:HeartBlessingGreen","Pet Ghost","Chemical X"],"acts_visited":["Exordium","TheCity","TheBeyond","TheEnding"],"potions_floor_usage":[10,23,25,29,39,45,45,45,45,50,50,55,55,56],"damage_taken":[{"damage":1,"enemies":"Jaw Worm","floor":2,"turns":3},{"damage":2,"enemies":"2 Louse","floor":3,"turns":4},{"damage":0,"enemies":"Cultist","floor":4,"turns":3},{"damage":3,"enemies":"Red Slaver","floor":6,"turns":3},{"damage":4,"enemies":"Gremlin Gang","floor":10,"turns":4},{"damage":0,"enemies":"downfall:LooterAlt","floor":12,"turns":4},{"damage":5,"enemies":"Large Slime","floor":14,"turns":5},{"damage":0,"enemies":"Exordium Thugs","floor":15,"turns":3},{"damage":1,"enemies":"SI_SHIV_ARCHETYPE","floor":16,"turns":5},{"damage":0,"enemies":"Chosen","floor":19,"turns":4},{"damage":0,"enemies":"Spheric Guardian","floor":20,"turns":3},{"damage":10,"enemies":"3 Cultists","floor":22,"turns":6},{"damage":21,"enemies":"Shelled Parasite and Fungi","floor":23,"turns":6},{"damage":16,"enemies":"Centurion and Healer","floor":25,"turns":5},{"damage":27,"enemies":"Cultist and Chosen","floor":26,"turns":5},{"damage":0,"enemies":"Slavers","floor":28,"turns":1},{"damage":7,"enemies":"Snake Plant","floor":29,"turns":3},{"damage":0,"enemies":"Centurion and Healer","floor":31,"turns":7},{"damage":12,"enemies":"Shelled Parasite and Fungi","floor":32,"turns":5},{"damage":36,"enemies":"DF_ARCHETYPE_CLAW","floor":33,"turns":7},{"damage":3,"enemies":"3 Darklings","floor":36,"turns":4},{"damage":12,"enemies":"3 Shapes","floor":37,"turns":4},{"damage":17,"enemies":"Sphere and 2 Shapes","floor":38,"turns":5},{"damage":28,"enemies":"Spire Growth","floor":39,"turns":6},{"damage":0,"enemies":"3 Darklings","floor":40,"turns":3},{"damage":13,"enemies":"4 Shapes","floor":43,"turns":6},{"damage":3,"enemies":"Sphere and 2 Shapes","floor":44,"turns":3},{"damage":24,"enemies":"Reptomancer","floor":45,"turns":6},{"damage":48,"enemies":"Jaw Worm Horde","floor":49,"turns":3},{"damage":135,"enemies":"WA_ARCHETYPE_DIVINITY","floor":50,"turns":7},{"damage":40,"enemies":"downfall:CharBossMerchant","floor":52,"turns":6},{"damage":72,"enemies":"downfall:NeowBoss","floor":55,"turns":14},{"damage":138,"enemies":"downfall:NeowBossFinal","floor":56,"turns":8}],"seed_played":"5377857012449753842","potions_obtained":[{"floor":4,"key":"EntropicBrew"},{"floor":6,"key":"AttackPotion"},{"floor":15,"key":"Block Potion"},{"floor":16,"key":"Toxic Potion"},{"floor":23,"key":"bronze:BurnAndBuffPotion"},{"floor":25,"key":"BlessingOfTheForge"},{"floor":28,"key":"Block Potion"},{"floor":29,"key":"Doom Potion"},{"floor":32,"key":"Energy Potion"},{"floor":38,"key":"infinitespire:BlackPotion"},{"floor":40,"key":"Toxic Potion"},{"floor":49,"key":"PowerPotion"}],"is_trial":false,"path_per_floor":["R_BF","M","M","M","?","M","T","?","R","M","R","M","?","M","M","B",null,"R","M","M","?","M","M","T","M","M","AVR","E","M","R","M","M","B",null,"R","M","M","M","M","M","T","R","M","M","E","NS","R","?","M","B",null,"E","$","R","B","B"],"character_chosen":"THE_SPIRIT","items_purchased":["Chemical X","Weak Potion","LifebloodPotion","hexamod:EctoCoolerPotion","hexamod:StepThrough","hexamod:GhostOfSpirePast"],"campfire_rested":0,"item_purchase_floors":[53,53,53,53,53,53],"current_hp_per_floor":[70,69,67,67,67,64,64,67,67,66,66,66,50,45,48,50,85,85,88,91,91,91,80,80,71,54,57,60,72,72,82,80,79,115,115,118,116,99,78,81,81,91,85,89,87,87,87,87,61,35,140,110,113,113,85,0,0,0],"gold":70,"neow_bonus":"RANDOM_COMMON_RELIC","is_daily":false,"chose_seed":false,"campfire_upgraded":8,"win_rate":0.0,"timestamp":1614432108,"path_taken":["R_BF","M","M","M","?","M","T","?","R","M","R","M","?","?","M","BOSS","R","M","M","?","M","?","T","M","?","AVR","E","M","R","M","M","BOSS","R","M","M","M","M","M","T","R","M","M","E","NS","R","?","M","BOSS","E","$","R","BOSS","BOSS"],"items_purchased_type":["Relic","Potion","Potion","Potion","Card","Card"],"build_version":"2020-12-22","purchased_purges":1,"victory":false,"max_hp_per_floor":[70,70,70,70,70,70,70,73,73,76,76,76,79,79,82,85,85,85,88,91,91,94,97,97,97,100,103,106,106,106,109,112,115,115,115,118,121,121,121,124,124,134,134,134,137,137,137,137,140,140,140,143,146,146,146,146,146,146],"card_choices":[{"not_picked":["hexamod:HeatMetal","hexamod:GhostLash","hexamod:RainOfEmbers"],"picked":"SKIP","floor":2},{"not_picked":["hexamod:CatchUp","hexamod:HeatMetal","hexamod:BacktrackSmack"],"picked":"SKIP","floor":3},{"not_picked":["hexamod:HeatMetal","hexamod:BacktrackSmack"],"picked":"hexamod:CatchUp","floor":3},{"not_picked":["hexamod:ThermalTransfer","hexamod:SwordOfDarkness","hexamod:SpectralAdrenaline"],"picked":"SKIP","floor":4},{"not_picked":["hexamod:ChargedBarrage","hexamod:Haunt"],"picked":"hexamod:RainOfEmbers","floor":6},{"not_picked":["hexamod:GhostOfSpirePresent","hexamod:ThermalTransfer"],"picked":"hexamod:Hexaguard","floor":10},{"not_picked":["hexamod:NightmareStrike","hexamod:GhostShield","hexamod:RecurringNightmare"],"picked":"SKIP","floor":12},{"not_picked":["infinitespire:TheBestDefense","infinitespire:FutureSight"],"picked":"infinitespire:Gouge","floor":13},{"not_picked":["hexamod:GhostShield","hexamod:GhostflameBarrier","hexamod:SuperheatedStrike"],"picked":"SKIP","floor":14},{"not_picked":["hexamod:GhostLash","hexamod:EmpoweredFlame"],"picked":"hexamod:Rewind","floor":15},{"not_picked":["hexamod:ForkedFlame","hexamod:FlameSwitch"],"picked":"hexamod:SearingWound","floor":16},{"not_picked":["hexamod:SwordOfDarkness","hexamod:Hexaguard"],"picked":"hexamod:FirstSeal","floor":19},{"not_picked":["hexamod:CatchUp","hexamod:FastForward"],"picked":"hexamod:PhantomFireball","floor":20},{"not_picked":["hexamod:FlamesFromBeyond","hexamod:HauntingEcho"],"picked":"hexamod:RetreatToShadows+1","floor":22},{"not_picked":["hexamod:InspiringFlames","hexamod:AdvancingGuard"],"picked":"hexamod:SkipABeat+1","floor":23},{"not_picked":["hexamod:HauntingEcho+1","hexamod:WildfireWeapon","hexamod:HeatCrush"],"picked":"SKIP","floor":25},{"not_picked":["hexamod:FlamesFromBeyond","hexamod:DynamicBlow+1"],"picked":"hexamod:SoulSteal","floor":26},{"not_picked":["hexamod:Firestarter","hexamod:HeatCrush"],"picked":"hexamod:Again","floor":28},{"not_picked":["hexamod:ChargedBarrage","hexamod:ShieldOfDarkness","hexamod:FirstSeal"],"picked":"SKIP","floor":29},{"not_picked":["hexamod:GhostLash","hexamod:SuperheatedStrike"],"picked":"hexamod:HexaLevel","floor":31},{"not_picked":["hexamod:FlamesFromBeyond","hexamod:ThermalTransfer+1"],"picked":"hexamod:SoulSteal","floor":32},{"not_picked":["hexamod:GhostflameInferno","hexamod:UnlimitedPower"],"picked":"hexamod:TimeOfNeed","floor":33},{"not_picked":["hexamod:InspiringFlames","hexamod:Firestarter+1"],"picked":"hexamod:BurningTouch+1","floor":36},{"not_picked":["hexamod:ShieldOfDarkness+1","hexamod:BacktrackSmack+1"],"picked":"hexamod:Hexaguard","floor":37},{"not_picked":["hexamod:InspiringFlames","hexamod:NightmareStrike+1","hexamod:BacktrackSmack+1"],"picked":"SKIP","floor":38},{"not_picked":["hexamod:NightmareStrike","hexamod:BacktrackSmack","hexamod:HeatMetal"],"picked":"SKIP","floor":39},{"not_picked":["hexamod:AdvancingGuard","hexamod:NecessarySacrifice+1"],"picked":"hexamod:SoulSteal+1","floor":40},{"not_picked":["hexamod:InspiringFlames","hexamod:HauntingEcho+1","hexamod:SwordOfDarkness+1"],"picked":"SKIP","floor":43},{"not_picked":["hexamod:HexaLevel","hexamod:NightmareStrike","hexamod:NightmareGuise"],"picked":"SKIP","floor":44},{"not_picked":["hexamod:SuperheatedStrike","hexamod:ShieldOfDarkness"],"picked":"hexamod:RetreatToShadows","floor":45},{"not_picked":["hexamod:SpectersWail","hexamod:NightmareStrike"],"picked":"hexamod:BacktrackSmack+1","floor":49},{"not_picked":["hexamod:GhostLash","hexamod:FlamesFromBeyond+1"],"picked":"hexamod:BacktrackSmack+1","floor":52}],"player_experience":529175,"relics_obtained":[{"floor":7,"key":"Replay:Ringing Soul"},{"floor":24,"key":"Pantograph"},{"floor":28,"key":"hexamod:MatchstickCase"},{"floor":45,"key":"Dream Catcher"},{"floor":52,"key":"Pet Ghost"}],"event_choices":[{"cards_removed":["hexamod:FirstSeal"],"damage_healed":0,"gold_gain":0,"player_choice":"Give","damage_taken":0,"max_hp_gain":0,"max_hp_loss":0,"event_name":"betterNote:BetterNote","floor":21,"gold_loss":0,"cards_obtained":["None"]}],"is_beta":false,"boss_relics":[{"not_picked":["Kintsugi","Sozu"],"picked":"SlaversCollar"},{"not_picked":["hubris:Backtick","Runic Dome"],"picked":"thethorton:BottledFunds"}],"items_purged_floors":[53],"is_endless":false,"potions_floor_spawned":[4,6,15,16,20,23,25,28,29,32,36,38,40,49],"killed_by":"downfall:NeowBossFinal","ascension_level":0}}