{"host":"l85rtarfuh0ld3b1","time":1614442248,"event":{"mods":["AchievementEnabler","Act Like it!","BaseMod","BetterRewards","CapriCore","Decade(王小明)","Gensokyo","KinomotoSakuraMod(木之本樱)","Koishi","Marisa（F雨　魔理沙）","Minty Spire (QoL Compilation)","Permanent Neow","Reimu（博丽灵梦）","Remilia（蕾米莉亚）","Shop Mod","StSLib","TestMod","The Administrix","The Immortal","The Servant 0.9.4","WarShipGirlsR/战舰少女R mod","Yakumo Yukari mod","Yuyuko"],"gold_per_floor":[124,157,157,85,15,43,43,43,43,368,368,208,607,792,792,1099,1099,1110,1136,1199,1199,1212,1212,1310,1340,1365,1398,1398,1497,1497,1497,1497,1594,1594,1610,1610,1610,1610,1623,1623,1650,1674,1699,1699,1733,1733,1802,1830,1830,1830,1830,1830,1576,1601,1601],"floor_reached":56,"language":"ZHS","playtime":4516,"items_purged":["Fantasy Butterflies","Fantasy Butterflies","Fantasy Butterflies","Fantasy Butterflies","Dreamy Sakura","Dreamy Sakura","Fantasy Butterflies","Dreamy Sakura","Dreamy Sakura","Deathly Ground","Faramita\u0027s Temptation","Dreamy Sakura","Bloom","Nihility","Bloom","Sweet of Phantom","Mini Ghostdom","Serene Spring","Bloom+1","Normality","Parasite","Clumsy","Bloom+1","All Wander+1"],"score":2281,"play_id":"084fa50b-5c7a-4446-ae31-7c70dc63ade3","local_time":"20210228001048","is_ascension_mode":true,"campfire_choices":[{"floor":8,"key":"RECALL"},{"data":"The Inky Sakura+1","floor":15,"key":"SMITH"},{"floor":23,"key":"DIG"},{"floor":28,"key":"DIG"},{"floor":32,"key":"DIG"},{"data":"The Inky Sakura+2","floor":40,"key":"SMITH"},{"data":"The Inky Sakura+3","floor":44,"key":"SMITH"},{"data":"The Inky Sakura+4","floor":46,"key":"SMITH"},{"data":"The Inky Sakura+6","floor":49,"key":"SMITH"},{"data":"The Inky Sakura+7","floor":52,"key":"SMITH"}],"circlet_count":0,"master_deck":["Bloom+1","Nihility+1","Bloom+1","The Forgotten Winter+1","Bloom+1","Sweet of Phantom+1","Childlike+1","Mini Ghostdom+1","The Inky Sakura+8","Bloom+1","Childlike+1","Serene Spring+1","BloodyCatastrophe+1","Gensokyo:NewMoon+1","Recycle+1","ButterflyHabitatTemple_purple+1","RuleDissolution_purple+1"],"relics":["Coronal","Yuyuko\u0027s fan","testmod-Fanaticism","MerchantsRug","Juzu Bracelet","testmod-Nyarlathotep","testmod-Charity","Peace Pipe","Singing Bowl","CeramicFish","ClockworkSouvenir","White Beast Statue","Toxic Egg 2","Medical Kit","Trap Lamp","PrismaticShard","Mastiff:ReiMu","Membership Card","Ghost Lamp","WingedGreaves","Matryoshka","Molten Egg 2","Frozen Egg 2","Trip to Hell","Frozen Eye","Chemical X","Blue Candle","Question Card","CrazyTorch:ReiMu","Darkstone Periapt","testmod-Laevatain","Prayer Wheel","Tiny Chest","testmod-CyclicPeriapt","Obi","Unceasing Top","testmod-Acrobat","testmod-ConstraintPeriapt","Shovel","Omamori","testmod-RainbowHikingShoes","Gensokyo:PortableGap","testmod-HeartOfDaVinci","Gensokyo:Mercy","testmod-IndustrialRevolution","Enchiridion","APieceOfRedMist","MutagenicStrength","TheEssenceOfRealm","Art of War","testmod-Hope","AdministrixMod:GoldenChickadee","KSMOD_YukitosBentoBox","HandmadeGrimoire"],"acts_visited":["Gensokyo:Gensokyo","TheCity","Gensokyo:Gensokyoest","TheEnding"],"potions_floor_usage":[0,0,0,0,0,0,0,0,0,0,0,0,14],"damage_taken":[{"damage":1,"enemies":"Gensokyo:Gryphon","floor":1,"turns":1},{"damage":1,"enemies":"Gensokyo:Mamizou","floor":6,"turns":1},{"damage":4,"enemies":"Gensokyo:Cirno","floor":10,"turns":4},{"damage":6,"enemies":"Gensokyo:Kokoro","floor":16,"turns":3},{"damage":1,"enemies":"Spheric Guardian","floor":18,"turns":1},{"damage":5,"enemies":"Chosen","floor":19,"turns":1},{"damage":1,"enemies":"Snecko","floor":22,"turns":1},{"damage":1,"enemies":"Book of Stabbing","floor":25,"turns":1},{"damage":9,"enemies":"Slavers","floor":27,"turns":1},{"damage":1,"enemies":"Automaton","floor":33,"turns":1},{"damage":1,"enemies":"Gensokyo:3_Bats","floor":35,"turns":1},{"damage":5,"enemies":"Gensokyo:AncientGuardian","floor":39,"turns":1},{"damage":5,"enemies":"Gensokyo:4_Bats","floor":42,"turns":1},{"damage":9,"enemies":"Gensokyo:Marisa","floor":45,"turns":1},{"damage":9,"enemies":"Gensokyo:Kasen","floor":47,"turns":1},{"damage":9,"enemies":"Gensokyo:Marisa","floor":48,"turns":1},{"damage":11,"enemies":"Gensokyo:Shinki","floor":50,"turns":3},{"damage":1,"enemies":"Shield and Spear","floor":54,"turns":1},{"damage":113,"enemies":"The Heart","floor":55,"turns":3}],"seed_played":"-7599073121200290596","potions_obtained":[{"floor":0,"key":"GrandPatriotsElixir:ReiMu"},{"floor":0,"key":"testmod-SpacePotion"},{"floor":0,"key":"LiquidMemories"},{"floor":0,"key":"testmod-SpacePotion"},{"floor":0,"key":"BlessingOfTheForge"},{"floor":1,"key":"DuplicationPotion"},{"floor":6,"key":"SpeedPotion"},{"floor":10,"key":"ZuzhouPotion:ReiMu"},{"floor":16,"key":"BlessingOfTheForge"},{"floor":18,"key":"FearPotion"},{"floor":19,"key":"CultistPotion"},{"floor":22,"key":"testmod-TestPotion"},{"floor":25,"key":"Weak Potion"},{"floor":27,"key":"AttackPotion"},{"floor":33,"key":"Pckles"},{"floor":35,"key":"SpeedPotion"},{"floor":39,"key":"ColorlessPotion"},{"floor":42,"key":"Fire Potion"},{"floor":45,"key":"Weak Potion"},{"floor":47,"key":"DistilledChaos"},{"floor":48,"key":"Strength Potion"},{"floor":54,"key":"Block Potion"}],"is_trial":false,"path_per_floor":["M","$","?","COS","?","E","?","R","T","E","T","?","?","$","R","B",null,"M","M","$","T","M","R","$","E","T","E","R","?","?","?","R","B",null,"M","T","?","?","M","R","$","M","T","R","E","R","E","E","R","B",null,"R","$","E","B",null],"character_chosen":"YUYOKO","items_purchased":["MerchantsRug","Bloom","Juzu Bracelet","testmod-SpacePotion","testmod-Nyarlathotep","testmod-Charity","Serene Spring","Peace Pipe","Sweet of Phantom","Singing Bowl","CeramicFish","ClockworkSouvenir","EntropicBrew","Bloom","Mini Ghostdom","Nihility","White Beast Statue","Toxic Egg 2","Bloom+1","Strawberry","EntropicBrew","All Wander+1","Orrery","The Forgotten Winter+1","Medical Kit","DollysMirror","Lee\u0027s Waffle","Bloom+1","Trap Lamp","PrismaticShard","Sweet of Phantom+1","Mastiff:ReiMu","Membership Card","Ghost Lamp","WingedGreaves","Matryoshka","Childlike+1","Molten Egg 2","Bloom+1","Mini Ghostdom+1","Frozen Egg 2","Fruit Juice","Serene Spring+1","Fruit Juice","Trip to Hell","testmod-SpacePotion","Frozen Eye","Cerasus Subhirtella+1","Chemical X","EntropicBrew","Blue Candle","Bloom+1","Question Card","Pear","testmod-SpacePotion","Cerasus Subhirtella+1","testmod-SpacePotion","The Inky Sakura+1","CrazyTorch:ReiMu","War Paint","Darkstone Periapt","testmod-Laevatain","Cauldron","testmod-SpacePotion","Prayer Wheel","Tiny Chest","testmod-CyclicPeriapt","Obi","Mango","Unceasing Top","testmod-Acrobat","testmod-ConstraintPeriapt","Shovel","Omamori","testmod-RainbowHikingShoes","Potion Belt","Bloom+1","Fruit Juice","Serene Spring+1","TheEssenceOfRealm"],"campfire_rested":0,"item_purchase_floors":[0,0,0,0,0,0,0,0,0,0,0,0,0,0,0,0,0,0,0,0,0,0,0,0,0,0,0,0,0,0,0,0,0,0,0,0,0,0,0,0,0,0,0,0,0,0,0,0,0,0,0,0,0,0,0,0,0,0,0,0,0,0,0,0,0,0,0,0,0,0,0,0,0,0,0,0,0,14,14,41],"current_hp_per_floor":[174,176,160,163,163,199,199,199,199,242,242,242,243,256,256,275,278,129,305,308,308,359,359,362,391,392,425,425,426,426,426,426,455,456,473,473,402,402,440,440,453,510,511,511,559,559,609,637,637,681,681,681,685,710,781],"gold":1601,"neow_bonus":"","is_daily":false,"chose_seed":false,"campfire_upgraded":6,"win_rate":0.0,"timestamp":1614442248,"path_taken":["M","$","?","COS","?","E","?","R","T","E","?","?","?","?","R","BOSS","M","M","$","?","M","R","$","E","T","E","R","?","?","?","R","BOSS","M","?","?","?","M","R","$","M","T","R","E","R","E","E","R","BOSS","R","$","E","BOSS"],"items_purchased_type":["Relic","Card","Relic","Potion","Relic","Relic","Card","Relic","Card","Relic","Relic","Relic","Potion","Card","Card","Card","Relic","Relic","Card","Relic","Potion","Card","Relic","Card","Relic","Relic","Relic","Card","Card","Relic","Card","Relic","Relic","Relic","Relic","Relic","Card","Relic","Card","Card","Relic","Potion","Card","Potion","Relic","Potion","Relic","Card","Relic","Potion","Relic","Card","Relic","Relic","Potion","Card","Potion","Card","Relic","Relic","Relic","Relic","Relic","Potion","Relic","Relic","Relic","Relic","Relic","Relic","Relic","Relic","Relic","Relic","Relic","Relic","Card","Potion","Card","Relic"],"build_version":"2020-12-22","purchased_purges":24,"victory":true,"max_hp_per_floor":[175,177,160,163,163,200,200,200,200,246,246,246,247,260,260,278,278,304,340,343,343,360,360,363,392,393,426,426,427,427,427,427,456,456,474,474,474,474,495,495,508,530,531,531,559,559,609,637,637,681,681,681,685,710,781],"card_choices":[{"not_picked":["Unreal+1","Final of Final","Unknown Petal+1"],"picked":"Singing Bowl","floor":0},{"not_picked":["Triple Snow+1","Postpone Bloom","Infinite Sin"],"picked":"Singing Bowl","floor":0},{"not_picked":["Dark Wind+1","Stifle","Triple Snow+1"],"picked":"Singing Bowl","floor":0},{"not_picked":["Sweet of Phantom+1","Postpone Bloom"],"picked":"Nihility+1","floor":0},{"not_picked":["Cerasus Subhirtella+1","Full Moon+1"],"picked":"Bloom+1","floor":0},{"not_picked":["Triple Snow+1","Postpone Bloom","Infinite Sin"],"picked":"Singing Bowl","floor":0},{"not_picked":["Dark Wind+1","Stifle","Triple Snow+1"],"picked":"Singing Bowl","floor":0},{"not_picked":["Nihility+1","Postpone Bloom"],"picked":"Sweet of Phantom+1","floor":0},{"not_picked":["StateDuplicate_purple+1","Koishi:CatchAndRose+1","Koishi:DNAsFlaw+1","Cold Snap+1"],"picked":"Singing Bowl","floor":0},{"not_picked":["DevaForm+1","Prostrate+1","ScarletDevil+1","Protect+1"],"picked":"Singing Bowl","floor":1},{"not_picked":["UnarmedAttack3+1","FormRideBasshaa+1","Flying Knee+1"],"picked":"Childlike+1","floor":1},{"not_picked":["BlastKick2:ReiMu+1","Searing Blow+1","ChargingUp+1","Decade_Dash2+1"],"picked":"Singing Bowl","floor":6},{"not_picked":["Deflect+1","DragShield","UnarmedAttack1+1","KamenRideKabuto+1"],"picked":"Singing Bowl","floor":10},{"not_picked":["Deny+1","Violence+1","Corpse Explosion+1"],"picked":"BloodyCatastrophe+1","floor":16},{"not_picked":["RainPray2:ReiMu+1","RealityDreamConfluencek_purple+1","rmod:royalracing+1","Shallow_ocean_purpleEX+1"],"picked":"Singing Bowl","floor":18},{"not_picked":["Unstable Ward+1","MountainWay:ReiMu+1","RedMagic+1","Occultation+1"],"picked":"Singing Bowl","floor":18},{"not_picked":["rmod:steelsupply+1","NightDance+1","Crescendo+1","Noxious Fumes+1"],"picked":"Singing Bowl","floor":19},{"not_picked":["NightDance+1","rmod:launchingtorpedo+1","Crippling Poison+1"],"picked":"Gensokyo:NewMoon+1","floor":19},{"not_picked":["Redemption of Death+1","Koishi:FleetingPhantom+1","Meditation:ReiMu+1","Worship+1"],"picked":"Singing Bowl","floor":22},{"not_picked":["rmod:advancebysurprise+1","Cleave+1","Dramatic Entrance+1","GasGiant+1"],"picked":"Singing Bowl","floor":22},{"not_picked":["WitchLeyline+1","Perfected Strike+1","TimeTheft+1","Koishi:RorschachInDanmaku+1"],"picked":"Singing Bowl","floor":25},{"not_picked":["VampireClaw+1","Mini Ghostdom+1","AdministrixMod:CrackingPangu+1"],"picked":"Recycle+1","floor":27},{"not_picked":["Hyperbeam+1","QueenOfMidnight+1","OctopathSalyBorderN:ReiMu+1","ClowCardTheTime+1"],"picked":"Singing Bowl","floor":33},{"not_picked":["MokouMod:ScorchingColumn+1","Koishi:PhilosophyOfTheDespised+1","ShootingEcho+1","AutoVajin+1"],"picked":"Singing Bowl","floor":35},{"not_picked":["MokouMod:Fireball+1","Pommel Strike+1","AdministrixMod:RebukeDesires+1","Skewer+1"],"picked":"Singing Bowl","floor":35},{"not_picked":["rmod:unsinkable+1","EmergencyTakeOff:ReiMu+1","MysteriousBeam+1","InstantArmor+1"],"picked":"Singing Bowl","floor":39},{"not_picked":["Heavy Blade+1","Body Slam+1","OpenUniverse+1","Ghostdom Sakura+1"],"picked":"Singing Bowl","floor":39},{"not_picked":["UnarmedAttack5+1","MokouMod:Geothermal+1","UnstableBomb+1","Koishi:SubconsciousSweep+1"],"picked":"Singing Bowl","floor":42},{"not_picked":["Revamp+1","AdministrixMod:LightOfYourLife+1","Conserve Battery+1"],"picked":"RuleDissolution_purple+1","floor":42},{"not_picked":["StarChef+1","IllusionStar+1","Wish+1","Enchanting:ReiMu+1"],"picked":"Singing Bowl","floor":45},{"not_picked":["RideBooker_Skill_3+1","testmod-BackupPower+1","EarthLightRay+1","AdministrixMod:QuietConspiracy+1"],"picked":"Singing Bowl","floor":47},{"not_picked":["Caltrops+1","Enlightenment+1","AdministrixMod:PlateOfAntiquity+1","rmod:u235+1"],"picked":"Singing Bowl","floor":48},{"not_picked":["rmod:royalracing+1","rmod:luckystar+1","CeremonyResonance:ReiMu+1","Blade Dance+1"],"picked":"Singing Bowl","floor":54}],"player_experience":689573,"relics_obtained":[{"floor":6,"key":"testmod-HeartOfDaVinci"},{"floor":9,"key":"Bow_fan:ReiMu"},{"floor":10,"key":"testmod-RandomTest"},{"floor":11,"key":"Pen Nib"},{"floor":11,"key":"InkBottle"},{"floor":21,"key":"Akabeko"},{"floor":23,"key":"SkyOrb:ReiMu"},{"floor":25,"key":"Red Skull"},{"floor":26,"key":"AdministrixMod:CrackedTaijitu"},{"floor":27,"key":"RuthlessExorcism:ReiMu"},{"floor":28,"key":"testmod-TheFather"},{"floor":32,"key":"Ancient Tea Set"},{"floor":36,"key":"Mercury Hourglass"},{"floor":43,"key":"Art of War"},{"floor":45,"key":"testmod-Hope"},{"floor":47,"key":"AdministrixMod:GoldenChickadee"},{"floor":48,"key":"KSMOD_YukitosBentoBox"},{"floor":54,"key":"HandmadeGrimoire"}],"event_choices":[{"damage_healed":0,"gold_gain":400,"player_choice":"Sell","damage_taken":0,"max_hp_gain":0,"max_hp_loss":0,"event_name":"恩洛斯的盘子","floor":13,"relics_lost":["testmod-TestBox"],"gold_loss":0},{"damage_healed":0,"gold_gain":100,"player_choice":"Pray","damage_taken":0,"max_hp_gain":0,"max_hp_loss":0,"event_name":"Golden Shrine","floor":29,"gold_loss":0},{"damage_healed":0,"gold_gain":0,"player_choice":"Ignored","damage_taken":0,"max_hp_gain":0,"max_hp_loss":0,"event_name":"The Mausoleum","floor":30,"gold_loss":0},{"damage_healed":0,"gold_gain":0,"player_choice":"Inject Mutagens","damage_taken":0,"relics_obtained":["MutagenicStrength"],"max_hp_gain":0,"max_hp_loss":0,"event_name":"Drug Dealer","floor":31,"gold_loss":0}],"is_beta":false,"boss_relics":[{"not_picked":["Mark of Pain","Snecko Eye"],"picked":"APieceOfRedMist"},{"not_picked":["testmod-Recursion","Velvet Choker"],"picked":"Empty Cage"}],"items_purged_floors":[0,0,0,0,0,0,0,0,0,0,0,0,0,0,0,0,0,0,0,0,0,0,41,53],"is_endless":false,"potions_floor_spawned":[1,6,10,16,18,19,22,25,27,33,35,39,42,45,47,48,54],"ascension_level":4}}