{"host":"vqun63pi4q2xs0ca","time":1614439511,"event":{"mods":["BaseMod","Minty Spire (QoL Compilation)","Relic Stats","StSLib"],"gold_per_floor":[110,129,139,139,149,149,183,183,183,183,218,218,245,64,64,141,141,158,83,103,119,119,119,145,145,145,171,183,183,183,218,218,294,294,306,318,44,44,62,97,117,144,144,160,189,214,242,257,257,257,257,257,257,68,93,93],"floor_reached":57,"language":"ENG","playtime":4520,"items_purged":["Fasting2"],"score":3146,"play_id":"8d921439-df7c-4f51-be35-a31974a73215","local_time":"20210227152511","is_ascension_mode":true,"campfire_choices":[{"data":"BowlingBash","floor":6,"key":"SMITH"},{"data":"FlyingSleeves","floor":8,"key":"SMITH"},{"floor":10,"key":"REST"},{"data":"Meditate","floor":12,"key":"SMITH"},{"data":"TalkToTheHand","floor":15,"key":"SMITH"},{"floor":23,"key":"REST"},{"floor":29,"key":"REST"},{"floor":32,"key":"REST"},{"floor":49,"key":"RECALL"},{"floor":53,"key":"REST"}],"circlet_count":0,"master_deck":["AscendersBane","Eruption+1","Vigilance","BowlingBash+1","FlyingSleeves+1","EmptyFist","CutThroughFate","Meditate+1","LikeWater+1","Prostrate+1","TalkToTheHand+1","Wireheading+1","ThirdEye+1","LessonLearned+1","Fasting2+1","Devotion+1","CutThroughFate+1","FollowUp+1","TalkToTheHand","EmptyFist+1","MentalFortress+1","Nirvana","DeceiveReality+1","Prostrate","Weave+1","DeusExMachina","Vault+1","WaveOfTheHand+1","Finesse","Evaluate+1","Worship+1","WheelKick+1","Establishment","TalkToTheHand"],"relics":["PureWater","Bronze Scales","Mercury Hourglass","Meat on the Bone","White Beast Statue","Toy Ornithopter","Pandora\u0027s Box","Matryoshka","Potion Belt","Bottled Flame","Omamori","Enchiridion","Incense Burner","Fusion Hammer","Mummified Hand","Prayer Wheel","Question Card","PreservedInsect","Ornamental Fan","FossilizedHelix","Art of War"],"acts_visited":["Exordium","TheCity","TheBeyond","TheEnding"],"potions_floor_usage":[11,13,18,24,24,27,31,33,39,39,40,42,47,50,51,51,55,56,56,56],"damage_taken":[{"damage":1,"enemies":"Cultist","floor":1,"turns":4},{"damage":1,"enemies":"Small Slimes","floor":2,"turns":3},{"damage":0,"enemies":"2 Louse","floor":3,"turns":2},{"damage":5,"enemies":"Blue Slaver","floor":5,"turns":3},{"damage":27,"enemies":"3 Sentries","floor":7,"turns":8},{"damage":6,"enemies":"Gremlin Nob","floor":11,"turns":3},{"damage":10,"enemies":"3 Sentries","floor":13,"turns":4},{"damage":7,"enemies":"The Guardian","floor":16,"turns":9},{"damage":8,"enemies":"Shell Parasite","floor":18,"turns":4},{"damage":0,"enemies":"3 Byrds","floor":20,"turns":4},{"damage":6,"enemies":"Snecko","floor":21,"turns":6},{"damage":23,"enemies":"Slavers","floor":24,"turns":5},{"damage":35,"enemies":"Gremlin Leader","floor":27,"turns":8},{"damage":13,"enemies":"Centurion and Healer","floor":28,"turns":7},{"damage":8,"enemies":"Book of Stabbing","floor":31,"turns":5},{"damage":26,"enemies":"Champ","floor":33,"turns":8},{"damage":11,"enemies":"Orb Walker","floor":35,"turns":5},{"damage":17,"enemies":"3 Shapes","floor":36,"turns":4},{"damage":6,"enemies":"3 Darklings","floor":39,"turns":6},{"damage":0,"enemies":"Giant Head","floor":40,"turns":6},{"damage":2,"enemies":"Jaw Worm Horde","floor":41,"turns":6},{"damage":0,"enemies":"Nemesis","floor":42,"turns":11},{"damage":0,"enemies":"Maw","floor":44,"turns":5},{"damage":3,"enemies":"Giant Head","floor":45,"turns":3},{"damage":0,"enemies":"Mind Bloom Boss Battle","floor":46,"turns":5},{"damage":0,"enemies":"Nemesis","floor":47,"turns":5},{"damage":0,"enemies":"Writhing Mass","floor":48,"turns":6},{"damage":41,"enemies":"Awakened One","floor":50,"turns":16},{"damage":0,"enemies":"Donu and Deca","floor":51,"turns":7},{"damage":0,"enemies":"Shield and Spear","floor":55,"turns":6},{"damage":7,"enemies":"The Heart","floor":56,"turns":9}],"seed_played":"-1964759478102976618","potions_obtained":[{"floor":5,"key":"Strength Potion"},{"floor":7,"key":"SkillPotion"},{"floor":13,"key":"StancePotion"},{"floor":16,"key":"BottledMiracle"},{"floor":18,"key":"PowerPotion"},{"floor":24,"key":"DuplicationPotion"},{"floor":27,"key":"Fruit Juice"},{"floor":28,"key":"Strength Potion"},{"floor":31,"key":"Ancient Potion"},{"floor":33,"key":"EssenceOfSteel"},{"floor":35,"key":"Dexterity Potion"},{"floor":36,"key":"EssenceOfSteel"},{"floor":39,"key":"Fire Potion"},{"floor":40,"key":"AttackPotion"},{"floor":41,"key":"Energy Potion"},{"floor":42,"key":"Dexterity Potion"},{"floor":47,"key":"BottledMiracle"},{"floor":48,"key":"StancePotion"},{"floor":55,"key":"PowerPotion"}],"is_trial":false,"path_per_floor":["M","M","M","?","M","R","E","R","T","R","E","R","E","$","R","B",null,"M","$","M","M","?","R","E","?","T","E","M","R","?","E","R","B",null,"M","M","$","?","M","E","M","E","T","M","E","?","E","M","R","B","B",null,"R","$","E","B",null],"character_chosen":"WATCHER","items_purchased":["TalkToTheHand","Wireheading","ThirdEye","Mummified Hand","GamblersBrew","SteroidPotion","FearPotion"],"campfire_rested":5,"item_purchase_floors":[14,14,14,37,54,54,54],"current_hp_per_floor":[60,59,59,59,54,54,27,27,27,47,41,41,43,43,43,36,60,57,57,57,51,32,53,40,40,40,22,21,42,21,30,51,42,65,54,37,37,32,48,53,51,61,61,61,58,58,63,63,63,39,49,71,78,78,78,78],"gold":93,"neow_bonus":"RANDOM_COMMON_RELIC","is_daily":false,"chose_seed":false,"campfire_upgraded":4,"win_rate":0.0,"timestamp":1614439511,"path_taken":["M","M","M","?","M","R","E","R","T","R","E","R","E","$","R","BOSS","M","$","M","?","?","R","E","?","T","E","M","R","?","E","R","BOSS","M","M","$","?","M","E","M","E","T","M","E","?","E","M","R","BOSS","BOSS","R","$","E","BOSS"],"items_purchased_type":["Card","Card","Card","Relic","Potion","Potion","Potion"],"build_version":"2020-12-22","purchased_purges":1,"victory":true,"max_hp_per_floor":[68,68,68,68,68,68,68,68,68,68,68,68,68,68,68,68,68,68,68,68,68,73,73,73,73,73,73,73,73,73,73,73,73,73,73,73,73,73,73,73,73,78,78,78,78,78,78,78,78,78,78,78,78,78,78,78],"relic_stats":{"counters":[31,181],"PreservedInsect":257,"Question Card":8,"Mercury Hourglass":[569],"Mummified Hand":[107],"Ornamental Fan":[108],"Bronze Scales":[615],"Pandora\u0027s Box":["Fasting2","Fasting2","Devotion","CutThroughFate","FollowUp","TalkToTheHand","EmptyFist"],"Prayer Wheel":3,"Art of War":[0],"obtain_stats":[{"Potion Belt":26,"Enchiridion":30,"PreservedInsect":43,"Omamori":27,"Incense Burner":31,"Question Card":42,"White Beast Statue":11,"Mercury Hourglass":7,"Bottled Flame":26,"Matryoshka":24,"Mummified Hand":37,"Ornamental Fan":45,"Bronze Scales":0,"Pandora\u0027s Box":17,"Prayer Wheel":40,"Fusion Hammer":34,"Art of War":55,"PureWater":0,"Toy Ornithopter":13,"FossilizedHelix":46,"Meat on the Bone":9},{"Potion Belt":12,"Enchiridion":14,"PreservedInsect":22,"Omamori":13,"Incense Burner":15,"Question Card":22,"White Beast Statue":6,"Mercury Hourglass":5,"Bottled Flame":12,"Matryoshka":12,"Mummified Hand":18,"Ornamental Fan":24,"Bronze Scales":0,"Pandora\u0027s Box":8,"Prayer Wheel":20,"Fusion Hammer":16,"Art of War":30,"PureWater":0,"Toy Ornithopter":7,"FossilizedHelix":25,"Meat on the Bone":5},{"Potion Belt":53,"Enchiridion":68,"PreservedInsect":119,"Omamori":61,"Incense Burner":73,"Question Card":119,"White Beast Statue":23,"Mercury Hourglass":20,"Bottled Flame":53,"Matryoshka":53,"Mummified Hand":90,"Ornamental Fan":127,"Bronze Scales":0,"Pandora\u0027s Box":36,"Prayer Wheel":102,"Fusion Hammer":81,"Art of War":172,"PureWater":0,"Toy Ornithopter":27,"FossilizedHelix":132,"Meat on the Bone":20}],"Toy Ornithopter":77,"Meat on the Bone":84},"card_choices":[{"not_picked":["PathToVictory","EmptyBody"],"picked":"BowlingBash","floor":1},{"not_picked":["CrushJoints","BowlingBash"],"picked":"FlyingSleeves","floor":2},{"not_picked":["Evaluate","EmptyMind"],"picked":"EmptyFist","floor":3},{"not_picked":["BowlingBash","Sanctity"],"picked":"CutThroughFate","floor":5},{"not_picked":["Adaptation","Judgement"],"picked":"Meditate","floor":7},{"not_picked":["Halt","ClearTheMind"],"picked":"LikeWater","floor":11},{"not_picked":["Consecrate","BowlingBash"],"picked":"Prostrate","floor":13},{"not_picked":["Alpha","Omniscience"],"picked":"LessonLearned","floor":16},{"not_picked":["SashWhip","WindmillStrike"],"picked":"MentalFortress","floor":18},{"not_picked":["ThirdEye","ClearTheMind","Fasting2"],"picked":"SKIP","floor":20},{"not_picked":["BattleHymn","CutThroughFate","Meditate"],"picked":"SKIP","floor":21},{"not_picked":["Collect","CrushJoints+1"],"picked":"Nirvana","floor":24},{"not_picked":["EmptyFist","SignatureMove"],"picked":"Prostrate","floor":27},{"not_picked":["Evaluate","Crescendo"],"picked":"Weave","floor":28},{"not_picked":["FlyingSleeves","ClearTheMind"],"picked":"DeusExMachina","floor":31},{"not_picked":["Establishment","DeusExMachina"],"picked":"Vault","floor":33},{"not_picked":["SashWhip","Consecrate","Conclude"],"picked":"SKIP","floor":35},{"not_picked":["CarveReality","Swivel+1"],"picked":"WaveOfTheHand+1","floor":36},{"not_picked":["Swift Strike","Jack Of All Trades"],"picked":"Finesse","floor":38},{"not_picked":["InnerPeace","CutThroughFate+1"],"picked":"Evaluate+1","floor":39},{"not_picked":["Wireheading","DeceiveReality"],"picked":"Worship+1","floor":40},{"not_picked":["JustLucky","Evaluate"],"picked":"WheelKick","floor":41},{"not_picked":["Halt","ForeignInfluence","Swivel"],"picked":"SKIP","floor":41},{"not_picked":["CutThroughFate","InnerPeace","SandsOfTime"],"picked":"SKIP","floor":42},{"not_picked":["PathToVictory","EmptyBody","Adaptation+1"],"picked":"Establishment","floor":44},{"not_picked":["EmptyBody","ReachHeaven+1","SashWhip","Consecrate"],"picked":"SKIP","floor":44},{"not_picked":["PathToVictory","FlyingSleeves+1","JustLucky","Prostrate"],"picked":"SKIP","floor":45},{"not_picked":["MentalFortress+1","BowlingBash+1","SashWhip+1","ClearTheMind"],"picked":"SKIP","floor":47},{"not_picked":["FlyingSleeves","Sanctity","BowlingBash","ForeignInfluence"],"picked":"SKIP","floor":48},{"not_picked":["Collect","LessonLearned","Halt","PathToVictory"],"picked":"SKIP","floor":48},{"not_picked":["SashWhip+1","PathToVictory+1","Meditate"],"picked":"TalkToTheHand","floor":55}],"player_experience":1651075,"relics_obtained":[{"floor":7,"key":"Mercury Hourglass"},{"floor":9,"key":"Meat on the Bone"},{"floor":11,"key":"White Beast Statue"},{"floor":13,"key":"Toy Ornithopter"},{"floor":24,"key":"Matryoshka"},{"floor":26,"key":"Potion Belt"},{"floor":26,"key":"Bottled Flame"},{"floor":27,"key":"Omamori"},{"floor":30,"key":"Enchiridion"},{"floor":31,"key":"Incense Burner"},{"floor":40,"key":"Prayer Wheel"},{"floor":42,"key":"Question Card"},{"floor":43,"key":"PreservedInsect"},{"floor":45,"key":"Ornamental Fan"},{"floor":46,"key":"FossilizedHelix"},{"floor":55,"key":"Art of War"}],"event_choices":[{"cards_removed":["Defend_P"],"damage_healed":0,"gold_gain":0,"player_choice":"Purged","damage_taken":0,"max_hp_gain":0,"max_hp_loss":0,"event_name":"Purifier","floor":4,"gold_loss":0},{"damage_healed":0,"gold_gain":0,"player_choice":"Shed Blood","damage_taken":24,"max_hp_gain":5,"max_hp_loss":0,"event_name":"Forgotten Altar","floor":22,"gold_loss":0},{"damage_healed":0,"gold_gain":0,"player_choice":"Read","damage_taken":0,"max_hp_gain":0,"max_hp_loss":0,"event_name":"The Library","floor":25,"gold_loss":0,"cards_obtained":["DeceiveReality"]},{"damage_healed":0,"gold_gain":0,"player_choice":"Obtained Book","damage_taken":21,"max_hp_gain":0,"max_hp_loss":0,"event_name":"Cursed Tome","floor":30,"gold_loss":0},{"damage_healed":0,"gold_gain":0,"player_choice":"Memory 2","damage_taken":5,"max_hp_gain":0,"max_hp_loss":0,"event_name":"SensoryStone","floor":38,"gold_loss":0},{"damage_healed":0,"gold_gain":0,"player_choice":"Fight","damage_taken":0,"max_hp_gain":0,"max_hp_loss":0,"event_name":"MindBloom","floor":46,"gold_loss":0}],"is_beta":false,"boss_relics":[{"not_picked":["Cursed Key","Runic Dome"],"picked":"Pandora\u0027s Box"},{"not_picked":["Empty Cage","Philosopher\u0027s Stone"],"picked":"Fusion Hammer"}],"items_purged_floors":[19],"is_endless":false,"potions_floor_spawned":[5,7,13,16,18,20,21,24,27,28,31,33,35,36,39,40,41,42,44,45,46,47,48,55],"ascension_level":20}}