{"host":"1c52r9kaxdyo25eq","time":1614439287,"event":{"mods":["AchievementEnabler","BaseMod","DeckTracker","Minty Spire (QoL Compilation)","Rare Cards Sparkle","SuperFastMode","everything is the same but u backflip on backflip"],"gold_per_floor":[109,128,203,203,220,220,232,232,232,232,258,258,283,307,307,402,402,415,178,203,203,223,223,247,15,15,58,58,74,74,74,74,74,74],"floor_reached":33,"language":"KOR","playtime":709,"items_purged":["Defend_R","Strike_R"],"score":521,"play_id":"a6bebc16-9e09-4b75-87d2-c6e6c234fb2d","local_time":"20210228002127","is_ascension_mode":true,"campfire_choices":[{"data":"Shockwave","floor":6.0,"key":"SMITH"},{"data":"Blood for Blood","floor":8.0,"key":"SMITH"},{"data":"Twin Strike","floor":10.0,"key":"SMITH"},{"floor":15.0,"key":"REST"},{"floor":23.0,"key":"REST"},{"floor":28,"key":"REST"},{"data":"Dark Embrace","floor":30,"key":"SMITH"},{"data":"Rupture","floor":32,"key":"SMITH"}],"circlet_count":0,"master_deck":["AscendersBane","Strike_R","Strike_R","Defend_R","Defend_R","Bash","Twin Strike+1","Battle Trance","Iron Wave","Shockwave+1","Blood for Blood+1","Brutality","Evolve","Dark Embrace+1","Power Through","Rupture+1","Feel No Pain"],"relics":["Burning Blood","Regal Pillow","PreservedInsect","Blue Candle","Golden Idol","Empty Cage","Bag of Preparation","Champion Belt"],"acts_visited":["Exordium","TheCity"],"potions_floor_usage":[27,33],"damage_taken":[{"damage":19.0,"enemies":"Jaw Worm","floor":1.0,"turns":5.0},{"damage":14.0,"enemies":"Small Slimes","floor":2.0,"turns":3.0},{"damage":1.0,"enemies":"Cultist","floor":5.0,"turns":3.0},{"damage":17.0,"enemies":"3 Louse","floor":7.0,"turns":5.0},{"damage":27.0,"enemies":"Gremlin Nob","floor":11.0,"turns":4.0},{"damage":6.0,"enemies":"Looter","floor":13.0,"turns":4.0},{"damage":4.0,"enemies":"Blue Slaver","floor":14.0,"turns":4.0},{"damage":32.0,"enemies":"The Guardian","floor":16.0,"turns":11.0},{"damage":31.0,"enemies":"Chosen","floor":18.0,"turns":5.0},{"damage":25.0,"enemies":"Spheric Guardian","floor":20.0,"turns":5.0},{"damage":20.0,"enemies":"3 Cultists","floor":22.0,"turns":6.0},{"damage":16.0,"enemies":"Centurion and Healer","floor":24.0,"turns":6.0},{"damage":43,"enemies":"Slavers","floor":27,"turns":5},{"damage":15,"enemies":"Snake Plant","floor":29,"turns":3},{"damage":26,"enemies":"Automaton","floor":33,"turns":3}],"seed_played":"-8627504755602288423","potions_obtained":[{"floor":1.0,"key":"HeartOfIron"},{"floor":2.0,"key":"Ancient Potion"},{"floor":14.0,"key":"BloodPotion"},{"floor":18.0,"key":"LiquidMemories"},{"floor":29,"key":"SkillPotion"}],"is_trial":false,"path_per_floor":["M","M","?","?","M","R","M","R","T","R","E","?","M","M","R","B",null,"M","$","M","?","M","R","M","$","T","E","R","M","R","?","R","B"],"character_chosen":"IRONCLAD","items_purchased":["Dark Embrace","Power Through","Rupture","BloodPotion"],"campfire_rested":3,"item_purchase_floors":[19,19,25,25],"current_hp_per_floor":[55,47,36,36,41,41,30,30,30,30,9,9,9,11,46,20,56,31,31,25,25,11,46,36,36,36,12,47,38,38,38,38,12,12],"gold":74,"neow_bonus":"RANDOM_COMMON_RELIC","is_daily":false,"chose_seed":false,"campfire_upgraded":5,"win_rate":0.0,"timestamp":1614439287,"path_taken":["M","M","?","?","M","R","?","R","T","R","E","?","M","M","R","BOSS","M","$","M","?","M","R","M","$","T","E","R","M","R","?","R","BOSS"],"items_purchased_type":["Card","Card","Card","Potion"],"build_version":"2020-12-22","purchased_purges":2,"victory":false,"max_hp_per_floor":[75,75,75,75,75,75,75,75,75,75,75,68,68,68,68,68,68,68,68,68,68,68,68,68,68,68,68,68,68,68,68,68,68,68],"card_choices":[{"not_picked":["Warcry","Ghostly Armor"],"picked":"Twin Strike","floor":1.0},{"not_picked":["Headbutt","Havoc"],"picked":"Battle Trance","floor":2.0},{"not_picked":["True Grit","Perfected Strike"],"picked":"Shockwave","floor":5.0},{"not_picked":["Cleave","Clothesline"],"picked":"Blood for Blood","floor":7.0},{"not_picked":["Hemokinesis","Immolate","Wild Strike"],"picked":"SKIP","floor":11.0},{"not_picked":["Clash","Whirlwind","Heavy Blade"],"picked":"SKIP","floor":13.0},{"not_picked":["Heavy Blade","Headbutt","Sword Boomerang"],"picked":"SKIP","floor":14.0},{"not_picked":["Exhume","Fiend Fire"],"picked":"Brutality","floor":16.0},{"not_picked":["Twin Strike","Metallicize"],"picked":"Evolve","floor":18.0},{"not_picked":["True Grit","Clothesline","Sever Soul"],"picked":"SKIP","floor":20.0},{"not_picked":["Inflame","Body Slam","Twin Strike"],"picked":"SKIP","floor":22.0},{"not_picked":["Clash+1","Ghostly Armor","Infernal Blade"],"picked":"SKIP","floor":24.0},{"not_picked":["Cleave","Clothesline+1","Sword Boomerang"],"picked":"SKIP","floor":27},{"not_picked":["Flex","Sword Boomerang"],"picked":"Feel No Pain","floor":29}],"player_experience":661942,"relics_obtained":[{"floor":9.0,"key":"PreservedInsect"},{"floor":11.0,"key":"Blue Candle"},{"floor":26.0,"key":"Bag of Preparation"},{"floor":27,"key":"Champion Belt"}],"event_choices":[{"damage_healed":0.0,"max_hp_gain":0.0,"max_hp_loss":0.0,"gold_gain":75.0,"event_name":"World of Goop","player_choice":"Gather Gold","floor":3.0,"gold_loss":0.0,"damage_taken":11.0},{"damage_healed":0.0,"max_hp_gain":0.0,"max_hp_loss":0.0,"gold_gain":0.0,"cards_transformed":["Strike_R"],"event_name":"Transmorgrifier","player_choice":"Transformed","floor":4.0,"gold_loss":0.0,"damage_taken":0.0,"cards_obtained":["Iron Wave"]},{"damage_healed":0.0,"max_hp_gain":0.0,"max_hp_loss":7.0,"gold_gain":0.0,"event_name":"Golden Idol","player_choice":"Lose Max HP","floor":12.0,"gold_loss":0.0,"damage_taken":0.0,"relics_obtained":["Golden Idol"]},{"damage_healed":0.0,"max_hp_gain":0.0,"max_hp_loss":0.0,"gold_gain":0.0,"event_name":"Cursed Tome","player_choice":"Ignored","floor":21.0,"gold_loss":0.0,"damage_taken":0.0},{"damage_healed":0,"gold_gain":0,"player_choice":"Ignored","damage_taken":0,"max_hp_gain":0,"max_hp_loss":0,"event_name":"Vampires","floor":31,"gold_loss":0}],"is_beta":false,"boss_relics":[{"not_picked":["Sozu","Calling Bell"],"picked":"Empty Cage"}],"items_purged_floors":[19,25],"is_endless":false,"potions_floor_spawned":[1,2,14,18,29],"killed_by":"Automaton","ascension_level":19}}