{"host":"seyebgsfkenzddlz","time":1614426334,"event":{"mods":["AchievementEnabler","BaseMod","Bestiary","Block Reminder","Colored Powertips","Minty Spire (QoL Compilation)","Practice Mode","Relic Stats"],"gold_per_floor":[112,112,122,135,135,160,160,195,221,231,231,111,124,138,138,243,243,259,13,13,90,5,5,19,19,19],"floor_reached":25,"language":"RUS","playtime":1304,"items_purged":["Strike_P","Strike_P"],"score":243,"play_id":"6e9f3d9e-9094-4bae-a8fe-b1afb177f3cd","local_time":"20210227214534","is_ascension_mode":true,"campfire_choices":[{"data":"PathToVictory","floor":7.0,"key":"SMITH"},{"floor":11.0,"key":"REST"},{"floor":15.0,"key":"REST"},{"floor":23.0,"key":"REST"}],"circlet_count":0,"master_deck":["Defend_P","Defend_P","Defend_P","Eruption","Vigilance","PathToVictory+1","Evaluate","JustLucky","ThirdEye","ThirdEye","Vault","DeceiveReality","Perseverance","Weave","JustLucky"],"relics":["PureWater","Bronze Scales","Ancient Tea Set","Lantern","Frozen Eye","Bottled Flame","Mango"],"acts_visited":["Exordium","TheCity"],"potions_floor_usage":[],"damage_taken":[{"damage":1.0,"enemies":"Jaw Worm","floor":1.0,"turns":4.0},{"damage":0.0,"enemies":"Cultist","floor":3.0,"turns":3.0},{"damage":0.0,"enemies":"2 Louse","floor":4.0,"turns":3.0},{"damage":31.0,"enemies":"3 Sentries","floor":6.0,"turns":11.0},{"damage":30.0,"enemies":"Lagavulin","floor":8.0,"turns":9.0},{"damage":3.0,"enemies":"Gremlin Gang","floor":10.0,"turns":3.0},{"damage":4.0,"enemies":"Exordium Thugs","floor":13.0,"turns":5.0},{"damage":0.0,"enemies":"3 Louse","floor":14.0,"turns":2.0},{"damage":16.0,"enemies":"Hexaghost","floor":16.0,"turns":11.0},{"damage":47.0,"enemies":"Chosen","floor":18.0,"turns":10.0},{"damage":13,"enemies":"2 Thieves","floor":24,"turns":6},{"damage":0,"enemies":"3 Cultists","floor":25,"turns":2}],"seed_played":"-2852805846626812456","potions_obtained":[{"floor":1.0,"key":"Block Potion"},{"floor":3.0,"key":"SpeedPotion"},{"floor":8.0,"key":"SpeedPotion"},{"floor":14.0,"key":"ColorlessPotion"},{"floor":24,"key":"PowerPotion"}],"is_trial":false,"path_per_floor":["M","?","M","M","?","E","R","E","T","M","R","$","M","M","R","B",null,"M","$","?","T","?","R","M","M"],"character_chosen":"WATCHER","items_purchased":["ThirdEye","Frozen Eye"],"campfire_rested":3,"item_purchase_floors":[12,19],"current_hp_per_floor":[71,71,71,71,71,40,40,10,10,7,28,28,24,24,45,29,72,25,25,25,25,39,64,51,51,51],"gold":19,"neow_bonus":"RANDOM_COMMON_RELIC","is_daily":false,"chose_seed":false,"campfire_upgraded":1,"win_rate":0.0,"timestamp":1614426334,"path_taken":["M","?","?","M","?","E","R","E","T","M","R","$","?","M","R","BOSS","M","$","?","?","?","R","M","M"],"items_purchased_type":["Card","Relic"],"build_version":"2020-12-22","purchased_purges":2,"victory":false,"max_hp_per_floor":[72,72,72,72,72,72,72,72,72,72,72,72,72,72,72,72,72,72,72,72,72,86,86,86,86,86],"relic_stats":{"counters":[12,69],"Bronze Scales":[207],"obtain_stats":[{"Frozen Eye":19,"Lantern":8,"Bottled Flame":21,"Bronze Scales":0,"Mango":22,"PureWater":0,"Ancient Tea Set":6},{"Frozen Eye":10,"Lantern":5,"Bottled Flame":10,"Bronze Scales":0,"Mango":10,"PureWater":0,"Ancient Tea Set":4},{"Frozen Eye":61,"Lantern":30,"Bottled Flame":61,"Bronze Scales":0,"Mango":61,"PureWater":0,"Ancient Tea Set":21}]},"card_choices":[{"not_picked":["ClearTheMind","Perseverance"],"picked":"PathToVictory","floor":1.0},{"not_picked":["Fasting2","Nirvana"],"picked":"Evaluate","floor":3.0},{"not_picked":["SignatureMove","BowlingBash","Prostrate"],"picked":"SKIP","floor":4.0},{"not_picked":["Halt","ClearTheMind"],"picked":"JustLucky","floor":6.0},{"not_picked":["Sanctity","SignatureMove","ClearTheMind"],"picked":"SKIP","floor":8.0},{"not_picked":["Protect","Study"],"picked":"ThirdEye","floor":10.0},{"not_picked":["SashWhip","FlyingSleeves","ThirdEye"],"picked":"SKIP","floor":13.0},{"not_picked":["InnerPeace","EmptyFist","Scrawl"],"picked":"SKIP","floor":14.0},{"not_picked":["Scrawl","MasterReality"],"picked":"Vault","floor":16.0},{"not_picked":["SignatureMove","Crescendo"],"picked":"DeceiveReality","floor":18.0},{"not_picked":["CrushJoints","BowlingBash"],"picked":"JustLucky","floor":24}],"player_experience":147784,"relics_obtained":[{"floor":6.0,"key":"Ancient Tea Set"},{"floor":8.0,"key":"Lantern"},{"floor":21.0,"key":"Bottled Flame"}],"event_choices":[{"cards_removed":["Strike_P"],"damage_healed":0.0,"max_hp_gain":0.0,"max_hp_loss":0.0,"gold_gain":0.0,"event_name":"Purifier","player_choice":"Purged","floor":2.0,"gold_loss":0.0,"damage_taken":0.0},{"damage_healed":0.0,"max_hp_gain":0.0,"max_hp_loss":0.0,"gold_gain":0.0,"event_name":"The Woman in Blue","player_choice":"Bought 0 Potions","floor":5.0,"gold_loss":0.0,"damage_taken":0.0},{"damage_healed":0.0,"max_hp_gain":0.0,"max_hp_loss":0.0,"gold_gain":0.0,"cards_transformed":["Strike_P","Defend_P"],"event_name":"Drug Dealer","player_choice":"Became Test Subject","floor":20.0,"gold_loss":0.0,"damage_taken":0.0,"cards_obtained":["Perseverance","Weave"]},{"damage_healed":0.0,"max_hp_gain":0.0,"max_hp_loss":0.0,"gold_gain":0.0,"event_name":"Addict","player_choice":"Obtained Relic","floor":22.0,"gold_loss":85.0,"damage_taken":0.0,"relics_obtained":["Mango"]}],"is_beta":false,"boss_relics":[{"not_picked":["Coffee Dripper","VioletLotus","Philosopher\u0027s Stone"]}],"items_purged_floors":[12,19],"is_endless":false,"potions_floor_spawned":[1,3,8,14,24],"killed_by":"3 Cultists","ascension_level":3}}