{"host":"l790j1oe6pn5fhrm","time":1614459314,"event":{"mods":["AchievementEnabler","BaseMod","Colored Map","Colored Powertips","Downfall","GifTheSpireLib","Highlight Path","Minty Spire (QoL Compilation)","Rare Cards Sparkle","StSLib"],"gold_per_floor":[119,119,119,119,134,177,177,177,204,204,218,259,259,295,295,418,418,436,146,146,73,96,96,96],"floor_reached":23,"language":"ENG","playtime":468,"items_purged":[],"score":267,"play_id":"39b53812-c3ee-48cc-80f9-548728e546ae","local_time":"20210227215514","is_ascension_mode":true,"campfire_choices":[{"floor":7,"key":"REST"},{"data":"Tantrum","floor":10,"key":"SMITH"},{"floor":13,"key":"REST"},{"floor":15,"key":"REST"}],"circlet_count":0,"master_deck":["Strike_P","Strike_P","Strike_P+1","Strike_P","Defend_P+1","Defend_P","Defend_P","Defend_P","Eruption","Vigilance","Worship+1","Tantrum+1","Ragnarok","EmptyMind","Wish","CurseOfTheBell","WreathOfFlame","RitualDagger","Adaptation","Pray"],"relics":["PureWater","NeowsBlessing","Golden Idol","Ornamental Fan","Boot","Kunai","Strawberry","Calling Bell","Juzu Bracelet","Pear","CaptainsWheel","champ:DuelingGlove"],"acts_visited":["Exordium","TheCity"],"potions_floor_usage":[14,22],"damage_taken":[{"damage":0,"enemies":"Jaw Worm","floor":1,"turns":1},{"damage":0,"enemies":"2 Louse","floor":5,"turns":1},{"damage":0,"enemies":"Lagavulin","floor":6,"turns":1},{"damage":0,"enemies":"Small Slimes","floor":11,"turns":2},{"damage":38,"enemies":"Gremlin Nob","floor":12,"turns":4},{"damage":18,"enemies":"3 Sentries","floor":14,"turns":3},{"damage":48,"enemies":"The Guardian","floor":16,"turns":8},{"damage":19,"enemies":"2 Thieves","floor":18,"turns":3},{"damage":21,"enemies":"Shell Parasite","floor":22,"turns":5},{"damage":54,"enemies":"Book of Stabbing","floor":23,"turns":2}],"seed_played":"-4976351543501750664","potions_obtained":[{"floor":11,"key":"Swift Potion"},{"floor":12,"key":"PowerPotion"},{"floor":14,"key":"Swift Potion"}],"is_trial":false,"path_per_floor":["M","?","$","?","M","E","R","?","T","R","M","E","R","E","R","B",null,"M","$","?","$","M","E"],"character_chosen":"WATCHER","items_purchased":["champ:DuelingGlove","Adaptation"],"campfire_rested":3,"item_purchase_floors":[19,21],"current_hp_per_floor":[72,54,54,40,40,40,61,61,61,61,61,23,44,33,56,8,89,70,70,64,64,43,0,0],"gold":96,"neow_bonus":"THREE_ENEMY_KILL","is_daily":false,"chose_seed":false,"campfire_upgraded":1,"win_rate":0.0,"timestamp":1614459314,"path_taken":["M","?","$","?","M","E","R","?","T","R","M","E","R","E","R","BOSS","M","$","?","$","M","E"],"items_purchased_type":["Relic","Card"],"build_version":"2020-12-22","purchased_purges":0,"victory":false,"max_hp_per_floor":[72,72,72,72,72,72,72,72,72,72,72,72,72,79,79,79,89,89,89,89,89,89,89,89],"card_choices":[{"not_picked":["PathToVictory","SashWhip"],"picked":"Worship","floor":1},{"not_picked":["CutThroughFate","Crescendo"],"picked":"Tantrum","floor":5},{"not_picked":["Protect","EmptyFist","Wallop"],"picked":"SKIP","floor":6},{"not_picked":["Protect","Consecrate","Wallop"],"picked":"SKIP","floor":11},{"not_picked":["SashWhip","FollowUp"],"picked":"Ragnarok","floor":12},{"not_picked":["FlyingSleeves","Evaluate"],"picked":"EmptyMind","floor":14},{"not_picked":["DeusExMachina","SpiritShield"],"picked":"Wish","floor":16},{"not_picked":["WaveOfTheHand+1","Fasting2"],"picked":"WreathOfFlame","floor":18},{"not_picked":["CutThroughFate","BowlingBash"],"picked":"Pray","floor":22}],"player_experience":1264519,"relics_obtained":[{"floor":6,"key":"Ornamental Fan"},{"floor":9,"key":"Boot"},{"floor":12,"key":"Kunai"},{"floor":14,"key":"Strawberry"},{"floor":17,"key":"Juzu Bracelet"},{"floor":17,"key":"Pear"},{"floor":17,"key":"CaptainsWheel"}],"event_choices":[{"damage_healed":0,"gold_gain":0,"player_choice":"Take Damage","damage_taken":18,"relics_obtained":["Golden Idol"],"max_hp_gain":0,"max_hp_loss":0,"event_name":"Golden Idol","floor":2,"gold_loss":0},{"damage_healed":0,"gold_gain":0,"player_choice":"Entered Light","damage_taken":14,"max_hp_gain":0,"max_hp_loss":0,"event_name":"Shining Light","floor":4,"gold_loss":0,"cards_upgraded":["Strike_P","Defend_P"]},{"damage_healed":0,"gold_gain":0,"player_choice":"Forge","damage_taken":0,"max_hp_gain":0,"max_hp_loss":0,"event_name":"Accursed Blacksmith","floor":8,"gold_loss":0,"cards_upgraded":["Worship"]},{"damage_healed":0,"gold_gain":0,"player_choice":"Joined the Cult","damage_taken":6,"max_hp_gain":0,"max_hp_loss":0,"event_name":"Nest","floor":20,"gold_loss":0,"cards_obtained":["RitualDagger"]}],"is_beta":false,"boss_relics":[{"not_picked":["Pandora\u0027s Box","Cursed Key"],"picked":"Calling Bell"}],"items_purged_floors":[],"is_endless":false,"potions_floor_spawned":[11,12,14],"killed_by":"Book of Stabbing","ascension_level":1}}