{"host":"wshey5htrz8rni6u","time":1614461506,"event":{"mods":["2.2 Compatiblity","BaseMod","Block Reminder","Colored Map","Colored Powertips","Current Relic Mod","Curses Come First","Dark Map","Key Reminder","Keyboard Shortcuts","Minty Spire (QoL Compilation)","Potion Indicator Mod","Quick Restart","Random Character Button","Relic Sorter","Relic Stats","StSLib","SuperFastMode","Unceasing Turn Reminder","UnlockEverythingMod","Weighted Paths"],"gold_per_floor":[109,25,175,192,192,192,208,208,208],"floor_reached":8,"language":"ENG","playtime":220,"items_purged":[],"score":92,"play_id":"050b5837-e023-4da1-8dd2-3c4da8767ace","local_time":"20210227133146","is_ascension_mode":true,"campfire_choices":[{"data":"Neutralize","floor":6,"key":"SMITH"}],"circlet_count":0,"master_deck":["AscendersBane","Strike_G","Strike_G","Strike_G","Strike_G","Defend_G","Defend_G","Defend_G","Defend_G","Survivor","Neutralize+1","Choke","Acrobatics","Escape Plan","Slice","Outmaneuver","Doubt","Heel Hook","Glass Knife"],"relics":["Ring of the Snake","White Beast Statue"],"acts_visited":["Exordium"],"potions_floor_usage":[8],"damage_taken":[{"damage":0,"enemies":"Cultist","floor":1,"turns":3},{"damage":8,"enemies":"Small Slimes","floor":4,"turns":4},{"damage":2,"enemies":"2 Louse","floor":7,"turns":3},{"damage":51,"enemies":"3 Sentries","floor":8,"turns":9}],"seed_played":"7406166660322035372","potions_obtained":[{"floor":4,"key":"LiquidBronze"},{"floor":7,"key":"Block Potion"}],"is_trial":false,"path_per_floor":["M","$","?","M","?","R","M","E"],"character_chosen":"THE_SILENT","items_purchased":["Slice","Outmaneuver"],"campfire_rested":0,"item_purchase_floors":[2,2],"current_hp_per_floor":[59,59,59,51,51,51,49,0,0],"gold":208,"neow_bonus":"TRANSFORM_TWO_CARDS","is_daily":false,"chose_seed":false,"campfire_upgraded":1,"win_rate":0.0,"timestamp":1614461506,"path_taken":["M","$","?","M","?","R","?","E"],"items_purchased_type":["Card","Card"],"build_version":"2020-12-13","purchased_purges":0,"victory":false,"max_hp_per_floor":[60,60,60,60,60,60,60,60,60],"relic_stats":{"counters":[4,19],"obtain_stats":[{"White Beast Statue":5,"Ring of the Snake":0},{"White Beast Statue":2,"Ring of the Snake":0},{"White Beast Statue":7,"Ring of the Snake":0}],"Ring of the Snake":[8]},"card_choices":[{"not_picked":["Acrobatics","Slice"],"picked":"Escape Plan","floor":1},{"not_picked":["Dagger Throw","Bane"],"picked":"Heel Hook","floor":4},{"not_picked":["Endless Agony","Underhanded Strike"],"picked":"Glass Knife","floor":7}],"player_experience":248596,"relics_obtained":[],"event_choices":[{"damage_healed":0,"gold_gain":150,"player_choice":"AGREE","damage_taken":0,"max_hp_gain":0,"max_hp_loss":0,"event_name":"Liars Game","floor":3,"gold_loss":0,"cards_obtained":["Doubt"]},{"damage_healed":0,"gold_gain":0,"player_choice":"Gave Potion","damage_taken":0,"relics_obtained":["White Beast Statue"],"max_hp_gain":0,"max_hp_loss":0,"event_name":"WeMeetAgain","floor":5,"gold_loss":0}],"is_beta":false,"boss_relics":[],"items_purged_floors":[],"is_endless":false,"potions_floor_spawned":[4,7],"killed_by":"3 Sentries","ascension_level":20}}