{"host":"v0dnu0zs4qo0v13s","time":1614390163,"event":{"mods":["BaseMod","Colored Map","Colored Powertips","Minty Spire (QoL Compilation)","Relic Stats","StSLib","SuperFastMode","everything is the same but u backflip on backflip"],"gold_per_floor":[109,284,301,301,117,117,133,166,216,216,216,235,248,282,282,282,282],"floor_reached":16,"language":"ENG","playtime":658,"items_purged":["Regret"],"score":176,"play_id":"0760d835-bbe7-4cfd-a455-adbc582cb52e","local_time":"20210226204243","is_ascension_mode":true,"campfire_choices":[{"data":"Consume","floor":6.0,"key":"SMITH"},{"floor":10.0,"key":"REST"},{"floor":15,"key":"REST"}],"circlet_count":0,"master_deck":["AscendersBane","Strike_B","Strike_B","Strike_B","Strike_B","Defend_B","Defend_B","Defend_B","Defend_B","Zap","Dualcast","Hologram","Doubt","FTL","Capacitor","Consume+1","Capacitor","Stack","Static Discharge","Darkness","Ball Lightning","Redo","Defragment"],"relics":["Cracked Core","NeowsBlessing","Potion Belt","Lantern","Dream Catcher","Strawberry","Vajra"],"acts_visited":["Exordium"],"potions_floor_usage":[14,14,16],"damage_taken":[{"damage":0.0,"enemies":"2 Louse","floor":1.0,"turns":1.0},{"damage":0.0,"enemies":"Small Slimes","floor":3.0,"turns":1.0},{"damage":0.0,"enemies":"Jaw Worm","floor":7.0,"turns":1.0},{"damage":45.0,"enemies":"3 Sentries","floor":8.0,"turns":6.0},{"damage":0.0,"enemies":"Large Slime","floor":12.0,"turns":6.0},{"damage":23.0,"enemies":"Blue Slaver","floor":13.0,"turns":5.0},{"damage":8,"enemies":"Lagavulin","floor":14,"turns":5},{"damage":35,"enemies":"Slime Boss","floor":16,"turns":6}],"seed_played":"-8303376376577617172","potions_obtained":[{"floor":7.0,"key":"Strength Potion"},{"floor":8.0,"key":"ColorlessPotion"},{"floor":12.0,"key":"CultistPotion"},{"floor":13.0,"key":"Block Potion"}],"is_trial":false,"path_per_floor":["M","?","M","?","$","R","M","E","T","R","?","M","M","E","R","B"],"character_chosen":"DEFECT","items_purchased":["Capacitor","Consume"],"campfire_rested":2,"item_purchase_floors":[5,5],"current_hp_per_floor":[68,68,68,68,68,68,68,23,23,45,45,45,22,14,38,3,3],"gold":282,"neow_bonus":"THREE_ENEMY_KILL","is_daily":false,"chose_seed":false,"campfire_upgraded":1,"win_rate":0.0,"timestamp":1614390163,"path_taken":["M","?","M","?","$","R","M","E","T","R","?","?","M","E","R","BOSS"],"items_purchased_type":["Card","Card"],"build_version":"2020-12-22","purchased_purges":1,"victory":false,"max_hp_per_floor":[75,75,75,75,75,75,75,75,75,75,82,82,82,82,82,82,82],"relic_stats":{"Dream Catcher":2,"counters":[8,31],"obtain_stats":[{"Potion Belt":4,"Lantern":8,"Dream Catcher":9,"NeowsBlessing":0,"Strawberry":11,"Vajra":14,"Cracked Core":0},{"Potion Belt":2,"Lantern":4,"Dream Catcher":4,"NeowsBlessing":0,"Strawberry":4,"Vajra":7,"Cracked Core":0},{"Potion Belt":2,"Lantern":9,"Dream Catcher":9,"NeowsBlessing":0,"Strawberry":9,"Vajra":25,"Cracked Core":0}]},"card_choices":[{"not_picked":["Force Field","Compile Driver"],"picked":"Hologram","floor":1.0},{"not_picked":["Redo","Leap"],"picked":"FTL","floor":3.0},{"not_picked":["Hologram","Redo"],"picked":"Capacitor","floor":7.0},{"not_picked":["Rebound","Hologram"],"picked":"Stack","floor":8.0},{"not_picked":["Hologram","Sweeping Beam"],"picked":"Static Discharge","floor":10.0},{"not_picked":["Go for the Eyes","Static Discharge"],"picked":"Darkness","floor":12.0},{"not_picked":["All For One","Beam Cell"],"picked":"Ball Lightning","floor":13.0},{"not_picked":["Beam Cell","Turbo"],"picked":"Redo","floor":14},{"not_picked":["Coolheaded","Sweeping Beam"],"picked":"Defragment","floor":15}],"player_experience":790509,"relics_obtained":[{"floor":8.0,"key":"Lantern"},{"floor":9.0,"key":"Dream Catcher"},{"floor":14,"key":"Vajra"}],"event_choices":[{"damage_healed":0.0,"max_hp_gain":0.0,"max_hp_loss":0.0,"gold_gain":175.0,"event_name":"Liars Game","player_choice":"AGREE","floor":2.0,"gold_loss":0.0,"damage_taken":0.0,"cards_obtained":["Doubt"]},{"damage_healed":0.0,"max_hp_gain":0.0,"max_hp_loss":0.0,"gold_gain":0.0,"event_name":"Big Fish","player_choice":"Box","floor":4.0,"gold_loss":0.0,"damage_taken":0.0,"relics_obtained":["Potion Belt"],"cards_obtained":["Regret"]},{"damage_healed":0.0,"max_hp_gain":0.0,"max_hp_loss":0.0,"gold_gain":0.0,"event_name":"Scrap Ooze","player_choice":"Success","floor":11.0,"gold_loss":0.0,"damage_taken":7.0,"relics_obtained":["Strawberry"]}],"is_beta":false,"boss_relics":[],"items_purged_floors":[5],"is_endless":false,"potions_floor_spawned":[7,8,12,13],"killed_by":"Slime Boss","ascension_level":12}}