{"host":"s41rn2jhghpwfrvz","time":1614430983,"event":{"mods":["BaseMod","Minty Spire (QoL Compilation)","Quick Restart","Relic Stats","SuperFastMode"],"gold_per_floor":[114,114,130,147,165,165,196,196,196,196,221,256,256,284,284,358,358,369,103,153,169,184,213,213,248,271,306,365,403,428,475,487,573,585,613,625,649,674,700,747,771,812,824,870,882,927,939,976,988,1000,1012,1012],"floor_reached":51,"language":"ENG","playtime":1533,"items_purged":["Sever Soul"],"score":2097,"play_id":"93e5c20e-2e34-49af-9757-8fbf7bf60080","local_time":"20210227150303","daily_mods":["SealedDeck","Diverse","Elite Swarm"],"is_ascension_mode":true,"campfire_choices":[{"data":"Dark Embrace","floor":6.0,"key":"SMITH"},{"data":"Flex","floor":8.0,"key":"SMITH"},{"data":"Dagger Spray","floor":15.0,"key":"SMITH"},{"data":"Scrawl","floor":24.0,"key":"SMITH"},{"data":"Exhume","floor":32.0,"key":"SMITH"},{"floor":45,"key":"RECALL"},{"data":"Recycle","floor":47,"key":"SMITH"},{"data":"Burst","floor":49,"key":"SMITH"}],"circlet_count":0,"master_deck":["AscendersBane","Dagger Spray+1","Dagger Spray+1","Flex+1","Recycle+1","Self Repair","Dark Embrace+1","TalkToTheHand+1","Scrawl+1","Turbo","Exhume+1","Adrenaline","Burst+1"],"relics":["Burning Blood","Pocketwatch","Self Forming Clay","Whetstone","White Beast Statue","Red Skull","Black Star","ClockworkSouvenir","Juzu Bracelet","Lizard Tail","Incense Burner","Paper Frog","Ancient Tea Set","MawBank","MealTicket","Strawberry","StrikeDummy","Matryoshka","HornCleat","Empty Cage","Smiling Mask","Torii","Kunai","Bottled Lightning","PreservedInsect","CaptainsWheel","Ginger","The Courier","Bronze Scales","Akabeko","Bag of Preparation","Molten Egg 2"],"acts_visited":["Exordium","TheCity","TheBeyond"],"potions_floor_usage":[46,48,50],"damage_taken":[{"damage":0.0,"enemies":"Small Slimes","floor":1.0,"turns":2.0},{"damage":4.0,"enemies":"2 Louse","floor":3.0,"turns":2.0},{"damage":9.0,"enemies":"Jaw Worm","floor":4.0,"turns":3.0},{"damage":2.0,"enemies":"Looter","floor":5.0,"turns":2.0},{"damage":32.0,"enemies":"Gremlin Nob","floor":7.0,"turns":5.0},{"damage":7.0,"enemies":"Lagavulin","floor":12.0,"turns":5.0},{"damage":10.0,"enemies":"3 Sentries","floor":14.0,"turns":3.0},{"damage":26.0,"enemies":"The Guardian","floor":16.0,"turns":6.0},{"damage":26.0,"enemies":"Shell Parasite","floor":18.0,"turns":4.0},{"damage":0.0,"enemies":"Chosen","floor":21.0,"turns":2.0},{"damage":0.0,"enemies":"3 Cultists","floor":22.0,"turns":2.0},{"damage":0.0,"enemies":"Slavers","floor":23.0,"turns":1.0},{"damage":12.0,"enemies":"Book of Stabbing","floor":25.0,"turns":3.0},{"damage":0.0,"enemies":"Slavers","floor":27.0,"turns":1.0},{"damage":11.0,"enemies":"Book of Stabbing","floor":29.0,"turns":3.0},{"damage":15.0,"enemies":"Snake Plant","floor":30.0,"turns":3.0},{"damage":0.0,"enemies":"Gremlin Leader","floor":31.0,"turns":3.0},{"damage":0.0,"enemies":"Collector","floor":33.0,"turns":4.0},{"damage":0.0,"enemies":"Orb Walker","floor":35.0,"turns":2.0},{"damage":29.0,"enemies":"3 Shapes","floor":37.0,"turns":3.0},{"damage":13.0,"enemies":"Spire Growth","floor":38.0,"turns":4.0},{"damage":0.0,"enemies":"Jaw Worm Horde","floor":39.0,"turns":1.0},{"damage":9.0,"enemies":"Giant Head","floor":40.0,"turns":7.0},{"damage":0.0,"enemies":"4 Shapes","floor":41.0,"turns":1.0},{"damage":8.0,"enemies":"Reptomancer","floor":42.0,"turns":4.0},{"damage":34,"enemies":"Giant Head","floor":44,"turns":6},{"damage":38,"enemies":"Nemesis","floor":46,"turns":7},{"damage":0,"enemies":"Reptomancer","floor":48,"turns":2},{"damage":109,"enemies":"Awakened One","floor":50,"turns":9},{"damage":47,"enemies":"Time Eater","floor":51,"turns":8}],"seed_played":"6308784898783311489","potions_obtained":[{"floor":5.0,"key":"PowerPotion"},{"floor":7.0,"key":"CultistPotion"},{"floor":16.0,"key":"EssenceOfSteel"},{"floor":18.0,"key":"Weak Potion"},{"floor":22.0,"key":"SteroidPotion"},{"floor":23.0,"key":"LiquidMemories"},{"floor":40.0,"key":"Regen Potion"},{"floor":41.0,"key":"LiquidMemories"},{"floor":44,"key":"BloodPotion"},{"floor":46,"key":"FearPotion"},{"floor":48,"key":"SpeedPotion"}],"is_trial":true,"path_per_floor":["M","?","M","M","M","R","E","R","T","?","T","E","?","E","R","B",null,"M","$","?","M","M","E","R","E","T","E","T","E","M","E","R","B",null,"M","?","M","M","M","E","M","E","T","E","R","E","R","E","R","B","B"],"character_chosen":"IRONCLAD","items_purchased":["Turbo","ClockworkSouvenir"],"campfire_rested":0,"item_purchase_floors":[19,19],"current_hp_per_floor":[75,75,75,75,75,75,56,56,56,49,49,55,55,51,51,38,66,53,53,53,66,75,75,75,75,75,75,75,82,80,82,82,82,82,82,82,66,66,79,82,82,82,82,61,61,36,36,65,65,28,0,0],"gold":1012,"neow_bonus":"","is_daily":false,"chose_seed":false,"campfire_upgraded":7,"win_rate":0.0,"timestamp":1614430983,"path_taken":["M","?","M","M","M","R","E","R","T","?","?","E","?","E","R","BOSS","M","$","?","M","M","E","R","E","T","E","?","E","M","E","R","BOSS","M","?","M","M","M","E","M","E","T","E","R","E","R","E","R","BOSS","BOSS"],"items_purchased_type":["Card","Relic"],"build_version":"2020-12-22","purchased_purges":1,"victory":false,"max_hp_per_floor":[75,75,75,75,75,75,75,75,75,75,75,75,75,75,75,75,75,75,75,75,75,75,75,75,75,75,75,75,82,82,82,82,82,82,82,82,82,82,82,82,82,82,82,82,82,82,82,82,82,82,82,82],"relic_stats":{"Torii":2,"counters":[30,108],"Self Forming Clay":[123],"PreservedInsect":241,"Juzu Bracelet":0,"Bag of Preparation":[4],"Whetstone":["Dagger Spray","BowlingBash"],"Ginger":[1],"MawBank":288,"Smiling Mask":0,"Burning Blood":134,"Lizard Tail":41,"Bronze Scales":[72],"MealTicket":0,"Black Star":10,"Kunai":[6],"obtain_stats":[{"Torii":40,"Juzu Bracelet":23,"Incense Burner":25,"Bag of Preparation":48,"Whetstone":11,"Ginger":44,"Ancient Tea Set":27,"Empty Cage":34,"Smiling Mask":40,"Burning Blood":0,"ClockworkSouvenir":19,"Lizard Tail":23,"Matryoshka":31,"HornCleat":31,"Strawberry":29,"MealTicket":28,"Kunai":42,"Red Skull":14,"Paper Frog":25,"Self Forming Clay":9,"PreservedInsect":43,"The Courier":44,"MawBank":27,"White Beast Statue":12,"Akabeko":46,"CaptainsWheel":43,"Bronze Scales":46,"Molten Egg 2":48,"Black Star":17,"Bottled Lightning":42,"StrikeDummy":29,"Pocketwatch":7},{"Torii":23,"Juzu Bracelet":12,"Incense Burner":13,"Bag of Preparation":28,"Whetstone":5,"Ginger":26,"Ancient Tea Set":14,"Empty Cage":18,"Smiling Mask":23,"Burning Blood":0,"ClockworkSouvenir":9,"Lizard Tail":12,"Matryoshka":17,"HornCleat":17,"Strawberry":15,"MealTicket":14,"Kunai":25,"Red Skull":7,"Paper Frog":13,"Self Forming Clay":5,"PreservedInsect":25,"The Courier":26,"MawBank":14,"White Beast Statue":6,"Akabeko":27,"CaptainsWheel":25,"Bronze Scales":27,"Molten Egg 2":28,"Black Star":8,"Bottled Lightning":25,"StrikeDummy":15,"Pocketwatch":5},{"Torii":71,"Juzu Bracelet":37,"Incense Burner":40,"Bag of Preparation":91,"Whetstone":14,"Ginger":82,"Ancient Tea Set":41,"Empty Cage":54,"Smiling Mask":71,"Burning Blood":0,"ClockworkSouvenir":32,"Lizard Tail":37,"Matryoshka":50,"HornCleat":50,"Strawberry":44,"MealTicket":41,"Kunai":76,"Red Skull":22,"Paper Frog":40,"Self Forming Clay":14,"PreservedInsect":76,"The Courier":82,"MawBank":41,"White Beast Statue":19,"Akabeko":89,"CaptainsWheel":76,"Bronze Scales":89,"Molten Egg 2":91,"Black Star":28,"Bottled Lightning":76,"StrikeDummy":44,"Pocketwatch":14}],"Pocketwatch":[33]},"card_choices":[{"not_picked":["Bane","Spot Weakness"],"picked":"TalkToTheHand","floor":1.0},{"not_picked":["Indignation","Armaments","Crescendo"],"picked":"SKIP","floor":3.0},{"not_picked":["Underhanded Strike","Coolheaded","Twin Strike"],"picked":"SKIP","floor":4.0},{"not_picked":["JustLucky","Dash","Flex"],"picked":"SKIP","floor":5.0},{"not_picked":["Buffer","Vault","MasterReality"],"picked":"SKIP","floor":7.0},{"not_picked":["Bludgeon","Thunder Strike","ConjureBlade"],"picked":"SKIP","floor":12.0},{"not_picked":["MasterReality","SpiritShield","Vault"],"picked":"SKIP","floor":14.0},{"not_picked":["Multi-Cast","Storm of Steel"],"picked":"Scrawl","floor":16.0},{"not_picked":["Reckless Charge","FTL","Genetic Algorithm"],"picked":"SKIP","floor":18.0},{"not_picked":["Armaments","Consecrate","Dodge and Roll"],"picked":"SKIP","floor":21.0},{"not_picked":["Wild Strike","Outmaneuver","PathToVictory"],"picked":"SKIP","floor":22.0},{"not_picked":["Tools of the Trade","Bludgeon","Brutality"],"picked":"SKIP","floor":23.0},{"not_picked":["Multi-Cast","Die Die Die","Wraith Form v2"],"picked":"SKIP","floor":25.0},{"not_picked":["A Thousand Cuts","Hyperbeam","Establishment"],"picked":"SKIP","floor":27.0},{"not_picked":["Corruption","Tools of the Trade"],"picked":"Exhume","floor":29.0},{"not_picked":["CrushJoints+1","EmptyFist","Poisoned Stab"],"picked":"SKIP","floor":30.0},{"not_picked":["Alpha","Tools of the Trade"],"picked":"Adrenaline","floor":31.0},{"not_picked":["Infinite Blades+1","Poisoned Stab","ReachHeaven"],"picked":"SKIP","floor":35.0},{"not_picked":["Searing Blow+1","Distraction","Armaments"],"picked":"SKIP","floor":37.0},{"not_picked":["Hologram+1","Self Repair","Havoc"],"picked":"SKIP","floor":38.0},{"not_picked":["Static Discharge","Intimidate","Undo"],"picked":"SKIP","floor":39.0},{"not_picked":["Phantasmal Killer","Feed","Glass Knife"],"picked":"SKIP","floor":40.0},{"not_picked":["Reprogram+1","Armaments","Leap"],"picked":"SKIP","floor":41.0},{"not_picked":["Devotion","Malaise","Blasphemy"],"picked":"SKIP","floor":42.0},{"not_picked":["LessonLearned","Vault","All For One"],"picked":"SKIP","floor":44},{"not_picked":["Double Tap","Phantasmal Killer","Amplify"],"picked":"SKIP","floor":46},{"not_picked":["Alpha","Devotion"],"picked":"Burst","floor":48}],"player_experience":2050862,"relics_obtained":[{"floor":7.0,"key":"Pocketwatch"},{"floor":9.0,"key":"Self Forming Clay"},{"floor":11.0,"key":"Whetstone"},{"floor":12.0,"key":"White Beast Statue"},{"floor":14.0,"key":"Red Skull"},{"floor":23.0,"key":"Juzu Bracelet"},{"floor":23.0,"key":"Lizard Tail"},{"floor":25.0,"key":"Incense Burner"},{"floor":25.0,"key":"Paper Frog"},{"floor":27.0,"key":"Ancient Tea Set"},{"floor":27.0,"key":"MawBank"},{"floor":28.0,"key":"MealTicket"},{"floor":29.0,"key":"Strawberry"},{"floor":29.0,"key":"StrikeDummy"},{"floor":31.0,"key":"Matryoshka"},{"floor":31.0,"key":"HornCleat"},{"floor":40.0,"key":"Smiling Mask"},{"floor":40.0,"key":"Torii"},{"floor":42.0,"key":"Kunai"},{"floor":42.0,"key":"Bottled Lightning"},{"floor":43.0,"key":"PreservedInsect"},{"floor":43.0,"key":"CaptainsWheel"},{"floor":44,"key":"Ginger"},{"floor":44,"key":"The Courier"},{"floor":46,"key":"Bronze Scales"},{"floor":46,"key":"Akabeko"},{"floor":48,"key":"Bag of Preparation"},{"floor":48,"key":"Molten Egg 2"}],"event_choices":[{"damage_healed":0.0,"max_hp_gain":0.0,"max_hp_loss":0.0,"gold_gain":0.0,"event_name":"Living Wall","player_choice":"Grow","floor":2.0,"gold_loss":0.0,"damage_taken":0.0,"cards_upgraded":["TalkToTheHand"]},{"cards_removed":["Hologram"],"damage_healed":0.0,"max_hp_gain":0.0,"max_hp_loss":0.0,"gold_gain":0.0,"event_name":"Golden Wing","player_choice":"Card Removal","floor":10.0,"gold_loss":0.0,"damage_taken":7.0},{"damage_healed":0.0,"max_hp_gain":0.0,"max_hp_loss":0.0,"gold_gain":0.0,"event_name":"Liars Game","player_choice":"Ignored","floor":13.0,"gold_loss":0.0,"damage_taken":0.0},{"damage_healed":0.0,"max_hp_gain":0.0,"max_hp_loss":0.0,"gold_gain":50.0,"event_name":"Nest","player_choice":"Stole From Cult","floor":20.0,"gold_loss":0.0,"damage_taken":0.0},{"damage_healed":0.0,"max_hp_gain":0.0,"max_hp_loss":0.0,"gold_gain":0.0,"event_name":"Tomb of Lord Red Mask","player_choice":"Ignored","floor":36.0,"gold_loss":0.0,"damage_taken":0.0}],"is_beta":false,"boss_relics":[{"not_picked":["Philosopher\u0027s Stone","Coffee Dripper"],"picked":"Black Star"},{"not_picked":["Runic Cube","Fusion Hammer"],"picked":"Empty Cage"}],"items_purged_floors":[19],"is_endless":false,"potions_floor_spawned":[5,7,14,16,18,21,22,23,25,27,29,30,31,33,35,37,38,39,40,41,42,44,46,48],"killed_by":"Time Eater","ascension_level":20}}