{"host":"x665ekuy0qorxtwt","time":1614417691,"event":{"mods":["AchievementEnabler","BaseMod","Bestiary","Colored Map","Colored Powertips","Minty Spire (QoL Compilation)"],"gold_per_floor":[113,126,126,126,126,126,141,161,161,181,197,372,110,123,123,220,220,231,231,105,105,117,151,162,162,243,257,257,287,367,398,398,398,398],"floor_reached":33,"language":"ENG","playtime":1639,"items_purged":["Doubt"],"score":297,"play_id":"2ad31b70-3658-41ba-8902-2e5a5867dc93","local_time":"20210227012131","is_ascension_mode":false,"campfire_choices":[{"data":"Electrodynamics","floor":6,"key":"SMITH"},{"data":"Defragment","floor":15,"key":"SMITH"},{"data":"Self Repair","floor":25,"key":"SMITH"},{"floor":32,"key":"REST"}],"circlet_count":0,"master_deck":["Strike_B","Strike_B","Defend_B","Defend_B","Zap","Dualcast","Electrodynamics+1","Chaos","Auto Shields","Coolheaded","Ball Lightning","Self Repair+1","Storm","Conserve Battery","Defragment+1","Biased Cognition","Storm+1","Genetic Algorithm","Storm+1","Static Discharge","Melter","Conserve Battery+1","Biased Cognition","Reprogram","Machine Learning","Seek"],"relics":["FrozenCore","TungstenRod","The Courier","Bottled Tornado","DollysMirror","Mango","Question Card","Gambling Chip","Frozen Egg 2","HornCleat"],"acts_visited":["Exordium","TheCity"],"potions_floor_usage":[16,16,24,31,31],"damage_taken":[{"damage":1,"enemies":"Cultist","floor":1,"turns":3},{"damage":0,"enemies":"2 Louse","floor":2,"turns":1},{"damage":0,"enemies":"Small Slimes","floor":7,"turns":2},{"damage":3,"enemies":"2 Fungi Beasts","floor":8,"turns":3},{"damage":2,"enemies":"Looter","floor":10,"turns":3},{"damage":1,"enemies":"Blue Slaver","floor":11,"turns":3},{"damage":9,"enemies":"Exordium Thugs","floor":14,"turns":2},{"damage":16,"enemies":"Hexaghost","floor":16,"turns":8},{"damage":20,"enemies":"2 Thieves","floor":18,"turns":3},{"damage":19,"enemies":"Shell Parasite","floor":22,"turns":4},{"damage":22,"enemies":"Book of Stabbing","floor":23,"turns":4},{"damage":19,"enemies":"Centurion and Healer","floor":24,"turns":5},{"damage":0,"enemies":"3 Cultists","floor":27,"turns":2},{"damage":29,"enemies":"Slavers","floor":29,"turns":3},{"damage":25,"enemies":"Book of Stabbing","floor":31,"turns":5},{"damage":49,"enemies":"Automaton","floor":33,"turns":8}],"seed_played":"-5043434043836890667","potions_obtained":[{"floor":1,"key":"CultistPotion"},{"floor":7,"key":"LiquidBronze"},{"floor":11,"key":"Swift Potion"},{"floor":18,"key":"SteroidPotion"},{"floor":23,"key":"PowerPotion"},{"floor":29,"key":"AttackPotion"}],"is_trial":false,"path_per_floor":["M","M","?","?","?","R","M","M","T","M","M","?","$","M","R","B",null,"M","?","$","?","M","E","M","R","T","M","?","E","T","E","R","B"],"character_chosen":"DEFECT","items_purchased":["Bottled Tornado","DollysMirror"],"campfire_rested":1,"item_purchase_floors":[13,20],"current_hp_per_floor":[74,74,67,64,64,64,64,61,61,66,72,72,72,63,63,54,75,55,55,55,75,63,62,50,50,50,50,50,31,31,16,42,0,0],"gold":398,"neow_bonus":"ONE_RANDOM_RARE_CARD","is_daily":false,"chose_seed":false,"campfire_upgraded":3,"win_rate":0.0,"timestamp":1614417691,"path_taken":["M","M","?","?","?","R","M","M","T","M","M","?","$","M","R","BOSS","M","?","$","?","M","E","M","R","T","?","?","E","?","E","R","BOSS"],"items_purchased_type":["Relic","Relic"],"build_version":"2020-12-22","purchased_purges":1,"victory":false,"max_hp_per_floor":[75,75,75,75,75,75,75,75,75,75,75,75,75,75,75,75,75,75,75,75,75,75,89,89,89,89,89,89,89,89,89,89,89,89],"card_choices":[{"not_picked":["Fusion","Heatsinks"],"picked":"Chaos","floor":1},{"not_picked":["Heatsinks","Auto Shields","Redo"],"picked":"SKIP","floor":2},{"not_picked":["Heatsinks","Redo"],"picked":"Auto Shields","floor":2},{"not_picked":["Beam Cell","Hologram"],"picked":"Ball Lightning","floor":7},{"not_picked":["FTL","Go for the Eyes"],"picked":"Self Repair","floor":8},{"not_picked":["Stack","Steam"],"picked":"Storm","floor":10},{"not_picked":["Barrage","Leap"],"picked":"Conserve Battery","floor":11},{"not_picked":["Chaos","Melter"],"picked":"Defragment","floor":14},{"not_picked":["Electrodynamics","Amplify"],"picked":"Biased Cognition","floor":16},{"not_picked":["Melter","Redo"],"picked":"Storm+1","floor":18},{"not_picked":["Leap","Gash"],"picked":"Static Discharge","floor":22},{"not_picked":["Blizzard","Biased Cognition"],"picked":"Melter","floor":23},{"not_picked":["Barrage","Darkness","Glacier+1"],"picked":"SKIP","floor":24},{"not_picked":["Steam","Streamline","Beam Cell+1"],"picked":"Conserve Battery+1","floor":27},{"not_picked":["Go for the Eyes","Redo","Hologram"],"picked":"Machine Learning","floor":29},{"not_picked":["Scrape+1","Gash","Glacier"],"picked":"Seek","floor":31}],"player_experience":231310,"relics_obtained":[{"floor":9,"key":"The Courier"},{"floor":23,"key":"Mango"},{"floor":26,"key":"Question Card"},{"floor":29,"key":"Gambling Chip"},{"floor":30,"key":"Frozen Egg 2"},{"floor":31,"key":"HornCleat"}],"event_choices":[{"cards_removed":["Strike_B"],"damage_healed":0,"gold_gain":0,"player_choice":"Card Removal","damage_taken":7,"max_hp_gain":0,"max_hp_loss":0,"event_name":"Golden Wing","floor":3,"gold_loss":0},{"damage_healed":0,"gold_gain":0,"player_choice":"Success","damage_taken":3,"relics_obtained":["TungstenRod"],"max_hp_gain":0,"max_hp_loss":0,"event_name":"Scrap Ooze","floor":4,"gold_loss":0},{"damage_healed":0,"gold_gain":0,"cards_transformed":["Defend_B"],"player_choice":"Change","damage_taken":0,"max_hp_gain":0,"max_hp_loss":0,"event_name":"Living Wall","floor":5,"gold_loss":0,"cards_obtained":["Coolheaded"]},{"damage_healed":0,"gold_gain":175,"player_choice":"AGREE","damage_taken":0,"max_hp_gain":0,"max_hp_loss":0,"event_name":"Liars Game","floor":12,"gold_loss":0,"cards_obtained":["Doubt"]},{"damage_healed":0,"gold_gain":0,"player_choice":"Read","damage_taken":0,"max_hp_gain":0,"max_hp_loss":0,"event_name":"The Library","floor":19,"gold_loss":0,"cards_obtained":["Genetic Algorithm"]},{"damage_healed":20,"gold_gain":0,"player_choice":"Full Heal","damage_taken":0,"max_hp_gain":0,"max_hp_loss":0,"event_name":"Wheel of Change","floor":21,"gold_loss":0},{"damage_healed":0,"gold_gain":0,"cards_transformed":["Defend_B","Strike_B"],"player_choice":"Became Test Subject","damage_taken":0,"max_hp_gain":0,"max_hp_loss":0,"event_name":"Drug Dealer","floor":28,"gold_loss":0,"cards_obtained":["Biased Cognition","Reprogram"]}],"is_beta":false,"boss_relics":[{"not_picked":["SacredBark","Calling Bell"],"picked":"FrozenCore"}],"items_purged_floors":[13],"is_endless":false,"potions_floor_spawned":[1,7,11,18,23,29],"killed_by":"Automaton","ascension_level":0}}