{"host":"hwuw9fxoqh6hcgug","time":1614420982,"event":{"mods":["BaseMod","Downfall","Highlight Path","Minty Spire (QoL Compilation)","StSLib"],"gold_per_floor":[99,110,128,12,12,12,12,0,0,20,38,64,76,61,76,177,177,177,177,177,194,211,211,237,237,237,237],"floor_reached":25,"language":"FRA","playtime":2408,"items_purged":["champ:Strike"],"score":264,"play_id":"b368b6ac-5c9a-4920-88c3-1a56c60aa6c5","local_time":"20210227111622","is_ascension_mode":true,"campfire_choices":[{"data":"champ:Execute","floor":1,"key":"SMITH"},{"data":"champ:Taunt","floor":9,"key":"SMITH"},{"data":"champ:SteelEdge","floor":18,"key":"SMITH"},{"data":"champ:EnragedBash","floor":23,"key":"SMITH"}],"circlet_count":0,"master_deck":["champ:Strike","champ:Strike","champ:Strike","champ:Defend","champ:Defend","champ:Execute+1","champ:Taunt+1","Madness","champ:TornadoPunch","champ:EnragedBash+1","champ:DefensiveShout","champ:RisingSlash","champ:ArenaPreparation","champ:ShieldSigil","champ:EnchantCrown","champ:FocusedDefense","champ:GutPunch","champ:SteelEdge+1","champ:RapidStrikes+1"],"relics":["champ:ChampionCrown","Frozen Egg 2","Gremlin Horn","Velvet Choker","champ:GladiatorsBookOfMartialProwess","Potion Belt"],"acts_visited":["Exordium","TheCity"],"potions_floor_usage":[12,12,22],"damage_taken":[{"damage":11,"enemies":"Cultist","floor":2,"turns":4},{"damage":15,"enemies":"Small Slimes","floor":3,"turns":4},{"damage":30,"enemies":"downfall:FleeingMerchant","floor":4,"turns":4},{"damage":25,"enemies":"downfall:FleeingMerchant","floor":8,"turns":4},{"damage":0,"enemies":"2 Louse","floor":10,"turns":2},{"damage":40,"enemies":"downfall:LooterAlt","floor":11,"turns":2},{"damage":26,"enemies":"3 Sentries","floor":12,"turns":5},{"damage":10,"enemies":"Lots of Slimes","floor":13,"turns":1},{"damage":30,"enemies":"downfall:FleeingMerchant","floor":14,"turns":4},{"damage":38,"enemies":"3 Louse","floor":15,"turns":2},{"damage":25,"enemies":"SI_SHIV_ARCHETYPE","floor":16,"turns":5},{"damage":0,"enemies":"Spheric Guardian","floor":21,"turns":3},{"damage":20,"enemies":"Chosen","floor":22,"turns":4},{"damage":81,"enemies":"Book of Stabbing","floor":25,"turns":4}],"seed_played":"5645186409144312665","potions_obtained":[{"floor":2,"key":"Swift Potion"},{"floor":10,"key":"Energy Potion"},{"floor":13,"key":"Energy Potion"},{"floor":15,"key":"sneckomod:MuddlingPotion"},{"floor":16,"key":"DuplicationPotion"}],"is_trial":false,"path_per_floor":["R","M","M","$","?","?","T","$","R","M","M","E","M","$","M","B",null,"R","?","?","M","M","R","T","E"],"character_chosen":"THE_CHAMP","items_purchased":["champ:DefensiveShout"],"campfire_rested":0,"item_purchase_floors":[4],"current_hp_per_floor":[90,89,84,79,79,79,79,79,79,79,69,58,58,48,40,40,90,90,90,90,90,80,80,80,0,0,0],"gold":237,"neow_bonus":"RANDOM_COLORLESS","is_daily":false,"chose_seed":false,"campfire_upgraded":4,"win_rate":0.0,"timestamp":1614420982,"path_taken":["R","M","M","$","?","?","T","$","R","M","M","E","?","?","M","BOSS","R","?","?","M","?","R","T","E"],"items_purchased_type":["Card"],"build_version":"2020-12-22","purchased_purges":1,"victory":false,"max_hp_per_floor":[90,90,90,90,90,90,90,90,90,90,90,90,90,90,90,90,90,90,90,90,90,90,90,90,90,90,90],"card_choices":[{"not_picked":["Dark Shackles","Dramatic Entrance"],"picked":"Madness","floor":0},{"not_picked":["champ:PreciseThrust","champ:DefensiveShout"],"picked":"champ:TornadoPunch","floor":2},{"not_picked":["champ:Lariat","champ:GladiatorStyle"],"picked":"champ:EnragedBash","floor":3},{"not_picked":["champ:BladeFlurry","champ:DeathBlow","champ:Duel"],"picked":"SKIP","floor":4},{"not_picked":["champ:ShieldSigil","champ:HeartStrike"],"picked":"champ:RisingSlash","floor":8},{"not_picked":["champ:FocusedBerserking","champ:CrownThrow"],"picked":"champ:ArenaPreparation","floor":10},{"not_picked":["champ:PerfectedStrike","champ:EnGarde"],"picked":"champ:ShieldSigil","floor":11},{"not_picked":["champ:BringItOn","champ:DeathBlow"],"picked":"champ:EnchantCrown","floor":12},{"not_picked":["champ:DefensiveShout","champ:FanOfKnives"],"picked":"champ:FocusedDefense","floor":13},{"not_picked":["champ:EnragedBash","champ:Haymaker","champ:DefensiveShout"],"picked":"SKIP","floor":14},{"not_picked":["champ:FocusedBerserking","champ:PerfectedStrike"],"picked":"champ:GutPunch","floor":15},{"not_picked":["champ:EnchantCrown","champ:IgnorePain"],"picked":"champ:SteelEdge","floor":16},{"not_picked":["champ:FanOfKnives","champ:TornadoPunch","champ:CrownThrow"],"picked":"SKIP","floor":21},{"not_picked":["champ:BladeFlurry","champ:FalseCounter"],"picked":"champ:RapidStrikes+1","floor":22}],"player_experience":838761,"relics_obtained":[{"floor":7,"key":"Frozen Egg 2"},{"floor":12,"key":"Gremlin Horn"},{"floor":24,"key":"Potion Belt"}],"event_choices":[{"cards_removed":["champ:Defend"],"damage_healed":0,"gold_gain":0,"player_choice":"Card Removal","damage_taken":0,"max_hp_gain":0,"max_hp_loss":0,"event_name":"The Cleric","floor":5,"gold_loss":0},{"cards_removed":["champ:Defend"],"damage_healed":0,"gold_gain":0,"player_choice":"Offered Basic","damage_taken":0,"max_hp_gain":0,"max_hp_loss":0,"event_name":"Bonfire Elementals","floor":6,"gold_loss":0}],"is_beta":false,"boss_relics":[{"not_picked":["Pandora\u0027s Box","Calling Bell"],"picked":"Velvet Choker"}],"items_purged_floors":[4],"is_endless":false,"potions_floor_spawned":[2,10,13,15,16],"killed_by":"Book of Stabbing","ascension_level":1}}