{"host":"36t3qd3wjvajtu1z","time":1614388554,"event":{"mods":["2.2 Compatiblity","AchievementEnabler","BaseMod","Bestiary","Block Reminder","Colored Powertips","Curses Come First","Filter the Spire","Highlight Path","Minty Spire (QoL Compilation)","Permanent Neow","Quick Restart","Random Character Button","Rare Cards Sparkle","Relic Stats","Slay-I","StSLib","Unknown Chances"],"gold_per_floor":[118,136,148,198,214,243,243,5,32,42,73,73,16,34,34,113,163,179,195,215,215,215],"floor_reached":21,"language":"ENG","playtime":930,"items_purged":[],"score":367,"play_id":"6ac1556b-2e11-4ad7-9b3a-33d05fe8f1e0","local_time":"20210226171554","is_ascension_mode":true,"campfire_choices":[{"data":"Gash","floor":7.0,"key":"SMITH"},{"floor":12.0,"key":"REST"},{"data":"Rip and Tear","floor":15.0,"key":"SMITH"}],"circlet_count":0,"master_deck":["AscendersBane","Strike_B","Strike_B","Strike_B","Defend_B","Defend_B","Defend_B+1","Zap+1","Dualcast","Melter","Leap","Streamline","Gash+1","Hologram","Reprogram+1","Steam","Leap","Rip and Tear+1","Beam Cell","Steam Power","Sweeping Beam+1","Steam"],"relics":["Cracked Core","Orichalcum","Lantern","War Paint","Potion Belt","Tiny House"],"acts_visited":["Exordium","TheCity"],"potions_floor_usage":[20],"damage_taken":[{"damage":3.0,"enemies":"2 Louse","floor":1.0,"turns":3.0},{"damage":0.0,"enemies":"Cultist","floor":2.0,"turns":3.0},{"damage":0.0,"enemies":"Small Slimes","floor":3.0,"turns":2.0},{"damage":1.0,"enemies":"Looter","floor":5.0,"turns":3.0},{"damage":30.0,"enemies":"Gremlin Nob","floor":6.0,"turns":4.0},{"damage":0.0,"enemies":"Blue Slaver","floor":10.0,"turns":2.0},{"damage":15.0,"enemies":"3 Sentries","floor":11.0,"turns":8.0},{"damage":6.0,"enemies":"Exordium Wildlife","floor":14.0,"turns":4.0},{"damage":7.0,"enemies":"Hexaghost","floor":16.0,"turns":10.0},{"damage":12.0,"enemies":"2 Thieves","floor":18.0,"turns":5.0},{"damage":6.0,"enemies":"Chosen","floor":19.0,"turns":3.0},{"damage":33,"enemies":"Snake Plant","floor":20,"turns":3},{"damage":0,"enemies":"Cultist and Chosen","floor":21,"turns":1}],"seed_played":"-3019461118160409287","potions_obtained":[{"floor":1.0,"key":"SpeedPotion"},{"floor":3.0,"key":"FocusPotion"},{"floor":6.0,"key":"SpeedPotion"},{"floor":17.0,"key":"SneckoOil"},{"floor":19.0,"key":"Swift Potion"}],"is_trial":false,"path_per_floor":["M","M","M","?","M","E","R","$","T","M","E","R","$","M","R","B",null,"M","M","M","M"],"character_chosen":"DEFECT","items_purchased":["Reprogram","Lantern","BlessingOfTheForge"],"campfire_rested":1,"item_purchase_floors":[8,8,13],"current_hp_per_floor":[61,61,61,55,54,24,24,24,24,24,9,28,28,22,22,15,57,45,39,6,6,6],"gold":215,"neow_bonus":"TRANSFORM_TWO_CARDS","is_daily":false,"chose_seed":false,"campfire_upgraded":2,"win_rate":0.0,"timestamp":1614388554,"path_taken":["M","M","M","?","M","E","R","?","T","?","E","R","$","M","R","BOSS","M","M","M","M"],"items_purchased_type":["Card","Relic","Potion"],"build_version":"2020-12-22","purchased_purges":0,"victory":false,"max_hp_per_floor":[64,64,64,64,64,64,64,64,64,64,64,64,64,64,64,64,69,69,69,69,69,69],"relic_stats":{"counters":[13,51],"Orichalcum":[72],"War Paint":["Zap","Reprogram"],"obtain_stats":[{"Potion Belt":11,"Lantern":8,"Tiny House":17,"Orichalcum":6,"War Paint":9,"Cracked Core":0},{"Potion Belt":7,"Lantern":5,"Tiny House":9,"Orichalcum":5,"War Paint":5,"Cracked Core":0},{"Potion Belt":25,"Lantern":15,"Tiny House":39,"Orichalcum":15,"War Paint":15,"Cracked Core":0}]},"card_choices":[{"not_picked":["Double Energy","Steam","Barrage"],"picked":"SKIP","floor":1.0},{"not_picked":["Rebound","Genetic Algorithm"],"picked":"Streamline","floor":2.0},{"not_picked":["Steam","Coolheaded"],"picked":"Gash","floor":3.0},{"not_picked":["Barrage","Consume","Meteor Strike"],"picked":"SKIP","floor":5.0},{"not_picked":["Turbo","Blizzard"],"picked":"Hologram","floor":6.0},{"not_picked":["Tempest","Lockon"],"picked":"Steam","floor":10.0},{"not_picked":["Barrage","Streamline"],"picked":"Leap","floor":11.0},{"not_picked":["Cold Snap","White Noise"],"picked":"Rip and Tear","floor":14.0},{"not_picked":["Hologram","Gash"],"picked":"Beam Cell","floor":17.0},{"not_picked":["Turbo","Redo"],"picked":"Steam Power","floor":18.0},{"not_picked":["Leap+1","Reinforced Body"],"picked":"Sweeping Beam+1","floor":19.0},{"not_picked":["Gash","Fusion"],"picked":"Steam","floor":20}],"player_experience":635443,"relics_obtained":[{"floor":6.0,"key":"Orichalcum"},{"floor":9.0,"key":"War Paint"},{"floor":11.0,"key":"Potion Belt"}],"event_choices":[{"damage_healed":0.0,"max_hp_gain":0.0,"max_hp_loss":0.0,"gold_gain":50.0,"event_name":"FaceTrader","player_choice":"Touch","floor":4.0,"gold_loss":0.0,"damage_taken":6.0}],"is_beta":false,"boss_relics":[{"not_picked":["Runic Dome","Inserter"],"picked":"Tiny House"}],"items_purged_floors":[],"is_endless":false,"potions_floor_spawned":[1,3,6,19],"killed_by":"Cultist and Chosen","ascension_level":18}}