{"host":"zmda0qgrhup32nr5","time":1614435625,"event":{"mods":["BaseMod","Minty Spire (QoL Compilation)","StSLib"],"gold_per_floor":[114,129,129,54,54,97,97,97,151,189,189,224,224,248,248,377,377,396,396,396,396,420,420,6,22,45,45,68,88,129,153,153,153,153],"floor_reached":33,"language":"ENG","playtime":785,"items_purged":["Strike_R"],"score":461,"play_id":"f3ddb1d3-27e4-448d-8958-8909e803c843","local_time":"20210227142025","is_ascension_mode":true,"campfire_choices":[{"floor":7,"key":"REST"},{"floor":11,"key":"REST"},{"data":"Immolate","floor":13,"key":"SMITH"},{"data":"Berserk","floor":15,"key":"SMITH"},{"data":"Double Tap","floor":23,"key":"SMITH"},{"floor":27,"key":"REST"},{"data":"Metallicize","floor":32,"key":"SMITH"}],"circlet_count":0,"master_deck":["AscendersBane","Defend_R","Defend_R","Defend_R","Defend_R","Bash","Immolate+1","Battle Trance","Combust+1","Cleave+1","Flame Barrier","Berserk+1","Thunderclap","Double Tap+1","Headbutt+1","Metallicize+1","Bite","Bite","Bite","Bite","Bite","Cleave+1","Rage+1","Headbutt+1"],"relics":["Burning Blood","Golden Idol","Eternal Feather","Regal Pillow","Potion Belt","Dead Branch","Sozu","Enchiridion","HornCleat","Red Skull","Akabeko","Juzu Bracelet","Sundial"],"acts_visited":["Exordium","TheCity"],"potions_floor_usage":[12,22,22],"damage_taken":[{"damage":0,"enemies":"Cultist","floor":1,"turns":2},{"damage":4,"enemies":"2 Louse","floor":2,"turns":2},{"damage":34,"enemies":"Gremlin Nob","floor":6,"turns":4},{"damage":36,"enemies":"Lagavulin","floor":10,"turns":6},{"damage":22,"enemies":"3 Sentries","floor":12,"turns":4},{"damage":8,"enemies":"Small Slimes","floor":14,"turns":2},{"damage":44,"enemies":"The Guardian","floor":16,"turns":10},{"damage":3,"enemies":"Chosen","floor":18,"turns":4},{"damage":3,"enemies":"Shell Parasite","floor":22,"turns":4},{"damage":43,"enemies":"Snake Plant","floor":25,"turns":3},{"damage":8,"enemies":"Cultist and Chosen","floor":29,"turns":4},{"damage":29,"enemies":"Book of Stabbing","floor":30,"turns":4},{"damage":0,"enemies":"Snecko","floor":31,"turns":4},{"damage":73,"enemies":"Automaton","floor":33,"turns":8}],"seed_played":"-8332746194589349815","potions_obtained":[{"floor":1,"key":"Swift Potion"},{"floor":10,"key":"SpeedPotion"},{"floor":16,"key":"Dexterity Potion"}],"is_trial":false,"path_per_floor":["M","M","?","$","?","E","R","?","T","E","R","E","R","M","R","B",null,"M","?","?","?","M","R","$","M","T","R","T","M","E","M","R","B"],"character_chosen":"IRONCLAD","items_purchased":["HornCleat","Red Skull"],"campfire_rested":3,"item_purchase_floors":[24,24],"current_hp_per_floor":[78,80,80,80,60,32,62,62,62,32,80,64,73,71,80,42,71,74,74,58,56,56,56,56,21,21,56,56,56,36,46,56,0,0],"gold":153,"neow_bonus":"ONE_RANDOM_RARE_CARD","is_daily":false,"chose_seed":false,"campfire_upgraded":4,"win_rate":0.0,"timestamp":1614435625,"path_taken":["M","?","?","$","?","E","R","?","T","E","R","E","R","M","R","BOSS","M","?","?","?","M","R","$","M","T","R","?","M","E","M","R","BOSS"],"items_purchased_type":["Relic","Relic"],"build_version":"2020-12-22","purchased_purges":1,"victory":false,"max_hp_per_floor":[80,80,80,80,80,80,80,80,80,80,80,80,80,80,80,80,80,80,80,80,56,56,56,56,56,56,56,56,56,56,56,56,56,56],"card_choices":[{"not_picked":["Armaments","Infernal Blade"],"picked":"Battle Trance","floor":1},{"not_picked":["Sword Boomerang","Pummel"],"picked":"Combust","floor":2},{"not_picked":["Clash","Reckless Charge"],"picked":"Cleave","floor":6},{"not_picked":["Fiend Fire","Rage"],"picked":"Flame Barrier","floor":10},{"not_picked":["Flame Barrier","Twin Strike"],"picked":"Berserk","floor":12},{"not_picked":["Perfected Strike","Shockwave"],"picked":"Thunderclap","floor":14},{"not_picked":["Offering","Brutality"],"picked":"Double Tap","floor":16},{"not_picked":["Entrench+1","Warcry"],"picked":"Headbutt+1","floor":18},{"not_picked":["Sword Boomerang","Ghostly Armor"],"picked":"Cleave+1","floor":22},{"not_picked":["Blood for Blood","Thunderclap","Whirlwind"],"picked":"SKIP","floor":25},{"not_picked":["Body Slam","Iron Wave+1","Headbutt"],"picked":"SKIP","floor":29},{"not_picked":["Burning Pact+1","Pommel Strike"],"picked":"Rage+1","floor":30},{"not_picked":["Evolve","Dual Wield"],"picked":"Headbutt+1","floor":31}],"player_experience":717791,"relics_obtained":[{"floor":6,"key":"Eternal Feather"},{"floor":9,"key":"Regal Pillow"},{"floor":10,"key":"Potion Belt"},{"floor":12,"key":"Dead Branch"},{"floor":20,"key":"Enchiridion"},{"floor":26,"key":"Akabeko"},{"floor":28,"key":"Juzu Bracelet"},{"floor":30,"key":"Sundial"}],"event_choices":[{"damage_healed":0,"gold_gain":0,"player_choice":"Grow","damage_taken":0,"max_hp_gain":0,"max_hp_loss":0,"event_name":"Living Wall","floor":3,"gold_loss":0,"cards_upgraded":["Combust"]},{"damage_healed":0,"gold_gain":0,"player_choice":"Take Damage","damage_taken":20,"relics_obtained":["Golden Idol"],"max_hp_gain":0,"max_hp_loss":0,"event_name":"Golden Idol","floor":5,"gold_loss":0},{"damage_healed":0,"gold_gain":0,"player_choice":"Upgraded","damage_taken":0,"max_hp_gain":0,"max_hp_loss":0,"event_name":"Upgrade Shrine","floor":8,"gold_loss":0,"cards_upgraded":["Cleave"]},{"damage_healed":0,"gold_gain":0,"player_choice":"Read","damage_taken":0,"max_hp_gain":0,"max_hp_loss":0,"event_name":"The Library","floor":19,"gold_loss":0,"cards_obtained":["Metallicize"]},{"damage_healed":0,"gold_gain":0,"player_choice":"Obtained Book","damage_taken":16,"max_hp_gain":0,"max_hp_loss":0,"event_name":"Cursed Tome","floor":20,"gold_loss":0},{"damage_healed":0,"gold_gain":0,"player_choice":"Became a vampire","damage_taken":0,"max_hp_gain":0,"max_hp_loss":24,"event_name":"Vampires","floor":21,"gold_loss":0,"cards_obtained":["Bite","Bite","Bite","Bite","Bite"]}],"is_beta":false,"boss_relics":[{"not_picked":["Pandora\u0027s Box","Runic Cube"],"picked":"Sozu"}],"items_purged_floors":[4],"is_endless":false,"potions_floor_spawned":[1,10,16,22,25,31],"killed_by":"Automaton","ascension_level":11}}