{"host":"xumidyqji6pg2yy3","time":1614448549,"event":{"mods":["BaseMod","Colored Map","FGO Abigail","Minty Spire (QoL Compilation)","Quick Restart","StSLib"],"gold_per_floor":[169,184,184,194,194,222,222,250,250,263,279,305,305,325,325,429,729,748,444,457,472,489,489,489,489],"floor_reached":24,"language":"ZHS","playtime":1543,"items_purged":[],"score":295,"play_id":"9d63b3a7-8bb5-4b5e-8bb4-906824eca02d","local_time":"20210228015549","is_ascension_mode":false,"campfire_choices":[{"data":"PrayerOfFaith","floor":7.0,"key":"SMITH"},{"data":"AbsoluteCorruption","floor":13.0,"key":"SMITH"},{"data":"ConsumeFlesh","floor":15.0,"key":"SMITH"},{"floor":23,"key":"REST"}],"circlet_count":0,"master_deck":["Ab_Strike","Ab_Strike","Ab_Strike+1","Ab_Strike+1","Ab_Defend","Ab_Defend","Ab_Defend+1","FleetingSanity+1","ForeheadBeam","Hitomi","ChocoKey","PrayerOfFaith+1","Ab_SwirlOfMadness","ConsumeFlesh+1","EyesOfMadness","AbsoluteCorruption+1","FlyingMascot","BlackKey","CurseOfTheBell"],"relics":["Salem_Diary","NeowsBlessing","War Paint","Letter Opener","Toy Ornithopter","StrikeDummy","Calling Bell","Anchor","Pantograph","Old Coin","Thread and Needle"],"acts_visited":["Exordium","TheCity"],"potions_floor_usage":[22],"damage_taken":[{"damage":0.0,"enemies":"Cultist","floor":1.0,"turns":1.0},{"damage":0.0,"enemies":"Jaw Worm","floor":2.0,"turns":1.0},{"damage":0.0,"enemies":"Small Slimes","floor":4.0,"turns":1.0},{"damage":18.0,"enemies":"Gremlin Nob","floor":6.0,"turns":5.0},{"damage":0.0,"enemies":"Lagavulin","floor":8.0,"turns":8.0},{"damage":6.0,"enemies":"Red Slaver","floor":10.0,"turns":5.0},{"damage":11.0,"enemies":"Blue Slaver","floor":11.0,"turns":5.0},{"damage":6.0,"enemies":"3 Sentries","floor":12.0,"turns":6.0},{"damage":11.0,"enemies":"Looter","floor":14.0,"turns":4.0},{"damage":0.0,"enemies":"Slime Boss","floor":16.0,"turns":7.0},{"damage":0.0,"enemies":"Chosen","floor":18.0,"turns":5.0},{"damage":26.0,"enemies":"2 Thieves","floor":20.0,"turns":5.0},{"damage":29.0,"enemies":"Cultist and Chosen","floor":21.0,"turns":6.0},{"damage":13,"enemies":"3 Cultists","floor":22,"turns":5},{"damage":54,"enemies":"Gremlin Leader","floor":24,"turns":4}],"seed_played":"3808545664871345809","potions_obtained":[{"floor":2.0,"key":"Regen Potion"},{"floor":4.0,"key":"ColorlessPotion"},{"floor":10.0,"key":"DistilledChaos"},{"floor":16.0,"key":"SteroidPotion"},{"floor":18.0,"key":"Weak Potion"},{"floor":20.0,"key":"PowerPotion"},{"floor":21.0,"key":"ColorlessPotion"}],"is_trial":false,"path_per_floor":["M","M","?","M","?","E","R","E","T","M","M","E","R","M","R","B",null,"M","$","M","M","M","R","E"],"character_chosen":"AbForeigner","items_purchased":["Thread and Needle"],"campfire_rested":1,"item_purchase_floors":[19],"current_hp_per_floor":[40,40,28,28,28,20,20,40,40,34,24,44,44,34,34,46,65,67,67,52,25,24,45,0,0],"gold":489,"neow_bonus":"THREE_ENEMY_KILL","is_daily":false,"chose_seed":false,"campfire_upgraded":3,"win_rate":0.0,"timestamp":1614448549,"path_taken":["M","?","?","M","?","E","R","E","T","M","M","E","R","?","R","BOSS","M","$","M","M","M","R","E"],"items_purchased_type":["Relic"],"build_version":"2020-12-22","purchased_purges":0,"victory":false,"max_hp_per_floor":[60,60,60,60,60,60,60,60,60,60,61,62,62,63,63,65,65,67,67,69,71,73,73,73,73],"card_choices":[{"not_picked":["TentacleSwarm","LossOfSanity","AlignStars"],"picked":"SKIP","floor":1.0},{"not_picked":["Ab_SwirlOfMadness","CosmicSpark"],"picked":"Hitomi","floor":2.0},{"not_picked":["FlyingMascot","SavingThrow"],"picked":"ChocoKey","floor":4.0},{"not_picked":["AlignStars","FamiliarShield"],"picked":"PrayerOfFaith","floor":6.0},{"not_picked":["RecklessSlam","ExposeNavel"],"picked":"Ab_SwirlOfMadness","floor":8.0},{"not_picked":["Ab_DarkestPact","TeddyBear"],"picked":"ConsumeFlesh","floor":10.0},{"not_picked":["FamiliarShield","SavingThrow"],"picked":"EyesOfMadness","floor":11.0},{"not_picked":["LargeTentacle","SuperMuscular"],"picked":"AbsoluteCorruption","floor":12.0},{"not_picked":["SweetPancakes","MeltBrain"],"picked":"FlyingMascot","floor":14.0},{"not_picked":["VoidPriest","SlimyBody"],"picked":"BlackKey","floor":16.0},{"not_picked":["Ygna","TeddyBear","EyesOfMadness"],"picked":"SKIP","floor":18.0},{"not_picked":["TeddyBear+1","FamiliarShield","AdultWords+1"],"picked":"SKIP","floor":20.0},{"not_picked":["HeroCreationA+1","TeddyBear","CosmicSpark"],"picked":"SKIP","floor":21.0},{"not_picked":["WitchTrial","VoidPriest","FamiliarShield+1"],"picked":"SKIP","floor":22}],"player_experience":103177,"relics_obtained":[{"floor":6.0,"key":"War Paint"},{"floor":8.0,"key":"Letter Opener"},{"floor":9.0,"key":"Toy Ornithopter"},{"floor":12.0,"key":"StrikeDummy"},{"floor":17.0,"key":"Anchor"},{"floor":17.0,"key":"Pantograph"},{"floor":17.0,"key":"Old Coin"}],"event_choices":[{"damage_healed":0.0,"max_hp_gain":0.0,"max_hp_loss":0.0,"gold_gain":0.0,"event_name":"Shining Light","player_choice":"Entered Light","floor":3.0,"gold_loss":0.0,"damage_taken":12.0,"cards_upgraded":["Ab_Strike","Ab_Strike"]},{"damage_healed":0.0,"max_hp_gain":0.0,"max_hp_loss":0.0,"gold_gain":0.0,"event_name":"Upgrade Shrine","player_choice":"Upgraded","floor":5.0,"gold_loss":0.0,"damage_taken":0.0,"cards_upgraded":["FleetingSanity"]}],"is_beta":false,"boss_relics":[{"not_picked":["Philosopher\u0027s Stone","Astrolabe"],"picked":"Calling Bell"}],"items_purged_floors":[],"is_endless":false,"potions_floor_spawned":[2,4,10,11,16,18,20,21],"killed_by":"Gremlin Leader","ascension_level":0}}