{"host":"wshey5htrz8rni6u","time":1614452612,"event":{"mods":["2.2 Compatiblity","BaseMod","Block Reminder","Colored Map","Colored Powertips","Current Relic Mod","Curses Come First","Dark Map","Key Reminder","Keyboard Shortcuts","Minty Spire (QoL Compilation)","Potion Indicator Mod","Quick Restart","Random Character Button","Relic Sorter","Relic Stats","StSLib","SuperFastMode","Unceasing Turn Reminder","UnlockEverythingMod","Weighted Paths"],"gold_per_floor":[112,112,131,131,141,168,187,187,233,242,28,65,65,84,84,166,193,219,144,194,217,242,242,279,279,355,355,372,381,399,425,425,505,505,521,13,32,49,49,49],"floor_reached":39,"language":"ENG","playtime":2579,"items_purged":["Strike_B"],"score":760,"play_id":"21b4f142-c711-4a74-b529-43f57300d1d2","local_time":"20210227110332","is_ascension_mode":true,"campfire_choices":[{"floor":8.0,"key":"REST"},{"data":"Dualcast","floor":13.0,"key":"SMITH"},{"floor":15.0,"key":"REST"},{"data":"Machine Learning","floor":23.0,"key":"SMITH"},{"floor":25.0,"key":"REST"},{"data":"Scrape","floor":27.0,"key":"SMITH"},{"floor":32.0,"key":"REST"}],"circlet_count":0,"master_deck":["AscendersBane","Zap+1","Dualcast+1","Reinforced Body","Coolheaded","Sunder","Doom and Gloom","Scrape+1","Flash of Steel","Beam Cell","Auto Shields","BootSequence","Machine Learning+1","BootSequence+1","Turbo+1","Stack","Go for the Eyes","FTL","Meteor Strike","Leap","Hello World","Heatsinks","Coolheaded","Multi-Cast","FTL","Steam"],"relics":["Cracked Core","Pear","Bag of Preparation","CeramicFish","Ornamental Fan","Astrolabe","Mummified Hand","White Beast Statue","Velvet Choker","Pantograph","Blood Vial"],"acts_visited":["Exordium","TheCity","TheBeyond"],"potions_floor_usage":[38,39,39],"damage_taken":[{"damage":12.0,"enemies":"Small Slimes","floor":1.0,"turns":3.0},{"damage":1.0,"enemies":"Cultist","floor":3.0,"turns":4.0},{"damage":7.0,"enemies":"Jaw Worm","floor":5.0,"turns":4.0},{"damage":10.0,"enemies":"Lagavulin","floor":6.0,"turns":6.0},{"damage":7.0,"enemies":"Large Slime","floor":7.0,"turns":4.0},{"damage":16.0,"enemies":"Gremlin Nob","floor":12.0,"turns":3.0},{"damage":22.0,"enemies":"Exordium Thugs","floor":14.0,"turns":4.0},{"damage":33.0,"enemies":"Slime Boss","floor":16.0,"turns":10.0},{"damage":0.0,"enemies":"Shell Parasite","floor":18.0,"turns":3.0},{"damage":0.0,"enemies":"2 Thieves","floor":21.0,"turns":3.0},{"damage":1.0,"enemies":"Shelled Parasite and Fungi","floor":22.0,"turns":6.0},{"damage":38.0,"enemies":"Book of Stabbing","floor":24.0,"turns":7.0},{"damage":12.0,"enemies":"Snake Plant","floor":28.0,"turns":3.0},{"damage":0.0,"enemies":"Cultist and Chosen","floor":31.0,"turns":5.0},{"damage":21.0,"enemies":"Champ","floor":33.0,"turns":11.0},{"damage":28.0,"enemies":"3 Darklings","floor":35.0,"turns":4.0},{"damage":21,"enemies":"Orb Walker","floor":37,"turns":5},{"damage":7,"enemies":"Sphere and 2 Shapes","floor":38,"turns":6},{"damage":25,"enemies":"Spire Growth","floor":39,"turns":4}],"seed_played":"8637182465162289935","potions_obtained":[{"floor":3.0,"key":"SkillPotion"},{"floor":5.0,"key":"BlessingOfTheForge"},{"floor":12.0,"key":"Fruit Juice"},{"floor":14.0,"key":"SteroidPotion"},{"floor":16.0,"key":"Energy Potion"},{"floor":21.0,"key":"EssenceOfSteel"},{"floor":22.0,"key":"SteroidPotion"},{"floor":28.0,"key":"FearPotion"},{"floor":31.0,"key":"PowerPotion"},{"floor":33.0,"key":"AttackPotion"},{"floor":35.0,"key":"EssenceOfDarkness"},{"floor":37,"key":"Explosive Potion"},{"floor":38,"key":"SkillPotion"}],"is_trial":false,"path_per_floor":["M","?","M","?","M","E","M","R","T","?","$","E","R","M","R","B",null,"M","?","?","M","M","R","E","R","T","R","M","?","?","M","R","B",null,"M","$","M","M","M"],"character_chosen":"DEFECT","items_purchased":["Flash of Steel","Beam Cell","Pantograph","Blood Vial","FTL"],"campfire_rested":4,"item_purchase_floors":[11,11,36,36,36],"current_hp_per_floor":[52,52,51,50,43,33,26,48,48,48,48,32,32,15,38,5,61,61,61,61,61,60,60,22,45,45,45,33,33,33,33,56,35,68,40,40,21,16,0,0],"gold":49,"neow_bonus":"REMOVE_TWO","is_daily":false,"chose_seed":false,"campfire_upgraded":3,"win_rate":0.0,"timestamp":1614452612,"path_taken":["M","?","?","?","M","E","M","R","T","?","$","E","R","?","R","BOSS","M","?","?","?","M","R","E","R","T","R","M","?","?","M","R","BOSS","M","$","M","M","M"],"items_purchased_type":["Card","Card","Relic","Relic","Card"],"build_version":"2020-12-13","purchased_purges":1,"victory":false,"max_hp_per_floor":[64,64,64,74,74,74,74,74,74,74,74,74,74,79,79,79,79,79,79,79,79,79,79,79,79,79,79,79,79,79,79,79,79,79,79,79,79,79,79,79],"relic_stats":{"Blood Vial":6,"counters":[19,95],"Ornamental Fan":[132],"Mummified Hand":[26],"CeramicFish":180,"Astrolabe":["Storm","BootSequence","Turbo"],"Pantograph":0,"Bag of Preparation":[30],"obtain_stats":[{"Blood Vial":36,"Pear":4,"Ornamental Fan":12,"Mummified Hand":24,"CeramicFish":9,"Astrolabe":17,"Pantograph":36,"Velvet Choker":34,"Bag of Preparation":6,"Cracked Core":0,"White Beast Statue":26},{"Blood Vial":16,"Pear":2,"Ornamental Fan":6,"Mummified Hand":12,"CeramicFish":5,"Astrolabe":8,"Pantograph":16,"Velvet Choker":15,"Bag of Preparation":4,"Cracked Core":0,"White Beast Statue":12},{"Blood Vial":80,"Pear":7,"Ornamental Fan":24,"Mummified Hand":57,"CeramicFish":21,"Astrolabe":38,"Pantograph":80,"Velvet Choker":76,"Bag of Preparation":17,"Cracked Core":0,"White Beast Statue":57}]},"card_choices":[{"not_picked":["Go for the Eyes","Reprogram"],"picked":"Reinforced Body","floor":1.0},{"not_picked":["Gash","Hologram"],"picked":"Doom and Gloom","floor":3.0},{"not_picked":["Blizzard","Fusion"],"picked":"Coolheaded","floor":5.0},{"not_picked":["Sweeping Beam","Glacier"],"picked":"Sunder","floor":6.0},{"not_picked":["Recycle","Reprogram"],"picked":"Doom and Gloom","floor":7.0},{"not_picked":["Glacier","Coolheaded"],"picked":"Auto Shields","floor":12.0},{"not_picked":["Stack","Rip and Tear"],"picked":"BootSequence","floor":14.0},{"not_picked":["Rainbow","Electrodynamics"],"picked":"Machine Learning","floor":16.0},{"not_picked":["Beam Cell","Coolheaded"],"picked":"Stack","floor":18.0},{"not_picked":["Compile Driver","Turbo"],"picked":"Go for the Eyes","floor":21.0},{"not_picked":["Blizzard+1","Coolheaded+1"],"picked":"FTL","floor":22.0},{"not_picked":["Streamline","Steam+1"],"picked":"Meteor Strike","floor":24.0},{"not_picked":["Barrage+1","Force Field","Gash"],"picked":"SKIP","floor":28.0},{"not_picked":["Tempest","Sweeping Beam"],"picked":"Coolheaded","floor":31.0},{"not_picked":["Biased Cognition","Thunder Strike"],"picked":"Multi-Cast","floor":33.0},{"not_picked":["Gash","Streamline","Rebound"],"picked":"SKIP","floor":35.0},{"not_picked":["Hello World","Rebound"],"picked":"Steam","floor":37},{"not_picked":["Ball Lightning","Redo","Beam Cell"],"picked":"SKIP","floor":38}],"player_experience":240353,"relics_obtained":[{"floor":6.0,"key":"Bag of Preparation"},{"floor":9.0,"key":"CeramicFish"},{"floor":12.0,"key":"Ornamental Fan"},{"floor":24.0,"key":"Mummified Hand"},{"floor":26.0,"key":"White Beast Statue"}],"event_choices":[{"damage_healed":0.0,"max_hp_gain":0.0,"max_hp_loss":0.0,"gold_gain":0.0,"event_name":"Upgrade Shrine","player_choice":"Upgraded","floor":2.0,"gold_loss":0.0,"damage_taken":0.0,"cards_upgraded":["Zap"]},{"damage_healed":0.0,"max_hp_gain":0.0,"max_hp_loss":0.0,"gold_gain":0.0,"event_name":"Scrap Ooze","player_choice":"Success","floor":4.0,"gold_loss":0.0,"damage_taken":11.0,"relics_obtained":["Pear"]},{"damage_healed":0.0,"max_hp_gain":0.0,"max_hp_loss":0.0,"gold_gain":0.0,"cards_transformed":["Strike_B"],"event_name":"Living Wall","player_choice":"Change","floor":10.0,"gold_loss":0.0,"damage_taken":0.0,"cards_obtained":["Scrape"]},{"cards_removed":["Storm"],"damage_healed":0.0,"max_hp_gain":0.0,"max_hp_loss":0.0,"gold_gain":0.0,"event_name":"Beggar","player_choice":"Gave Gold","floor":19.0,"gold_loss":75.0,"damage_taken":0.0},{"damage_healed":0.0,"max_hp_gain":0.0,"max_hp_loss":0.0,"gold_gain":50.0,"event_name":"Golden Shrine","player_choice":"Pray","floor":20.0,"gold_loss":0.0,"damage_taken":0.0},{"damage_healed":0.0,"max_hp_gain":0.0,"max_hp_loss":0.0,"gold_gain":0.0,"event_name":"The Library","player_choice":"Read","floor":29.0,"gold_loss":0.0,"damage_taken":0.0,"cards_obtained":["Leap"]},{"damage_healed":0.0,"max_hp_gain":0.0,"max_hp_loss":0.0,"gold_gain":0.0,"cards_transformed":["Doom and Gloom","Defend_B"],"event_name":"Drug Dealer","player_choice":"Became Test Subject","floor":30.0,"gold_loss":0.0,"damage_taken":0.0,"cards_obtained":["Hello World","Heatsinks"]}],"is_beta":false,"boss_relics":[{"not_picked":["SacredBark","Tiny House"],"picked":"Astrolabe"},{"not_picked":["Pandora\u0027s Box","Runic Dome"],"picked":"Velvet Choker"}],"items_purged_floors":[11],"is_endless":false,"potions_floor_spawned":[3,5,12,14,16,18,21,22,28,31,33,35,37,38],"killed_by":"Spire Growth","ascension_level":17}}