{"host":"e7sl0pd4xxdbbdh2","time":1614444825,"event":{"mods":["AchievementEnabler","BaseMod","Colored Map","Colored Powertips","Minty Spire (QoL Compilation)","StSLib"],"gold_per_floor":[144,186,186,240,240,240,321,321,321,408,408,87,191,18,18,255,255,304,147,147,147,193,291,291,333,333,398,398,398],"floor_reached":28,"language":"SPA","playtime":1381,"items_purged":[],"score":533,"play_id":"5ebd0bc8-e6a2-48c5-8c9d-6b1405b9d576","local_time":"20210227135345","daily_mods":["Chimera","Hoarder","Midas"],"is_ascension_mode":true,"campfire_choices":[{"floor":6.0,"key":"REST"},{"floor":8,"key":"REST"},{"floor":15,"key":"REST"},{"floor":24,"key":"REST"}],"circlet_count":0,"master_deck":["AscendersBane","Bash","Survivor","Zap","Strike_R","Strike_G","Strike_B","Defend_R+1","Defend_G","Defend_P+1","Rebound","Rebound","Glacier","Glacier","Glacier","Cold Snap","Cold Snap","Cold Snap","Creative AI","Creative AI","Creative AI","Compile Driver","Compile Driver","Compile Driver","Core Surge","Core Surge","Core Surge","Go for the Eyes+1","Go for the Eyes+1","Go for the Eyes+1","Necronomicurse","Necronomicurse","Necronomicurse","Storm+1","Storm+1","Storm+1","Reboot","Reboot","Reboot","Doom and Gloom","Doom and Gloom","Doom and Gloom"],"relics":["Cracked Core","Akabeko","Eternal Feather","DataDisk","Art of War","Golden Idol","Medical Kit","War Paint","PreservedInsect","Nunchaku","Snecko Eye","OrangePellets","Necronomicon","The Courier","Bottled Flame"],"acts_visited":["Exordium","TheCity"],"potions_floor_usage":[23,23,27],"damage_taken":[{"damage":6.0,"enemies":"2 Louse","floor":1.0,"turns":3.0},{"damage":0.0,"enemies":"Small Slimes","floor":2.0,"turns":2.0},{"damage":0.0,"enemies":"Cultist","floor":4.0,"turns":2.0},{"damage":1,"enemies":"Lagavulin","floor":7,"turns":11},{"damage":9,"enemies":"Gremlin Nob","floor":10,"turns":4},{"damage":9,"enemies":"Lagavulin","floor":13,"turns":7},{"damage":33,"enemies":"Hexaghost","floor":16,"turns":11},{"damage":0,"enemies":"Spheric Guardian","floor":18,"turns":4},{"damage":3,"enemies":"Chosen","floor":22,"turns":3},{"damage":29,"enemies":"Slavers","floor":23,"turns":3},{"damage":18,"enemies":"Centurion and Healer","floor":25,"turns":5},{"damage":21,"enemies":"Shelled Parasite and Fungi","floor":27,"turns":5},{"damage":14,"enemies":"Gremlin Leader","floor":28,"turns":2}],"seed_played":"1586335343981730264","potions_obtained":[{"floor":2.0,"key":"Strength Potion"},{"floor":10,"key":"Energy Potion"},{"floor":16,"key":"SkillPotion"},{"floor":25,"key":"FocusPotion"}],"is_trial":true,"path_per_floor":["M","M","?","M","?","R","E","R","T","E","?","$","E","$","R","B",null,"M","$","?","$","M","E","R","M","T","M","E"],"character_chosen":"DEFECT","items_purchased":["Medical Kit","War Paint","Nunchaku","OrangePellets"],"campfire_rested":4,"item_purchase_floors":[12,12,14,19],"current_hp_per_floor":[58,58,58,58,51,71,70,71,71,62,38,38,29,29,62,29,61,61,61,40,40,37,8,50,32,32,11,0,0],"gold":398,"neow_bonus":"","is_daily":false,"chose_seed":false,"campfire_upgraded":0,"win_rate":0.0,"timestamp":1614444825,"path_taken":["M","M","?","?","?","R","E","R","T","E","?","?","E","$","R","BOSS","M","?","?","$","?","E","R","M","T","?","E"],"items_purchased_type":["Relic","Relic","Relic","Relic"],"build_version":"2020-12-22","purchased_purges":0,"victory":false,"max_hp_per_floor":[71,71,71,71,71,71,71,71,71,71,71,71,71,71,71,71,71,71,71,71,71,71,71,71,71,71,71,71,71],"card_choices":[{"not_picked":["Force Field","Redo"],"picked":"Rebound","floor":1.0},{"not_picked":["Steam","Hologram"],"picked":"Glacier","floor":2.0},{"not_picked":["Static Discharge","Sweeping Beam"],"picked":"Cold Snap","floor":4.0},{"not_picked":["Go for the Eyes","Consume"],"picked":"Creative AI","floor":7},{"not_picked":["Scrape","Aggregate"],"picked":"Compile Driver","floor":10},{"not_picked":["Leap","Darkness","Compile Driver"],"picked":"SKIP","floor":13},{"not_picked":["All For One","Thunder Strike"],"picked":"Core Surge","floor":16},{"not_picked":["Redo","Gash"],"picked":"Go for the Eyes+1","floor":18},{"not_picked":["Stack","Streamline"],"picked":"Storm+1","floor":22},{"not_picked":["Barrage","Leap","Cold Snap"],"picked":"SKIP","floor":23},{"not_picked":["Gash","Sweeping Beam"],"picked":"Reboot","floor":25},{"not_picked":["Steam Power+1","Consume"],"picked":"Doom and Gloom","floor":27}],"player_experience":1710025,"relics_obtained":[{"floor":7,"key":"Eternal Feather"},{"floor":9,"key":"DataDisk"},{"floor":10,"key":"Art of War"},{"floor":13,"key":"PreservedInsect"},{"floor":20,"key":"Necronomicon"},{"floor":23,"key":"The Courier"},{"floor":26,"key":"Bottled Flame"}],"event_choices":[{"cards_removed":["Rebound"],"damage_healed":0.0,"max_hp_gain":0.0,"max_hp_loss":0.0,"gold_gain":0.0,"event_name":"WeMeetAgain","player_choice":"Gave Card","floor":3.0,"gold_loss":0.0,"damage_taken":0.0,"relics_obtained":["Akabeko"]},{"cards_removed":["Eruption"],"damage_healed":0.0,"max_hp_gain":0.0,"max_hp_loss":0.0,"gold_gain":0.0,"event_name":"Golden Wing","player_choice":"Card Removal","floor":5.0,"gold_loss":0.0,"damage_taken":7.0},{"damage_healed":0,"gold_gain":0,"player_choice":"Take Damage","damage_taken":24,"relics_obtained":["Golden Idol"],"max_hp_gain":0,"max_hp_loss":0,"event_name":"Golden Idol","floor":11,"gold_loss":0},{"damage_healed":0,"gold_gain":0,"player_choice":"Obtained Book","damage_taken":21,"max_hp_gain":0,"max_hp_loss":0,"event_name":"Cursed Tome","floor":20,"gold_loss":0}],"is_beta":false,"boss_relics":[{"not_picked":["Cursed Key","Coffee Dripper"],"picked":"Snecko Eye"}],"items_purged_floors":[],"is_endless":false,"potions_floor_spawned":[2,10,16,18,25],"killed_by":"Gremlin Leader","ascension_level":20}}