{"host":"k9djwzw02bmhn5cl","time":1614429948,"event":{"mods":["AchievementEnabler","BaseMod","Colored Map","Colored Powertips","Highlight Path","Minty Spire (QoL Compilation)","Quick Restart","Rare Cards Sparkle","StSLib"],"gold_per_floor":[119,79,91,110,129,129,158,158,158,158,11,11,22,53,53,53,53],"floor_reached":16,"language":"JPN","playtime":705,"items_purged":[],"score":110,"play_id":"ff613186-286d-4f49-bad2-e81bd677e5ef","local_time":"20210227214548","is_ascension_mode":false,"campfire_choices":[{"data":"Zap","floor":6,"key":"SMITH"},{"data":"Static Discharge","floor":8,"key":"SMITH"},{"data":"Dualcast","floor":10,"key":"SMITH"},{"data":"White Noise","floor":15,"key":"SMITH"}],"circlet_count":0,"master_deck":["Strike_B","Strike_B","Strike_B","Strike_B","Defend_B","Defend_B","Defend_B","Defend_B","Zap+1","Dualcast+1","Static Discharge+1","Ball Lightning","Cold Snap","Go for the Eyes","Amplify","Storm+1","Leap","Gash","White Noise+1","Doom and Gloom"],"relics":["Cracked Core","NeowsBlessing","Juzu Bracelet","Pear","Ornamental Fan"],"acts_visited":["Exordium"],"potions_floor_usage":[7,7,14,14],"damage_taken":[{"damage":0,"enemies":"Small Slimes","floor":1,"turns":1},{"damage":0,"enemies":"Cultist","floor":3,"turns":1},{"damage":0,"enemies":"Jaw Worm","floor":4,"turns":1},{"damage":15,"enemies":"Looter","floor":5,"turns":2},{"damage":15,"enemies":"Lagavulin","floor":7,"turns":5},{"damage":21,"enemies":"Gremlin Gang","floor":13,"turns":2},{"damage":12,"enemies":"3 Sentries","floor":14,"turns":4},{"damage":30,"enemies":"Slime Boss","floor":16,"turns":3}],"seed_played":"-7941469860479630511","potions_obtained":[{"floor":1,"key":"ColorlessPotion"},{"floor":2,"key":"SkillPotion"},{"floor":2,"key":"Dexterity Potion"},{"floor":13,"key":"SkillPotion"}],"is_trial":false,"path_per_floor":["M","?","M","M","M","R","E","R","T","R","$","?","M","E","R","B"],"character_chosen":"DEFECT","items_purchased":["Storm","Leap","Gash"],"campfire_rested":0,"item_purchase_floors":[11,11,11],"current_hp_per_floor":[75,75,75,75,60,60,45,45,55,55,55,55,34,22,22,0,0],"gold":53,"neow_bonus":"THREE_ENEMY_KILL","is_daily":false,"chose_seed":false,"campfire_upgraded":4,"win_rate":0.0,"timestamp":1614429948,"path_taken":["M","?","M","M","?","R","E","R","T","R","$","?","M","E","R","BOSS"],"items_purchased_type":["Card","Card","Card"],"build_version":"2020-12-22","purchased_purges":0,"victory":false,"max_hp_per_floor":[75,75,75,75,75,75,75,75,85,85,85,85,85,85,85,85,85],"card_choices":[{"not_picked":["Scrape","Turbo"],"picked":"Static Discharge","floor":1},{"not_picked":["Leap","Force Field"],"picked":"Ball Lightning","floor":3},{"not_picked":["Glacier","Recycle"],"picked":"Cold Snap","floor":4},{"not_picked":["Heatsinks","Compile Driver"],"picked":"Go for the Eyes","floor":5},{"not_picked":["Redo","Stack"],"picked":"Amplify","floor":7},{"not_picked":["Streamline","Force Field"],"picked":"White Noise","floor":13},{"not_picked":["Genetic Algorithm","Leap"],"picked":"Doom and Gloom","floor":14}],"player_experience":203022,"relics_obtained":[{"floor":7,"key":"Juzu Bracelet"},{"floor":9,"key":"Pear"},{"floor":14,"key":"Ornamental Fan"}],"event_choices":[{"damage_healed":0,"gold_gain":0,"player_choice":"Bought 3 Potions","damage_taken":0,"max_hp_gain":0,"max_hp_loss":0,"event_name":"The Woman in Blue","floor":2,"gold_loss":0},{"damage_healed":0,"gold_gain":0,"player_choice":"Grow","damage_taken":0,"max_hp_gain":0,"max_hp_loss":0,"event_name":"Living Wall","floor":12,"gold_loss":0,"cards_upgraded":["Storm"]}],"is_beta":false,"boss_relics":[],"items_purged_floors":[],"is_endless":false,"potions_floor_spawned":[1,13],"killed_by":"Slime Boss","ascension_level":0}}