{"host":"lg1lbglystyxcosi","time":1614435470,"event":{"mods":["AchievementEnabler","BaseMod","Better Third Choice","BetterRewards","Colored Powertips","Minty Spire (QoL Compilation)","Quick Restart","Shop Mod","StSLib","¡¾ÒÅÎï¿¨ÅÆ¡¿REMEMod"],"gold_per_floor":[116,39,39,51,51,51,51,65,65,65,98,98,98,32,32,32,32],"floor_reached":16,"language":"ZHS","playtime":568,"items_purged":["Strike_R"],"score":158,"play_id":"4fc2171f-2ae3-4a38-a0d2-e1364d8f4219","local_time":"20210227221750","is_ascension_mode":true,"campfire_choices":[{"data":"True Grit","floor":6.0,"key":"SMITH"},{"data":"Body Slam","floor":10.0,"key":"SMITH"},{"data":"Armaments","floor":15.0,"key":"SMITH"}],"circlet_count":0,"master_deck":["AscendersBane","Strike_R+1","Strike_R","Strike_R","Defend_R","Defend_R","Defend_R","Defend_R","Bash","REME_EyeOfCthun+1","Body Slam+1","Entrench","True Grit+1","Shrug It Off+1","Armaments+1"],"relics":["Burning Blood","REME_ComplimentaryCards","Membership Card","Lantern","White Beast Statue","Ornamental Fan","REME_HandOfSuture","HornCleat"],"acts_visited":["Exordium"],"potions_floor_usage":[],"damage_taken":[{"damage":2.0,"enemies":"Small Slimes","floor":1.0,"turns":4.0},{"damage":0.0,"enemies":"Cultist","floor":4.0,"turns":2.0},{"damage":0.0,"enemies":"Jaw Worm","floor":8.0,"turns":2.0},{"damage":21.0,"enemies":"3 Sentries","floor":11.0,"turns":6.0},{"damage":61,"enemies":"Hexaghost","floor":16,"turns":13}],"seed_played":"-8149082893167751461","potions_obtained":[{"floor":1.0,"key":"ElixirPotion"},{"floor":4.0,"key":"LiquidMemories"},{"floor":8.0,"key":"BloodPotion"},{"floor":11.0,"key":"SmokeBomb"}],"is_trial":false,"path_per_floor":["M","$","?","M","?","R","?","M","T","R","E","?","?","?","R","B"],"character_chosen":"IRONCLAD","items_purchased":["Body Slam","Entrench","True Grit","Shrug It Off","Membership Card","Block Potion","REME_GoldPotion","Lantern"],"campfire_rested":0,"item_purchase_floors":[0,0,0,0,0,0,0,2],"current_hp_per_floor":[52,52,52,58,51,51,44,50,50,50,51,77,61,61,61,0,0],"gold":32,"neow_bonus":"","is_daily":false,"chose_seed":false,"campfire_upgraded":3,"win_rate":0.0,"timestamp":1614435470,"path_taken":["M","$","?","?","?","R","?","M","T","R","E","?","?","?","R","BOSS"],"items_purchased_type":["Card","Card","Card","Card","Relic","Potion","Potion","Relic"],"build_version":"2020-12-22","purchased_purges":1,"victory":false,"max_hp_per_floor":[80,80,80,80,80,80,80,80,80,80,80,80,80,80,80,80,80],"card_choices":[{"not_picked":["Twin Strike","Clothesline"],"picked":"Armaments","floor":1.0},{"not_picked":["Pommel Strike","Anger","Headbutt"],"picked":"SKIP","floor":4.0},{"not_picked":["Corruption","Heavy Blade","Dark Embrace"],"picked":"SKIP","floor":8.0},{"not_picked":["Body Slam","Armaments","Sever Soul"],"picked":"SKIP","floor":11.0}],"player_experience":247264,"relics_obtained":[{"floor":9.0,"key":"Ornamental Fan"},{"floor":11.0,"key":"REME_HandOfSuture"}],"event_choices":[{"damage_healed":0.0,"max_hp_gain":0.0,"max_hp_loss":0.0,"gold_gain":0.0,"event_name":"Upgrade Shrine","player_choice":"Upgraded","floor":3.0,"gold_loss":0.0,"damage_taken":0.0,"cards_upgraded":["REME_EyeOfCthun"]},{"damage_healed":0.0,"max_hp_gain":0.0,"max_hp_loss":0.0,"gold_gain":0.0,"event_name":"betterThird:BetterScrap","player_choice":"Relic ","floor":5.0,"gold_loss":0.0,"damage_taken":7.0,"cards_obtained":["All For One"]},{"cards_removed":["Strike_R"],"damage_healed":0.0,"max_hp_gain":0.0,"max_hp_loss":0.0,"gold_gain":0.0,"event_name":"Golden Wing","player_choice":"Card Removal","floor":7.0,"gold_loss":0.0,"damage_taken":7.0},{"damage_healed":26.0,"max_hp_gain":0.0,"max_hp_loss":0.0,"gold_gain":0.0,"event_name":"Big Fish","player_choice":"Banana","floor":12.0,"gold_loss":0.0,"damage_taken":0.0},{"damage_healed":77.0,"max_hp_gain":0.0,"max_hp_loss":80.0,"gold_gain":0.0,"event_name":"betterThird:BetterShining","player_choice":"Upgrade","floor":13.0,"gold_loss":0.0,"damage_taken":16.0,"cards_upgraded":["Shrug It Off","Strike_R"]},{"damage_healed":0.0,"max_hp_gain":0.0,"max_hp_loss":0.0,"gold_gain":0.0,"event_name":"WeMeetAgain","player_choice":"Paid Gold","floor":14.0,"gold_loss":66.0,"damage_taken":0.0,"relics_obtained":["HornCleat"]}],"is_beta":false,"boss_relics":[],"items_purged_floors":[0],"is_endless":false,"potions_floor_spawned":[1,4,8,11],"killed_by":"Hexaghost","ascension_level":13}}