{"host":"8vqkh0x3c7vpgzzm","time":1614456819,"event":{"mods":["AchievementEnabler","BaseMod","Colored Map","Colored Powertips","Curses Come First","DeckTracker","Highlight Path","Minty Spire (QoL Compilation)","Permanent Neow","Quick Restart","Random Character Mod","Rare Cards Sparkle","Relic Sorter","Relic Stats","StSLib","SuperFastMode","Unceasing Turn Reminder","egg","everything is the same but u backflip on backflip"],"gold_per_floor":[115,125,49,65,65,65,65,65],"floor_reached":7,"language":"ENG","playtime":247,"items_purged":[],"score":82,"play_id":"d9cf79d7-b06b-422a-821e-f8c6fe25d8dc","local_time":"20210227211339","is_ascension_mode":true,"campfire_choices":[{"data":"Noxious Fumes","floor":6,"key":"SMITH"}],"circlet_count":0,"master_deck":["AscendersBane","Strike_G","Strike_G","Strike_G","Strike_G","Strike_G","Defend_G","Defend_G","Defend_G","Defend_G","Defend_G","Survivor","Neutralize","Dark Shackles","Dagger Spray","Well Laid Plans","Noxious Fumes+1","Deadly Poison"],"relics":["Ring of the Snake"],"acts_visited":["Exordium"],"potions_floor_usage":[7],"damage_taken":[{"damage":0,"enemies":"2 Louse","floor":1,"turns":4},{"damage":4,"enemies":"Jaw Worm","floor":2,"turns":7},{"damage":4,"enemies":"Small Slimes","floor":4,"turns":4},{"damage":57,"enemies":"Gremlin Nob","floor":7,"turns":4}],"seed_played":"-1673927676795177104","potions_obtained":[{"floor":2,"key":"FearPotion"}],"is_trial":false,"path_per_floor":["M","M","$","M","?","R","E"],"character_chosen":"THE_SILENT","items_purchased":["Noxious Fumes"],"campfire_rested":0,"item_purchase_floors":[3],"current_hp_per_floor":[59,55,55,51,56,56,0,0],"gold":65,"neow_bonus":"RANDOM_COLORLESS","is_daily":false,"chose_seed":false,"campfire_upgraded":1,"win_rate":0.0,"timestamp":1614456819,"path_taken":["M","M","$","M","?","R","E"],"items_purchased_type":["Card"],"build_version":"2020-12-22","purchased_purges":0,"victory":false,"max_hp_per_floor":[66,66,66,66,71,71,71,71],"relic_stats":{"counters":[4,19],"obtain_stats":[{"Ring of the Snake":0},{"Ring of the Snake":0},{"Ring of the Snake":0}],"Ring of the Snake":[8]},"card_choices":[{"not_picked":["Purity","Flash of Steel"],"picked":"Dark Shackles","floor":0},{"not_picked":["Blade Dance","Bane"],"picked":"Dagger Spray","floor":1},{"not_picked":["PiercingWail","Outmaneuver"],"picked":"Well Laid Plans","floor":2},{"not_picked":["Acrobatics","Sucker Punch"],"picked":"Deadly Poison","floor":4}],"player_experience":671421,"relics_obtained":[],"event_choices":[{"damage_healed":0,"gold_gain":0,"player_choice":"Donut","damage_taken":0,"max_hp_gain":5,"max_hp_loss":0,"event_name":"Big Fish","floor":5,"gold_loss":0}],"is_beta":false,"boss_relics":[],"items_purged_floors":[],"is_endless":false,"potions_floor_spawned":[2],"killed_by":"Gremlin Nob","ascension_level":20}}