{"host":"0nndazl0keusavit","time":1614406769,"event":{"mods":["AchievementEnabler","BaseMod","Colored Map","Curses Come First","Highlight Path","Minty Spire (QoL Compilation)","Relic Stats","StSLib"],"gold_per_floor":[19,37,55,65,65,90,165,165,192,225,225,237,267,285,285,362,362,375,375,399,240,240,240,269,269,269,293,320,49,65,98,98,170,170,191,31,0,15,15,43,43,68,68,68,82,115,142,159,159,159,159],"floor_reached":50,"language":"ENG","playtime":2138,"items_purged":["Strike_P"],"score":1512,"play_id":"82034d42-6176-41c9-9598-1fc0034c8901","local_time":"20210227011929","is_ascension_mode":true,"campfire_choices":[{"data":"EmptyFist","floor":8,"key":"SMITH"},{"data":"WindmillStrike","floor":11,"key":"SMITH"},{"data":"TalkToTheHand","floor":15,"key":"SMITH"},{"floor":25,"key":"REST"},{"floor":32,"key":"REST"},{"floor":41,"key":"REST"},{"floor":44,"key":"REST"},{"data":"TalkToTheHand","floor":49,"key":"SMITH"}],"circlet_count":0,"master_deck":["AscendersBane","Strike_P","Strike_P","Strike_P","Defend_P","Defend_P","Defend_P","Defend_P","Eruption","Vault","EmptyFist+1","CarveReality","WindmillStrike+1","DeusExMachina","Perseverance","SashWhip","TalkToTheHand+1","ConjureBlade","TalkToTheHand+1","Tantrum","RitualDagger","EmptyMind","FlurryOfBlows"],"relics":["PureWater","Tiny Chest","Centennial Puzzle","PreservedInsect","Strawberry","Busted Crown","Dream Catcher","CaptainsWheel","CeramicFish","Omamori","Potion Belt","Shuriken","Bag of Marbles","Snecko Eye","Sling","Red Mask","Bottled Flame","Gambling Chip","Lantern","Damaru","Regal Pillow"],"acts_visited":["Exordium","TheCity","TheBeyond"],"potions_floor_usage":[10,14,50],"damage_taken":[{"damage":0,"enemies":"2 Louse","floor":1,"turns":3},{"damage":0,"enemies":"Small Slimes","floor":2,"turns":2},{"damage":2,"enemies":"Jaw Worm","floor":3,"turns":4},{"damage":1,"enemies":"2 Fungi Beasts","floor":4,"turns":2},{"damage":0,"enemies":"Lagavulin","floor":6,"turns":5},{"damage":0,"enemies":"Gremlin Nob","floor":10,"turns":3},{"damage":8,"enemies":"Large Slime","floor":12,"turns":4},{"damage":13,"enemies":"Lagavulin","floor":13,"turns":6},{"damage":0,"enemies":"Blue Slaver","floor":14,"turns":3},{"damage":6,"enemies":"Hexaghost","floor":16,"turns":7},{"damage":7,"enemies":"2 Thieves","floor":18,"turns":3},{"damage":26,"enemies":"Book of Stabbing","floor":24,"turns":4},{"damage":14,"enemies":"Shell Parasite","floor":27,"turns":4},{"damage":0,"enemies":"Gremlin Leader","floor":28,"turns":5},{"damage":11,"enemies":"Snake Plant","floor":30,"turns":2},{"damage":10,"enemies":"Slavers","floor":31,"turns":4},{"damage":21,"enemies":"Champ","floor":33,"turns":7},{"damage":21,"enemies":"Orb Walker","floor":35,"turns":5},{"damage":13,"enemies":"3 Shapes","floor":38,"turns":3},{"damage":9,"enemies":"Giant Head","floor":40,"turns":3},{"damage":0,"enemies":"Nemesis","floor":42,"turns":2},{"damage":0,"enemies":"Sphere and 2 Shapes","floor":45,"turns":2},{"damage":0,"enemies":"Giant Head","floor":46,"turns":2},{"damage":0,"enemies":"Writhing Mass","floor":48,"turns":4},{"damage":79,"enemies":"Awakened One","floor":50,"turns":8}],"seed_played":"-7141626012632200195","potions_obtained":[{"floor":2,"key":"BottledMiracle"},{"floor":4,"key":"SteroidPotion"},{"floor":12,"key":"SteroidPotion"},{"floor":14,"key":"Ambrosia"},{"floor":28,"key":"SkillPotion"},{"floor":33,"key":"Dexterity Potion"}],"is_trial":false,"path_per_floor":["M","M","M","M","?","E","?","R","T","E","R","M","E","M","R","B",null,"M","?","T","$","T","?","E","R","T","M","E","$","M","E","R","B",null,"M","$","?","M","?","E","R","E","T","R","M","E","T","M","R","B"],"character_chosen":"WATCHER","items_purchased":["Tantrum","Shuriken","Sling"],"campfire_rested":4,"item_purchase_floors":[21,29,36],"current_hp_per_floor":[61,61,59,58,58,58,47,47,47,47,47,39,33,33,33,27,63,56,56,56,56,56,50,24,46,46,32,32,32,21,11,33,12,59,38,38,38,25,25,16,38,38,38,60,60,60,60,60,60,0,0],"gold":159,"neow_bonus":"THREE_RARE_CARDS","is_daily":false,"chose_seed":false,"campfire_upgraded":4,"win_rate":0.0,"timestamp":1614406769,"path_taken":["M","M","M","M","?","E","?","R","T","E","R","M","E","M","R","BOSS","M","?","?","$","?","?","E","R","T","M","E","$","M","E","R","BOSS","M","$","?","M","?","E","R","E","T","R","M","E","?","M","R","BOSS"],"items_purchased_type":["Card","Relic","Relic"],"build_version":"2020-12-22","purchased_purges":1,"victory":false,"max_hp_per_floor":[68,68,68,68,68,68,68,68,68,68,68,68,75,75,75,75,75,75,75,75,75,75,75,75,75,75,75,75,75,75,75,75,75,75,75,75,75,75,75,75,75,75,75,75,75,75,75,75,75,75,75],"relic_stats":{"Centennial Puzzle":[39],"Dream Catcher":4,"Regal Pillow":0,"Busted Crown":36,"counters":[25,97],"Shuriken":[22],"CeramicFish":18,"Gambling Chip":[11],"Snecko Eye":[51,48,57,38],"Tiny Chest":2,"PreservedInsect":470,"obtain_stats":[{"Potion Belt":28,"Lantern":43,"Regal Pillow":47,"CeramicFish":24,"Damaru":46,"PreservedInsect":10,"Omamori":26,"Sling":36,"Centennial Puzzle":9,"Dream Catcher":20,"CaptainsWheel":22,"Bottled Flame":40,"Busted Crown":17,"Shuriken":29,"Strawberry":13,"Gambling Chip":42,"Snecko Eye":34,"Tiny Chest":6,"Bag of Marbles":31,"Red Mask":37,"PureWater":0},{"Potion Belt":14,"Lantern":21,"Regal Pillow":23,"CeramicFish":12,"Damaru":23,"PreservedInsect":6,"Omamori":12,"Sling":18,"Centennial Puzzle":5,"Dream Catcher":11,"CaptainsWheel":11,"Bottled Flame":20,"Busted Crown":10,"Shuriken":14,"Strawberry":8,"Gambling Chip":21,"Snecko Eye":17,"Tiny Chest":5,"Bag of Marbles":16,"Red Mask":18,"PureWater":0},{"Potion Belt":55,"Lantern":81,"Regal Pillow":85,"CeramicFish":46,"Damaru":85,"PreservedInsect":19,"Omamori":46,"Sling":73,"Centennial Puzzle":16,"Dream Catcher":42,"CaptainsWheel":42,"Bottled Flame":79,"Busted Crown":39,"Shuriken":55,"Strawberry":29,"Gambling Chip":81,"Snecko Eye":68,"Tiny Chest":16,"Bag of Marbles":61,"Red Mask":73,"PureWater":0}]},"card_choices":[{"not_picked":["DeusExMachina","SpiritShield"],"picked":"Vault","floor":0},{"not_picked":["Prostrate","ThirdEye"],"picked":"EmptyFist","floor":1},{"not_picked":["InnerPeace","FlurryOfBlows"],"picked":"CarveReality","floor":2},{"not_picked":["CrushJoints","JustLucky","PathToVictory"],"picked":"SKIP","floor":3},{"not_picked":["EmptyFist","ForeignInfluence"],"picked":"WindmillStrike","floor":4},{"not_picked":["CutThroughFate","Conclude"],"picked":"DeusExMachina","floor":6},{"not_picked":["EmptyMind","Weave"],"picked":"Perseverance","floor":10},{"not_picked":["CrushJoints","Prostrate"],"picked":"SashWhip","floor":12},{"not_picked":["BowlingBash","SashWhip","WreathOfFlame"],"picked":"SKIP","floor":13},{"not_picked":["CutThroughFate","FlyingSleeves"],"picked":"TalkToTheHand","floor":14},{"not_picked":["Alpha","DeusExMachina"],"picked":"ConjureBlade","floor":16},{"not_picked":["InnerPeace"],"picked":"SKIP","floor":18},{"not_picked":["Prostrate"],"picked":"SKIP","floor":24},{"not_picked":[],"picked":"EmptyMind","floor":27},{"not_picked":["FollowUp"],"picked":"SKIP","floor":28},{"not_picked":["DeceiveReality"],"picked":"SKIP","floor":30},{"not_picked":["WreathOfFlame"],"picked":"SKIP","floor":31},{"not_picked":[],"picked":"FlurryOfBlows","floor":35},{"not_picked":["FollowUp"],"picked":"SKIP","floor":38},{"not_picked":["FlyingSleeves"],"picked":"SKIP","floor":40},{"not_picked":["Weave"],"picked":"SKIP","floor":42},{"not_picked":["FollowUp"],"picked":"SKIP","floor":45},{"not_picked":["FlyingSleeves+1"],"picked":"SKIP","floor":46},{"not_picked":["PathToVictory"],"picked":"SKIP","floor":48}],"player_experience":919530,"relics_obtained":[{"floor":6,"key":"Tiny Chest"},{"floor":9,"key":"Centennial Puzzle"},{"floor":10,"key":"PreservedInsect"},{"floor":13,"key":"Strawberry"},{"floor":20,"key":"Dream Catcher"},{"floor":22,"key":"CaptainsWheel"},{"floor":24,"key":"CeramicFish"},{"floor":26,"key":"Omamori"},{"floor":28,"key":"Potion Belt"},{"floor":31,"key":"Bag of Marbles"},{"floor":40,"key":"Bottled Flame"},{"floor":42,"key":"Gambling Chip"},{"floor":43,"key":"Lantern"},{"floor":46,"key":"Damaru"},{"floor":47,"key":"Regal Pillow"}],"event_choices":[{"damage_healed":0,"gold_gain":0,"player_choice":"Ignored","damage_taken":0,"max_hp_gain":0,"max_hp_loss":0,"event_name":"Liars Game","floor":5,"gold_loss":0},{"damage_healed":0,"gold_gain":75,"player_choice":"Gather Gold","damage_taken":11,"max_hp_gain":0,"max_hp_loss":0,"event_name":"World of Goop","floor":7,"gold_loss":0},{"damage_healed":0,"gold_gain":0,"player_choice":"Read","damage_taken":0,"max_hp_gain":0,"max_hp_loss":0,"event_name":"The Library","floor":19,"gold_loss":0,"cards_obtained":["TalkToTheHand"]},{"damage_healed":0,"gold_gain":0,"player_choice":"Joined the Cult","damage_taken":6,"max_hp_gain":0,"max_hp_loss":0,"event_name":"Nest","floor":23,"gold_loss":0,"cards_obtained":["RitualDagger"]},{"damage_healed":0,"gold_gain":0,"player_choice":"Paid","damage_taken":0,"relics_obtained":["Red Mask"],"max_hp_gain":0,"max_hp_loss":0,"event_name":"Tomb of Lord Red Mask","floor":37,"gold_loss":31},{"cards_removed":["Vigilance"],"damage_healed":0,"gold_gain":0,"player_choice":"Removed Skill","damage_taken":0,"max_hp_gain":0,"max_hp_loss":0,"event_name":"Falling","floor":39,"gold_loss":0}],"is_beta":false,"boss_relics":[{"not_picked":["HolyWater","Calling Bell"],"picked":"Busted Crown"},{"not_picked":["Philosopher\u0027s Stone","Coffee Dripper"],"picked":"Snecko Eye"}],"items_purged_floors":[21],"is_endless":false,"potions_floor_spawned":[2,4,12,14,16,18,27,28,33,38,42,46],"killed_by":"Awakened One","ascension_level":20}}