{"host":"dztixnx9b0gu6w9i","time":1614384840,"event":{"mods":["BaseMod","Bestiary","Minty Spire (QoL Compilation)","Relic Stats","Slay the Relics Exporter","SpireBot","ojb\u0027s Better Paths Mod","ojb\u0027s Info Mod: The sequel"],"gold_per_floor":[116,116,191,204,41,57,92,92,92,92,117,160,181,181,181,272,272,286,286,286,286,19,19,69,108,132,151,151,165,165,8,8,101,101,120,453,453,472,472,472,482,197,197,197,222,250,250,279,279,279,279,279,279,57,87,87],"floor_reached":57,"language":"ENG","playtime":9091,"items_purged":["Pain","Writhe","Headbutt"],"score":2689,"play_id":"0a067526-4fac-4dfc-ad72-0b38de3b3d4d","local_time":"20210226191400","is_ascension_mode":true,"campfire_choices":[{"data":"Perfected Strike","floor":8,"key":"SMITH"},{"data":"Bash","floor":10,"key":"SMITH"},{"data":"Offering","floor":15,"key":"SMITH"},{"data":"Perfected Strike+1","floor":23,"key":"PURGE"},{"data":"Cleave","floor":28,"key":"PURGE"},{"data":"Rampage","floor":30,"key":"PURGE"},{"data":"Sword Boomerang","floor":32,"key":"PURGE"},{"data":"Decay","floor":40,"key":"PURGE"},{"data":"Pommel Strike","floor":44,"key":"PURGE"},{"floor":47,"key":"RECALL"},{"floor":49,"key":"REST"},{"data":"Bash+1","floor":53,"key":"PURGE"}],"circlet_count":0,"master_deck":["AscendersBane","Shrug It Off","Pummel","Evolve","Offering+1","Spot Weakness","Feed","Whirlwind","Demon Form","Reckless Charge","Entrench","Corruption","Dark Embrace","Anger+1","Intimidate","Havoc","Intimidate","Shrug It Off","Second Wind+1","Barricade","Burning Pact","Dual Wield"],"relics":["Burning Blood","Unceasing Top","FossilizedHelix","Peace Pipe","Self Forming Clay","Letter Opener","Pandora\u0027s Box","Torii","Enchiridion","Medical Kit","Shuriken","Bag of Marbles","Lee\u0027s Waffle","Fusion Hammer","Chemical X","Thread and Needle","Vajra","Toy Ornithopter","Bronze Scales"],"acts_visited":["Exordium","TheCity","TheBeyond","TheEnding"],"potions_floor_usage":[7,18,25,29,50,56,56],"damage_taken":[{"damage":7,"enemies":"2 Louse","floor":1,"turns":4},{"damage":9,"enemies":"Small Slimes","floor":4,"turns":7},{"damage":0,"enemies":"Jaw Worm","floor":6,"turns":3},{"damage":22,"enemies":"Gremlin Nob","floor":7,"turns":4},{"damage":5,"enemies":"3 Louse","floor":11,"turns":4},{"damage":13,"enemies":"Lagavulin","floor":12,"turns":6},{"damage":0,"enemies":"Blue Slaver","floor":13,"turns":3},{"damage":18,"enemies":"Slime Boss","floor":16,"turns":8},{"damage":0,"enemies":"3 Byrds","floor":18,"turns":4},{"damage":16,"enemies":"Slavers","floor":25,"turns":4},{"damage":20,"enemies":"Spheric Guardian","floor":27,"turns":4},{"damage":9,"enemies":"Centurion and Healer","floor":29,"turns":3},{"damage":42,"enemies":"Collector","floor":33,"turns":6},{"damage":1,"enemies":"Orb Walker","floor":35,"turns":3},{"damage":12,"enemies":"3 Darklings","floor":38,"turns":3},{"damage":19,"enemies":"Jaw Worm Horde","floor":41,"turns":3},{"damage":16,"enemies":"Mind Bloom Boss Battle","floor":45,"turns":4},{"damage":1,"enemies":"Nemesis","floor":46,"turns":3},{"damage":6,"enemies":"Giant Head","floor":48,"turns":4},{"damage":46,"enemies":"Time Eater","floor":50,"turns":6},{"damage":12,"enemies":"Donu and Deca","floor":51,"turns":2},{"damage":30,"enemies":"Shield and Spear","floor":55,"turns":3},{"damage":52,"enemies":"The Heart","floor":56,"turns":8}],"seed_played":"937910987404132783","potions_obtained":[{"floor":4,"key":"Weak Potion"},{"floor":11,"key":"GamblersBrew"},{"floor":12,"key":"SteroidPotion"},{"floor":16,"key":"DuplicationPotion"},{"floor":27,"key":"SkillPotion"},{"floor":33,"key":"AttackPotion"},{"floor":35,"key":"GamblersBrew"},{"floor":41,"key":"Fire Potion"},{"floor":46,"key":"DuplicationPotion"},{"floor":48,"key":"ColorlessPotion"}],"is_trial":false,"path_per_floor":["M","?","?","M","$","M","E","R","T","R","M","E","M","?","R","B",null,"M","?","?","?","$","R","?","E","T","M","R","M","R","$","R","B",null,"M","?","?","M","?","R","M","$","T","R","?","E","R","E","R","B","B",null,"R","$","E","B",null],"character_chosen":"IRONCLAD","items_purchased":["Pummel","Medical Kit","Lee\u0027s Waffle","Chemical X","Burning Pact","Dual Wield","Energy Potion"],"campfire_rested":1,"item_purchase_floors":[5,22,31,42,54,54,54],"current_hp_per_floor":[67,67,56,53,53,59,43,43,43,43,44,37,43,43,43,31,59,68,68,68,47,47,47,47,40,40,26,26,26,26,84,84,48,75,83,83,83,80,80,80,70,70,70,70,60,65,65,65,92,53,47,82,82,82,58,22],"gold":87,"neow_bonus":"ONE_RARE_RELIC","is_daily":false,"chose_seed":false,"campfire_upgraded":3,"win_rate":0.0,"timestamp":1614384840,"path_taken":["M","?","?","M","$","M","E","R","T","R","M","E","M","?","R","BOSS","M","?","?","?","$","R","?","E","T","M","R","M","R","$","R","BOSS","M","?","?","?","?","R","?","$","T","R","?","E","R","E","R","BOSS","BOSS","R","$","E","BOSS"],"items_purchased_type":["Card","Relic","Relic","Relic","Card","Card","Potion"],"build_version":"2020-12-22","purchased_purges":3,"victory":true,"max_hp_per_floor":[75,68,68,68,68,68,68,68,68,68,68,68,68,68,68,68,68,71,71,71,71,71,71,71,74,74,74,74,77,77,84,84,84,84,87,87,87,90,90,90,93,93,93,93,93,93,93,93,93,93,93,93,93,93,93,93],"relic_stats":{"Lee\u0027s Waffle":58,"Torii":44,"counters":[23,99],"Self Forming Clay":[159],"Letter Opener":[190],"Medical Kit":[95],"Burning Blood":138,"Peace Pipe":7,"Shuriken":[55],"Bronze Scales":[96],"Pandora\u0027s Box":["Whirlwind","Sword Boomerang","Rampage","Demon Form","Reckless Charge","Cleave","Entrench","Corruption","Dark Embrace"],"Chemical X":[11],"obtain_stats":[{"Lee\u0027s Waffle":31,"Torii":20,"Golden Idol":2,"Self Forming Clay":12,"Enchiridion":21,"Vajra":46,"Thread and Needle":45,"Letter Opener":14,"Medical Kit":22,"Burning Blood":0,"Peace Pipe":9,"Shuriken":25,"Bronze Scales":55,"Pandora\u0027s Box":17,"Fusion Hammer":34,"Bag of Marbles":26,"Chemical X":42,"Unceasing Top":0,"FossilizedHelix":7,"Toy Ornithopter":48},{"Lee\u0027s Waffle":12,"Torii":9,"Golden Idol":1,"Self Forming Clay":6,"Enchiridion":9,"Vajra":18,"Thread and Needle":17,"Letter Opener":7,"Medical Kit":9,"Burning Blood":0,"Peace Pipe":4,"Shuriken":10,"Bronze Scales":22,"Pandora\u0027s Box":8,"Fusion Hammer":13,"Bag of Marbles":10,"Chemical X":16,"Unceasing Top":0,"FossilizedHelix":4,"Toy Ornithopter":19},{"Lee\u0027s Waffle":54,"Torii":43,"Golden Idol":4,"Self Forming Clay":28,"Enchiridion":43,"Vajra":76,"Thread and Needle":73,"Letter Opener":31,"Medical Kit":43,"Burning Blood":0,"Peace Pipe":18,"Shuriken":47,"Bronze Scales":91,"Pandora\u0027s Box":39,"Fusion Hammer":60,"Bag of Marbles":47,"Chemical X":69,"Unceasing Top":0,"FossilizedHelix":18,"Toy Ornithopter":80}],"Unceasing Top":[1],"Toy Ornithopter":11},"card_choices":[{"not_picked":["Power Through","Bloodletting"],"picked":"Shrug It Off","floor":1},{"not_picked":["Searing Blow","Cleave"],"picked":"Pommel Strike","floor":4},{"not_picked":["Metallicize","Searing Blow"],"picked":"Perfected Strike","floor":6},{"not_picked":["Shrug It Off","Armaments"],"picked":"Evolve","floor":7},{"not_picked":["Second Wind","Hemokinesis"],"picked":"Offering","floor":11},{"not_picked":["Heavy Blade","Demon Form"],"picked":"Spot Weakness","floor":12},{"not_picked":["Wild Strike","Fire Breathing"],"picked":"Pommel Strike","floor":13},{"not_picked":["Double Tap","Limit Break"],"picked":"Feed","floor":16},{"not_picked":["Thunderclap","Perfected Strike"],"picked":"Anger+1","floor":18},{"not_picked":["Flex","Clash"],"picked":"Intimidate","floor":25},{"not_picked":["Immolate","Warcry"],"picked":"Havoc","floor":27},{"not_picked":["Perfected Strike","Cleave+1","Heavy Blade+1"],"picked":"SKIP","floor":29},{"not_picked":["Rampage","Sword Boomerang","Heavy Blade"],"picked":"SKIP","floor":35},{"not_picked":["Iron Wave+1","Uppercut"],"picked":"Intimidate","floor":38},{"not_picked":["Body Slam","Thunderclap","Rampage"],"picked":"SKIP","floor":41},{"not_picked":["Heavy Blade+1","Double Tap"],"picked":"Shrug It Off","floor":45},{"not_picked":["Anger","Dual Wield"],"picked":"Second Wind+1","floor":46},{"not_picked":["Flex+1","Thunderclap+1"],"picked":"Barricade","floor":48},{"not_picked":["Sword Boomerang","Second Wind","Blood for Blood"],"picked":"SKIP","floor":55},{"not_picked":["Sword Boomerang","Second Wind","Blood for Blood"],"picked":"SKIP","floor":55}],"player_experience":8841962,"relics_obtained":[{"floor":7,"key":"FossilizedHelix"},{"floor":9,"key":"Peace Pipe"},{"floor":12,"key":"Self Forming Clay"},{"floor":21,"key":"Enchiridion"},{"floor":25,"key":"Shuriken"},{"floor":26,"key":"Bag of Marbles"},{"floor":45,"key":"Thread and Needle"},{"floor":46,"key":"Vajra"},{"floor":48,"key":"Toy Ornithopter"},{"floor":55,"key":"Bronze Scales"}],"event_choices":[{"damage_healed":0,"gold_gain":0,"player_choice":"Lose Max HP","damage_taken":0,"relics_obtained":["Golden Idol"],"max_hp_gain":0,"max_hp_loss":7,"event_name":"Golden Idol","floor":2,"gold_loss":0},{"damage_healed":0,"gold_gain":75,"player_choice":"Gather Gold","damage_taken":11,"max_hp_gain":0,"max_hp_loss":0,"event_name":"World of Goop","floor":3,"gold_loss":0},{"damage_healed":0,"gold_gain":0,"player_choice":"Searched \u00271\u0027 times","damage_taken":0,"relics_obtained":["Letter Opener"],"max_hp_gain":0,"max_hp_loss":0,"event_name":"Dead Adventurer","floor":14,"gold_loss":0},{"damage_healed":0,"gold_gain":0,"player_choice":"Ignored","damage_taken":0,"max_hp_gain":0,"max_hp_loss":0,"event_name":"Vampires","floor":19,"gold_loss":0},{"damage_healed":0,"gold_gain":0,"player_choice":"Opened","damage_taken":0,"relics_obtained":["Torii"],"max_hp_gain":0,"max_hp_loss":0,"event_name":"The Mausoleum","floor":20,"gold_loss":0,"cards_obtained":["Writhe"]},{"damage_healed":0,"gold_gain":0,"player_choice":"Obtained Book","damage_taken":21,"max_hp_gain":0,"max_hp_loss":0,"event_name":"Cursed Tome","floor":21,"gold_loss":0},{"damage_healed":0,"gold_gain":50,"player_choice":"Stole From Cult","damage_taken":0,"max_hp_gain":0,"max_hp_loss":0,"event_name":"Nest","floor":24,"gold_loss":0},{"damage_healed":0,"gold_gain":333,"player_choice":"Gave Idol","damage_taken":0,"max_hp_gain":0,"max_hp_loss":0,"event_name":"The Moai Head","floor":36,"relics_lost":["Golden Idol"],"gold_loss":0},{"damage_healed":0,"gold_gain":0,"cards_transformed":["Pommel Strike"],"player_choice":"Transformed","damage_taken":0,"max_hp_gain":0,"max_hp_loss":0,"event_name":"Transmorgrifier","floor":37,"gold_loss":0,"cards_obtained":["Headbutt"]},{"damage_healed":0,"gold_gain":0,"player_choice":"Cursed","damage_taken":0,"max_hp_gain":0,"max_hp_loss":0,"event_name":"Wheel of Change","floor":39,"gold_loss":0,"cards_obtained":["Decay"]},{"damage_healed":0,"gold_gain":0,"player_choice":"Fight","damage_taken":0,"max_hp_gain":0,"max_hp_loss":0,"event_name":"MindBloom","floor":45,"gold_loss":0}],"is_beta":false,"boss_relics":[{"not_picked":["Tiny House","Empty Cage"],"picked":"Pandora\u0027s Box"},{"not_picked":["Cursed Key","Busted Crown"],"picked":"Fusion Hammer"}],"items_purged_floors":[5,22,42],"is_endless":false,"potions_floor_spawned":[4,11,12,16,27,33,35,41,46,48],"ascension_level":20}}