{"host":"dl909bjyolgrn2uw","time":1614393883,"event":{"mods":["2.2 Compatiblity","AchievementEnabler","BaseMod","Bestiary","Better Altar","Better Note","Better Sensory Stone","Better Skull","Better Vampires","Colored Powertips","Curses Come First","Downfall","Emptier Cage","Minty Spire (QoL Compilation)","Permanent Neow","Quick Restart","Rare Cards Sparkle","Relic Stats","Shop Mod","Spicy Shops","StSLib","SuperFastMode"],"gold_per_floor":[99,114,129,159,171,190,190,224,224,224,236,236,251,263,273,376,376,376,392,407,407,65,65,110,122,122,139,170,2,21,32,49,144,144,144,163,515,137,137,137,161,171,190,190,216,216,232,259,272,272],"floor_reached":51,"language":"ENG","playtime":4111,"items_purged":["Slimebound:Strike_Slimebound"],"score":949,"play_id":"450dae54-e1c2-4fa2-8011-5b5949136613","local_time":"20210226204443","is_ascension_mode":true,"campfire_choices":[{"data":"Slimebound:Split","floor":1,"key":"SMITH"},{"floor":10,"key":"REST"},{"data":"Slimebound:DuplicatedForm","floor":12,"key":"SMITH"},{"data":"Slimebound:LeechLife","floor":18,"key":"SMITH"},{"data":"Slimebound:MassFeed","floor":35,"key":"SMITH"},{"data":"Slimebound:GoopSpray","floor":44,"key":"SMITH"},{"floor":46,"key":"DIG"}],"circlet_count":0,"master_deck":["Slimebound:Strike_Slimebound","Slimebound:Strike_Slimebound","Slimebound:Tackle","Slimebound:Defend_Slimebound","Slimebound:Defend_Slimebound+1","Slimebound:Defend_Slimebound","Slimebound:Defend_Slimebound","Slimebound:Split+1","Slimebound:CorrosiveSpit+1","Slimebound:DuplicatedForm+1","Slimebound:Schlurp","Slimebound:GoopSpray+1","Slimebound:Schlurp","Slimebound:Gluttony","Slimebound:Split+1","Slimebound:SplitLeeching","Slimebound:LivingWall","Slimebound:LeechLife+1","CurseOfTheBell","Slimebound:Gluttony","champ:Taunt+1","Slimebound:SplitLeeching","Slimebound:SlimeBrawl+1","Slimebound:FirmFortitude+1","Slimebound:GoopSpray+1","Slimebound:SamplingLick+1","Slimebound:SamplingLick+1","Slimebound:RejuvenatingLick+1","Slimebound:Schlurp+1","Slimebound:SlimeSpikes+1","Slimebound:FormOfPuddle+1","Slimebound:SlimeSpikes+1","Slimebound:MassFeed+1","Slimebound:Prepare+1","Slimebound:HauntingLick+1","Slimebound:GoopSpray+1","Slimebound:Prepare+1","Master of Strategy+1","Slimebound:SamplingLick+1","Slimebound:Schlurp+1","Slimebound:LeadByExample","Slimebound:FormOfPuddle+1"],"relics":["Slimebound:AbsorbEndCombat","Unceasing Top","White Beast Statue","Shovel","Calling Bell","Bag of Preparation","Gremlin Horn","CaptainsWheel","Toxic Egg 2","Lantern","Letter Opener","Orrery","Coffee Dripper","Old Coin","Toolbox","downfall:TeleportStone","War Paint","Slimebound:AggressiveSlimeRelic","Nunchaku","Boot"],"acts_visited":["Exordium","TheCity","TheBeyond"],"potions_floor_usage":[16,27,28,33,50,50,50],"damage_taken":[{"damage":6,"enemies":"Jaw Worm","floor":2,"turns":5},{"damage":17,"enemies":"2 Louse","floor":3,"turns":4},{"damage":0,"enemies":"Cultist","floor":5,"turns":3},{"damage":1,"enemies":"3 Louse","floor":6,"turns":3},{"damage":60,"enemies":"Gremlin Nob","floor":8,"turns":5},{"damage":0,"enemies":"downfall:LooterAlt","floor":11,"turns":3},{"damage":16,"enemies":"Exordium Wildlife","floor":13,"turns":5},{"damage":0,"enemies":"Large Slime","floor":14,"turns":5},{"damage":3,"enemies":"Blue Slaver","floor":15,"turns":4},{"damage":16,"enemies":"SI_SHIV_ARCHETYPE","floor":16,"turns":6},{"damage":0,"enemies":"Shell Parasite","floor":19,"turns":6},{"damage":16,"enemies":"Spheric Guardian","floor":20,"turns":6},{"damage":0,"enemies":"downfall:FleeingMerchant","floor":22,"turns":4},{"damage":28,"enemies":"Chosen and Byrds","floor":25,"turns":13},{"damage":15,"enemies":"3 Cultists","floor":27,"turns":5},{"damage":52,"enemies":"Gremlin Leader","floor":28,"turns":10},{"damage":6,"enemies":"downfall:FleeingMerchant","floor":29,"turns":4},{"damage":25,"enemies":"Cultist and Chosen","floor":30,"turns":7},{"damage":15,"enemies":"Chosen and Byrds","floor":31,"turns":4},{"damage":1,"enemies":"Shelled Parasite and Fungi","floor":32,"turns":4},{"damage":16,"enemies":"DF_ARCHETYPE_CLAW","floor":33,"turns":6},{"damage":1,"enemies":"Orb Walker","floor":36,"turns":3},{"damage":5,"enemies":"2 Orb Walkers","floor":37,"turns":5},{"damage":15,"enemies":"downfall:FleeingMerchant","floor":38,"turns":4},{"damage":15,"enemies":"3 Shapes","floor":42,"turns":3},{"damage":0,"enemies":"Jaw Worm Horde","floor":43,"turns":3},{"damage":15,"enemies":"Nemesis","floor":45,"turns":5},{"damage":15,"enemies":"Writhing Mass","floor":47,"turns":6},{"damage":15,"enemies":"Reptomancer","floor":48,"turns":5},{"damage":0,"enemies":"3 Darklings","floor":49,"turns":2},{"damage":66,"enemies":"IC_BLOCK_ARCHETYPE","floor":50,"turns":13}],"seed_played":"-2207125591262102675","potions_obtained":[{"floor":2,"key":"LiquidBronze"},{"floor":8,"key":"BlessingOfTheForge"},{"floor":11,"key":"sneckomod:MuddlingPotion"},{"floor":14,"key":"EssenceOfSteel"},{"floor":15,"key":"DistilledChaos"},{"floor":16,"key":"sneckomod:MuddlingPotion"},{"floor":19,"key":"SkillPotion"},{"floor":20,"key":"PowerPotion"},{"floor":22,"key":"PowerPotion"},{"floor":27,"key":"SpeedPotion"},{"floor":28,"key":"GamblersBrew"},{"floor":33,"key":"sneckomod:MuddlingPotion"},{"floor":45,"key":"FairyPotion"}],"is_trial":false,"path_per_floor":["R","M","M","?","M","M","T","E","?","R","M","R","M","M","M","B",null,"R","M","M","?","$","?","T","M","?","M","E","$","M","M","M","B",null,"R","M","?","$","?","?","T","M","M","R","E","R","M","E","M","B",null],"character_chosen":"SLIMEBOUND","items_purchased":["Toxic Egg 2","Orrery","Toolbox","Slimebound:Prepare+1","CultistPotion"],"campfire_rested":1,"item_purchase_floors":[22,29,38,38,38],"current_hp_per_floor":[65,64,64,64,65,65,65,26,26,45,49,49,41,49,50,57,65,65,65,65,65,65,54,54,34,34,54,30,44,61,70,70,70,70,70,70,70,70,70,70,70,78,90,90,94,94,94,94,98,61],"gold":272,"neow_bonus":"ONE_RANDOM_RARE_CARD","is_daily":false,"chose_seed":false,"campfire_upgraded":5,"win_rate":0.0,"timestamp":1614393883,"path_taken":["R","M","M","?","M","M","T","E","?","R","?","R","M","M","M","BOSS","R","M","M","?","$","?","T","M","?","M","E","?","M","M","M","BOSS","R","M","?","$","?","?","T","M","M","R","E","R","M","E","M","BOSS"],"items_purchased_type":["Relic","Relic","Relic","Card","Potion"],"build_version":"2020-12-22","purchased_purges":1,"victory":true,"max_hp_per_floor":[65,65,65,65,65,65,65,65,65,65,65,65,65,65,65,65,65,65,65,65,65,65,70,70,70,70,70,70,70,70,70,70,70,70,70,70,70,70,70,70,70,78,90,90,94,94,94,94,98,98],"relic_stats":{"Nunchaku":[1],"Shovel":1,"Gremlin Horn":[21,21],"counters":[31,157],"Bag of Preparation":[42],"Letter Opener":[737],"War Paint":["Slimebound:Defend_Slimebound","Slimebound:CorrosiveSpit"],"Boot":[0],"obtain_stats":[{"Slimebound:AggressiveSlimeRelic":45,"Lantern":24,"Gremlin Horn":17,"downfall:TeleportStone":40,"Bag of Preparation":17,"Letter Opener":28,"War Paint":41,"Boot":48,"White Beast Statue":7,"Old Coin":37,"Calling Bell":17,"CaptainsWheel":17,"Nunchaku":46,"Shovel":8,"Orrery":29,"Toolbox":38,"Slimebound:AbsorbEndCombat":0,"Coffee Dripper":34,"Toxic Egg 2":22,"Unceasing Top":4},{"Slimebound:AggressiveSlimeRelic":27,"Lantern":13,"Gremlin Horn":10,"downfall:TeleportStone":24,"Bag of Preparation":10,"Letter Opener":16,"War Paint":24,"Boot":29,"White Beast Statue":4,"Old Coin":23,"Calling Bell":10,"CaptainsWheel":10,"Nunchaku":27,"Shovel":5,"Orrery":17,"Toolbox":24,"Slimebound:AbsorbEndCombat":0,"Coffee Dripper":21,"Toxic Egg 2":13,"Unceasing Top":2},{"Slimebound:AggressiveSlimeRelic":132,"Lantern":58,"Gremlin Horn":42,"downfall:TeleportStone":122,"Bag of Preparation":42,"Letter Opener":85,"War Paint":122,"Boot":143,"White Beast Statue":15,"Old Coin":118,"Calling Bell":42,"CaptainsWheel":42,"Nunchaku":132,"Shovel":19,"Orrery":89,"Toolbox":122,"Slimebound:AbsorbEndCombat":0,"Coffee Dripper":110,"Toxic Egg 2":58,"Unceasing Top":9}],"Unceasing Top":[3]},"card_choices":[{"not_picked":["Slimebound:LeechingTouch","Slimebound:SpikyOuterGoop","Slimebound:SlimeSpikes"],"picked":"SKIP","floor":2},{"not_picked":["Slimebound:Grow","Slimebound:SlimeBarrage"],"picked":"Slimebound:Schlurp","floor":3},{"not_picked":["Slimebound:SlimeBarrage","Slimebound:LeechingTouch"],"picked":"Slimebound:GoopSpray","floor":5},{"not_picked":["Slimebound:SlimeSlap","Slimebound:HauntingLick"],"picked":"Slimebound:Schlurp","floor":6},{"not_picked":["Slimebound:PressTheAttack","Slimebound:LeechingTouch"],"picked":"Slimebound:Gluttony","floor":8},{"not_picked":["Slimebound:HauntingLick","Slimebound:SlimeBarrage","Slimebound:RejuvenatingLick"],"picked":"SKIP","floor":11},{"not_picked":["Slimebound:PressTheAttack","Slimebound:SlimeSpikes","Slimebound:HauntingLick"],"picked":"SKIP","floor":13},{"not_picked":["Slimebound:ProtectTheBoss","Slimebound:Equalize"],"picked":"Slimebound:SplitLeeching","floor":14},{"not_picked":["Slimebound:Chomp","Slimebound:SplitBruiser"],"picked":"Slimebound:LivingWall","floor":15},{"not_picked":["Slimebound:Overexert","Slimebound:DuplicatedForm"],"picked":"Slimebound:LeechLife","floor":16},{"not_picked":["Slimebound:SlimeSpikes","Slimebound:GrowthPunch","Slimebound:LeechEnergy"],"picked":"SKIP","floor":19},{"not_picked":["Slimebound:SplitAcid","Slimebound:LivingWall"],"picked":"Slimebound:Gluttony","floor":20},{"not_picked":["Slimebound:RejuvenatingLick","Slimebound:RollThrough"],"picked":"Slimebound:SplitLeeching","floor":22},{"not_picked":["Slimebound:FinishingTackle+1","Slimebound:LeechingTouch","Slimebound:LeechEnergy"],"picked":"SKIP","floor":25},{"not_picked":["Slimebound:GrowthPunch+1","Slimebound:LivingWall+1"],"picked":"Slimebound:SlimeBrawl+1","floor":27},{"not_picked":["Slimebound:HauntingLick+1","Slimebound:DivideAndConquer"],"picked":"Slimebound:FirmFortitude+1","floor":28},{"not_picked":["Slimebound:SamplingLick+1","Slimebound:Schlurp+1"],"picked":"Slimebound:GoopSpray+1","floor":29},{"not_picked":["Slimebound:Recollect+1","Slimebound:LeechingTouch"],"picked":"Slimebound:SamplingLick+1","floor":29},{"not_picked":["Slimebound:SlimeBrawl+1","Slimebound:FlameTackle"],"picked":"Slimebound:SamplingLick+1","floor":29},{"not_picked":["Slimebound:SplitLeeching+1","Slimebound:SplitBruiser+1"],"picked":"Slimebound:RejuvenatingLick+1","floor":29},{"not_picked":["Slimebound:RallyTheTroops","Slimebound:LeadByExample"],"picked":"Slimebound:Schlurp+1","floor":29},{"not_picked":["Slimebound:Grow+1","Slimebound:SplitBruiser+1"],"picked":"Slimebound:SlimeSpikes+1","floor":29},{"not_picked":["Slimebound:SpikyOuterGoop","Slimebound:LivingWall+1"],"picked":"Slimebound:FormOfPuddle+1","floor":30},{"not_picked":["Slimebound:GoopTackle+1","Slimebound:SplitMire+1","Slimebound:LeechEnergy"],"picked":"SKIP","floor":31},{"not_picked":["Slimebound:LeechingTouch","Slimebound:RollThrough"],"picked":"Slimebound:SlimeSpikes+1","floor":32},{"not_picked":["Slimebound:MinionMaster","Slimebound:DuplicatedForm"],"picked":"Slimebound:MassFeed","floor":33},{"not_picked":["Slimebound:BestDefense+1","Slimebound:PressTheAttack+1"],"picked":"Slimebound:Prepare+1","floor":36},{"not_picked":["Slimebound:SplitLeeching+1","Slimebound:PressTheAttack+1"],"picked":"Slimebound:HauntingLick+1","floor":37},{"not_picked":["Slimebound:SplitMire+1","Slimebound:ServeAndProtect+1"],"picked":"Slimebound:GoopSpray+1","floor":38},{"not_picked":["Bandage Up+1","Swift Strike"],"picked":"Master of Strategy+1","floor":39},{"not_picked":["Slimebound:SplitLeeching+1","Slimebound:HungryTackle"],"picked":"Slimebound:SamplingLick+1","floor":42},{"not_picked":["Slimebound:ForwardTackle","Slimebound:Prepare+1"],"picked":"Slimebound:Schlurp+1","floor":43},{"not_picked":["Slimebound:ComboTackle","Slimebound:FinishingTackle+1","Slimebound:DuplicatedForm"],"picked":"SKIP","floor":45},{"not_picked":["Slimebound:ComboTackle","Slimebound:FinishingTackle+1","Slimebound:DuplicatedForm"],"picked":"SKIP","floor":45},{"not_picked":["Slimebound:LeechEnergy+1","Slimebound:SlimeSpikes+1"],"picked":"Slimebound:LeadByExample","floor":47},{"not_picked":["Slimebound:Grow+1","Slimebound:FinishingTackle","Slimebound:LivingWall+1"],"picked":"SKIP","floor":48},{"not_picked":["Slimebound:LeechingTouch","Slimebound:Gluttony"],"picked":"Slimebound:FormOfPuddle+1","floor":49}],"player_experience":577114,"relics_obtained":[{"floor":7,"key":"White Beast Statue"},{"floor":8,"key":"Shovel"},{"floor":17,"key":"Bag of Preparation"},{"floor":17,"key":"Gremlin Horn"},{"floor":17,"key":"CaptainsWheel"},{"floor":24,"key":"Lantern"},{"floor":28,"key":"Letter Opener"},{"floor":37,"key":"Old Coin"},{"floor":41,"key":"War Paint"},{"floor":45,"key":"Slimebound:AggressiveSlimeRelic"},{"floor":46,"key":"Nunchaku"},{"floor":48,"key":"Boot"}],"event_choices":[{"cards_removed":["Slimebound:Split"],"damage_healed":0,"gold_gain":0,"player_choice":"Take \u0026 Give","damage_taken":0,"max_hp_gain":0,"max_hp_loss":0,"event_name":"betterNote:BetterNote","floor":21,"gold_loss":0,"cards_obtained":["champ:Taunt"]},{"damage_healed":0,"gold_gain":0,"player_choice":"Fight","damage_taken":0,"max_hp_gain":0,"max_hp_loss":0,"event_name":"Mysterious Sphere","floor":37,"gold_loss":0},{"damage_healed":0,"gold_gain":3,"player_choice":"1","damage_taken":0,"max_hp_gain":0,"max_hp_loss":0,"event_name":"betterStone:BetterStone","floor":39,"gold_loss":0}],"is_beta":false,"boss_relics":[{"not_picked":["Busted Crown","Empty Cage"],"picked":"Calling Bell"},{"not_picked":["Astrolabe","Pandora\u0027s Box"],"picked":"Coffee Dripper"}],"items_purged_floors":[22],"is_endless":false,"potions_floor_spawned":[2,8,11,13,14,15,16,19,20,22,25,27,28,29,30,31,32,33,36,37,38,42,43,45,47,48,49],"ascension_level":1}}