{"host":"siu98xj5u8nq6xdu","time":1614390349,"event":{"mods":["AchievementEnabler","BaseMod","Colored Map","Colored Powertips","Minty Spire (QoL Compilation)"],"gold_per_floor":[113,28,39,57,68,68,94,94,94,94,112,124,153,78,78,154,154,168,168,42,42,42,42,42,42],"floor_reached":24,"language":"ENG","playtime":1477,"items_purged":[],"score":460,"play_id":"fc7779be-06c6-471e-877d-0e8c5b6297e8","local_time":"20210226204549","is_ascension_mode":true,"campfire_choices":[{"data":"Adrenaline","floor":6.0,"key":"SMITH"},{"floor":8.0,"key":"REST"},{"data":"Setup","floor":15.0,"key":"SMITH"},{"data":"Footwork","floor":23.0,"key":"SMITH"}],"circlet_count":0,"master_deck":["AscendersBane","Defend_G","Defend_G","Defend_G","Defend_G","Survivor","Neutralize","Corpse Explosion","Setup+1","Adrenaline+1","Leg Sweep","Footwork+1","Poisoned Stab","Well Laid Plans","Calculated Gamble+1","Deadly Poison+1","Dodge and Roll+1","Flechettes","Malaise+1","Grand Finale","Flechettes","Bite","Bite","Bite","Bite","Bite"],"relics":["Ring of the Snake","StrikeDummy","Toxic Egg 2","The Courier","Velvet Choker","Anchor","Nilry\u0027s Codex"],"acts_visited":["Exordium","TheCity"],"potions_floor_usage":[24],"damage_taken":[{"damage":1.0,"enemies":"Small Slimes","floor":1.0,"turns":5.0},{"damage":1.0,"enemies":"Cultist","floor":3.0,"turns":3.0},{"damage":9.0,"enemies":"Jaw Worm","floor":4.0,"turns":6.0},{"damage":10.0,"enemies":"Large Slime","floor":5.0,"turns":6.0},{"damage":22.0,"enemies":"3 Sentries","floor":7.0,"turns":6.0},{"damage":6.0,"enemies":"Looter","floor":11.0,"turns":4.0},{"damage":0.0,"enemies":"Blue Slaver","floor":12.0,"turns":4.0},{"damage":0.0,"enemies":"Gremlin Nob","floor":13.0,"turns":3.0},{"damage":11.0,"enemies":"Hexaghost","floor":16.0,"turns":10.0},{"damage":14.0,"enemies":"3 Byrds","floor":18.0,"turns":4.0},{"damage":28,"enemies":"Slavers","floor":24,"turns":2}],"seed_played":"-7401640170878029563","potions_obtained":[{"floor":4.0,"key":"ColorlessPotion"},{"floor":7.0,"key":"SteroidPotion"},{"floor":11.0,"key":"Swift Potion"},{"floor":13.0,"key":"Weak Potion"},{"floor":16.0,"key":"SteroidPotion"}],"is_trial":false,"path_per_floor":["M","$","M","M","M","R","E","R","T","?","M","M","E","?","R","B",null,"M","?","$","?","?","R","E"],"character_chosen":"THE_SILENT","items_purchased":["Adrenaline","Anchor"],"campfire_rested":1,"item_purchase_floors":[2,20],"current_hp_per_floor":[58,58,57,48,38,38,16,35,35,35,29,29,29,29,29,18,54,40,40,40,19,19,19,0,0],"gold":42,"neow_bonus":"THREE_RARE_CARDS","is_daily":false,"chose_seed":false,"campfire_upgraded":3,"win_rate":0.0,"timestamp":1614390349,"path_taken":["M","$","M","M","M","R","E","R","T","?","?","M","E","?","R","BOSS","M","?","$","?","?","R","E"],"items_purchased_type":["Card","Relic"],"build_version":"2020-12-22","purchased_purges":0,"victory":false,"max_hp_per_floor":[66,66,66,66,66,66,66,66,66,66,66,66,66,66,66,66,66,66,66,66,66,46,46,46,46],"card_choices":[{"not_picked":["Burst","Unload"],"picked":"Corpse Explosion","floor":0.0},{"not_picked":["Calculated Gamble","Dodge and Roll"],"picked":"Setup","floor":1.0},{"not_picked":["Calculated Gamble","Concentrate"],"picked":"Leg Sweep","floor":3.0},{"not_picked":["Flying Knee","Outmaneuver"],"picked":"Footwork","floor":4.0},{"not_picked":["Dagger Throw","Eviscerate"],"picked":"Poisoned Stab","floor":5.0},{"not_picked":["After Image","Slice"],"picked":"Well Laid Plans","floor":7.0},{"not_picked":["Dagger Spray","Underhanded Strike"],"picked":"Deadly Poison+1","floor":11.0},{"not_picked":["Poisoned Stab","Dagger Throw"],"picked":"Dodge and Roll+1","floor":12.0},{"not_picked":["Deadly Poison+1","After Image"],"picked":"Flechettes","floor":13.0},{"not_picked":["A Thousand Cuts","Unload"],"picked":"Malaise+1","floor":16.0},{"not_picked":["Heel Hook","Sucker Punch","PiercingWail+1"],"picked":"SKIP","floor":18.0}],"player_experience":785912,"relics_obtained":[{"floor":7.0,"key":"StrikeDummy"},{"floor":9.0,"key":"Toxic Egg 2"},{"floor":13.0,"key":"The Courier"},{"floor":21.0,"key":"Nilry\u0027s Codex"}],"event_choices":[{"damage_healed":0.0,"max_hp_gain":0.0,"max_hp_loss":0.0,"gold_gain":0.0,"cards_transformed":["Strike_G"],"event_name":"Transmorgrifier","player_choice":"Transformed","floor":10.0,"gold_loss":0.0,"damage_taken":0.0,"cards_obtained":["Calculated Gamble"]},{"cards_removed":["Shame"],"damage_healed":0.0,"max_hp_gain":0.0,"max_hp_loss":0.0,"gold_gain":0.0,"event_name":"The Cleric","player_choice":"Card Removal","floor":14.0,"gold_loss":75.0,"damage_taken":0.0},{"damage_healed":0.0,"max_hp_gain":0.0,"max_hp_loss":0.0,"gold_gain":0.0,"cards_transformed":["Strike_G","Defend_G"],"event_name":"Drug Dealer","player_choice":"Became Test Subject","floor":19.0,"gold_loss":0.0,"damage_taken":0.0,"cards_obtained":["Grand Finale","Flechettes"]},{"damage_healed":0.0,"max_hp_gain":0.0,"max_hp_loss":0.0,"gold_gain":0.0,"event_name":"Cursed Tome","player_choice":"Obtained Book","floor":21.0,"gold_loss":0.0,"damage_taken":21.0},{"damage_healed":0.0,"max_hp_gain":0.0,"max_hp_loss":20.0,"gold_gain":0.0,"event_name":"Vampires","player_choice":"Became a vampire","floor":22.0,"gold_loss":0.0,"damage_taken":0.0,"cards_obtained":["Bite","Bite","Bite","Bite","Bite"]}],"is_beta":false,"boss_relics":[{"not_picked":["Snecko Eye","Busted Crown"],"picked":"Velvet Choker"}],"items_purged_floors":[],"is_endless":false,"potions_floor_spawned":[4,7,11,12,13,16],"killed_by":"Slavers","ascension_level":18}}