{"host":"85hbogzbhbjx716d","time":1614395634,"event":{"mods":["BaseMod","Bestiary","Better Match","Better Note","Colored Map","Colored Powertips","Curses Come First","Minty Spire (QoL Compilation)","Permanent Neow","Shop Mod","StSLib","SuperFastMode"],"gold_per_floor":[111,111,111,32,32,67,67,105,105,105,120,120,160,44,44,169,169,192,210,210,210,210,253,307,307,307,321,340,265,265,289,289,289,289],"floor_reached":33,"language":"ENG","playtime":1100,"items_purged":[],"score":279,"play_id":"45d3b0a0-4727-4148-9db6-2b3e4a31048d","local_time":"20210226221354","is_ascension_mode":false,"campfire_choices":[{"floor":7.0,"key":"REST"},{"floor":10.0,"key":"REST"},{"floor":12.0,"key":"REST"},{"floor":15.0,"key":"RECALL"},{"floor":25,"key":"REST"},{"floor":30,"key":"REST"},{"floor":32,"key":"REST"}],"circlet_count":0,"master_deck":["Strike_R","Strike_R","Strike_R","Strike_R","Strike_R","Defend_R","Defend_R","Defend_R","Bash","Armaments","Spot Weakness","Flex","Perfected Strike","Pommel Strike","Feed","Twin Strike","Blood for Blood","Seeing Red","Exhume","Sword Boomerang+1","Clash","Evolve"],"relics":["Burning Blood","Thread and Needle","Golden Idol","Blue Candle","Juzu Bracelet","The Courier","Mercury Hourglass","Tiny Chest","Busted Crown","PreservedInsect","Anchor"],"acts_visited":["Exordium","TheCity"],"potions_floor_usage":[27,33,33,33],"damage_taken":[{"damage":4.0,"enemies":"Jaw Worm","floor":1.0,"turns":4.0},{"damage":53.0,"enemies":"3 Sentries","floor":6.0,"turns":11.0},{"damage":23.0,"enemies":"Gremlin Nob","floor":8.0,"turns":4.0},{"damage":0.0,"enemies":"Small Slimes","floor":11.0,"turns":3.0},{"damage":25.0,"enemies":"Lagavulin","floor":13.0,"turns":5.0},{"damage":39.0,"enemies":"Slime Boss","floor":16.0,"turns":8.0},{"damage":2.0,"enemies":"Spheric Guardian","floor":18.0,"turns":3.0},{"damage":10.0,"enemies":"3 Byrds","floor":19.0,"turns":6.0},{"damage":66,"enemies":"Slavers","floor":23,"turns":6},{"damage":10,"enemies":"Centurion and Healer","floor":27,"turns":4},{"damage":26,"enemies":"Snake Plant","floor":28,"turns":3},{"damage":16,"enemies":"Snecko","floor":31,"turns":5},{"damage":80,"enemies":"Automaton","floor":33,"turns":6}],"seed_played":"468800069866357573","potions_obtained":[{"floor":6.0,"key":"Swift Potion"},{"floor":16.0,"key":"Strength Potion"},{"floor":18.0,"key":"FearPotion"},{"floor":27,"key":"Fruit Juice"},{"floor":28,"key":"ColorlessPotion"}],"is_trial":false,"path_per_floor":["M","?","?","$","$","E","R","E","T","R","M","R","E","$","R","B",null,"M","M","?","?","?","E","T","R","T","M","M","?","R","M","R","B"],"character_chosen":"IRONCLAD","items_purchased":["Spot Weakness","Tiny Chest"],"campfire_rested":6,"item_purchase_floors":[4,14],"current_hp_per_floor":[72,65,65,65,65,18,39,22,22,43,49,70,51,51,51,18,72,75,74,74,74,74,14,14,37,37,41,21,21,46,36,61,0,0],"gold":289,"neow_bonus":"ONE_RARE_RELIC","is_daily":false,"chose_seed":false,"campfire_upgraded":0,"win_rate":0.0,"timestamp":1614395634,"path_taken":["M","?","?","?","$","E","R","E","T","R","M","R","E","$","R","BOSS","M","M","?","?","?","E","?","R","T","M","M","?","R","M","R","BOSS"],"items_purchased_type":["Card","Relic"],"build_version":"2020-12-22","purchased_purges":0,"victory":false,"max_hp_per_floor":[72,72,72,72,72,72,72,72,72,72,72,72,72,72,72,72,72,75,78,78,78,78,78,78,78,78,86,86,86,86,86,86,86,86],"card_choices":[{"not_picked":["Headbutt","Perfected Strike"],"picked":"Armaments","floor":1.0},{"not_picked":["Rampage","Thunderclap"],"picked":"Flex","floor":6.0},{"not_picked":["Thunderclap","Disarm"],"picked":"Heavy Blade","floor":8.0},{"not_picked":["Headbutt","Searing Blow"],"picked":"Perfected Strike","floor":11.0},{"not_picked":["Heavy Blade","Sever Soul"],"picked":"Pommel Strike","floor":13.0},{"not_picked":["Fiend Fire","Brutality"],"picked":"Feed","floor":16.0},{"not_picked":[],"picked":"Twin Strike","floor":18.0},{"not_picked":[],"picked":"Iron Wave","floor":19.0},{"not_picked":[],"picked":"Sword Boomerang+1","floor":23},{"not_picked":[],"picked":"Clash","floor":27},{"not_picked":[],"picked":"Evolve","floor":28},{"not_picked":["Body Slam"],"picked":"SKIP","floor":31}],"player_experience":284133,"relics_obtained":[{"floor":6.0,"key":"Blue Candle"},{"floor":8.0,"key":"Juzu Bracelet"},{"floor":9.0,"key":"The Courier"},{"floor":13.0,"key":"Mercury Hourglass"},{"floor":23,"key":"PreservedInsect"},{"floor":26,"key":"Anchor"}],"event_choices":[{"cards_removed":["Defend_R"],"damage_healed":0.0,"max_hp_gain":0.0,"max_hp_loss":0.0,"gold_gain":0.0,"event_name":"Golden Wing","player_choice":"Card Removal","floor":2.0,"gold_loss":0.0,"damage_taken":7.0},{"damage_healed":0.0,"max_hp_gain":0.0,"max_hp_loss":0.0,"gold_gain":0.0,"event_name":"Golden Idol","player_choice":"Take Wound","floor":3.0,"gold_loss":0.0,"damage_taken":0.0,"relics_obtained":["Golden Idol"],"cards_obtained":["Injury"]},{"cards_removed":["Feed"],"damage_healed":0.0,"max_hp_gain":0.0,"max_hp_loss":0.0,"gold_gain":0.0,"event_name":"betterNote:BetterNote","player_choice":"Give","floor":20.0,"gold_loss":0.0,"damage_taken":0.0,"cards_obtained":["Doom and Gloom"]},{"damage_healed":0,"gold_gain":0,"player_choice":"Read","damage_taken":0,"max_hp_gain":0,"max_hp_loss":0,"event_name":"The Library","floor":21,"gold_loss":0,"cards_obtained":["Blood for Blood"]},{"damage_healed":0,"gold_gain":0,"cards_transformed":["Heavy Blade","Iron Wave"],"player_choice":"Became Test Subject","damage_taken":0,"max_hp_gain":0,"max_hp_loss":0,"event_name":"Drug Dealer","floor":22,"gold_loss":0,"cards_obtained":["Seeing Red","Exhume"]},{"cards_removed":["Injury"],"damage_healed":0,"gold_gain":0,"player_choice":"Gave Gold","damage_taken":0,"max_hp_gain":0,"max_hp_loss":0,"event_name":"Beggar","floor":29,"gold_loss":75}],"is_beta":false,"boss_relics":[{"not_picked":["Astrolabe","Philosopher\u0027s Stone"],"picked":"Busted Crown"}],"items_purged_floors":[],"is_endless":false,"potions_floor_spawned":[6,16,18,27,28,31],"killed_by":"Automaton","ascension_level":0}}