{"host":"xp5rvh2jwe2ejyfm","time":1614435107,"event":{"mods":["2.2 Compatiblity","Aspiration","Bard","BaseMod","Beaked The Cultist","Better Altar","Better Match","Better Note","Better Sensory Stone","Better Skull","BetterRewards","Colored Powertips","Conspire","Downfall","GifTheSpireLib","Gremlin Mod","GungeonMod","Hermit","Hubris","Jorbs\u0027s Wanderer Trilogy","Mad Scientist","Minty Spire (QoL Compilation)","Potionbrewer","Quick Restart","Replay The Spire","Robot Space Explorer","Shade Mod","Somnambulant","StSLib","The Bug Knight","The Clintock","The Construct","The Cursed","The Disciple","The Forsaken","The Hierophant","The Marked","The Mystic","The Necromancer","The Runesmith","The Servant 0.9.4","The Valiant","The Witch","TheFirefly","TheVacant","thorton"],"gold_per_floor":[119,119,130,130,148,148,163,163,163,178,213,230,242,59,59,163,163,183,183,52,67,79,79,79],"floor_reached":23,"language":"ENG","playtime":842,"items_purged":[],"score":219,"play_id":"4c3b824a-58c9-4c56-82d0-af5578290c22","local_time":"20210227091147","is_ascension_mode":false,"campfire_choices":[{"floor":6.0,"key":"RECALL"},{"floor":8.0,"key":"REST"},{"floor":15.0,"key":"REST"}],"circlet_count":0,"master_deck":["Strike_W","Strike_W","Strike_W","Strike_W","Defend_W","Defend_W","Defend_W","Defend_W","Negative_Energy_Arrows+1","Bone_Wall","Slay_Living","Negative_Energy_Shield","Grasp_Heart","Toxic_Smoke_Screen","Bones_to_Steel","Blood_Curse","Exploit","Skeleton_Dragon","Summon_Lich","Negative_Energy_Sphere","Negative_Energy_Burst","Summon_Death_Knight","Blood_Curse","Finger_Of_Death","Shackles_Of_Pain+1","Bone_Armor","Blood_for_Blood+1","Negative_Energy_Shield+1"],"relics":["Vampire_Amulet","Pantograph","Spirit Poop","Shovel","conspire:RoyalGoblet","SsserpentHead"],"acts_visited":["Exordium","TheCity"],"potions_floor_usage":[],"damage_taken":[{"damage":10.0,"enemies":"Small Slimes","floor":1.0,"turns":3.0},{"damage":3.0,"enemies":"Cultist","floor":3.0,"turns":3.0},{"damage":6.0,"enemies":"2 Louse","floor":5.0,"turns":3.0},{"damage":18.0,"enemies":"Exordium Wildlife","floor":7.0,"turns":6.0},{"damage":5.0,"enemies":"Red Slaver","floor":10.0,"turns":4.0},{"damage":20.0,"enemies":"Lagavulin","floor":11.0,"turns":4.0},{"damage":30.0,"enemies":"Gremlin Gang","floor":12.0,"turns":6.0},{"damage":7.0,"enemies":"Blue Slaver","floor":13.0,"turns":3.0},{"damage":13.0,"enemies":"Hexaghost","floor":16.0,"turns":9.0},{"damage":17.0,"enemies":"Chosen","floor":18.0,"turns":6.0},{"damage":30.0,"enemies":"3 Byrds","floor":21.0,"turns":6.0},{"damage":16.0,"enemies":"Centurion and Healer","floor":22.0,"turns":6.0},{"damage":32,"enemies":"Cultist and Chosen","floor":23,"turns":4}],"seed_played":"-7169356120625186630","potions_obtained":[{"floor":3.0,"key":"SneckoOil"},{"floor":5.0,"key":"hexamod:SoulburnPotion"},{"floor":16.0,"key":"LiquidBronze"},{"floor":18.0,"key":"Dexterity Potion"}],"is_trial":false,"path_per_floor":["M","?","M","?","M","R","M","R","T","M","E","M","M","$","R","B",null,"M","?","$","M","M","M"],"character_chosen":"NECROMANCER","items_purchased":["Summon_Lich","Negative_Energy_Sphere","Negative_Energy_Burst","Finger_Of_Death","Shackles_Of_Pain+1","Bone_Armor"],"campfire_rested":2,"item_purchase_floors":[14,14,14,20,20,20],"current_hp_per_floor":[67,67,66,66,64,64,50,72,72,69,51,29,24,24,46,60,75,60,60,60,36,24,0,0],"gold":79,"neow_bonus":"UPGRADE_CARD","is_daily":false,"chose_seed":false,"campfire_upgraded":0,"win_rate":0.0,"timestamp":1614435107,"path_taken":["M","?","M","?","M","R","M","R","T","M","E","M","M","$","R","BOSS","M","?","$","M","M","M"],"items_purchased_type":["Card","Card","Card","Card","Card","Card"],"build_version":"2020-12-22","purchased_purges":0,"victory":false,"max_hp_per_floor":[75,75,75,75,75,75,75,75,75,75,75,75,75,75,75,75,75,75,75,75,75,75,75,75],"card_choices":[{"not_picked":["Death_Coil","Blood_Whip"],"picked":"Slay_Living","floor":1.0},{"not_picked":["Vampiric_Strike","Toxic_Smoke_Screen"],"picked":"Negative_Energy_Shield","floor":3.0},{"not_picked":["Bones_to_Steel","Bone_Shift"],"picked":"Grasp_Heart","floor":5.0},{"not_picked":["Bone_Spikes","Scare"],"picked":"Toxic_Smoke_Screen","floor":7.0},{"not_picked":["Acid_Javelin","Spectral_Walk"],"picked":"Bones_to_Steel","floor":10.0},{"not_picked":["Bone_Bullets","Necromantic_Selection"],"picked":"Blood_Curse","floor":11.0},{"not_picked":["Blood_Is_Power","Death_Coil"],"picked":"Exploit","floor":12.0},{"not_picked":["Bone_Bullets","Negative_Energy_Sphere"],"picked":"Skeleton_Dragon","floor":13.0},{"not_picked":["Summon_Vampire_Lady","Detonate_Bones"],"picked":"Summon_Death_Knight","floor":16.0},{"not_picked":["Siphon_Strength","Death_March_Dance"],"picked":"Blood_Curse","floor":18.0},{"not_picked":["Blood_Whip","Death_March_Dance"],"picked":"Blood_for_Blood+1","floor":21.0},{"not_picked":["Consume_Illness","Epidemic"],"picked":"Negative_Energy_Shield+1","floor":22.0}],"player_experience":585059,"relics_obtained":[{"floor":11.0,"key":"Shovel"}],"event_choices":[{"damage_healed":0.0,"max_hp_gain":0.0,"max_hp_loss":0.0,"gold_gain":0.0,"event_name":"Big Fish","player_choice":"Box","floor":2.0,"gold_loss":0.0,"damage_taken":0.0,"relics_obtained":["Pantograph"],"cards_obtained":["Regret"]},{"cards_removed":["Regret"],"damage_healed":0.0,"max_hp_gain":0.0,"max_hp_loss":0.0,"gold_gain":0.0,"event_name":"Bonfire Elementals","player_choice":"Offered Curse","floor":4.0,"gold_loss":0.0,"damage_taken":0.0,"relics_obtained":["Spirit Poop"]},{"damage_healed":0.0,"max_hp_gain":0.0,"max_hp_loss":0.0,"gold_gain":0.0,"event_name":"FaceTrader","player_choice":"Trade","floor":19.0,"gold_loss":0.0,"damage_taken":0.0,"relics_obtained":["SsserpentHead"]}],"is_beta":false,"boss_relics":[{"not_picked":["hubris:GrandSneckoEye","Tiny House"],"picked":"conspire:RoyalGoblet"}],"items_purged_floors":[],"is_endless":false,"potions_floor_spawned":[3,5,16,18],"killed_by":"Cultist and Chosen","ascension_level":0}}