{"host":"362zhnvmfmhc3u7b","time":1614400065,"event":{"mods":["BaseMod","Colored Powertips","Filter the Spire","Minty Spire (QoL Compilation)","Quick Restart","Rare Cards Sparkle","StSLib"],"gold_per_floor":[20,20,35,35,35,35,64,41,41,41,52,52,52,66,66,139,139,156,176,222,65,109,109,136,185,185,185,197,247,287,287,287,287,287],"floor_reached":33,"language":"ENG","playtime":2127,"items_purged":[],"score":525,"play_id":"199d9c3d-f97e-411f-b999-986c7e2199b5","local_time":"20210226232745","is_ascension_mode":true,"campfire_choices":[{"data":"BowlingBash","floor":6,"key":"SMITH"},{"data":"CrushJoints","floor":10,"key":"SMITH"},{"data":"ClearTheMind","floor":12,"key":"SMITH"},{"data":"Evaluate","floor":15,"key":"SMITH"},{"data":"MasterReality","floor":23,"key":"SMITH"},{"floor":27,"key":"REST"},{"floor":32,"key":"REST"}],"circlet_count":0,"master_deck":["AscendersBane","Defend_P","Defend_P","Defend_P","Defend_P","Eruption+1","Vigilance","Violence","FlurryOfBlows","BowlingBash+1","CrushJoints+1","ClearTheMind+1","EmptyFist","BowlingBash","Evaluate+1","MasterReality+1","CutThroughFate+1","Wish+1","Vengeance+1","Weave","Crescendo+1","EmptyBody","Halt","Nirvana","Meditate+1","CarveReality","Alpha","Adaptation+1","Bite","Bite","Bite","Bite","Bite"],"relics":["PureWater","CloakClasp","PreservedInsect","Centennial Puzzle","Astrolabe","Anchor","Mummified Hand","Frozen Egg 2"],"acts_visited":["Exordium","TheCity"],"potions_floor_usage":[7,16,18,24,24,30],"damage_taken":[{"damage":0,"enemies":"Cultist","floor":1,"turns":3},{"damage":0,"enemies":"2 Louse","floor":3,"turns":3},{"damage":0,"enemies":"Gremlin Nob","floor":7,"turns":2},{"damage":0,"enemies":"Jaw Worm","floor":11,"turns":1},{"damage":0,"enemies":"Gremlin Gang","floor":14,"turns":2},{"damage":32,"enemies":"Hexaghost","floor":16,"turns":11},{"damage":0,"enemies":"Spheric Guardian","floor":18,"turns":2},{"damage":0,"enemies":"Chosen","floor":19,"turns":2},{"damage":13,"enemies":"Snecko","floor":20,"turns":5},{"damage":2,"enemies":"Centurion and Healer","floor":22,"turns":6},{"damage":11,"enemies":"Book of Stabbing","floor":24,"turns":5},{"damage":16,"enemies":"Snake Plant","floor":25,"turns":7},{"damage":5,"enemies":"Snecko","floor":28,"turns":4},{"damage":2,"enemies":"Centurion and Healer","floor":29,"turns":5},{"damage":9,"enemies":"Snake Plant","floor":30,"turns":4},{"damage":54,"enemies":"Collector","floor":33,"turns":7}],"seed_played":"-3672211596534686130","potions_obtained":[{"floor":1,"key":"DuplicationPotion"},{"floor":11,"key":"Dexterity Potion"},{"floor":16,"key":"Fire Potion"},{"floor":20,"key":"SpeedPotion"},{"floor":22,"key":"DuplicationPotion"},{"floor":24,"key":"Ancient Potion"},{"floor":28,"key":"LiquidMemories"},{"floor":29,"key":"SmokeBomb"}],"is_trial":false,"path_per_floor":["M","T","M","?","?","R","E","$","T","R","M","R","?","M","R","B",null,"M","M","M","$","M","R","E","M","T","R","M","M","M","?","R","B"],"character_chosen":"WATCHER","items_purchased":["ClearTheMind","Anchor"],"campfire_rested":2,"item_purchase_floors":[8,21],"current_hp_per_floor":[61,61,61,66,66,66,66,66,66,66,66,66,66,66,66,34,63,63,63,50,50,48,48,37,21,21,42,37,35,26,26,41,0,0],"gold":287,"neow_bonus":"RANDOM_COLORLESS_2","is_daily":false,"chose_seed":false,"campfire_upgraded":5,"win_rate":0.0,"timestamp":1614400065,"path_taken":["M","?","M","?","?","R","E","$","T","R","?","R","?","M","R","BOSS","M","M","?","$","?","R","E","M","T","R","M","M","M","?","R","BOSS"],"items_purchased_type":["Card","Relic"],"build_version":"2020-12-22","purchased_purges":0,"victory":false,"max_hp_per_floor":[68,68,68,73,73,73,73,73,73,73,73,73,73,73,73,73,73,73,73,73,73,73,73,73,73,73,73,73,73,73,51,51,51,51],"card_choices":[{"not_picked":["Magnetism","Apotheosis"],"picked":"Violence","floor":0},{"not_picked":["ThirdEye","Halt"],"picked":"FlurryOfBlows","floor":1},{"not_picked":["Evaluate","FlurryOfBlows"],"picked":"BowlingBash","floor":3},{"not_picked":["WindmillStrike","Adaptation"],"picked":"CrushJoints","floor":7},{"not_picked":["Collect","CutThroughFate"],"picked":"EmptyFist","floor":11},{"not_picked":["BowlingBash","Collect"],"picked":"Evaluate","floor":14},{"not_picked":["Omniscience","Vault"],"picked":"MasterReality","floor":16},{"not_picked":["Nirvana","SashWhip"],"picked":"Weave","floor":18},{"not_picked":["ThirdEye","Study"],"picked":"Crescendo+1","floor":19},{"not_picked":["Indignation","Nirvana"],"picked":"EmptyBody","floor":20},{"not_picked":["Vengeance+1","WreathOfFlame"],"picked":"Halt","floor":22},{"not_picked":["InnerPeace","Evaluate"],"picked":"Nirvana","floor":24},{"not_picked":["ClearTheMind","CrushJoints"],"picked":"Meditate+1","floor":25},{"not_picked":["PathToVictory","Consecrate"],"picked":"CarveReality","floor":28},{"not_picked":["Meditate","ClearTheMind"],"picked":"Alpha","floor":29},{"not_picked":["Fasting2+1","EmptyBody"],"picked":"Adaptation+1","floor":30}],"player_experience":1626985,"relics_obtained":[{"floor":2,"key":"CloakClasp"},{"floor":7,"key":"PreservedInsect"},{"floor":9,"key":"Centennial Puzzle"},{"floor":24,"key":"Mummified Hand"},{"floor":26,"key":"Frozen Egg 2"}],"event_choices":[{"damage_healed":0,"gold_gain":0,"player_choice":"Donut","damage_taken":0,"max_hp_gain":5,"max_hp_loss":0,"event_name":"Big Fish","floor":4,"gold_loss":0},{"damage_healed":0,"gold_gain":0,"player_choice":"Upgraded","damage_taken":0,"max_hp_gain":0,"max_hp_loss":0,"event_name":"Upgrade Shrine","floor":5,"gold_loss":0,"cards_upgraded":["Eruption"]},{"damage_healed":0,"gold_gain":0,"cards_transformed":["Strike_P"],"player_choice":"Transformed","damage_taken":0,"max_hp_gain":0,"max_hp_loss":0,"event_name":"Transmorgrifier","floor":13,"gold_loss":0,"cards_obtained":["BowlingBash"]},{"damage_healed":0,"gold_gain":0,"player_choice":"Became a vampire","damage_taken":0,"max_hp_gain":0,"max_hp_loss":22,"event_name":"Vampires","floor":31,"gold_loss":0,"cards_obtained":["Bite","Bite","Bite","Bite","Bite"]}],"is_beta":false,"boss_relics":[{"not_picked":["Ectoplasm","SlaversCollar"],"picked":"Astrolabe"}],"items_purged_floors":[],"is_endless":false,"potions_floor_spawned":[1,11,16,20,22,24,28,29],"killed_by":"Collector","ascension_level":14}}