{"host":"yx5rao87132cy5xq","time":1614456927,"event":{"mods":["2.2 Compatiblity","AchievementEnabler","BaseMod","Bestiary","Colored Map","Colored Powertips","Highlight Path","Minty Spire (QoL Compilation)","Quick Restart","Relic Stats","Slay-I","SuperFastMode"],"gold_per_floor":[15,15,15,15,32,66,66,101,127,127,153,191,191,215,215,324,387,412,217,142,151,176,176,216,242,242,242,265,283,283,312,312,420,420,431,401,420,429,443,443,443,486,486,486,486,505,37,62,62,62],"floor_reached":51,"language":"ENG","playtime":5389,"items_purged":["Eviscerate","Predator"],"score":994,"play_id":"4bdd2760-d808-4de2-bffb-f24789a689e9","local_time":"20210227211527","is_ascension_mode":true,"campfire_choices":[{"floor":7.0,"key":"REST"},{"floor":10.0,"key":"REST"},{"floor":15.0,"key":"REST"},{"data":"Dodge and Roll","floor":23.0,"key":"SMITH"},{"floor":27.0,"key":"REST"},{"floor":32.0,"key":"REST"},{"data":"Venomology","floor":40.0,"key":"SMITH"},{"data":"Catalyst","floor":45.0,"key":"SMITH"},{"data":"Apotheosis","floor":49.0,"key":"SMITH"}],"circlet_count":0,"master_deck":["Survivor","Neutralize","Noxious Fumes+1","Noxious Fumes","Poisoned Stab","Noxious Fumes","Cloak And Dagger","Bullet Time","Storm of Steel","Deadly Poison","Dagger Throw","Dash","Glass Knife","Footwork+1","Dodge and Roll+1","RitualDagger","Backflip+1","Dash+1","Catalyst+1","Deflect+1","Dagger Throw","Deflect","Crippling Poison+1","Venomology+1","Panacea","Blur+1","Footwork","Apotheosis+1","Deflect+1"],"relics":["Ring of the Snake","CeramicFish","Akabeko","Anchor","Calipers","Sundial","Pandora\u0027s Box","The Courier","Eternal Feather","Runic Pyramid","Bird Faced Urn","Juzu Bracelet","TwistedFunnel"],"acts_visited":["Exordium","TheCity","TheBeyond"],"potions_floor_usage":[50,50,50],"damage_taken":[{"damage":0.0,"enemies":"Small Slimes","floor":1.0,"turns":3.0},{"damage":11.0,"enemies":"2 Louse","floor":5.0,"turns":4.0},{"damage":23.0,"enemies":"3 Sentries","floor":6.0,"turns":6.0},{"damage":20.0,"enemies":"Lagavulin","floor":8.0,"turns":6.0},{"damage":0.0,"enemies":"Cultist","floor":11.0,"turns":3.0},{"damage":5.0,"enemies":"Gremlin Nob","floor":12.0,"turns":3.0},{"damage":10.0,"enemies":"Exordium Thugs","floor":14.0,"turns":4.0},{"damage":11.0,"enemies":"The Guardian","floor":16.0,"turns":9.0},{"damage":13.0,"enemies":"2 Thieves","floor":18.0,"turns":4.0},{"damage":5.0,"enemies":"3 Byrds","floor":22.0,"turns":4.0},{"damage":9.0,"enemies":"Slavers","floor":24.0,"turns":7.0},{"damage":20.0,"enemies":"3 Cultists","floor":25.0,"turns":5.0},{"damage":13.0,"enemies":"Snake Plant","floor":28.0,"turns":6.0},{"damage":10.0,"enemies":"Gremlin Leader","floor":30.0,"turns":6.0},{"damage":2.0,"enemies":"Centurion and Healer","floor":31.0,"turns":5.0},{"damage":32.0,"enemies":"Collector","floor":33.0,"turns":8.0},{"damage":0.0,"enemies":"3 Shapes","floor":35.0,"turns":6.0},{"damage":10.0,"enemies":"3 Darklings","floor":37.0,"turns":4.0},{"damage":20.0,"enemies":"Sphere and 2 Shapes","floor":39.0,"turns":5.0},{"damage":0.0,"enemies":"Transient","floor":41.0,"turns":1.0},{"damage":8.0,"enemies":"Reptomancer","floor":42.0,"turns":5.0},{"damage":36.0,"enemies":"Jaw Worm Horde","floor":46.0,"turns":5.0},{"damage":0.0,"enemies":"Sphere and 2 Shapes","floor":48.0,"turns":5.0},{"damage":41,"enemies":"Time Eater","floor":50,"turns":11}],"seed_played":"2813592756523176353","potions_obtained":[{"floor":1.0,"key":"FearPotion"},{"floor":6.0,"key":"FearPotion"},{"floor":12.0,"key":"CultistPotion"},{"floor":16.0,"key":"BlessingOfTheForge"},{"floor":18.0,"key":"SmokeBomb"},{"floor":28.0,"key":"PowerPotion"},{"floor":31.0,"key":"Energy Potion"},{"floor":36.0,"key":"AttackPotion"},{"floor":36.0,"key":"CultistPotion"},{"floor":39.0,"key":"SmokeBomb"},{"floor":46.0,"key":"Swift Potion"},{"floor":48.0,"key":"Poison Potion"}],"is_trial":false,"path_per_floor":["M","?","?","?","M","E","R","E","T","R","M","E","T","M","R","B",null,"M","$","?","?","M","R","E","M","T","R","M","?","E","M","R","B",null,"M","?","M","?","M","R","M","E","T","?","R","M","$","M","R","B",null],"character_chosen":"THE_SILENT","items_purchased":["Dodge and Roll","LiquidMemories","Footwork","Apotheosis","TwistedFunnel","FairyPotion"],"campfire_rested":5,"item_purchase_floors":[19,19,47,47,47,47],"current_hp_per_floor":[63,63,49,42,31,8,29,9,9,30,30,25,25,15,36,25,59,46,46,46,40,35,35,26,6,6,39,26,26,16,14,50,18,57,57,57,47,47,27,42,42,34,34,34,49,19,19,29,44,15],"gold":62,"neow_bonus":"TRANSFORM_TWO_CARDS","is_daily":false,"chose_seed":false,"campfire_upgraded":4,"win_rate":0.0,"timestamp":1614456927,"path_taken":["M","?","?","?","M","E","R","E","T","R","M","E","?","M","R","BOSS","M","$","?","?","M","R","E","M","T","R","M","?","E","M","R","BOSS","M","?","?","?","M","R","M","E","T","?","R","M","$","M","R","BOSS"],"items_purchased_type":["Card","Potion","Card","Card","Relic","Potion"],"build_version":"2020-12-22","purchased_purges":2,"victory":true,"max_hp_per_floor":[70,70,70,70,70,70,70,70,70,70,70,70,70,70,70,70,70,70,70,70,70,70,70,70,70,70,70,70,70,70,70,70,70,70,70,70,70,70,70,70,70,70,70,70,70,70,70,70,70,70],"relic_stats":{"counters":[24,125],"Sundial":[12],"CeramicFish":261,"Bird Faced Urn":[28],"Pandora\u0027s Box":["Storm of Steel","Eviscerate","Deadly Poison","Dagger Throw","Concentrate","Dash","Glass Knife"],"Eternal Feather":72,"Juzu Bracelet":0,"obtain_stats":[{"TwistedFunnel":47,"Calipers":12,"CeramicFish":6,"Eternal Feather":26,"The Courier":24,"Juzu Bracelet":43,"Akabeko":8,"Anchor":9,"Sundial":13,"Bird Faced Urn":42,"Pandora\u0027s Box":17,"Ring of the Snake":0,"Runic Pyramid":34},{"TwistedFunnel":22,"Calipers":6,"CeramicFish":3,"Eternal Feather":12,"The Courier":11,"Juzu Bracelet":21,"Akabeko":4,"Anchor":4,"Sundial":6,"Bird Faced Urn":21,"Pandora\u0027s Box":8,"Ring of the Snake":0,"Runic Pyramid":16},{"TwistedFunnel":109,"Calipers":25,"CeramicFish":13,"Eternal Feather":58,"The Courier":53,"Juzu Bracelet":104,"Akabeko":19,"Anchor":19,"Sundial":25,"Bird Faced Urn":104,"Pandora\u0027s Box":38,"Ring of the Snake":0,"Runic Pyramid":83}],"Ring of the Snake":[48]},"card_choices":[{"not_picked":["Outmaneuver","Heel Hook"],"picked":"Noxious Fumes","floor":1.0},{"not_picked":["Cloak And Dagger","Caltrops"],"picked":"Noxious Fumes","floor":5.0},{"not_picked":["Riddle With Holes","Storm of Steel"],"picked":"Poisoned Stab","floor":6.0},{"not_picked":["PiercingWail","Backflip"],"picked":"Noxious Fumes","floor":8.0},{"not_picked":["Bouncing Flask","Quick Slash"],"picked":"Cloak And Dagger","floor":11.0},{"not_picked":["Finisher","Outmaneuver"],"picked":"Predator","floor":12.0},{"not_picked":["Sucker Punch","Dagger Spray"],"picked":"Leg Sweep","floor":14.0},{"not_picked":["Glass Knife","Storm of Steel"],"picked":"Bullet Time","floor":16.0},{"not_picked":["PiercingWail","Blade Dance+1"],"picked":"Footwork+1","floor":18.0},{"not_picked":["Reflex","Bane+1"],"picked":"Backflip+1","floor":22.0},{"not_picked":["Cloak And Dagger","Sucker Punch"],"picked":"Dash+1","floor":24.0},{"not_picked":["Outmaneuver","Prepared"],"picked":"Catalyst","floor":25.0},{"not_picked":["Dagger Spray","All Out Attack+1"],"picked":"Deflect+1","floor":28.0},{"not_picked":["Flying Knee","Slice+1"],"picked":"Crippling Poison+1","floor":31.0},{"not_picked":["Doppelganger","Storm of Steel"],"picked":"Venomology","floor":33.0},{"not_picked":["Dagger Spray","Poisoned Stab+1","Sucker Punch+1"],"picked":"SKIP","floor":35.0},{"not_picked":["Calculated Gamble","Prepared","Poisoned Stab"],"picked":"SKIP","floor":37.0},{"not_picked":["Swift Strike","Trip"],"picked":"Panacea","floor":38.0},{"not_picked":["Prepared","Cloak And Dagger","Blade Dance"],"picked":"SKIP","floor":39.0},{"not_picked":["Prepared+1","Tactician"],"picked":"Blur+1","floor":42.0},{"not_picked":["Blade Dance+1","Dagger Spray+1","Outmaneuver+1"],"picked":"SKIP","floor":46.0},{"not_picked":["Quick Slash+1","Burst"],"picked":"Deflect+1","floor":48.0}],"player_experience":1245488,"relics_obtained":[{"floor":6.0,"key":"CeramicFish"},{"floor":8.0,"key":"Akabeko"},{"floor":9.0,"key":"Anchor"},{"floor":12.0,"key":"Calipers"},{"floor":13.0,"key":"Sundial"},{"floor":24.0,"key":"The Courier"},{"floor":26.0,"key":"Eternal Feather"},{"floor":42.0,"key":"Bird Faced Urn"},{"floor":43.0,"key":"Juzu Bracelet"}],"event_choices":[{"damage_healed":0.0,"max_hp_gain":0.0,"max_hp_loss":0.0,"gold_gain":0.0,"event_name":"Living Wall","player_choice":"Grow","floor":2.0,"gold_loss":0.0,"damage_taken":0.0,"cards_upgraded":["Noxious Fumes"]},{"damage_healed":0.0,"max_hp_gain":0.0,"max_hp_loss":0.0,"gold_gain":0.0,"event_name":"Shining Light","player_choice":"Entered Light","floor":3.0,"gold_loss":0.0,"damage_taken":14.0,"cards_upgraded":["Defend_G","Concentrate"]},{"cards_removed":["Defend_G"],"damage_healed":0.0,"max_hp_gain":0.0,"max_hp_loss":0.0,"gold_gain":0.0,"event_name":"Golden Wing","player_choice":"Card Removal","floor":4.0,"gold_loss":0.0,"damage_taken":7.0},{"cards_removed":["Concentrate"],"damage_healed":0.0,"max_hp_gain":0.0,"max_hp_loss":0.0,"gold_gain":0.0,"event_name":"Beggar","player_choice":"Gave Gold","floor":20.0,"gold_loss":75.0,"damage_taken":0.0},{"damage_healed":0.0,"max_hp_gain":0.0,"max_hp_loss":0.0,"gold_gain":0.0,"event_name":"Nest","player_choice":"Joined the Cult","floor":21.0,"gold_loss":0.0,"damage_taken":6.0,"cards_obtained":["RitualDagger"]},{"damage_healed":0.0,"max_hp_gain":0.0,"max_hp_loss":0.0,"gold_gain":0.0,"cards_transformed":["Eviscerate","Concentrate"],"event_name":"Drug Dealer","player_choice":"Became Test Subject","floor":29.0,"gold_loss":0.0,"damage_taken":0.0,"cards_obtained":["Dagger Throw","Deflect"]},{"damage_healed":0.0,"max_hp_gain":0.0,"max_hp_loss":0.0,"gold_gain":0.0,"event_name":"The Woman in Blue","player_choice":"Bought 2 Potions","floor":36.0,"gold_loss":0.0,"damage_taken":0.0},{"damage_healed":0.0,"max_hp_gain":0.0,"max_hp_loss":0.0,"gold_gain":0.0,"event_name":"SensoryStone","player_choice":"Memory 1","floor":38.0,"gold_loss":0.0,"damage_taken":0.0},{"cards_removed":["Leg Sweep"],"damage_healed":0.0,"max_hp_gain":0.0,"max_hp_loss":0.0,"gold_gain":0.0,"event_name":"Falling","player_choice":"Removed Skill","floor":44.0,"gold_loss":0.0,"damage_taken":0.0}],"is_beta":false,"boss_relics":[{"not_picked":["WristBlade","Velvet Choker"],"picked":"Pandora\u0027s Box"},{"not_picked":["SacredBark","Cursed Key"],"picked":"Runic Pyramid"}],"items_purged_floors":[19,47],"is_endless":false,"potions_floor_spawned":[1,6,12,16,18,28,31,39,41,46,48],"ascension_level":8}}