{"host":"338bkdl2yirdp2ct","time":1614453389,"event":{"mods":["AchievementEnabler","BaseMod","Challenge The Spire","Colored Powertips","Custom Start","Dark Map","DeckTracker","Highlight Path","Minty Spire (QoL Compilation)","Quick Restart","Random Character Button","Relic Sorter","Relic Stats","Uncapped","Unceasing Turn Reminder","slay the spire mod where everything is the same but ironclad has a cowboy hat"],"gold_per_floor":[493,120,159,198,198,198],"floor_reached":5,"language":"ENG","playtime":262,"items_purged":[],"score":79,"play_id":"1614e5df-d0e2-493f-ae5e-3168ccde442c","local_time":"20210227111629","daily_mods":["challengethespire:Gold Difficulty","challengethespire:Elite Rush","Uncertain Future"],"is_ascension_mode":true,"campfire_choices":[],"circlet_count":0,"master_deck":["AscendersBane","Strike_R","Strike_R","Strike_R","Strike_R","Strike_R","Defend_R","Defend_R","Defend_R","Defend_R","Bash","Entrench","Evolve","True Grit","Dark Embrace","Disarm"],"relics":["Burning Blood","Black Star","Sling","PreservedInsect","Bag of Marbles","OrangePellets","Oddly Smooth Stone","CeramicFish","Pear","Bottled Lightning"],"acts_visited":["Exordium"],"potions_floor_usage":[4],"damage_taken":[{"damage":27,"enemies":"Lagavulin","floor":3,"turns":5},{"damage":26,"enemies":"Gremlin Nob","floor":4,"turns":4},{"damage":42,"enemies":"3 Sentries","floor":5,"turns":6}],"seed_played":"-7334731722698226753","potions_obtained":[],"is_trial":true,"path_per_floor":["$","$","E","E","E"],"character_chosen":"IRONCLAD","items_purchased":["Entrench","Evolve","CultistPotion","True Grit","Bag of Marbles","OrangePellets","SkillPotion"],"campfire_rested":0,"item_purchase_floors":[1,1,1,2,2,2,2],"current_hp_per_floor":[68,68,47,37,0,0],"gold":198,"neow_bonus":"","is_daily":false,"chose_seed":false,"campfire_upgraded":0,"win_rate":0.0,"timestamp":1614453389,"path_taken":["$","$","E","E","E"],"items_purchased_type":["Card","Card","Potion","Card","Relic","Relic","Potion"],"build_version":"2020-12-22","purchased_purges":0,"victory":false,"max_hp_per_floor":[75,75,75,85,85,85],"relic_stats":{"OrangePellets":[0],"counters":[3,15],"CeramicFish":18,"PreservedInsect":85,"Black Star":2,"obtain_stats":[{"OrangePellets":2,"Pear":4,"CeramicFish":3,"Oddly Smooth Stone":3,"PreservedInsect":0,"Black Star":0,"Bag of Marbles":2,"Bottled Lightning":4,"Sling":0,"Burning Blood":0},{"OrangePellets":0,"Pear":2,"CeramicFish":1,"Oddly Smooth Stone":1,"PreservedInsect":0,"Black Star":0,"Bag of Marbles":0,"Bottled Lightning":2,"Sling":0,"Burning Blood":0},{"OrangePellets":0,"Pear":9,"CeramicFish":5,"Oddly Smooth Stone":5,"PreservedInsect":0,"Black Star":0,"Bag of Marbles":0,"Bottled Lightning":9,"Sling":0,"Burning Blood":0}],"Burning Blood":12},"card_choices":[],"player_experience":1185356,"relics_obtained":[{"floor":3,"key":"Oddly Smooth Stone"},{"floor":3,"key":"CeramicFish"},{"floor":4,"key":"Pear"},{"floor":4,"key":"Bottled Lightning"}],"event_choices":[],"is_beta":false,"boss_relics":[],"items_purged_floors":[],"is_endless":false,"potions_floor_spawned":[3],"killed_by":"3 Sentries","ascension_level":15}}