{"host":"3wucmrsmney0jioo","time":1614409205,"event":{"mods":["100% Spire Juice","BaseMod","Library of Ruina","Minty Spire (QoL Compilation)","MostiFishMod","Prisma Mod","Reliquary","Replay The Spire","Spicy Shops","StSLib","¡¾ÒÅÎï¿¨ÅÆ¡¿REMEMod"],"gold_per_floor":[19,36,111,21,21,21,39,39,63,96,110,158,169,188,188,188,188],"floor_reached":16,"language":"ZHS","playtime":675,"items_purged":[],"score":102,"play_id":"c3f4638c-d0df-4692-a64a-c51f175a2e6c","local_time":"20210227150005","is_ascension_mode":false,"campfire_choices":[{"data":"Moonworks:SweetBattle","floor":6,"key":"SMITH"},{"data":"Moonworks:CookingTime","floor":8,"key":"SMITH"},{"data":"Moonworks:Flamethrower","floor":15,"key":"SMITH"}],"circlet_count":0,"master_deck":["Moonworks:Strike","Moonworks:Strike","Moonworks:Strike","Moonworks:Strike","Moonworks:Defend","Moonworks:Defend","Moonworks:Ambush","Moonworks:LongDistanceShot","Die Die Die","Moonworks:BindingChains","Moonworks:CloudOfSeagulls","Moonworks:SweetBattle+1","Moonworks:MiracleWalker","Moonworks:CookingTime+1","Moonworks:EvilSpyWorkPreparation","Moonworks:TacticalRetreat","Moonworks:Flamethrower+1","Moonworks:ImOnFire"],"relics":["Moonworks:BrokenBomb","Moonworks:Homemark","DaveBox","REME_ComplimentaryCards","Transparent","SynthV:TestCard","PageOfHappyTeddyBear","The Courier","Happy Flower","reliquary:PrincelyHelmet","Centennial Puzzle"],"acts_visited":["Exordium"],"potions_floor_usage":[16,16],"damage_taken":[{"damage":26,"enemies":"Small Slimes","floor":1,"turns":2},{"damage":34,"enemies":"Jaw Worm","floor":2,"turns":2},{"damage":24,"enemies":"Cultist","floor":7,"turns":2},{"damage":47,"enemies":"Gremlin Nob","floor":10,"turns":3},{"damage":26,"enemies":"2 Fungi Beasts","floor":11,"turns":2},{"damage":36,"enemies":"Exordium Thugs","floor":13,"turns":3},{"damage":36,"enemies":"Large Slime","floor":14,"turns":3},{"damage":68,"enemies":"The Guardian","floor":16,"turns":4}],"seed_played":"2372297592851825906","potions_obtained":[{"floor":2,"key":"FearPotion"},{"floor":7,"key":"SteroidPotion"}],"is_trial":false,"path_per_floor":["M","M","?","$","?","R","M","R","T","E","M","T","M","M","R","B"],"character_chosen":"THE_STARBREAKER","items_purchased":["PageOfHappyTeddyBear"],"campfire_rested":0,"item_purchase_floors":[4],"current_hp_per_floor":[60,60,49,49,31,31,43,43,43,37,47,47,52,57,57,0,0],"gold":188,"neow_bonus":"TRANSFORM_TWO_CARDS","is_daily":false,"chose_seed":false,"campfire_upgraded":3,"win_rate":0.0,"timestamp":1614409205,"path_taken":["M","M","?","$","?","R","M","R","T","E","M","?","?","M","R","BOSS"],"items_purchased_type":["Relic"],"build_version":"2020-12-22","purchased_purges":0,"victory":false,"max_hp_per_floor":[60,60,60,60,60,60,60,60,60,60,60,60,60,60,60,60,60],"card_choices":[{"not_picked":["Moonworks:EvilSpyWorkPreparation","Moonworks:Assault"],"picked":"Moonworks:SweetBattle","floor":1},{"not_picked":["Moonworks:CloudOfSeagulls","Moonworks:Assault","Moonworks:MixPhenomenon","Moonworks:JonathanRush"],"picked":"Moonworks:MiracleWalker","floor":2},{"not_picked":["Moonworks:CompletionReward","Moonworks:LulusLuckyEgg","Moonworks:DeployBits","Moonworks:IndiscriminateFireSupport"],"picked":"Moonworks:CookingTime","floor":7},{"not_picked":["Moonworks:SweetBattle","Moonworks:OutOfAmmo","Moonworks:SakisCookie","Moonworks:AwakeningOfTalent"],"picked":"Moonworks:EvilSpyWorkPreparation","floor":10},{"not_picked":["Moonworks:NicePresent","Moonworks:IndiscriminateFireSupport","Moonworks:JonathanRush","Moonworks:x16BigRocket"],"picked":"Moonworks:TacticalRetreat","floor":11},{"not_picked":["Moonworks:WindyEnchantment","Moonworks:SakisCookie","Moonworks:IndiscriminateFireSupport","Moonworks:JonathanRush"],"picked":"Moonworks:Flamethrower","floor":13},{"not_picked":["Moonworks:BeyondHell","Moonworks:Assault","Moonworks:BigMagnum","Moonworks:JonathanRush"],"picked":"Moonworks:ImOnFire","floor":14}],"player_experience":134726,"relics_obtained":[{"floor":1,"key":"SynthV:TestCard"},{"floor":9,"key":"Happy Flower"},{"floor":10,"key":"reliquary:PrincelyHelmet"},{"floor":12,"key":"Centennial Puzzle"}],"event_choices":[{"damage_healed":0,"gold_gain":75,"player_choice":"Gather Gold","damage_taken":11,"max_hp_gain":0,"max_hp_loss":0,"event_name":"World of Goop","floor":3,"gold_loss":0},{"damage_healed":0,"gold_gain":0,"player_choice":"Success","damage_taken":18,"relics_obtained":["The Courier"],"max_hp_gain":0,"max_hp_loss":0,"event_name":"Scrap Ooze","floor":5,"gold_loss":0}],"is_beta":false,"boss_relics":[],"items_purged_floors":[],"is_endless":false,"potions_floor_spawned":[2,7,10],"killed_by":"The Guardian","ascension_level":0}}