{"host":"9gxprskaw0c5jpbt","time":1614390336,"event":{"mods":["AchievementEnabler","BaseMod","Colored Map","Highlight Path","KOR Keyword Fix","Minty Spire (QoL Compilation)","Rare Cards Sparkle","StSLib","SuperFastMode","everything is the same but u backflip on backflip"],"gold_per_floor":[14,14,34,51,64,89,89,109,109,141,141,176,176,176,194,194,268,268,279,295,295,295,310,310,310,310],"floor_reached":25,"language":"KOR","playtime":738,"items_purged":[],"score":446,"play_id":"dc6e1c10-82a8-47dc-9bc7-5ae3819c15b2","local_time":"20210227104536","is_ascension_mode":true,"campfire_choices":[{"data":"Pommel Strike","floor":7.0,"key":"SMITH"},{"data":"True Grit","floor":13.0,"key":"SMITH"},{"data":"Burning Pact","floor":14.0,"key":"SMITH"},{"floor":16.0,"key":"REST"},{"data":"Offering","floor":24.0,"key":"SMITH"}],"circlet_count":0,"master_deck":["AscendersBane","Strike_R","Strike_R","Strike_R","Defend_R","Defend_R","Defend_R","Bash","Pommel Strike+1","Whirlwind","Seeing Red","Impervious","True Grit+1","Offering","Thunderclap","Burning Pact+1","Offering","Offering+1"],"relics":["Burning Blood","Magic Flower","Prayer Wheel","StrikeDummy","Nunchaku","StoneCalendar","Empty Cage"],"acts_visited":["Exordium","TheCity"],"potions_floor_usage":[],"damage_taken":[{"damage":7.0,"enemies":"Jaw Worm","floor":1.0,"turns":3.0},{"damage":1.0,"enemies":"Cultist","floor":3.0,"turns":4.0},{"damage":7.0,"enemies":"Small Slimes","floor":4.0,"turns":4.0},{"damage":24.0,"enemies":"Blue Slaver","floor":5.0,"turns":3.0},{"damage":8.0,"enemies":"Gremlin Nob","floor":6.0,"turns":3.0},{"damage":14.0,"enemies":"2 Fungi Beasts","floor":8.0,"turns":4.0},{"damage":35.0,"enemies":"3 Sentries","floor":10.0,"turns":8.0},{"damage":9.0,"enemies":"Gremlin Nob","floor":12.0,"turns":3.0},{"damage":6.0,"enemies":"Lots of Slimes","floor":15.0,"turns":2.0},{"damage":43.0,"enemies":"Hexaghost","floor":17.0,"turns":8.0},{"damage":18.0,"enemies":"Shell Parasite","floor":19.0,"turns":3.0},{"damage":23.0,"enemies":"2 Thieves","floor":20.0,"turns":3.0},{"damage":18.0,"enemies":"3 Cultists","floor":23.0,"turns":2.0},{"damage":15,"enemies":"Book of Stabbing","floor":25,"turns":3}],"seed_played":"3104484378787448349","potions_obtained":[{"floor":1.0,"key":"LiquidBronze"},{"floor":3.0,"key":"LiquidBronze"},{"floor":5.0,"key":"ColorlessPotion"},{"floor":10.0,"key":"Weak Potion"},{"floor":12.0,"key":"Ancient Potion"},{"floor":15.0,"key":"DistilledChaos"},{"floor":19.0,"key":"DuplicationPotion"}],"is_trial":false,"path_per_floor":["M","?","M","M","M","E","R","M","T","E","?","E","R","R","M","R","B",null,"M","M","?","?","M","R","E"],"character_chosen":"IRONCLAD","items_purchased":[],"campfire_rested":1,"item_purchase_floors":[],"current_hp_per_floor":[70,70,75,75,60,61,61,56,56,30,30,30,30,30,33,55,21,62,53,39,39,39,30,30,15,15],"gold":310,"neow_bonus":"ONE_RARE_RELIC","is_daily":false,"chose_seed":false,"campfire_upgraded":4,"win_rate":0.0,"timestamp":1614390336,"path_taken":["M","?","?","M","M","E","R","M","T","E","?","E","R","R","M","R","BOSS","M","M","?","?","?","R","E"],"items_purchased_type":[],"build_version":"2020-12-22","purchased_purges":0,"victory":false,"max_hp_per_floor":[75,75,75,75,75,75,75,75,75,75,75,75,75,75,75,75,75,75,75,75,75,75,75,75,75,75],"card_choices":[{"not_picked":["Feel No Pain","Hemokinesis"],"picked":"Pommel Strike","floor":1.0},{"not_picked":["Second Wind","Feel No Pain","Clothesline"],"picked":"SKIP","floor":3.0},{"not_picked":["Second Wind","Feel No Pain","Clothesline"],"picked":"SKIP","floor":3.0},{"not_picked":["Clothesline","Blood for Blood","Whirlwind"],"picked":"SKIP","floor":4.0},{"not_picked":["Clothesline","Blood for Blood"],"picked":"Whirlwind","floor":4.0},{"not_picked":["Second Wind","Perfected Strike"],"picked":"Seeing Red","floor":5.0},{"not_picked":["Feel No Pain","Warcry","Cleave"],"picked":"SKIP","floor":6.0},{"not_picked":["Sever Soul","Iron Wave"],"picked":"Impervious","floor":8.0},{"not_picked":["True Grit","Heavy Blade","Shrug It Off"],"picked":"SKIP","floor":8.0},{"not_picked":["Disarm","Heavy Blade"],"picked":"True Grit","floor":10.0},{"not_picked":["Impervious","Warcry"],"picked":"Burning Pact","floor":12.0},{"not_picked":["Battle Trance","Fire Breathing","Feel No Pain"],"picked":"SKIP","floor":15.0},{"not_picked":["Evolve","Burning Pact","Disarm"],"picked":"SKIP","floor":15.0},{"not_picked":["Corruption","Exhume"],"picked":"Offering","floor":17.0},{"not_picked":["Headbutt+1","Wild Strike","Thunderclap"],"picked":"SKIP","floor":19.0},{"not_picked":["Body Slam","Perfected Strike","Flex"],"picked":"SKIP","floor":19.0},{"not_picked":["Rampage","Twin Strike","Dual Wield+1"],"picked":"SKIP","floor":20.0},{"not_picked":["Perfected Strike","Pommel Strike","Shrug It Off"],"picked":"SKIP","floor":20.0},{"not_picked":["Perfected Strike","Pommel Strike","Pummel"],"picked":"SKIP","floor":23.0},{"not_picked":["Impervious","Twin Strike","Sword Boomerang"],"picked":"SKIP","floor":23.0}],"player_experience":1003417,"relics_obtained":[{"floor":6.0,"key":"Prayer Wheel"},{"floor":9.0,"key":"StrikeDummy"},{"floor":10.0,"key":"Nunchaku"},{"floor":12.0,"key":"StoneCalendar"}],"event_choices":[{"cards_removed":["Strike_R"],"damage_healed":0.0,"max_hp_gain":0.0,"max_hp_loss":0.0,"gold_gain":0.0,"event_name":"Bonfire Elementals","player_choice":"Offered Basic","floor":2.0,"gold_loss":0.0,"damage_taken":0.0},{"damage_healed":0.0,"max_hp_gain":0.0,"max_hp_loss":0.0,"gold_gain":0.0,"event_name":"Match and Keep!","player_choice":"2 cards matched","floor":11.0,"gold_loss":0.0,"damage_taken":0.0,"cards_obtained":["Offering","Thunderclap"]},{"damage_healed":0.0,"max_hp_gain":0.0,"max_hp_loss":0.0,"gold_gain":0.0,"event_name":"Ghosts","player_choice":"Ignored","floor":21.0,"gold_loss":0.0,"damage_taken":0.0},{"damage_healed":0.0,"max_hp_gain":0.0,"max_hp_loss":0.0,"gold_gain":0.0,"event_name":"Duplicator","player_choice":"Copied","floor":22.0,"gold_loss":0.0,"damage_taken":0.0,"cards_obtained":["Offering"]}],"is_beta":false,"boss_relics":[{"not_picked":["Calling Bell","Black Star"],"picked":"Empty Cage"}],"items_purged_floors":[],"is_endless":false,"potions_floor_spawned":[1,3,5,10,12,15,19],"killed_by":"Book of Stabbing","ascension_level":20}}