{"host":"atc9njsbcy6dgluf","time":1614455340,"event":{"mods":["BaseMod","Better Match","Minty Spire (QoL Compilation)","StSLib","The Necromancer"],"gold_per_floor":[114,134,134,149,161,194,55,89,89,89,108,108,108,135,147,260,272,299,311,323,351,64,90,90,121,121,121,221,236,253,253,253,351,401,412,429,429,440,452,484,504,259,259,269,112,122,156,171,171,171,171,171,22,51,51,51],"floor_reached":55,"language":"ENG","playtime":8081,"items_purged":["Regret","Writhe"],"score":806,"play_id":"5b72ff08-fd17-468a-9a80-23b607a52d13","local_time":"20210227204900","is_ascension_mode":false,"campfire_choices":[{"data":"Blood_Wake","floor":12,"key":"SMITH"},{"floor":15,"key":"RECALL"},{"data":"Summon_Vampire_Lady","floor":24,"key":"SMITH"},{"data":"Mayhem","floor":32,"key":"SMITH"},{"data":"Blood_Is_Power","floor":49,"key":"SMITH"},{"data":"Summon_Vampire_Lady","floor":52,"key":"SMITH"}],"circlet_count":0,"master_deck":["Strike_W","Strike_W","Defend_W","Defend_W","Negative_Energy_Arrows","Bone_Wall","Stop_Heart","Life_Tap","Summon_Lich","Corrupt","Summon_Undead","Hellfire","Spectral_Armor","Summon_Undead","Blood_Wake+1","Bone_Prison","Summon_Vampire_Lady+1","Negative_Energy_Burst","Consume_Illness+1","Life_Drain","Mayhem+1","Spectral_Walk+1","Blood_Is_Power+1","Siphon_Strength","Blood_for_Blood","Bone_Armory+1","Hellfire","Summon_Vampire_Lady+1","Skeleton_Dragon","Spectral_Walk+1","Summon_Undead+1","Cloudkill","Bone_Prison"],"relics":["Vampire_Amulet","White Beast Statue","Turnip","Gremlin Horn","Question Card","MawBank","Coffee Dripper","Gambling Chip","Unceasing Top","Boot","Singing Bowl","Tiny House","Bottled Tornado","Happy Flower","ClockworkSouvenir","Pear","StoneCalendar"],"acts_visited":["Exordium","TheCity","TheBeyond","TheEnding"],"potions_floor_usage":[6,14,16,16,16,23,25,29,30,33,38,40,46,47,48,50,55,55,55],"damage_taken":[{"damage":0,"enemies":"Cultist","floor":1,"turns":4},{"damage":0,"enemies":"Jaw Worm","floor":2,"turns":4},{"damage":0,"enemies":"2 Louse","floor":4,"turns":2},{"damage":8,"enemies":"Looter","floor":5,"turns":4},{"damage":19,"enemies":"Lagavulin","floor":6,"turns":9},{"damage":7,"enemies":"3 Sentries","floor":8,"turns":6},{"damage":5,"enemies":"Exordium Wildlife","floor":11,"turns":3},{"damage":1,"enemies":"2 Fungi Beasts","floor":14,"turns":2},{"damage":32,"enemies":"The Guardian","floor":16,"turns":9},{"damage":21,"enemies":"Spheric Guardian","floor":18,"turns":5},{"damage":28,"enemies":"3 Byrds","floor":21,"turns":3},{"damage":3,"enemies":"Gremlin Leader","floor":23,"turns":6},{"damage":29,"enemies":"Slavers","floor":25,"turns":3},{"damage":12,"enemies":"Snecko","floor":29,"turns":4},{"damage":9,"enemies":"Chosen and Byrds","floor":30,"turns":3},{"damage":36,"enemies":"Automaton","floor":33,"turns":9},{"damage":52,"enemies":"3 Darklings","floor":35,"turns":7},{"damage":19,"enemies":"3 Shapes","floor":36,"turns":4},{"damage":58,"enemies":"Spire Growth","floor":38,"turns":6},{"damage":12,"enemies":"4 Shapes","floor":39,"turns":5},{"damage":66,"enemies":"Nemesis","floor":40,"turns":8},{"damage":31,"enemies":"Writhing Mass","floor":41,"turns":6},{"damage":44,"enemies":"Sphere and 2 Shapes","floor":44,"turns":6},{"damage":3,"enemies":"4 Shapes","floor":46,"turns":4},{"damage":40,"enemies":"Reptomancer","floor":47,"turns":6},{"damage":47,"enemies":"Jaw Worm Horde","floor":48,"turns":3},{"damage":94,"enemies":"Donu and Deca","floor":50,"turns":10},{"damage":93,"enemies":"Shield and Spear","floor":54,"turns":9},{"damage":121,"enemies":"The Heart","floor":55,"turns":6}],"seed_played":"7586245770053688418","potions_obtained":[{"floor":4,"key":"Dexterity Potion"},{"floor":6,"key":"EssenceOfSteel"},{"floor":8,"key":"SteroidPotion"},{"floor":11,"key":"LiquidBronze"},{"floor":14,"key":"Swift Potion"},{"floor":16,"key":"Energy Potion"},{"floor":18,"key":"PowerPotion"},{"floor":21,"key":"Block Potion"},{"floor":23,"key":"Fire Potion"},{"floor":25,"key":"CultistPotion"},{"floor":29,"key":"Weak Potion"},{"floor":30,"key":"Strength Potion"},{"floor":33,"key":"LiquidBronze"},{"floor":35,"key":"PowerPotion"},{"floor":38,"key":"SteroidPotion"},{"floor":39,"key":"Regen Potion"},{"floor":40,"key":"Explosive Potion"},{"floor":41,"key":"DistilledChaos"},{"floor":46,"key":"BlessingOfTheForge"},{"floor":47,"key":"Strength Potion"},{"floor":48,"key":"ColorlessPotion"},{"floor":54,"key":"CultistPotion"}],"is_trial":false,"path_per_floor":["M","M","?","M","M","E","$","E","T","?","M","R","?","M","R","B",null,"M","?","?","M","$","E","R","E","T","?","?","M","M","?","R","B",null,"M","M","?","M","M","E","M","$","T","M","$","M","E","M","R","B",null,"R","$","E","B"],"character_chosen":"NECROMANCER","items_purchased":["Hellfire","Life_Drain","Mayhem","Happy Flower","ClockworkSouvenir","Cloudkill"],"campfire_rested":0,"item_purchase_floors":[7,22,22,42,45,53],"current_hp_per_floor":[82,82,64,68,62,45,45,44,44,44,43,43,43,46,46,16,82,69,69,53,40,40,73,73,62,62,62,62,69,76,76,76,77,96,93,88,88,58,74,69,69,69,69,64,64,80,109,79,79,65,122,122,122,70,0,0],"gold":51,"neow_bonus":"TEN_PERCENT_HP_BONUS","is_daily":false,"chose_seed":false,"campfire_upgraded":5,"win_rate":0.0,"timestamp":1614455340,"path_taken":["M","M","?","M","M","E","$","E","T","?","?","R","?","M","R","BOSS","M","?","?","M","$","E","R","E","T","?","?","?","M","?","R","BOSS","M","M","?","M","M","E","M","$","T","?","$","M","E","M","R","BOSS","R","$","E","BOSS"],"items_purchased_type":["Card","Card","Card","Relic","Relic","Card"],"build_version":"2020-12-22","purchased_purges":2,"victory":false,"max_hp_per_floor":[82,82,82,82,82,82,82,82,82,82,82,82,82,82,82,82,82,82,82,87,87,87,87,87,87,87,87,87,89,89,89,89,89,96,98,100,100,102,104,104,106,106,106,106,106,108,120,122,122,122,122,122,122,122,122,122],"card_choices":[{"not_picked":["Death_March_Dance","Blood_for_Blood"],"picked":"Stop_Heart","floor":1},{"not_picked":["Bone_Spikes","Death_March_Dance"],"picked":"Life_Tap","floor":2},{"not_picked":["Chill_Blood","Stop_Heart"],"picked":"Summon_Lich","floor":4},{"not_picked":["Chill_Blood","Negative_Energy_Shield"],"picked":"Corrupt","floor":5},{"not_picked":["Negative_Energy_Sphere","Bone_Spikes"],"picked":"Summon_Undead","floor":6},{"not_picked":["Shackles_Of_Pain","Death_Coil"],"picked":"Spectral_Armor","floor":8},{"not_picked":["Necromantic_Selection","Blood_Is_Power","Flesh_Made_Foul"],"picked":"Blood_Wake","floor":11},{"not_picked":["Bone_Shift","Negative_Energy_Sphere","Blood_Whip"],"picked":"Bone_Prison","floor":14},{"not_picked":["Requiem","Detonate_Bones","Skeleton_Dragon"],"picked":"Summon_Vampire_Lady","floor":16},{"not_picked":["Bone_Shift","Negative_Energy_Shield","Negative_Energy_Mist+1"],"picked":"Negative_Energy_Burst","floor":18},{"not_picked":["Bone_Bullets","Negative_Energy_Javelin","Negative_Energy_Shield+1"],"picked":"Consume_Illness+1","floor":21},{"not_picked":["Deaths_Shadow","Bone_Armor","Scare"],"picked":"Spectral_Walk+1","floor":23},{"not_picked":["Chill_Blood","Bone_Armory","Skeleton_Dragon"],"picked":"Blood_Is_Power","floor":25},{"not_picked":["Negative_Energy_Javelin+1","Bone_Armor","Necromantic_Selection","Bone_Bullets"],"picked":"Singing Bowl","floor":29},{"not_picked":["Bone_Armor","Bone_Spikes+1","Bones_to_Steel+1"],"picked":"Blood_for_Blood","floor":30},{"not_picked":["Detonate_Bones","Grasp_Heart","Negative_Energy_Bomb"],"picked":"Summon_Vampire_Lady","floor":33},{"not_picked":["Whirlwind_of_Bones","Finger_Of_Death","Bone_Armor","Flesh_Made_Foul"],"picked":"Singing Bowl","floor":34},{"not_picked":["Blood_Curse+1","Necrotic_Claws+1","Negative_Energy_Shield+1","Life_Tap"],"picked":"Singing Bowl","floor":35},{"not_picked":["Blood_Whip+1","Plague_Bolt+1","Finger_Of_Death","Blood_Curse"],"picked":"Singing Bowl","floor":36},{"not_picked":["Blood_Curse","Negative_Energy_Javelin+1","Blood_for_Blood+1","Detonate_Bones"],"picked":"Singing Bowl","floor":38},{"not_picked":["Bone_Armor","Plague_Bolt","Death_Coil+1","Negative_Energy_Shield"],"picked":"Singing Bowl","floor":39},{"not_picked":["Death_March_Dance","Chill_Blood","Bones_to_Steel"],"picked":"Spectral_Walk+1","floor":40},{"not_picked":["Chill_Blood+1","Toxic_Smoke_Screen","Vampiric_Strike","Negative_Energy_Shield+1"],"picked":"Singing Bowl","floor":41},{"not_picked":["Bones_to_Steel","Stop_Heart","Scare+1"],"picked":"Summon_Undead+1","floor":44},{"not_picked":["Negative_Energy_Burst","Bone_Bullets","Scare+1","Pandemic"],"picked":"Singing Bowl","floor":46},{"not_picked":["Chill_Blood+1","Negative_Energy_Bomb","Negative_Energy_Mist+1","Finger_Of_Death"],"picked":"Singing Bowl","floor":47},{"not_picked":["Negative_Energy_Javelin+1","Bone_Armor","Thousand_Bone_Knives+1","Vampiric_Strike"],"picked":"Singing Bowl","floor":48},{"not_picked":["Consume_Illness+1","Bones_to_Steel+1","Blood_Is_Power+1"],"picked":"Bone_Prison","floor":54}],"player_experience":593126,"relics_obtained":[{"floor":6,"key":"Turnip"},{"floor":8,"key":"Gremlin Horn"},{"floor":9,"key":"Question Card"},{"floor":23,"key":"Unceasing Top"},{"floor":25,"key":"Boot"},{"floor":26,"key":"Singing Bowl"},{"floor":40,"key":"Bottled Tornado"},{"floor":47,"key":"Pear"},{"floor":54,"key":"StoneCalendar"}],"event_choices":[{"damage_healed":0,"gold_gain":0,"player_choice":"Success","damage_taken":18,"relics_obtained":["White Beast Statue"],"max_hp_gain":0,"max_hp_loss":0,"event_name":"Scrap Ooze","floor":3,"gold_loss":0},{"damage_healed":0,"gold_gain":0,"cards_transformed":["Strike_W"],"player_choice":"Transformed","damage_taken":0,"max_hp_gain":0,"max_hp_loss":0,"event_name":"Transmorgrifier","floor":10,"gold_loss":0,"cards_obtained":["Summon_Undead"]},{"damage_healed":0,"gold_gain":0,"player_choice":"Box","damage_taken":0,"relics_obtained":["MawBank"],"max_hp_gain":0,"max_hp_loss":0,"event_name":"Big Fish","floor":13,"gold_loss":0,"cards_obtained":["Regret"]},{"damage_healed":0,"gold_gain":0,"player_choice":"Opened","damage_taken":0,"relics_obtained":["Gambling Chip"],"max_hp_gain":0,"max_hp_loss":0,"event_name":"The Mausoleum","floor":19,"gold_loss":0,"cards_obtained":["Writhe"]},{"damage_healed":0,"gold_gain":0,"player_choice":"Shed Blood","damage_taken":21,"max_hp_gain":5,"max_hp_loss":0,"event_name":"Forgotten Altar","floor":20,"gold_loss":0},{"damage_healed":0,"gold_gain":0,"player_choice":"Read","damage_taken":0,"max_hp_gain":0,"max_hp_loss":0,"event_name":"The Library","floor":27,"gold_loss":0,"cards_obtained":["Siphon_Strength"]},{"damage_healed":0,"gold_gain":100,"player_choice":"Pray","damage_taken":0,"max_hp_gain":0,"max_hp_loss":0,"event_name":"Golden Shrine","floor":28,"gold_loss":0},{"damage_healed":0,"gold_gain":0,"cards_transformed":["Strike_W","Defend_W"],"player_choice":"Became Test Subject","damage_taken":0,"max_hp_gain":0,"max_hp_loss":0,"event_name":"Drug Dealer","floor":31,"gold_loss":0,"cards_obtained":["Bone_Armory","Hellfire"]},{"damage_healed":0,"gold_gain":0,"cards_transformed":["Defend_W"],"player_choice":"Transformed","damage_taken":0,"max_hp_gain":0,"max_hp_loss":0,"event_name":"Transmorgrifier","floor":37,"gold_loss":0,"cards_obtained":["Skeleton_Dragon"]}],"is_beta":false,"boss_relics":[{"not_picked":["Ectoplasm","Snecko Eye"],"picked":"Coffee Dripper"},{"not_picked":["Runic Dome","Runic Pyramid"],"picked":"Tiny House"}],"items_purged_floors":[22,42],"is_endless":false,"potions_floor_spawned":[4,5,6,8,11,14,16,18,21,23,25,29,30,33,35,36,38,39,40,41,44,46,47,48,54],"killed_by":"The Heart","ascension_level":0}}