{"host":"eeb412nj2w7f9cz8","time":1614399122,"event":{"mods":["Act Like it!","BaseMod","Library of Ruina","Library of Ruina Extra","Minty Spire (QoL Compilation)","StSLib","The Administrix","UnlockEverythingMod"],"gold_per_floor":[112,287,299,299,299,299,316,335,360,360,379,392,415,440,440,545,545,562,42,62,62,72,72,99,115,115,146,162,162,175,192,192,293,293,310,361,373,388,407,442,456,456,483,182,207,207,207,56,56,56,56,56,56,56,85,85],"floor_reached":57,"language":"ZHS","playtime":6238,"items_purged":["Doubt"],"score":1331,"play_id":"4177023b-4b79-48eb-80f7-57928a27d746","local_time":"20210227121202","is_ascension_mode":false,"campfire_choices":[{"data":"AdministrixMod:BishamonBlessing","floor":6,"key":"SMITH"},{"data":"AdministrixMod:ImmortalPurity","floor":10,"key":"SMITH"},{"data":"AdministrixMod:ImmortalGrace","floor":15,"key":"SMITH"},{"data":"AdministrixMod:Overdrive","floor":23,"key":"SMITH"},{"data":"AdministrixMod:BegetEternity","floor":29,"key":"SMITH"},{"data":"AdministrixMod:Overdrive","floor":32,"key":"SMITH"},{"data":"Enlightenment","floor":47,"key":"SMITH"},{"floor":49,"key":"RECALL"},{"data":"AdministrixMod:XianArts","floor":53,"key":"SMITH"}],"circlet_count":0,"master_deck":["AdministrixMod:RedCloak","AdministrixMod:BlueCloak","AdministrixMod:BrewingCloister","AdministrixMod:DreamsMausoleum","AdministrixMod:BishamonBlessing+1","AdministrixMod:ImmortalPurity+1","AdministrixMod:HarmonicReverence","AdministrixMod:ImmortalGrace+1","AdministrixMod:ArmillarySphere","AdministrixMod:XianArts","AdministrixMod:StarSwordSoul","Writhe","AdministrixMod:Overdrive+1","AdministrixMod:LuminaryPath","AdministrixMod:CastOffRegrets","AdministrixMod:BegetEternity+1","AdministrixMod:XianArts+1","AdministrixMod:HarmonicReverence","AdministrixMod:Overdrive+1","AdministrixMod:FaithfulFlames","AdministrixMod:FiendishCrimson","AdministrixMod:FiendishCrimson","AdministrixMod:FiendishCrimson","AdministrixMod:BloodlessSapphire","AdministrixMod:BloodlessSapphire","AdministrixMod:BloodlessSapphire","AdministrixMod:ImmortalGrace+1","AdministrixMod:SealAway","AdministrixMod:JustRewards+1","AdministrixMod:LifeforceNet","AdministrixMod:FaithfulFlames","Mind Blast","Enlightenment+1","Magnetism","AdministrixMod:WifeLightning"],"relics":["AdministrixMod:ConductorRitualBaton","Anchor","Akabeko","AdministrixMod:PrescriptionBottle","Snecko Eye","HandDrill","Mango","PageOfOzma","AdministrixMod:KeyOfKings","Potion Belt","Oddly Smooth Stone","AdministrixMod:BloodSoakedVeil","Unceasing Top","Orichalcum","PageOfBloodbath","PageOfTheSilentOrchestra","Bronze Scales","AdministrixMod:DragonsEyeCharm","Toy Ornithopter"],"acts_visited":["Exordium","TheCity","TheBeyond","TheEnding"],"potions_floor_usage":[7,8,11,11,12,14,14,16,16,20,22,24,25,27,28,30,33,40,40,45,50,50,50,51,55],"damage_taken":[{"damage":0,"enemies":"Jaw Worm","floor":1,"turns":4},{"damage":0,"enemies":"2 Louse","floor":3,"turns":4},{"damage":0,"enemies":"Cultist","floor":7,"turns":4},{"damage":0,"enemies":"Lots of Slimes","floor":8,"turns":4},{"damage":0,"enemies":"2 Fungi Beasts","floor":11,"turns":2},{"damage":12,"enemies":"Large Slime","floor":12,"turns":5},{"damage":14,"enemies":"Lagavulin","floor":14,"turns":8},{"damage":31,"enemies":"Slime Boss","floor":16,"turns":14},{"damage":0,"enemies":"Chosen","floor":18,"turns":6},{"damage":6,"enemies":"Spheric Guardian","floor":20,"turns":7},{"damage":0,"enemies":"Centurion and Healer","floor":22,"turns":7},{"damage":0,"enemies":"Slavers","floor":24,"turns":6},{"damage":11,"enemies":"Snake Plant","floor":25,"turns":3},{"damage":0,"enemies":"Gremlin Leader","floor":27,"turns":4},{"damage":0,"enemies":"Shelled Parasite and Fungi","floor":28,"turns":2},{"damage":0,"enemies":"Snecko","floor":30,"turns":3},{"damage":4,"enemies":"Centurion and Healer","floor":31,"turns":3},{"damage":83,"enemies":"KingOfGreed","floor":33,"turns":8},{"damage":0,"enemies":"3 Shapes","floor":35,"turns":2},{"damage":0,"enemies":"2 Orb Walkers","floor":36,"turns":4},{"damage":11,"enemies":"Orb Walker","floor":37,"turns":5},{"damage":9,"enemies":"Transient","floor":38,"turns":5},{"damage":0,"enemies":"Sphere and 2 Shapes","floor":39,"turns":2},{"damage":0,"enemies":"Reptomancer","floor":40,"turns":2},{"damage":3,"enemies":"Spire Growth","floor":41,"turns":3},{"damage":0,"enemies":"Nemesis","floor":45,"turns":4},{"damage":19,"enemies":"Time Eater","floor":50,"turns":7},{"damage":138,"enemies":"Time Eater","floor":51,"turns":13},{"damage":28,"enemies":"Shield and Spear","floor":55,"turns":4},{"damage":50,"enemies":"The Heart","floor":56,"turns":8}],"seed_played":"-2499965891620727857","potions_obtained":[{"floor":3,"key":"BlessingOfTheForge"},{"floor":8,"key":"Strength Potion"},{"floor":12,"key":"Swift Potion"},{"floor":14,"key":"Block Potion"},{"floor":18,"key":"Swift Potion"},{"floor":24,"key":"CultistPotion"},{"floor":25,"key":"BlessingOfTheForge"},{"floor":27,"key":"Fire Potion"},{"floor":33,"key":"Ancient Potion"},{"floor":35,"key":"SpeedPotion"},{"floor":36,"key":"Block Potion"},{"floor":38,"key":"SpeedPotion"},{"floor":55,"key":"Fruit Juice"}],"is_trial":false,"path_per_floor":["M","?","M","?","?","R","M","M","T","R","M","M","T","E","R","B",null,"M","$","M","?","M","R","E","M","T","E","M","R","M","M","R","B",null,"M","?","M","M","M","E","M","?","T","$","E","?","R","$","R","B",null,null,"R","$","E","B",null],"character_chosen":"TheAdministrix","items_purchased":["HandDrill","Mango","PageOfTheSilentOrchestra","AdministrixMod:DragonsEyeCharm"],"campfire_rested":0,"item_purchase_floors":[19,19,44,48],"current_hp_per_floor":[65,65,65,52,45,45,45,45,45,45,45,33,33,19,19,9,65,65,79,73,73,73,73,73,62,62,62,62,62,62,58,58,2,79,79,79,72,78,79,79,76,76,76,76,76,66,66,66,66,55,14,79,79,79,65,30],"gold":85,"neow_bonus":"ONE_RANDOM_RARE_CARD","is_daily":false,"chose_seed":false,"campfire_upgraded":8,"win_rate":0.0,"timestamp":1614399122,"path_taken":["M","?","M","?","?","R","M","M","T","R","?","M","?","E","R","BOSS","M","$","M","?","M","R","E","M","T","E","M","R","M","M","R","BOSS","M","?","M","M","M","E","M","?","T","$","E","?","R","$","R","BOSS","R","$","E","BOSS"],"items_purchased_type":["Relic","Relic","Relic","Relic"],"build_version":"2020-12-22","purchased_purges":1,"victory":true,"max_hp_per_floor":[65,65,65,65,65,65,65,65,65,65,65,65,65,65,65,65,65,65,79,79,79,79,79,79,79,79,79,79,79,79,79,79,79,79,79,79,79,79,79,79,79,79,79,79,79,79,79,79,79,79,79,79,79,79,84,84],"card_choices":[{"not_picked":["AdministrixMod:UnstableVigor","AdministrixMod:Transition"],"picked":"AdministrixMod:DreamsMausoleum","floor":1},{"not_picked":["AdministrixMod:SealAway","AdministrixMod:BegetEternity"],"picked":"AdministrixMod:BishamonBlessing","floor":3},{"not_picked":["AdministrixMod:Convergence","AdministrixMod:RebukeDesires"],"picked":"AdministrixMod:ImmortalPurity","floor":7},{"not_picked":["AdministrixMod:ChooseYourEnd","AdministrixMod:CenturiesAscent"],"picked":"AdministrixMod:HarmonicReverence","floor":8},{"not_picked":["AdministrixMod:ReachToHeaven","AdministrixMod:DreamsMausoleum"],"picked":"AdministrixMod:ImmortalGrace","floor":11},{"not_picked":["AdministrixMod:RegentEdict","AdministrixMod:SealAway"],"picked":"AdministrixMod:ArmillarySphere","floor":12},{"not_picked":["AdministrixMod:PlateOfAntiquity","AdministrixMod:ExtolVirtue"],"picked":"AdministrixMod:XianArts","floor":14},{"not_picked":["AdministrixMod:BrewingCloister","AdministrixMod:HopeInTheDark"],"picked":"AdministrixMod:StarSwordSoul","floor":16},{"not_picked":["AdministrixMod:MixOfMercury+1","AdministrixMod:LightOfYourLife","AdministrixMod:QuietConspiracy+1"],"picked":"SKIP","floor":18},{"not_picked":["AdministrixMod:ExtolVirtue","AdministrixMod:ChooseYourEnd","AdministrixMod:Transcension"],"picked":"SKIP","floor":20},{"not_picked":["AdministrixMod:Convergence","AdministrixMod:TouchOfCinnabar"],"picked":"AdministrixMod:Overdrive","floor":22},{"not_picked":["AdministrixMod:UnstableVigor+1","AdministrixMod:CastOffRegrets"],"picked":"AdministrixMod:LuminaryPath","floor":24},{"not_picked":["AdministrixMod:QuietConspiracy","AdministrixMod:ExtolVirtue"],"picked":"AdministrixMod:CastOffRegrets","floor":25},{"not_picked":["AdministrixMod:MixOfMercury","AdministrixMod:RebukeDesires"],"picked":"AdministrixMod:BegetEternity","floor":27},{"not_picked":["AdministrixMod:DiversionaryTactic","AdministrixMod:SealAway"],"picked":"AdministrixMod:XianArts","floor":28},{"not_picked":["AdministrixMod:SyncreticPlunge+1","AdministrixMod:SipOfSparks"],"picked":"AdministrixMod:HarmonicReverence","floor":30},{"not_picked":["AdministrixMod:QuietConspiracy","AdministrixMod:NewWardrobe"],"picked":"AdministrixMod:Overdrive","floor":31},{"not_picked":["AdministrixMod:FearOfDeath","AdministrixMod:HopeInTheDark"],"picked":"AdministrixMod:FaithfulFlames","floor":33},{"not_picked":["AdministrixMod:QuietConspiracy+1","AdministrixMod:TouchOfCinnabar"],"picked":"AdministrixMod:ImmortalGrace+1","floor":35},{"not_picked":["AdministrixMod:NoblePath+1","AdministrixMod:Katabasis+1"],"picked":"AdministrixMod:SealAway","floor":37},{"not_picked":["AdministrixMod:QuietConspiracy+1","AdministrixMod:SipOfSparks"],"picked":"AdministrixMod:JustRewards+1","floor":38},{"not_picked":["AdministrixMod:BloodBargain","AdministrixMod:PassageOfAges+1"],"picked":"AdministrixMod:LifeforceNet","floor":39},{"not_picked":["AdministrixMod:RisingSunPrince+1","AdministrixMod:FiendishCrimson+1"],"picked":"AdministrixMod:FaithfulFlames","floor":40},{"not_picked":["AdministrixMod:NoblePath+1","AdministrixMod:Wuji","AdministrixMod:RegentEdict+1"],"picked":"SKIP","floor":41},{"not_picked":["AdministrixMod:ShadowPlay+1","AdministrixMod:RebukeDesires","AdministrixMod:TrickOfTheLight"],"picked":"SKIP","floor":45},{"not_picked":["PanicButton","Trip"],"picked":"Mind Blast","floor":46},{"not_picked":["Dramatic Entrance","Transmutation"],"picked":"Enlightenment","floor":46},{"not_picked":["Swift Strike","Finesse"],"picked":"Magnetism","floor":46},{"not_picked":["AdministrixMod:FuneraryRites+1","AdministrixMod:MixOfMercury+1"],"picked":"AdministrixMod:WifeLightning","floor":55}],"player_experience":138240,"relics_obtained":[{"floor":13,"key":"Akabeko"},{"floor":14,"key":"AdministrixMod:PrescriptionBottle"},{"floor":24,"key":"AdministrixMod:KeyOfKings"},{"floor":26,"key":"Potion Belt"},{"floor":27,"key":"Oddly Smooth Stone"},{"floor":36,"key":"Unceasing Top"},{"floor":40,"key":"Orichalcum"},{"floor":43,"key":"PageOfBloodbath"},{"floor":45,"key":"Bronze Scales"},{"floor":55,"key":"Toy Ornithopter"}],"event_choices":[{"damage_healed":0,"gold_gain":175,"player_choice":"AGREE","damage_taken":0,"max_hp_gain":0,"max_hp_loss":0,"event_name":"Liars Game","floor":2,"gold_loss":0,"cards_obtained":["Doubt"]},{"damage_healed":0,"gold_gain":0,"player_choice":"Entered Light","damage_taken":13,"max_hp_gain":0,"max_hp_loss":0,"event_name":"Shining Light","floor":4,"gold_loss":0,"cards_upgraded":["AdministrixMod:Strike_Administrix","AdministrixMod:Strike_Administrix"]},{"damage_healed":0,"gold_gain":0,"player_choice":"Success","damage_taken":7,"relics_obtained":["Anchor"],"max_hp_gain":0,"max_hp_loss":0,"event_name":"Scrap Ooze","floor":5,"gold_loss":0},{"damage_healed":0,"gold_gain":0,"player_choice":"Opened","damage_taken":0,"relics_obtained":["PageOfOzma"],"max_hp_gain":0,"max_hp_loss":0,"event_name":"The Mausoleum","floor":21,"gold_loss":0,"cards_obtained":["Writhe"]},{"damage_healed":0,"gold_gain":0,"player_choice":"Fight","damage_taken":0,"max_hp_gain":0,"max_hp_loss":0,"event_name":"Mysterious Sphere","floor":36,"gold_loss":0},{"damage_healed":0,"gold_gain":0,"player_choice":"Ignored","damage_taken":0,"max_hp_gain":0,"max_hp_loss":0,"event_name":"Tomb of Lord Red Mask","floor":42,"gold_loss":0},{"damage_healed":0,"gold_gain":0,"player_choice":"Memory 3","damage_taken":10,"max_hp_gain":0,"max_hp_loss":0,"event_name":"SensoryStone","floor":46,"gold_loss":0}],"is_beta":false,"boss_relics":[{"not_picked":["AdministrixMod:ElixirOfImmorality","SacredBark"],"picked":"Snecko Eye"},{"not_picked":["Astrolabe","Runic Dome"],"picked":"AdministrixMod:BloodSoakedVeil"}],"items_purged_floors":[19],"is_endless":false,"potions_floor_spawned":[3,8,12,14,18,24,25,27,33,35,36,38,55],"ascension_level":0}}