{"host":"rmsq46plbpwfbxcc","time":1614416200,"event":{"mods":["AchievementEnabler","BaseMod","Colored Map","Colored Powertips","DeckTracker","KOR Keyword Fix","Minty Spire (QoL Compilation)","Permanent Neow","Quick Restart","SuperFastMode"],"gold_per_floor":[114,39,58,69,86,86,100,100,100,100,129,54,85,97,97,173,173,211,224,124,137,12,41,41,60,108,108,108,120,120,120,120,192,192,212,212,226,239,316,316,343,343,368,114,133,143,153,153,153],"floor_reached":48,"language":"KOR","playtime":1922,"items_purged":["Dagger Throw","Dash","Deadly Poison","Slice"],"score":985,"play_id":"b84bdc82-d116-4fd5-bdec-411be738f7d6","local_time":"20210227175640","is_ascension_mode":true,"campfire_choices":[{"data":"Cloak And Dagger","floor":6.0,"key":"SMITH"},{"data":"Skewer","floor":8.0,"key":"SMITH"},{"data":"Neutralize","floor":10.0,"key":"SMITH"},{"data":"Well Laid Plans","floor":15.0,"key":"SMITH"},{"data":"Acrobatics","floor":24,"key":"SMITH"},{"data":"Tactician","floor":27,"key":"SMITH"},{"data":"Grand Finale","floor":30,"key":"SMITH"},{"data":"Backflip","floor":32,"key":"SMITH"},{"data":"Adrenaline","floor":40,"key":"SMITH"},{"data":"Blur","floor":42,"key":"SMITH"}],"circlet_count":0,"master_deck":["AscendersBane","Survivor","Neutralize+1","Grand Finale+1","Dagger Throw","Skewer+1","Cloak And Dagger+1","Well Laid Plans+1","Blur+1","Tactician+1","Acrobatics+1","Die Die Die","Escape Plan","Backflip+1","Adrenaline+1","PiercingWail","Parasite","Terror"],"relics":["Pandora\u0027s Box","Toy Ornithopter","Regal Pillow","Meat on the Bone","SlaversCollar","Boot","Bronze Scales","FaceOfCleric","Sozu","Strawberry","Singing Bowl","The Courier","Medical Kit"],"acts_visited":["Exordium","TheCity","TheBeyond"],"potions_floor_usage":[23,33],"damage_taken":[{"damage":0.0,"enemies":"2 Louse","floor":1.0,"turns":3.0},{"damage":2.0,"enemies":"Small Slimes","floor":3.0,"turns":3.0},{"damage":0.0,"enemies":"Cultist","floor":4.0,"turns":2.0},{"damage":10.0,"enemies":"Large Slime","floor":5.0,"turns":4.0},{"damage":0.0,"enemies":"Gremlin Gang","floor":7.0,"turns":1.0},{"damage":7.0,"enemies":"Gremlin Nob","floor":11.0,"turns":4.0},{"damage":0.0,"enemies":"Lagavulin","floor":13.0,"turns":5.0},{"damage":11.0,"enemies":"Exordium Thugs","floor":14.0,"turns":4.0},{"damage":4.0,"enemies":"The Guardian","floor":16.0,"turns":7.0},{"damage":21.0,"enemies":"Chosen","floor":18.0,"turns":5.0},{"damage":9.0,"enemies":"3 Byrds","floor":19.0,"turns":2.0},{"damage":29.0,"enemies":"Snake Plant","floor":21.0,"turns":4.0},{"damage":31,"enemies":"Slavers","floor":23,"turns":3},{"damage":0,"enemies":"3 Cultists","floor":25,"turns":2},{"damage":5,"enemies":"Sentry and Sphere","floor":29,"turns":3},{"damage":23,"enemies":"Collector","floor":33,"turns":5},{"damage":11,"enemies":"3 Darklings","floor":35,"turns":3},{"damage":4,"enemies":"3 Shapes","floor":37,"turns":3},{"damage":4,"enemies":"Jaw Worm Horde","floor":38,"turns":3},{"damage":19,"enemies":"Nemesis","floor":41,"turns":4},{"damage":16,"enemies":"Transient","floor":45,"turns":6},{"damage":0,"enemies":"Writhing Mass","floor":46,"turns":3},{"damage":6,"enemies":"Spire Growth","floor":47,"turns":4},{"damage":49,"enemies":"Reptomancer","floor":48,"turns":2}],"seed_played":"-3041563165095058849","potions_obtained":[{"floor":1.0,"key":"AttackPotion"},{"floor":5.0,"key":"FairyPotion"},{"floor":7.0,"key":"ColorlessPotion"},{"floor":18.0,"key":"Strength Potion"},{"floor":23,"key":"EssenceOfSteel"},{"floor":29,"key":"Dexterity Potion"},{"floor":33,"key":"Ancient Potion"}],"is_trial":false,"path_per_floor":["M","$","M","M","M","R","M","R","T","R","E","?","E","M","R","B",null,"M","M","$","M","$","E","R","M","T","R","?","M","R","$","R","B",null,"M","?","M","M","T","R","E","R","T","$","M","M","M","E"],"character_chosen":"THE_SILENT","items_purchased":["Medical Kit"],"campfire_rested":0,"item_purchase_floors":[44],"current_hp_per_floor":[59,59,57,57,47,47,47,47,47,47,40,40,40,41,41,37,59,43,34,34,17,17,25,25,37,37,37,37,45,45,45,45,40,61,51,58,55,52,52,52,48,48,48,48,47,50,45,0,0],"gold":153,"neow_bonus":"BOSS_RELIC","is_daily":false,"chose_seed":false,"campfire_upgraded":10,"win_rate":0.0,"timestamp":1614416200,"path_taken":["M","$","M","M","M","R","M","R","T","R","E","?","E","M","R","BOSS","M","M","$","M","$","E","R","M","T","R","?","?","R","$","R","BOSS","M","?","M","?","?","R","E","R","T","$","?","M","M","E"],"items_purchased_type":["Relic"],"build_version":"2020-12-22","purchased_purges":4,"victory":false,"max_hp_per_floor":[66,66,66,66,66,66,66,66,66,66,66,66,66,66,66,66,66,66,66,66,66,66,66,66,66,66,66,66,67,67,67,67,68,68,69,76,77,78,78,78,81,81,81,81,84,87,88,88,88],"card_choices":[{"not_picked":["All Out Attack","Dodge and Roll","Dagger Throw"],"picked":"SKIP","floor":1.0},{"not_picked":["Distraction","Reflex"],"picked":"Well Laid Plans","floor":3.0},{"not_picked":["Dodge and Roll","Accuracy","Underhanded Strike"],"picked":"SKIP","floor":4.0},{"not_picked":["Deadly Poison","Dodge and Roll","Skewer"],"picked":"SKIP","floor":5.0},{"not_picked":["Deflect","Dagger Throw"],"picked":"Blur","floor":7.0},{"not_picked":["Corpse Explosion","Sucker Punch"],"picked":"Tactician","floor":11.0},{"not_picked":["Dagger Throw","Concentrate","Cloak And Dagger"],"picked":"SKIP","floor":13.0},{"not_picked":["Prepared","Quick Slash"],"picked":"Acrobatics","floor":14.0},{"not_picked":["Tools of the Trade","Night Terror"],"picked":"Die Die Die","floor":16.0},{"not_picked":["Reflex","Sucker Punch"],"picked":"Escape Plan","floor":18.0},{"not_picked":["Escape Plan","PiercingWail+1"],"picked":"Backflip","floor":19.0},{"not_picked":["Well Laid Plans","Quick Slash","Reflex"],"picked":"SKIP","floor":21.0},{"not_picked":["Bouncing Flask","Setup+1","Prepared"],"picked":"SKIP","floor":23},{"not_picked":["Cloak And Dagger","Dagger Spray","Blade Dance"],"picked":"SKIP","floor":25},{"not_picked":["Poisoned Stab","Envenom","Sucker Punch"],"picked":"SKIP","floor":29},{"not_picked":["Envenom","Tools of the Trade"],"picked":"Adrenaline","floor":33},{"not_picked":["Flying Knee+1","Sucker Punch"],"picked":"PiercingWail","floor":35},{"not_picked":["Flying Knee","Catalyst","Blade Dance+1"],"picked":"SKIP","floor":37},{"not_picked":["Poisoned Stab+1","Finisher","Sucker Punch"],"picked":"SKIP","floor":38},{"not_picked":["Venomology","Prepared","Sucker Punch"],"picked":"Singing Bowl","floor":41},{"not_picked":["Dagger Spray+1","Dagger Throw","Slice"],"picked":"Singing Bowl","floor":45},{"not_picked":["Backflip","Flying Knee","Blur"],"picked":"Singing Bowl","floor":46},{"not_picked":["Backflip","Slice"],"picked":"Terror","floor":47}],"player_experience":671542,"relics_obtained":[{"floor":9.0,"key":"Toy Ornithopter"},{"floor":11.0,"key":"Regal Pillow"},{"floor":13.0,"key":"Meat on the Bone"},{"floor":23,"key":"Boot"},{"floor":26,"key":"Bronze Scales"},{"floor":39,"key":"Singing Bowl"},{"floor":41,"key":"The Courier"}],"event_choices":[{"cards_removed":["Riddle With Holes"],"damage_healed":0.0,"max_hp_gain":0.0,"max_hp_loss":0.0,"gold_gain":0.0,"event_name":"The Cleric","player_choice":"Card Removal","floor":12.0,"gold_loss":75.0,"damage_taken":0.0},{"damage_healed":0,"gold_gain":0,"player_choice":"Trade","damage_taken":0,"relics_obtained":["FaceOfCleric"],"max_hp_gain":0,"max_hp_loss":0,"event_name":"FaceTrader","floor":28,"gold_loss":0},{"cards_removed":["Corpse Explosion"],"damage_healed":0,"gold_gain":0,"player_choice":"Gave Card","damage_taken":0,"relics_obtained":["Strawberry"],"max_hp_gain":0,"max_hp_loss":0,"event_name":"WeMeetAgain","floor":36,"gold_loss":0}],"is_beta":false,"boss_relics":[{"not_picked":["Runic Pyramid","Runic Dome"],"picked":"SlaversCollar"},{"not_picked":["Calling Bell","Busted Crown"],"picked":"Sozu"}],"items_purged_floors":[2,20,22,44],"is_endless":false,"potions_floor_spawned":[1,5,7,18,19,23,29,33,35,41,46],"killed_by":"Reptomancer","ascension_level":17}}