{"host":"uioim0xrpyrmw01v","time":1614490570,"event":{"mods":["BaseMod","Minty Spire (QoL Compilation)"],"gold_per_floor":[116,129,54,74,92,92,122,122,147,173,173,200,214,231,231,330,330,341,341,356,50,50,50,76,76,99,130,130,230,240,250,250,354,354,366,11,66,66,66,66,95,95,95,111,144,163,163,175,175,175,175,175,75,108,108,108],"floor_reached":55,"language":"ENG","playtime":4777,"items_purged":["Strike_B","Strike_B"],"score":861,"play_id":"d0e7f631-f76e-4ab4-af0a-221025729d3f","local_time":"20210227213610","is_ascension_mode":true,"campfire_choices":[{"data":"Streamline","floor":6,"key":"SMITH"},{"data":"Defragment","floor":8,"key":"SMITH"},{"data":"Hologram","floor":11,"key":"SMITH"},{"data":"Creative AI","floor":15,"key":"SMITH"},{"floor":23,"key":"REST"},{"data":"Storm","floor":28,"key":"SMITH"},{"data":"Streamline","floor":32,"key":"SMITH"},{"floor":40,"key":"REST"},{"floor":47,"key":"REST"},{"floor":49,"key":"RECALL"},{"floor":52,"key":"REST"}],"circlet_count":0,"master_deck":["Strike_B","Strike_B","Defend_B","Defend_B","Defend_B+1","Defend_B","Zap","Dualcast","Streamline+1","FTL","Hologram+1","Defragment+1","Cold Snap","Lockon","Creative AI+1","Glacier","Biased Cognition","Ball Lightning","Force Field+1","Conserve Battery+1","Rainbow+1","Necronomicurse","Steam Power+1","Storm+1","Leap+1","Streamline+1","Heatsinks+1","Master of Strategy","Capacitor+1"],"relics":["FrozenCore","PreservedInsect","Toy Ornithopter","Blood Vial","Vajra","Bronze Scales","Orrery","Necronomicon","Oddly Smooth Stone","Letter Opener","Fusion Hammer","Membership Card","Singing Bowl","War Paint","Lizard Tail","Regal Pillow","Omamori","Ornamental Fan","Unceasing Top"],"acts_visited":["Exordium","TheCity","TheBeyond","TheEnding"],"potions_floor_usage":[5,7,10,14,20,24,27,33,37,44,50,50,55,55,55],"damage_taken":[{"damage":1,"enemies":"Cultist","floor":1,"turns":3},{"damage":2,"enemies":"Jaw Worm","floor":2,"turns":3},{"damage":2,"enemies":"2 Louse","floor":4,"turns":2},{"damage":1,"enemies":"Blue Slaver","floor":5,"turns":4},{"damage":18,"enemies":"Lagavulin","floor":7,"turns":4},{"damage":0,"enemies":"Gremlin Nob","floor":10,"turns":2},{"damage":8,"enemies":"3 Sentries","floor":12,"turns":5},{"damage":7,"enemies":"Large Slime","floor":13,"turns":5},{"damage":11,"enemies":"Exordium Thugs","floor":14,"turns":2},{"damage":20,"enemies":"The Guardian","floor":16,"turns":7},{"damage":19,"enemies":"Chosen","floor":18,"turns":5},{"damage":9,"enemies":"2 Thieves","floor":20,"turns":4},{"damage":8,"enemies":"Slavers","floor":24,"turns":5},{"damage":13,"enemies":"Gremlin Leader","floor":27,"turns":6},{"damage":5,"enemies":"3 Cultists","floor":30,"turns":5},{"damage":10,"enemies":"Snake Plant","floor":31,"turns":4},{"damage":27,"enemies":"Collector","floor":33,"turns":7},{"damage":12,"enemies":"3 Shapes","floor":35,"turns":3},{"damage":34,"enemies":"2 Orb Walkers","floor":37,"turns":5},{"damage":7,"enemies":"Nemesis","floor":41,"turns":7},{"damage":14,"enemies":"3 Darklings","floor":44,"turns":3},{"damage":0,"enemies":"Giant Head","floor":45,"turns":6},{"damage":11,"enemies":"4 Shapes","floor":46,"turns":5},{"damage":16,"enemies":"Transient","floor":48,"turns":5},{"damage":33,"enemies":"Time Eater","floor":50,"turns":10},{"damage":42,"enemies":"Shield and Spear","floor":54,"turns":5},{"damage":112,"enemies":"The Heart","floor":55,"turns":8}],"seed_played":"3897244269478201617","potions_obtained":[{"floor":0,"key":"Fire Potion"},{"floor":0,"key":"Block Potion"},{"floor":0,"key":"Weak Potion"},{"floor":5,"key":"DuplicationPotion"},{"floor":12,"key":"Explosive Potion"},{"floor":14,"key":"FearPotion"},{"floor":16,"key":"Strength Potion"},{"floor":24,"key":"Weak Potion"},{"floor":30,"key":"Weak Potion"},{"floor":31,"key":"DistilledChaos"},{"floor":41,"key":"EssenceOfDarkness"},{"floor":44,"key":"LiquidMemories"},{"floor":46,"key":"Weak Potion"}],"is_trial":false,"path_per_floor":["M","M","$","M","M","R","E","R","T","E","R","E","M","M","R","B",null,"M","?","M","$","?","R","E","?","T","E","R","?","M","M","R","B",null,"M","$","?","?","?","R","E","?","T","M","E","M","R","M","R","B",null,"R","$","E","B"],"character_chosen":"DEFECT","items_purchased":["Bronze Scales","Orrery","Membership Card","Singing Bowl","War Paint","Block Potion","ColorlessPotion"],"campfire_rested":4,"item_purchase_floors":[21,21,36,36,36,53,53],"current_hp_per_floor":[74,72,72,70,69,69,51,51,51,56,56,50,45,41,41,23,75,56,56,54,54,38,60,59,59,59,53,53,53,50,42,42,22,75,63,63,38,38,38,59,54,54,54,49,53,46,79,65,65,44,81,81,81,41,0,0],"gold":108,"neow_bonus":"THREE_SMALL_POTIONS","is_daily":false,"chose_seed":false,"campfire_upgraded":6,"win_rate":0.0,"timestamp":1614490570,"path_taken":["M","M","$","M","M","R","E","R","T","E","R","E","?","?","R","BOSS","M","?","M","$","?","R","E","?","T","E","R","?","M","?","R","BOSS","M","$","?","?","?","R","E","?","T","M","E","M","R","?","R","BOSS","R","$","E","BOSS"],"items_purchased_type":["Relic","Relic","Relic","Relic","Relic","Potion","Potion"],"build_version":"2020-12-22","purchased_purges":2,"victory":false,"max_hp_per_floor":[75,75,75,75,75,75,75,75,75,75,75,75,75,75,75,75,75,75,75,75,75,75,75,75,75,75,75,75,75,75,75,75,75,75,75,75,77,73,73,73,73,73,73,75,77,79,79,81,81,81,81,81,81,83,83,83],"card_choices":[{"not_picked":["Steam","Sweeping Beam"],"picked":"Streamline","floor":1},{"not_picked":["Sweeping Beam","Rebound"],"picked":"FTL","floor":2},{"not_picked":["Self Repair","Sweeping Beam"],"picked":"Hologram","floor":4},{"not_picked":["Reinforced Body","Thunder Strike","Skim"],"picked":"SKIP","floor":5},{"not_picked":["Stack","Streamline"],"picked":"Defragment","floor":7},{"not_picked":["Ball Lightning","Beam Cell"],"picked":"Cold Snap","floor":10},{"not_picked":["Go for the Eyes","Gash"],"picked":"Lockon","floor":12},{"not_picked":["Conserve Battery","Reinforced Body"],"picked":"Creative AI","floor":13},{"not_picked":["Compile Driver","Fusion"],"picked":"Glacier","floor":14},{"not_picked":["Fission","Machine Learning"],"picked":"Biased Cognition","floor":16},{"not_picked":["Beam Cell","Auto Shields"],"picked":"Ball Lightning","floor":18},{"not_picked":["Auto Shields","Reprogram"],"picked":"Force Field+1","floor":20},{"not_picked":["Hyperbeam","Redo+1"],"picked":"Conserve Battery+1","floor":21},{"not_picked":["Steam","Ball Lightning+1"],"picked":"Rainbow","floor":21},{"not_picked":["Force Field","Stack+1"],"picked":"Steam Power+1","floor":24},{"not_picked":["Sweeping Beam+1","Creative AI"],"picked":"Leap+1","floor":27},{"not_picked":["Conserve Battery","Cold Snap","Redo"],"picked":"SKIP","floor":30},{"not_picked":["Gash","Hologram"],"picked":"Streamline","floor":31},{"not_picked":["Undo+1","Gash"],"picked":"Heatsinks+1","floor":35},{"not_picked":["Redo+1","Sweeping Beam+1","Static Discharge+1"],"picked":"Singing Bowl","floor":37},{"not_picked":["Finesse","Deep Breath"],"picked":"Master of Strategy","floor":39},{"not_picked":["Ball Lightning+1","Static Discharge+1"],"picked":"Capacitor+1","floor":41},{"not_picked":["Compile Driver+1","Gash","Cold Snap"],"picked":"Singing Bowl","floor":44},{"not_picked":["Rip and Tear","Compile Driver+1","Melter"],"picked":"Singing Bowl","floor":45},{"not_picked":["Storm+1","Stack","Coolheaded"],"picked":"Singing Bowl","floor":46},{"not_picked":["Darkness+1","Steam Power+1","Sweeping Beam+1"],"picked":"Singing Bowl","floor":48},{"not_picked":["Streamline+1","Melter+1","Buffer"],"picked":"Singing Bowl","floor":54}],"player_experience":218258,"relics_obtained":[{"floor":7,"key":"PreservedInsect"},{"floor":9,"key":"Toy Ornithopter"},{"floor":10,"key":"Blood Vial"},{"floor":12,"key":"Vajra"},{"floor":22,"key":"Necronomicon"},{"floor":24,"key":"Oddly Smooth Stone"},{"floor":27,"key":"Letter Opener"},{"floor":37,"key":"Lizard Tail"},{"floor":41,"key":"Regal Pillow"},{"floor":43,"key":"Omamori"},{"floor":45,"key":"Ornamental Fan"},{"floor":54,"key":"Unceasing Top"}],"event_choices":[{"damage_healed":0,"gold_gain":0,"player_choice":"Ignored","damage_taken":0,"max_hp_gain":0,"max_hp_loss":0,"event_name":"Ghosts","floor":19,"gold_loss":0},{"damage_healed":0,"gold_gain":0,"player_choice":"Obtained Book","damage_taken":16,"max_hp_gain":0,"max_hp_loss":0,"event_name":"Cursed Tome","floor":22,"gold_loss":0},{"damage_healed":0,"gold_gain":0,"player_choice":"Read","damage_taken":0,"max_hp_gain":0,"max_hp_loss":0,"event_name":"The Library","floor":25,"gold_loss":0,"cards_obtained":["Storm"]},{"damage_healed":0,"gold_gain":100,"player_choice":"Pray","damage_taken":0,"max_hp_gain":0,"max_hp_loss":0,"event_name":"Golden Shrine","floor":29,"gold_loss":0},{"damage_healed":0,"gold_gain":0,"player_choice":"Fight","damage_taken":0,"max_hp_gain":0,"max_hp_loss":0,"event_name":"Mysterious Sphere","floor":37,"gold_loss":0},{"damage_healed":0,"gold_gain":0,"player_choice":"Max HP","damage_taken":0,"max_hp_gain":0,"max_hp_loss":4,"event_name":"Winding Halls","floor":38,"gold_loss":0},{"damage_healed":0,"gold_gain":0,"player_choice":"Memory 1","damage_taken":0,"max_hp_gain":0,"max_hp_loss":0,"event_name":"SensoryStone","floor":39,"gold_loss":0},{"damage_healed":0,"gold_gain":0,"player_choice":"Ignored","damage_taken":0,"max_hp_gain":0,"max_hp_loss":0,"event_name":"Tomb of Lord Red Mask","floor":42,"gold_loss":0}],"is_beta":false,"boss_relics":[{"not_picked":["SacredBark","Philosopher\u0027s Stone"],"picked":"FrozenCore"},{"not_picked":["Inserter","Astrolabe"],"picked":"Fusion Hammer"}],"items_purged_floors":[3,53],"is_endless":false,"potions_floor_spawned":[4,5,12,14,16,24,30,31,41,44,46],"killed_by":"The Heart","ascension_level":2}}