{"host":"sav7uxregyirlf69","time":1614435680,"event":{"mods":["AchievementEnabler","BaseMod","Colored Map","DeckTracker","Keyboard Shortcuts","Minty Spire (QoL Compilation)","READ ME - Guardian Mod","StSLib","SuperFastMode"],"gold_per_floor":[115,115,130,130,130,164,182,182,209,221,221,239,239,262,262,355,355,373,411,411,434,450,450,450,450],"floor_reached":24,"language":"KOR","playtime":387,"items_purged":[],"score":446,"play_id":"22f046fb-0c4b-47a2-87ff-d1b4fbed871b","local_time":"20210227232120","is_ascension_mode":true,"campfire_choices":[{"data":"Bouncing Flask","floor":8,"key":"SMITH"},{"data":"Wraith Form v2","floor":13,"key":"SMITH"},{"data":"Catalyst","floor":15,"key":"SMITH"},{"floor":23,"key":"REST"}],"circlet_count":0,"master_deck":["AscendersBane","Strike_G+1","Strike_G","Defend_G","Defend_G","Defend_G+1","Defend_G","Defend_G","Survivor","Neutralize","Dagger Throw","Wraith Form v2+1","Underhanded Strike","Bouncing Flask+1","Catalyst+1","After Image","Choke","Tools of the Trade","Backflip"],"relics":["Ring of the Snake","NeowsBlessing","Strawberry","Golden Idol","Runic Pyramid","Red Mask"],"acts_visited":["Exordium","TheCity"],"potions_floor_usage":[19],"damage_taken":[{"damage":0,"enemies":"2 Louse","floor":1,"turns":1},{"damage":0,"enemies":"Jaw Worm","floor":3,"turns":1},{"damage":0,"enemies":"Gremlin Nob","floor":6,"turns":1},{"damage":0,"enemies":"Small Slimes","floor":7,"turns":3},{"damage":0,"enemies":"Looter","floor":10,"turns":2},{"damage":1,"enemies":"2 Fungi Beasts","floor":12,"turns":4},{"damage":28,"enemies":"Exordium Thugs","floor":14,"turns":7},{"damage":11,"enemies":"The Guardian","floor":16,"turns":7},{"damage":26,"enemies":"2 Thieves","floor":18,"turns":5},{"damage":21,"enemies":"Masked Bandits","floor":19,"turns":6},{"damage":0,"enemies":"Spheric Guardian","floor":21,"turns":2},{"damage":7,"enemies":"Cultist and Chosen","floor":22,"turns":7},{"damage":27,"enemies":"Book of Stabbing","floor":24,"turns":5}],"seed_played":"-4013532422905339778","potions_obtained":[{"floor":3,"key":"Ancient Potion"},{"floor":6,"key":"SneckoOil"},{"floor":10,"key":"SteroidPotion"},{"floor":22,"key":"FearPotion"}],"is_trial":false,"path_per_floor":["M","?","M","?","?","E","M","R","T","M","?","M","R","M","R","B",null,"M","?","?","M","M","R","E"],"character_chosen":"THE_SILENT","items_purchased":[],"campfire_rested":1,"item_purchase_floors":[],"current_hp_per_floor":[59,59,59,39,61,68,68,68,68,68,66,65,65,37,37,26,56,30,9,9,9,2,21,0,0],"gold":450,"neow_bonus":"THREE_ENEMY_KILL","is_daily":false,"chose_seed":false,"campfire_upgraded":3,"win_rate":0.0,"timestamp":1614435680,"path_taken":["M","?","M","?","?","E","?","R","T","M","?","M","R","M","R","BOSS","M","?","?","M","?","R","E"],"items_purchased_type":[],"build_version":"2020-12-22","purchased_purges":0,"victory":false,"max_hp_per_floor":[66,66,66,66,66,73,73,73,73,73,66,66,66,66,66,66,66,66,66,66,66,66,66,66,66],"card_choices":[{"not_picked":["Quick Slash","Riddle With Holes"],"picked":"Dagger Throw","floor":1},{"not_picked":["Flying Knee","Finisher"],"picked":"Underhanded Strike","floor":3},{"not_picked":["Terror","Dagger Throw"],"picked":"Bouncing Flask","floor":6},{"not_picked":["Leg Sweep","Bane","Dagger Spray"],"picked":"SKIP","floor":7},{"not_picked":["PiercingWail","Underhanded Strike","Bane"],"picked":"SKIP","floor":10},{"not_picked":["Flying Knee","Dagger Throw","Blur"],"picked":"SKIP","floor":12},{"not_picked":["Slice","Accuracy"],"picked":"Catalyst","floor":14},{"not_picked":["Envenom","Phantasmal Killer"],"picked":"After Image","floor":16},{"not_picked":["Poisoned Stab","Masterful Stab+1","Cloak And Dagger"],"picked":"SKIP","floor":18},{"not_picked":["Cloak And Dagger","PiercingWail"],"picked":"Backflip","floor":21},{"not_picked":["Flying Knee","Cloak And Dagger","Outmaneuver"],"picked":"SKIP","floor":22}],"player_experience":1720058,"relics_obtained":[{"floor":6,"key":"Strawberry"},{"floor":19,"key":"Red Mask"}],"event_choices":[{"damage_healed":0,"gold_gain":0,"cards_transformed":["Strike_G"],"player_choice":"Change","damage_taken":0,"max_hp_gain":0,"max_hp_loss":0,"event_name":"Living Wall","floor":2,"gold_loss":0,"cards_obtained":["Wraith Form v2"]},{"damage_healed":0,"gold_gain":0,"player_choice":"Entered Light","damage_taken":20,"max_hp_gain":0,"max_hp_loss":0,"event_name":"Shining Light","floor":4,"gold_loss":0,"cards_upgraded":["Defend_G","Strike_G"]},{"damage_healed":22,"gold_gain":0,"player_choice":"Banana","damage_taken":0,"max_hp_gain":0,"max_hp_loss":0,"event_name":"Big Fish","floor":5,"gold_loss":0},{"damage_healed":0,"gold_gain":0,"player_choice":"Lose Max HP","damage_taken":0,"relics_obtained":["Golden Idol"],"max_hp_gain":0,"max_hp_loss":7,"event_name":"Golden Idol","floor":11,"gold_loss":0},{"damage_healed":0,"gold_gain":0,"player_choice":"Fought Bandits","damage_taken":0,"max_hp_gain":0,"max_hp_loss":0,"event_name":"Masked Bandits","floor":19,"gold_loss":0},{"damage_healed":0,"gold_gain":0,"cards_transformed":["Strike_G","Strike_G"],"player_choice":"Became Test Subject","damage_taken":0,"max_hp_gain":0,"max_hp_loss":0,"event_name":"Drug Dealer","floor":20,"gold_loss":0,"cards_obtained":["Choke","Tools of the Trade"]}],"is_beta":false,"boss_relics":[{"not_picked":["Pandora\u0027s Box","Fusion Hammer"],"picked":"Runic Pyramid"}],"items_purged_floors":[],"is_endless":false,"potions_floor_spawned":[3,6,10,14,16,22],"killed_by":"Book of Stabbing","ascension_level":20}}