{"host":"1focbxb2e8qu7ccd","time":1614452011,"event":{"mods":["AchievementEnabler","BaseMod","Bestiary","Highlight Path","Minty Spire (QoL Compilation)","Relic Stats"],"gold_per_floor":[111,36,50,67,85,115,131,131,157,169,169,201,201,219,219,219,219],"floor_reached":16,"language":"ENG","playtime":1063,"items_purged":[],"score":228,"play_id":"41ac5809-ebc2-406b-83d4-83e0dd96c1bc","local_time":"20210227135331","is_ascension_mode":true,"campfire_choices":[{"data":"Crippling Poison","floor":8,"key":"SMITH"},{"data":"Tools of the Trade","floor":11,"key":"SMITH"},{"floor":13,"key":"REST"},{"data":"Noxious Fumes","floor":15,"key":"SMITH"}],"circlet_count":0,"master_deck":["AscendersBane","Strike_G","Strike_G","Strike_G","Strike_G","Strike_G","Defend_G+1","Defend_G","Defend_G+1","Defend_G","Survivor","Neutralize","Panacea","Noxious Fumes+1","Bane","Crippling Poison+1","Backflip","Tools of the Trade+1","Underhanded Strike","PiercingWail","Tactician"],"relics":["Ring of the Snake","War Paint","Potion Belt","PreservedInsect"],"acts_visited":["Exordium"],"potions_floor_usage":[6,10,16,16],"damage_taken":[{"damage":3,"enemies":"Cultist","floor":1,"turns":6},{"damage":4,"enemies":"Jaw Worm","floor":3,"turns":6},{"damage":9,"enemies":"Small Slimes","floor":4,"turns":4},{"damage":1,"enemies":"2 Fungi Beasts","floor":5,"turns":5},{"damage":8,"enemies":"3 Sentries","floor":6,"turns":8},{"damage":6,"enemies":"3 Louse","floor":7,"turns":4},{"damage":1,"enemies":"Gremlin Gang","floor":10,"turns":4},{"damage":22,"enemies":"Gremlin Nob","floor":12,"turns":4},{"damage":0,"enemies":"Lots of Slimes","floor":14,"turns":4},{"damage":25,"enemies":"Slime Boss","floor":16,"turns":7}],"seed_played":"8560718499831393529","potions_obtained":[{"floor":5,"key":"EssenceOfSteel"},{"floor":6,"key":"GhostInAJar"},{"floor":12,"key":"LiquidMemories"},{"floor":14,"key":"Strength Potion"}],"is_trial":false,"path_per_floor":["M","?","M","M","M","E","M","R","T","M","R","E","R","M","R","B"],"character_chosen":"THE_SILENT","items_purchased":[],"campfire_rested":1,"item_purchase_floors":[],"current_hp_per_floor":[56,56,52,43,42,34,28,28,28,27,27,5,24,24,24,0,0],"gold":219,"neow_bonus":"RANDOM_COLORLESS","is_daily":false,"chose_seed":false,"campfire_upgraded":3,"win_rate":0.0,"timestamp":1614452011,"path_taken":["M","?","M","M","M","E","M","R","T","M","R","E","R","M","R","BOSS"],"items_purchased_type":[],"build_version":"2020-12-22","purchased_purges":0,"victory":false,"max_hp_per_floor":[66,66,66,66,66,66,66,66,66,66,66,66,66,66,66,66,66],"relic_stats":{"counters":[10,52],"PreservedInsect":0,"War Paint":["Defend_G","Defend_G"],"obtain_stats":[{"Potion Belt":9,"PreservedInsect":12,"War Paint":6,"Ring of the Snake":0},{"Potion Belt":6,"PreservedInsect":8,"War Paint":5,"Ring of the Snake":0},{"Potion Belt":33,"PreservedInsect":41,"War Paint":29,"Ring of the Snake":0}],"Ring of the Snake":[20]},"card_choices":[{"not_picked":["Trip","Madness"],"picked":"Panacea","floor":0},{"not_picked":["Choke","Calculated Gamble"],"picked":"Noxious Fumes","floor":1},{"not_picked":["Flying Knee","Cloak And Dagger"],"picked":"Bane","floor":3},{"not_picked":["Sucker Punch","Well Laid Plans"],"picked":"Crippling Poison","floor":4},{"not_picked":["Deflect","Choke"],"picked":"Backflip","floor":5},{"not_picked":["PiercingWail","Flying Knee"],"picked":"Tools of the Trade","floor":6},{"not_picked":["Acrobatics","Deadly Poison"],"picked":"Underhanded Strike","floor":7},{"not_picked":["Blade Dance","Backflip"],"picked":"PiercingWail","floor":10},{"not_picked":["Blade Dance","Distraction","Doppelganger"],"picked":"SKIP","floor":12},{"not_picked":["Acrobatics","PiercingWail"],"picked":"Tactician","floor":14}],"player_experience":1054107,"relics_obtained":[{"floor":6,"key":"War Paint"},{"floor":9,"key":"Potion Belt"},{"floor":12,"key":"PreservedInsect"}],"event_choices":[{"cards_removed":["Defend_G"],"damage_healed":0,"gold_gain":0,"player_choice":"Card Removal","damage_taken":0,"max_hp_gain":0,"max_hp_loss":0,"event_name":"The Cleric","floor":2,"gold_loss":75}],"is_beta":false,"boss_relics":[],"items_purged_floors":[],"is_endless":false,"potions_floor_spawned":[5,6,12,14],"killed_by":"Slime Boss","ascension_level":20}}