{"host":"p4v0hquynnreu717","time":1614459340,"event":{"mods":["BaseMod","DeckTracker","Googly Eyes","Marisa£¨ìFÓê¡¡Ä§ÀíÉ³£©","Minty Spire (QoL Compilation)","Quick Restart","RumiaBox-Â¶Ã×æ«µÄÉñÃØºÐ×Ó","StSLib","SuperFastMode","[IsaacMod]ÒÔÈö¼âËþ","¡¾ÒÅÎï¿¨ÅÆ¡¿REMEMod"],"gold_per_floor":[115,40,40,40,50,50,78,78,78,208,188,188,3,35,35,152,152,170,230,276,276,151,151,162,162,162,162,210,210,210,210,210,368,368,388,388,78,101,182,182,182,705,705,368,469,469,469,469,469,965,1093,1093,1093,578,613,817],"floor_reached":57,"language":"ZHS","playtime":3077,"items_purged":["Defend_P","Defend_P","Weave+1","FlyingSleeves+1","StarBarrage","ShootTheMoon","Defend_P"],"score":3195,"play_id":"69808877-f30d-450d-a259-395f1abc06a9","local_time":"20210228045540","is_ascension_mode":true,"campfire_choices":[{"data":"Eruption","floor":6.0,"key":"SMITH"},{"data":"UltimateShortwave","floor":8.0,"key":"SMITH"},{"data":"MagicChant","floor":12.0,"key":"SMITH"},{"data":"Scrawl","floor":15.0,"key":"SMITH"},{"data":"Creative AI","floor":23.0,"key":"SMITH"},{"floor":25.0,"key":"REST"},{"data":"EarthLightRay","floor":32.0,"key":"SMITH"},{"data":"REME_CRH","floor":40.0,"key":"SMITH"},{"data":"MasterReality","floor":46.0,"key":"SMITH"},{"floor":49.0,"key":"RECALL"},{"data":"Madness","floor":53,"key":"SMITH"}],"circlet_count":0,"master_deck":["AscendersBane","Eruption+1","Vigilance","Creative AI+1","Robbery+1","ClearTheMind+1","MagicChant+1","UltimateShortwave+1","ShootingEcho+1","Scrawl+1","TalkToTheHand+1","FearNoEvil+1","SuperPerseids","DeceiveReality+1","ForeignInfluence+1","PowerUp+1","EarthLightRay+1","Orbital+1","REME_CRH+1","MilkyWay+1","Madness","Madness+1","MasterReality+1","EarthLightRay+1","Acceleration+1","MagicChant+1","Sanctity","MagicAbsorber"],"relics":["PureWater","HushsDoor","REME_ComplimentaryCards","GuppysTail","NeowsBlessing","Boot","MagicDraw4","Matryoshka","Eternal Feather","TheBible","Astrolabe","TheBean","Du-Vu Doll","SatanicBible","AddBug","TheBean","Lantern","Blood Vial","TungstenRod","GnawedLeaf","Juzu Bracelet","Membership Card","MagicDraw2","Whetstone","TheBean","Yang"],"acts_visited":["Exordium","TheCity","TheBeyond","TheEnding"],"potions_floor_usage":[51],"damage_taken":[{"damage":0.0,"enemies":"Small Slimes","floor":1.0,"turns":1.0},{"damage":0.0,"enemies":"2 Louse","floor":5.0,"turns":1.0},{"damage":0.0,"enemies":"Gremlin Nob","floor":7.0,"turns":1.0},{"damage":20.0,"enemies":"Lagavulin","floor":10.0,"turns":7.0},{"damage":19.0,"enemies":"Gremlin Nob","floor":14.0,"turns":4.0},{"damage":5.0,"enemies":"The Guardian","floor":16.0,"turns":10.0},{"damage":22.0,"enemies":"Shell Parasite","floor":18.0,"turns":6.0},{"damage":16.0,"enemies":"2 Thieves","floor":19.0,"turns":3.0},{"damage":6.0,"enemies":"3 Cultists","floor":20.0,"turns":3.0},{"damage":11.0,"enemies":"Snecko","floor":24.0,"turns":6.0},{"damage":19.0,"enemies":"REME_1_Revenger","floor":28.0,"turns":5.0},{"damage":0.0,"enemies":"Automaton","floor":33.0,"turns":6.0},{"damage":32.0,"enemies":"Orb Walker","floor":35.0,"turns":7.0},{"damage":17.0,"enemies":"3 Shapes","floor":38.0,"turns":8.0},{"damage":0.0,"enemies":"Transient","floor":39.0,"turns":6.0},{"damage":46.0,"enemies":"Giant Head","floor":42.0,"turns":6.0},{"damage":3.0,"enemies":"Jaw Worm Horde","floor":45.0,"turns":4.0},{"damage":0.0,"enemies":"Awakened One","floor":50.0,"turns":2.0},{"damage":5,"enemies":"Time Eater","floor":51,"turns":11},{"damage":10,"enemies":"Shield and Spear","floor":55,"turns":2},{"damage":0,"enemies":"Delirium","floor":56,"turns":7}],"seed_played":"1133682800294058962","potions_obtained":[{"floor":7.0,"key":"SteroidPotion"},{"floor":10.0,"key":"Fire Potion"},{"floor":11.0,"key":"REME_GoldPotion"},{"floor":16.0,"key":"SteroidPotion"},{"floor":20.0,"key":"AttackPotion"},{"floor":24.0,"key":"PowerPotion"},{"floor":28.0,"key":"Fire Potion"},{"floor":29.0,"key":"FairyPotion"},{"floor":42.0,"key":"Swift Potion"}],"is_trial":false,"path_per_floor":["M","$","?","?","M","R","E","R","T","E","?","R","$","E","R","B",null,"M","M","M","?","$","R","M","R","T","?","E","?","?","?","R","B",null,"M","?","$","M","M","R","T","E","T","$","M","R","?","?","R","B","B",null,"R","$","E","B",null],"character_chosen":"WATCHER","items_purchased":["StarBarrage","Lantern","Juzu Bracelet","Membership Card","MagicDraw2","Whetstone","Sanctity"],"campfire_rested":1,"item_purchase_floors":[13,37,44,54,54,54,54],"current_hp_per_floor":[61,61,54,39,39,39,39,39,39,19,19,28,28,9,18,15,55,35,19,15,15,15,24,15,47,47,47,28,28,28,28,40,54,61,41,30,30,19,25,40,40,14,14,14,31,46,46,46,61,63,63,63,63,63,63,63],"gold":817,"neow_bonus":"THREE_ENEMY_KILL","is_daily":false,"chose_seed":false,"campfire_upgraded":9,"win_rate":0.0,"timestamp":1614459340,"path_taken":["M","$","?","?","M","R","E","R","T","E","?","R","?","E","R","BOSS","M","M","M","?","$","R","M","R","T","?","E","?","?","?","R","BOSS","M","?","$","?","M","R","?","E","T","$","M","R","?","?","R","BOSS","BOSS","R","$","E","BOSS"],"items_purchased_type":["Card","Relic","Relic","Relic","Relic","Relic","Card"],"build_version":"2020-12-22","purchased_purges":7,"victory":true,"max_hp_per_floor":[68,68,68,68,68,68,68,68,68,68,68,68,68,68,68,68,68,68,68,68,68,68,68,68,68,68,68,68,68,68,68,68,68,63,63,63,63,63,63,63,63,63,63,63,63,63,63,63,63,63,63,63,63,63,63,63],"card_choices":[{"not_picked":[],"picked":"ChaosCard","floor":0.0},{"not_picked":["6A","MachineGunSpark"],"picked":"ClearTheMind","floor":1.0},{"not_picked":["DeceiveReality","WitchLeyline"],"picked":"MagicChant","floor":5.0},{"not_picked":["PathToVictory","MysteriousBeam"],"picked":"UltimateShortwave","floor":7.0},{"not_picked":["Meditate","AbsoluteMagnitude"],"picked":"ShootingEcho","floor":10.0},{"not_picked":["Pray","Halt"],"picked":"Scrawl","floor":14.0},{"not_picked":["JA","BigCrunch"],"picked":"LessonLearned","floor":16.0},{"not_picked":["Pray","IllusionStar"],"picked":"FearNoEvil","floor":18.0},{"not_picked":["ThirdEye","Consecrate"],"picked":"SuperPerseids","floor":19.0},{"not_picked":["SprinkleStarSeal","SignatureMove"],"picked":"DeceiveReality","floor":20.0},{"not_picked":["WheelKick","ForeignInfluence"],"picked":"ShootTheMoon","floor":24.0},{"not_picked":["FollowUp","Conclude"],"picked":"PowerUp+1","floor":28.0},{"not_picked":["ManaRampage","CasketOfStar"],"picked":"REME_CRH","floor":33.0},{"not_picked":["Protect","Occultation"],"picked":"MilkyWay+1","floor":35.0},{"not_picked":["6A","Meditate"],"picked":"MasterReality","floor":38.0},{"not_picked":["SandsOfTime","CarveReality"],"picked":"EarthLightRay+1","floor":39.0},{"not_picked":["LuminesStrike","ManaRampage"],"picked":"Acceleration+1","floor":42.0},{"not_picked":["BowlingBash","SporeBomb"],"picked":"MagicChant+1","floor":45.0},{"not_picked":["ShootingEcho","TreasureHunter"],"picked":"MagicAbsorber","floor":55}],"player_experience":1178272,"relics_obtained":[{"floor":7.0,"key":"MagicDraw4"},{"floor":9.0,"key":"Matryoshka"},{"floor":10.0,"key":"Eternal Feather"},{"floor":14.0,"key":"TheBible"},{"floor":26.0,"key":"TheBean"},{"floor":26.0,"key":"Du-Vu Doll"},{"floor":28.0,"key":"SatanicBible"},{"floor":35.0,"key":"TheBean"},{"floor":41.0,"key":"Blood Vial"},{"floor":41.0,"key":"TungstenRod"},{"floor":42.0,"key":"GnawedLeaf"},{"floor":55,"key":"TheBean"},{"floor":55,"key":"Yang"}],"event_choices":[{"cards_removed":["Strike_P"],"damage_healed":0.0,"max_hp_gain":0.0,"max_hp_loss":0.0,"gold_gain":0.0,"event_name":"Golden Wing","player_choice":"Card Removal","floor":3.0,"gold_loss":0.0,"damage_taken":7.0},{"damage_healed":0.0,"max_hp_gain":0.0,"max_hp_loss":0.0,"gold_gain":0.0,"event_name":"The Woman in Blue","player_choice":"Bought 1 Potion","floor":11.0,"gold_loss":0.0,"damage_taken":0.0},{"damage_healed":0.0,"max_hp_gain":0.0,"max_hp_loss":0.0,"gold_gain":0.0,"event_name":"Cursed Tome","player_choice":"Ignored","floor":21.0,"gold_loss":0.0,"damage_taken":0.0},{"damage_healed":0.0,"max_hp_gain":0.0,"max_hp_loss":0.0,"gold_gain":0.0,"cards_transformed":["Strike_P"],"event_name":"Transmorgrifier","player_choice":"Transformed","floor":27.0,"gold_loss":0.0,"damage_taken":0.0,"cards_obtained":["ForeignInfluence"]},{"damage_healed":0.0,"max_hp_gain":0.0,"max_hp_loss":0.0,"gold_gain":0.0,"event_name":"Lab","player_choice":"Got Potions","floor":29.0,"gold_loss":0.0,"damage_taken":0.0},{"damage_healed":0.0,"max_hp_gain":0.0,"max_hp_loss":0.0,"gold_gain":0.0,"event_name":"Match and Keep!","player_choice":"1 cards matched","floor":30.0,"gold_loss":0.0,"damage_taken":0.0,"cards_obtained":["EarthLightRay"]},{"damage_healed":0.0,"max_hp_gain":0.0,"max_hp_loss":0.0,"gold_gain":0.0,"event_name":"The Library","player_choice":"Read","floor":31.0,"gold_loss":0.0,"damage_taken":0.0,"cards_obtained":["Orbital"]},{"damage_healed":0.0,"max_hp_gain":0.0,"max_hp_loss":0.0,"gold_gain":0.0,"event_name":"Winding Halls","player_choice":"Embrace Madness","floor":36.0,"gold_loss":0.0,"damage_taken":11.0,"cards_obtained":["Madness","Madness"]},{"cards_removed":["LessonLearned"],"damage_healed":0.0,"max_hp_gain":0.0,"max_hp_loss":0.0,"gold_gain":0.0,"event_name":"Falling","player_choice":"Removed Attack","floor":47.0,"gold_loss":0.0,"damage_taken":0.0},{"damage_healed":0.0,"max_hp_gain":0.0,"max_hp_loss":0.0,"gold_gain":0.0,"event_name":"Tomb of Lord Red Mask","player_choice":"Ignored","floor":48.0,"gold_loss":0.0,"damage_taken":0.0}],"is_beta":false,"boss_relics":[{"not_picked":["Coffee Dripper","SacredBark"],"picked":"Astrolabe"},{"not_picked":[]},{"not_picked":["Cursed Key","Philosopher\u0027s Stone"],"picked":"AddBug"},{"not_picked":[]}],"items_purged_floors":[2,13,22,34,37,44,54],"is_endless":false,"potions_floor_spawned":[7,10,16,20,24,28,42],"ascension_level":20}}