{"host":"xltl1aroowo69o4n","time":1614447126,"event":{"mods":["BaseMod","Colored Map","Colored Powertips","Downfall","Koishi","Marisa????????","Minty Spire (QoL Compilation)","Replay The Spire","StSLib","The Cursed","The Hierophant","The Mystic","The Necromancer","The Servant 0.9.4"],"gold_per_floor":[99,9,109,128,128,128,128,128,151,169,189,236,136,161,196,196,196],"floor_reached":16,"language":"ENG","playtime":519,"items_purged":["Looming Evil"],"score":110,"play_id":"25003e8f-dd0d-419c-8e6e-67046750aac7","local_time":"20210227123206","is_ascension_mode":true,"campfire_choices":[{"floor":13,"key":"REST"}],"circlet_count":0,"master_deck":["Strike_MRS","Strike_MRS","Strike_MRS","Strike_MRS","Defend_MRS","Defend_MRS","Defend_MRS","MasterSpark","UpSweep","ManaConvection+1","PulseMagic+1","DoubleSpark","AlicesGift","NonDirectionalLaser","WitchOfGreed","StarDustReverie","GrandCross","FairyDestructionRay"],"relics":["MiniHakkero","Bird Faced Urn","Replay:Rubber Ducky","Quantum Egg","downfall:HeartBlessingBlue"],"acts_visited":["Exordium"],"potions_floor_usage":[12,15],"damage_taken":[{"damage":5,"enemies":"downfall:FleeingMerchant","floor":2,"turns":4},{"damage":7,"enemies":"Jaw Worm","floor":4,"turns":2},{"damage":0,"enemies":"Cultist","floor":8,"turns":1},{"damage":0,"enemies":"Small Slimes","floor":10,"turns":2},{"damage":0,"enemies":"Large Slime","floor":11,"turns":3},{"damage":37,"enemies":"Lagavulin","floor":12,"turns":7},{"damage":43,"enemies":"Gremlin Gang","floor":14,"turns":4},{"damage":14,"enemies":"Exordium Thugs","floor":15,"turns":4},{"damage":15,"enemies":"IC_STATUS_ARCHETYPE","floor":16,"turns":2}],"seed_played":"-1648953885602481342","potions_obtained":[{"floor":4,"key":"SteroidPotion"},{"floor":10,"key":"SkillPotion"},{"floor":12,"key":"Elixir"},{"floor":12,"key":"Elixir"},{"floor":15,"key":"Elixir"}],"is_trial":false,"path_per_floor":["R_BF","$","?","M","?","?","T","M","T","M","M","E","R","M","M","B"],"character_chosen":"MARISA","items_purchased":[],"campfire_rested":1,"item_purchase_floors":[],"current_hp_per_floor":[75,70,70,63,63,63,63,63,63,63,63,28,63,22,12,0,0],"gold":196,"neow_bonus":"ONE_RARE_RELIC","is_daily":false,"chose_seed":false,"campfire_upgraded":0,"win_rate":0.0,"timestamp":1614447126,"path_taken":["R_BF","$","?","M","?","?","T","?","?","M","M","E","R","M","M","BOSS"],"items_purchased_type":[],"build_version":"2020-12-13","purchased_purges":1,"victory":false,"max_hp_per_floor":[75,75,75,75,75,75,75,75,75,75,75,75,85,85,85,85,85],"card_choices":[{"not_picked":["GalacticHalo","SporeBomb"],"picked":"PulseMagic","floor":2},{"not_picked":["StarlightTyphoon","Acceleration"],"picked":"DoubleSpark","floor":4},{"not_picked":["EnergyRecoil","PowerUp"],"picked":"AlicesGift","floor":8},{"not_picked":["EscapeVelocity","GravityBeat"],"picked":"NonDirectionalLaser","floor":10},{"not_picked":["Robbery","AlicesGift"],"picked":"WitchOfGreed","floor":11},{"not_picked":["ShootingEcho","ChargeUpSpray"],"picked":"StarDustReverie","floor":12},{"not_picked":["PowerUp","MachineGunSpark"],"picked":"GrandCross","floor":14},{"not_picked":["Acceleration","GrandCross"],"picked":"FairyDestructionRay","floor":15}],"player_experience":291987,"relics_obtained":[{"floor":9,"key":"Replay:Rubber Ducky"},{"floor":12,"key":"Quantum Egg"}],"event_choices":[],"is_beta":false,"boss_relics":[],"items_purged_floors":[2],"is_endless":false,"potions_floor_spawned":[4,10,12],"killed_by":"IC_STATUS_ARCHETYPE","ascension_level":2}}