{"host":"jsd6g3c2vo13e69c","time":1614384397,"event":{"mods":["2.2 Compatiblity","Act Like it!","BaseMod","Better Altar","Better Match","Better Note","Better Sensory Stone","Better Third Choice","BetterRewards","Colored Map","Colored Powertips","Downfall","Friendly Minions","GifTheSpireLib","Googly Eyes","Gremlin Mod","Hermit","Hubris","Infinite Spire","Melee Mod","Minty Spire (QoL Compilation)","Permanent Neow","Quick Restart","Random Character Button","Replay The Spire","Shop Mod","Spire Arcade","StSLib","The Cursed","The Disciple","The Forsaken","thorton"],"gold_per_floor":[99,110,125,140,140,152,164,187,215,247,259,283,295,325,356,468,480,492,523,554,580,577,589,625,637,637,637],"floor_reached":25,"language":"ENG","playtime":1406,"items_purged":[],"score":224,"play_id":"d1f17874-6c4b-47fe-9f6f-10a49c62a658","local_time":"20210226190637","is_ascension_mode":false,"campfire_choices":[{"data":"champ:Taunt","floor":1,"key":"SMITH"},{"data":"champ:FocusedBerserking","floor":11,"key":"SMITH"},{"data":"champ:SwordThrow","floor":13,"key":"SMITH"},{"data":"champ:TripleStrike","floor":18,"key":"SMITH"},{"data":"champ:LastStand","floor":23,"key":"SMITH"}],"circlet_count":0,"master_deck":["champ:Strike","champ:Strike","champ:Strike","champ:Strike","champ:Defend","champ:Defend","champ:Defend","champ:Defend","champ:Execute","champ:Taunt+1","champ:EnragedBash","champ:PreciseThrust","champ:RisingSlash","Skewer","champ:PreciseThrust","champ:Haymaker","champ:SwordThrow+1","champ:PreciseThrust","champ:DeathBlow","champ:FocusedBerserking+1","champ:Duel","champ:RecklessLeap","champ:FocusedBerserking","champ:CrownThrow","champ:TripleStrike+1","champ:LastStand+1","champ:PreciseThrust+1","champ:AdrenalArmor","champ:RapidStrikes+1","champ:AdrenalArmor"],"relics":["champ:ChampionCrown","Blue Doll","MawBank","Prayer Wheel"],"acts_visited":["Exordium","TheCity"],"potions_floor_usage":[8,9,16,20,25,25],"damage_taken":[{"damage":25,"enemies":"Small Slimes","floor":2,"turns":4},{"damage":20,"enemies":"Cultist","floor":3,"turns":3},{"damage":31,"enemies":"Jaw Worm","floor":4,"turns":5},{"damage":16,"enemies":"3 Louse","floor":8,"turns":2},{"damage":28,"enemies":"Lots of Slimes","floor":9,"turns":4},{"damage":31,"enemies":"Large Slime","floor":10,"turns":4},{"damage":14,"enemies":"Gremlin Gang","floor":12,"turns":4},{"damage":20,"enemies":"Blue Slaver","floor":14,"turns":3},{"damage":11,"enemies":"Red Slaver","floor":15,"turns":3},{"damage":76,"enemies":"SI_SHIV_ARCHETYPE","floor":16,"turns":9},{"damage":59,"enemies":"downfall:LooterAlt2","floor":19,"turns":5},{"damage":30,"enemies":"Spheric Guardian","floor":20,"turns":3},{"damage":33,"enemies":"Chosen and Byrds","floor":21,"turns":4},{"damage":25,"enemies":"downfall:FleeingMerchant","floor":22,"turns":4},{"damage":38,"enemies":"Snake Plant","floor":25,"turns":3}],"seed_played":"1570234408522236514","potions_obtained":[{"floor":2,"key":"LiquidBronze"},{"floor":6,"key":"Explosive Potion"},{"floor":6,"key":"FairyPotion"},{"floor":8,"key":"Adrenaline Potion"},{"floor":10,"key":"Dexterity Potion"},{"floor":15,"key":"champ:TechniquePotion"},{"floor":16,"key":"Energy Potion"},{"floor":19,"key":"Fire Potion"}],"is_trial":false,"path_per_floor":["R","M","M","M","?","?","T","M","M","M","R","M","R","M","M","B",null,"R","M","M","M","$","R","T","M"],"character_chosen":"THE_CHAMP","items_purchased":[],"campfire_rested":0,"item_purchase_floors":[],"current_hp_per_floor":[90,90,90,84,76,76,76,70,57,41,41,32,32,27,16,19,90,90,56,51,48,38,38,38,0,0,0],"gold":637,"neow_bonus":"RANDOM_COMMON_RELIC","is_daily":false,"chose_seed":false,"campfire_upgraded":5,"win_rate":0.0,"timestamp":1614384397,"path_taken":["R","M","M","M","?","?","T","M","M","M","R","M","R","M","M","BOSS","R","M","?","M","?","R","T","M"],"items_purchased_type":[],"build_version":"2020-12-22","purchased_purges":0,"victory":false,"max_hp_per_floor":[90,90,90,90,90,90,90,90,90,90,90,90,90,90,90,90,90,90,90,90,90,90,90,90,90,90,90],"card_choices":[{"not_picked":["champ:CrownThrow","champ:FocusedDefense"],"picked":"champ:EnragedBash","floor":2},{"not_picked":["champ:CalledShot","champ:ShieldWall"],"picked":"champ:PreciseThrust","floor":3},{"not_picked":["champ:ShieldWall","champ:EnGarde"],"picked":"champ:RisingSlash","floor":4},{"not_picked":["champ:RapidStrikes","champ:FalseCounter"],"picked":"champ:PreciseThrust","floor":8},{"not_picked":["champ:SkillfulDodge","champ:PerfectedStrike"],"picked":"champ:Haymaker","floor":8},{"not_picked":["champ:EnGarde","champ:Circumvent"],"picked":"champ:SwordThrow","floor":9},{"not_picked":["champ:FlashCut","champ:ShieldWall"],"picked":"champ:PreciseThrust","floor":9},{"not_picked":["champ:CrownThrow","champ:StanceDance"],"picked":"champ:DeathBlow","floor":10},{"not_picked":["champ:Backstep","champ:DefensiveShout"],"picked":"champ:FocusedBerserking","floor":10},{"not_picked":["champ:BladeFlurry","champ:IronFortress"],"picked":"champ:Duel","floor":12},{"not_picked":["champ:SetATrap","champ:Circumvent","champ:DefensiveShout"],"picked":"SKIP","floor":12},{"not_picked":["champ:StanceDance","champ:Encircle"],"picked":"champ:RecklessLeap","floor":14},{"not_picked":["champ:ShieldWall","champ:StanceDance","champ:IronFortress"],"picked":"SKIP","floor":14},{"not_picked":["champ:IgnorePain","champ:CrookedStrike"],"picked":"champ:FocusedBerserking","floor":15},{"not_picked":["champ:PreciseThrust","champ:FanOfKnives"],"picked":"champ:CrownThrow","floor":15},{"not_picked":["champ:ShieldThrow","champ:IgnorePain"],"picked":"champ:TripleStrike","floor":16},{"not_picked":["champ:BerserkersShout","champ:Backstep","champ:GutPunch"],"picked":"SKIP","floor":19},{"not_picked":["champ:FanOfKnives","champ:PerfectedStrike+1","champ:GladiatorStyle"],"picked":"SKIP","floor":19},{"not_picked":["champ:FanOfKnives","champ:BladeFlurry"],"picked":"champ:LastStand","floor":20},{"not_picked":["champ:CalledShot","champ:BladeFlurry"],"picked":"champ:PreciseThrust+1","floor":20},{"not_picked":["champ:Parry+1","champ:EnGarde"],"picked":"champ:AdrenalArmor","floor":21},{"not_picked":["champ:StanceDance","champ:FanOfKnives"],"picked":"champ:RapidStrikes+1","floor":21},{"not_picked":["champ:BerserkersShout","champ:FlashCut"],"picked":"champ:AdrenalArmor","floor":22}],"player_experience":513040,"relics_obtained":[{"floor":7,"key":"Prayer Wheel"}],"event_choices":[{"damage_healed":0,"gold_gain":0,"player_choice":"Got Potions","damage_taken":0,"max_hp_gain":0,"max_hp_loss":0,"event_name":"Lab","floor":6,"gold_loss":0}],"is_beta":false,"boss_relics":[{"not_picked":["Replay:Grab Bag","hubris:VirtuousBlindfold","hubris:TerracottaHorce"]}],"items_purged_floors":[],"is_endless":false,"potions_floor_spawned":[2,8,10,15,16,19],"killed_by":"Snake Plant","ascension_level":0}}