{"host":"3fq4qkq16k5wd7va","time":1614444573,"event":{"mods":["BaseMod","Better Match","Googly Eyes","Minty Spire (QoL Compilation)","StSLib"],"gold_per_floor":[112,129,146,96,21,21,40,65,92,105,105,130,145,145,145,145,145],"floor_reached":16,"language":"ENG","playtime":1095,"items_purged":["Strike_R"],"score":123,"play_id":"4aed5276-5e71-4da2-b258-a5736e2e7e16","local_time":"20210228034933","is_ascension_mode":true,"campfire_choices":[{"data":"Body Slam","floor":6,"key":"SMITH"},{"data":"Shrug It Off","floor":11,"key":"SMITH"},{"data":"Whirlwind","floor":15,"key":"SMITH"}],"circlet_count":0,"master_deck":["Strike_R","Strike_R","Strike_R","Defend_R","Defend_R","Defend_R","Defend_R","Bash+1","Ghostly Armor","Body Slam+1","Shrug It Off+1","Body Slam","Whirlwind+1"],"relics":["Burning Blood","Tiny Chest","Centennial Puzzle","PreservedInsect","Charon\u0027s Ashes"],"acts_visited":["Exordium"],"potions_floor_usage":[7,16,16],"damage_taken":[{"damage":0,"enemies":"2 Louse","floor":1,"turns":2},{"damage":5,"enemies":"Small Slimes","floor":2,"turns":3},{"damage":1,"enemies":"Cultist","floor":3,"turns":3},{"damage":30,"enemies":"Gremlin Gang","floor":7,"turns":4},{"damage":11,"enemies":"3 Sentries","floor":8,"turns":11},{"damage":0,"enemies":"3 Louse","floor":10,"turns":4},{"damage":26,"enemies":"Lagavulin","floor":12,"turns":7},{"damage":8,"enemies":"Large Slime","floor":13,"turns":5},{"damage":50,"enemies":"The Guardian","floor":16,"turns":11}],"seed_played":"2587207106856255072","potions_obtained":[{"floor":1,"key":"Fire Potion"},{"floor":10,"key":"Block Potion"},{"floor":13,"key":"AttackPotion"}],"is_trial":false,"path_per_floor":["M","M","M","?","$","R","M","E","T","M","R","E","M","?","R","B"],"character_chosen":"IRONCLAD","items_purchased":[],"campfire_rested":0,"item_purchase_floors":[],"current_hp_per_floor":[80,80,80,80,80,80,56,51,51,57,57,37,35,28,28,0,0],"gold":145,"neow_bonus":"UPGRADE_CARD","is_daily":false,"chose_seed":false,"campfire_upgraded":3,"win_rate":0.0,"timestamp":1614444573,"path_taken":["M","M","M","?","$","R","M","E","T","M","R","E","M","?","R","BOSS"],"items_purchased_type":[],"build_version":"2020-12-22","purchased_purges":1,"victory":false,"max_hp_per_floor":[80,80,80,80,80,80,80,80,80,80,80,80,80,80,80,80,80],"card_choices":[{"not_picked":["Infernal Blade","Dark Embrace","Thunderclap"],"picked":"SKIP","floor":1},{"not_picked":["Infernal Blade","Dark Embrace","Thunderclap"],"picked":"SKIP","floor":1},{"not_picked":["Infernal Blade","Hemokinesis"],"picked":"Ghostly Armor","floor":2},{"not_picked":["Flame Barrier","Clash"],"picked":"Body Slam","floor":3},{"not_picked":["Havoc","Clash"],"picked":"Shrug It Off","floor":7},{"not_picked":["Perfected Strike","Pummel","Immolate"],"picked":"SKIP","floor":8},{"not_picked":["Sever Soul","Power Through"],"picked":"Body Slam","floor":10},{"not_picked":["Iron Wave","Thunderclap","Power Through"],"picked":"SKIP","floor":12},{"not_picked":["Sword Boomerang","Wild Strike"],"picked":"Whirlwind","floor":13}],"player_experience":165604,"relics_obtained":[{"floor":8,"key":"Tiny Chest"},{"floor":9,"key":"Centennial Puzzle"},{"floor":12,"key":"PreservedInsect"}],"event_choices":[{"cards_removed":["Strike_R"],"damage_healed":0,"gold_gain":0,"player_choice":"Card Removal","damage_taken":0,"max_hp_gain":0,"max_hp_loss":0,"event_name":"The Cleric","floor":4,"gold_loss":50},{"damage_healed":0,"gold_gain":0,"player_choice":"Success","damage_taken":7,"relics_obtained":["Charon\u0027s Ashes"],"max_hp_gain":0,"max_hp_loss":0,"event_name":"Scrap Ooze","floor":14,"gold_loss":0}],"is_beta":false,"boss_relics":[],"items_purged_floors":[5],"is_endless":false,"potions_floor_spawned":[1,10,13],"killed_by":"The Guardian","ascension_level":2}}