{"host":"2rbn7ywmirq5y689","time":1614452568,"event":{"mods":["BaseMod","Bestiary","Colored Map","Colored Powertips","Highlight Path","Minty Spire (QoL Compilation)","Rare Cards Sparkle","Relic Stats","StSLib"],"gold_per_floor":[113,113,123,138,57,85,102,131,157,157,169,57,132,144,144,244,294,313,135,135,135,135,135,145,145,145],"floor_reached":25,"language":"ENG","playtime":1328,"items_purged":["Strike_R","Strike_R"],"score":264,"play_id":"c5566137-320b-4f9a-8ac0-9a51680a1434","local_time":"20210228030248","is_ascension_mode":true,"campfire_choices":[{"data":"Fire Breathing","floor":10,"key":"SMITH"},{"data":"Uppercut","floor":15,"key":"SMITH"},{"data":"Corruption","floor":23,"key":"SMITH"}],"circlet_count":0,"master_deck":["Strike_R+1","Defend_R","Defend_R","Defend_R","Defend_R","Bash","Wild Strike","Intimidate","Uppercut+1","Flame Barrier","Sword Boomerang","Fire Breathing+1","Inflame","Corruption+1","Spot Weakness","Dark Embrace","True Grit","Feel No Pain","Decay","Disarm"],"relics":["Burning Blood","Calipers","Blood Vial","Strawberry","Tiny House"],"acts_visited":["Exordium","TheCity"],"potions_floor_usage":[6,16,18,18,24],"damage_taken":[{"damage":8,"enemies":"Small Slimes","floor":1,"turns":4},{"damage":9,"enemies":"Jaw Worm","floor":3,"turns":2},{"damage":6,"enemies":"Cultist","floor":4,"turns":3},{"damage":28,"enemies":"Gremlin Nob","floor":6,"turns":4},{"damage":5,"enemies":"2 Fungi Beasts","floor":7,"turns":3},{"damage":43,"enemies":"Lagavulin","floor":8,"turns":11},{"damage":4,"enemies":"Blue Slaver","floor":11,"turns":4},{"damage":0,"enemies":"Large Slime","floor":14,"turns":5},{"damage":23,"enemies":"Slime Boss","floor":16,"turns":7},{"damage":53,"enemies":"Spheric Guardian","floor":18,"turns":9},{"damage":17,"enemies":"Chosen","floor":24,"turns":6},{"damage":26,"enemies":"3 Cultists","floor":25,"turns":3}],"seed_played":"-9190086186787081054","potions_obtained":[{"floor":0,"key":"LiquidMemories"},{"floor":0,"key":"BloodPotion"},{"floor":0,"key":"CultistPotion"},{"floor":6,"key":"BlessingOfTheForge"},{"floor":16,"key":"SkillPotion"},{"floor":18,"key":"EssenceOfSteel"}],"is_trial":false,"path_per_floor":["M","?","M","M","$","E","M","E","T","R","M","$","?","M","R","B",null,"M","$","?","?","$","R","M","M"],"character_chosen":"IRONCLAD","items_purchased":["Flame Barrier","Inflame","Dark Embrace"],"campfire_rested":0,"item_purchase_floors":[5,12,19],"current_hp_per_floor":[78,78,75,75,75,69,70,33,40,40,44,44,33,41,41,26,77,32,32,32,32,32,32,23,0,0],"gold":145,"neow_bonus":"THREE_SMALL_POTIONS","is_daily":false,"chose_seed":false,"campfire_upgraded":3,"win_rate":0.0,"timestamp":1614452568,"path_taken":["M","?","M","M","$","E","M","E","T","R","M","$","?","M","R","BOSS","M","$","?","?","$","R","M","M"],"items_purchased_type":["Card","Card","Card"],"build_version":"2020-12-22","purchased_purges":2,"victory":false,"max_hp_per_floor":[80,80,80,80,80,80,80,80,87,87,87,87,87,87,87,87,92,92,92,92,92,92,92,92,92,92],"relic_stats":{"Blood Vial":12,"counters":[12,61],"obtain_stats":[{"Blood Vial":8,"Calipers":6,"Tiny House":17,"Strawberry":9,"Burning Blood":0},{"Blood Vial":6,"Calipers":4,"Tiny House":9,"Strawberry":6,"Burning Blood":0},{"Blood Vial":27,"Calipers":13,"Tiny House":43,"Strawberry":27,"Burning Blood":0}],"Burning Blood":66},"card_choices":[{"not_picked":["Perfected Strike","Seeing Red"],"picked":"Wild Strike","floor":1},{"not_picked":["Bloodletting","Perfected Strike","Iron Wave"],"picked":"SKIP","floor":3},{"not_picked":["Entrench","Wild Strike"],"picked":"Uppercut","floor":4},{"not_picked":["Anger","Perfected Strike"],"picked":"Iron Wave","floor":6},{"not_picked":["Battle Trance","Anger"],"picked":"Sword Boomerang","floor":7},{"not_picked":["Headbutt","Blood for Blood"],"picked":"Fire Breathing","floor":8},{"not_picked":["Iron Wave","Flame Barrier","Pommel Strike"],"picked":"SKIP","floor":11},{"not_picked":["Combust","Perfected Strike","Armaments"],"picked":"SKIP","floor":14},{"not_picked":["Feed","Juggernaut"],"picked":"Corruption","floor":16},{"not_picked":["Warcry","Twin Strike"],"picked":"Spot Weakness","floor":18},{"not_picked":["Dark Embrace","Shrug It Off"],"picked":"Disarm","floor":24}],"player_experience":242811,"relics_obtained":[{"floor":6,"key":"Calipers"},{"floor":8,"key":"Blood Vial"},{"floor":9,"key":"Strawberry"}],"event_choices":[{"damage_healed":0,"gold_gain":0,"cards_transformed":["Strike_R"],"player_choice":"Change","damage_taken":0,"max_hp_gain":0,"max_hp_loss":0,"event_name":"Living Wall","floor":2,"gold_loss":0,"cards_obtained":["Intimidate"]},{"damage_healed":0,"gold_gain":75,"player_choice":"Gather Gold","damage_taken":11,"max_hp_gain":0,"max_hp_loss":0,"event_name":"World of Goop","floor":13,"gold_loss":0},{"damage_healed":0,"gold_gain":0,"cards_transformed":["Strike_R","Iron Wave"],"player_choice":"Became Test Subject","damage_taken":0,"max_hp_gain":0,"max_hp_loss":0,"event_name":"Drug Dealer","floor":20,"gold_loss":0,"cards_obtained":["True Grit","Feel No Pain"]},{"damage_healed":0,"gold_gain":0,"player_choice":"Smashed Altar","damage_taken":0,"max_hp_gain":0,"max_hp_loss":0,"event_name":"Forgotten Altar","floor":21,"gold_loss":0,"cards_obtained":["Decay"]}],"is_beta":false,"boss_relics":[{"not_picked":["Sozu","Busted Crown"],"picked":"Tiny House"}],"items_purged_floors":[12,19],"is_endless":false,"potions_floor_spawned":[1,6,16,18],"killed_by":"3 Cultists","ascension_level":5}}