{"host":"709e3hc8hvltf42g","time":1614411096,"event":{"mods":["100% Spire Juice","ATMod(°¢èªMod)","Act Like it!","Arknights","Aspiration","BaseMod","CapriCore","Conspire","Downfall","Gensokyo","GungeonMod","Hallownest","Hermit","Library of Ruina","Library of Ruina Extra","Lobotomy","LobotomyExtend","Minty Spire (QoL Compilation)","MostiFishMod","Remilia£¨ÀÙÃ×ÀòÑÇ£©","StSLib","The Alterego","The Blackbeard","The Bug Knight","The Cursed","The Immortal","The Marked","Waifu the Spire","Yakumo Yukari mod","[GremlinLeader]The Maniac","[IsaacMod]ÒÔÈö¼âËþ","¡¾ÒÅÎï¿¨ÅÆ¡¿REMEMod"],"gold_per_floor":[119,129,79,113,127,160,171,202,255,278,285,295,311,324,324,420,420,438,363,462,482,501,501,516,561,561,579,613,613,613,624,624,734,734,734,488,523,523],"floor_reached":39,"language":"ZHS","playtime":2257,"items_purged":["LightAttack","LightDefense","UnforgettableMelody"],"score":508,"play_id":"1fb76fdd-b27d-443b-87e4-34074f9f23f7","local_time":"20210227153136","is_ascension_mode":false,"campfire_choices":[{"data":"YoureTooSlow","floor":15,"key":"SMITH"},{"data":"FleetFootsteps","floor":23,"key":"SMITH"},{"data":"JiaoTu","floor":32,"key":"SMITH"},{"data":"Suppress","floor":37,"key":"SMITH"}],"circlet_count":0,"master_deck":["Dodge+1","LightAttack","LightAttack","LightDefense","LightDefense","ChargeAndCover","FocusedStrikes","TheWillOfTheCity","Crush","LightDefense","Rampage_lor","Deflect_lor","ICanCookAnything","Suppress+1","JiaoTu+1","TheWillOfTheCity","YoureTooSlow+1","JiaoTu","FleetFootsteps+1","Quickness+1","SnakesPrey+1","Cruelty"],"relics":["PageOfLibrarian","HushsDoor","AT_ATBox","REME_ComplimentaryCards","DaveBox","SalivaCoin","ShadowXiaoBlade","SynthV:TestCard","LetterFromLob","DemoMod:WhiteGuonStone","AT_RedTearstoneRing","Toy Ornithopter","AT_LudenTempest","conspire:RunicOctahedron","PokeGo","InkBottle","AT_Kusabimaru","PageOfBlackSwan","Oddly Smooth Stone"],"acts_visited":["Exordium","TheCity","TheBeyond","TheEnding","TheEnding"],"potions_floor_usage":[4,33,33],"damage_taken":[{"damage":0,"enemies":"ats:Genji","floor":1,"turns":3},{"damage":0,"enemies":"2 Louse","floor":2,"turns":2},{"damage":18,"enemies":"conspire:MimicChest","floor":4,"turns":3},{"damage":0,"enemies":"conspire:RoseBush","floor":5,"turns":1},{"damage":7,"enemies":"3 Sentries","floor":6,"turns":4},{"damage":0,"enemies":"Exordium Thugs","floor":7,"turns":2},{"damage":0,"enemies":"Gremlin Nob","floor":8,"turns":3},{"damage":2,"enemies":"Large Slime","floor":10,"turns":3},{"damage":0,"enemies":"Red Slaver","floor":12,"turns":2},{"damage":0,"enemies":"Looter","floor":13,"turns":2},{"damage":0,"enemies":"Large Slime","floor":14,"turns":2},{"damage":0,"enemies":"Slime Boss","floor":16,"turns":5},{"damage":0,"enemies":"Chosen","floor":18,"turns":2},{"damage":0,"enemies":"Shell Parasite","floor":21,"turns":2},{"damage":0,"enemies":"Centurion and Healer","floor":22,"turns":4},{"damage":0,"enemies":"Snake Plant","floor":24,"turns":2},{"damage":20,"enemies":"Slavers","floor":25,"turns":4},{"damage":0,"enemies":"3 Cultists","floor":27,"turns":2},{"damage":9,"enemies":"Gremlin Leader","floor":28,"turns":4},{"damage":0,"enemies":"conspire:HollyBat","floor":31,"turns":7},{"damage":25,"enemies":"Collector","floor":33,"turns":5},{"damage":75,"enemies":"Shield and Spear","floor":39,"turns":3}],"seed_played":"2047504895234825407","potions_obtained":[{"floor":2,"key":"Strength Potion"},{"floor":7,"key":"AttackPotion"},{"floor":10,"key":"EssenceOfSteel"}],"is_trial":false,"path_per_floor":["M","M","?","?","M","E","M","E","T","M","?","M","M","M","R","B",null,"M","$","?","M","M","R","M","E","T","M","E","?","?","M","R","B",null,"R","$","E"],"character_chosen":"Librarian","items_purchased":["Oddly Smooth Stone"],"campfire_rested":0,"item_purchase_floors":[38],"current_hp_per_floor":[60,60,60,44,44,37,41,49,49,51,48,48,48,48,48,56,70,70,70,70,59,59,59,59,45,45,49,46,46,46,50,50,47,71,71,71,0,0],"gold":523,"neow_bonus":"REMOVE_CARD","is_daily":false,"chose_seed":false,"campfire_upgraded":4,"win_rate":0.0,"timestamp":1614411096,"path_taken":["M","M","?","?","M","E","M","E","T","?","?","M","?","M","R","BOSS","M","$","?","?","M","R","M","E","T","M","E","?","?","M","R","BOSS","R","$","E"],"items_purchased_type":["Relic"],"build_version":"2020-12-22","purchased_purges":3,"victory":false,"max_hp_per_floor":[67,67,67,85,70,63,76,89,89,70,70,68,77,63,63,75,70,82,82,82,59,59,59,63,64,64,64,61,61,61,66,66,71,71,71,71,71,71],"card_choices":[{"not_picked":["StrikeDown","ReadyUp","SuppressingShot","SinglePointStab","BackAttack","Parry","UnavoidableGaze","EndlessBattle"],"picked":"TheWillOfTheCity","floor":1},{"not_picked":["GreatSerpentsImpact","DarkCloud","SunsetBlade","FleetEdge","WildCard","Marionette","UnavoidableGaze","HiddenBlade","DestructiveImpact","SerpentSwordTechnique"],"picked":"Crush","floor":2},{"not_picked":["Struggle","PinpointShot","GuidanceOfTheGears","LossOfSenses","BizarreAttack","Slice_lor","PuppetBlockade","Leap_lor","HighKick","DirtyBlow"],"picked":"Rampage_lor","floor":4},{"not_picked":["SturdyDefense","Outburst","BayonetCombat","FierceOnslaught","Thrust","YouOnlyLiveOnce","FlyingSword","PreemptiveStrike","Leap_lor","AsThePrescriptOrders"],"picked":"Deflect_lor","floor":5},{"not_picked":["DefenseOrder","HiddenBlade","ShockRound","Diversion","LeRegole","IdentifyWeakpoint","Clone","Parry2","GreatSerpentsImpact","Laceration"],"picked":"ICanCookAnything","floor":6},{"not_picked":["FierceCharge","BlowItUp","DevastatingThrash","Bomb","EnergyCycle","EnergyShield","BackAttack","UnavoidableGaze","SharpNails","GuidanceOfTheGears"],"picked":"Suppress","floor":7},{"not_picked":["HighKick","Mutilate","DirtyBlow","InnerArdor","FocusFire","DarkCloud","GuardingStance","BackstreetsDash","UnavoidableGaze","FleetEdge","Preparation"],"picked":"SKIP","floor":8},{"not_picked":["PreparedMind","ScatteringSlash","BulkyImpact","BayonetCombat","GatherIntel","SparkingSpear","FleetFootsteps","InhaleSmoke","BackstreetsDash","SilentNight"],"picked":"JiaoTu","floor":10},{"not_picked":["AlloutWar","EnergyStrike","VenomousFangs","SuppressingShot","Pound","Overcharge","WillOfThePrescript","Reload","PreparedMind","YoureAHindrance"],"picked":"TheWillOfTheCity","floor":12},{"not_picked":["BindingArms","DefenseOrder","EndlessBattle","BackstreetsDash","Diversion","SummaryJudgment","UncannyStrike","MultiHit","Gigigig","QuickAttack","Quickness"],"picked":"SKIP","floor":13},{"not_picked":["Rewind","PreemptiveStrike","ClassAndRespect","Gamble","EnergyStrike","Standoff","Track","Multislash","DefenseOrder","BiAn"],"picked":"YoureTooSlow","floor":14},{"not_picked":["Commandeering","FormingStorm","Disposal","ChargeUp"],"picked":"UnforgettableMelody","floor":16},{"not_picked":["DefenseOrder","ClassAndRespect+1","BiAn+1","Outburst","BlowItUp","EnergyShield","UnavoidableGaze","ForTheFamily","AlloutWar","UnforgettableMelody"],"picked":"JiaoTu","floor":18},{"not_picked":["SwordOfVolition","StartinOutLightly","Parry2+1","HiddenBlade","CoordinatedAssault+1","HandleRequest","SkitterAway","SinglePointStab+1","StrikeDown+1","Eject","GuidanceOfTheGears+1"],"picked":"SKIP","floor":21},{"not_picked":["ShockingBlow","TendonChords","EnergyShield","SuppressingShot","Deflect_lor","ClassAndRespect","UpbeatPerformance+1","SmokingPipe","UnavoidableGaze+1","TheRedNotes"],"picked":"FleetFootsteps","floor":22},{"not_picked":["ClassAndRespect","EnergyCycle","WrathOfTorment","Thrust+1","FleetEdge","TimeForALittleTest","Pound","Multislash","FendThisOffIfYouCan","Fence","Outburst"],"picked":"SKIP","floor":24},{"not_picked":["Pound+1","OpportunitySpotted+1","RapidGashes","BackAttack","Faith+1","Endure","TendonChords","RagingStormLove","MultiHit","DarkCloud"],"picked":"Quickness+1","floor":25},{"not_picked":["FieryDragonSlash+1","BlazingStrike","TheRedNotes","NightInTheBackstreets","WillOfThePrescript","TendonChords","DarkCloud","SerpentSwordTechnique","MultiHit","Faith","SerpentineBarrier+1"],"picked":"SKIP","floor":27},{"not_picked":["WillBeTasty+1","AutomatedMovement","HeavyPeaks","TheWillOfTheCity+1","PreemptiveStrike","Castigation","NightInTheBackstreets","BlindFaith+1","GuidanceOfTheGears","ExtractFuel"],"picked":"SnakesPrey","floor":28},{"not_picked":["FierceCharge+1","HighSpeedStabbing","RulesOfTheBackstreets","MultiHit","QuickAttack","GreatSerpentsImpact+1","EnergyStrike+1","Thrust","BiteOff","Parry2","ICanCookAnything"],"picked":"SKIP","floor":31},{"not_picked":["Transpierce","Observe","BalefulBrand","DistortedBlade"],"picked":"Cruelty","floor":33}],"player_experience":276604,"relics_obtained":[{"floor":1,"key":"SynthV:TestCard"},{"floor":1,"key":"LetterFromLob"},{"floor":4,"key":"DemoMod:WhiteGuonStone"},{"floor":6,"key":"AT_RedTearstoneRing"},{"floor":8,"key":"Toy Ornithopter"},{"floor":25,"key":"PokeGo"},{"floor":26,"key":"InkBottle"},{"floor":28,"key":"AT_Kusabimaru"}],"event_choices":[{"damage_healed":0,"gold_gain":0,"player_choice":"Success","damage_taken":3,"relics_obtained":["AT_LudenTempest"],"max_hp_gain":0,"max_hp_loss":0,"event_name":"Scrap Ooze","floor":11,"gold_loss":0},{"damage_healed":0,"gold_gain":99,"player_choice":"Stole From Cult","damage_taken":0,"max_hp_gain":0,"max_hp_loss":0,"event_name":"Nest","floor":20,"gold_loss":0},{"cards_removed":["Lust_TH"],"damage_healed":0,"gold_gain":0,"player_choice":"Elegance","damage_taken":0,"max_hp_gain":0,"max_hp_loss":0,"event_name":"Back to Basics","floor":30,"gold_loss":0}],"is_beta":false,"boss_relics":[{"not_picked":["FixedStarFall","GreenFoldingFan"],"picked":"conspire:RunicOctahedron"},{"not_picked":[]},{"not_picked":["conspire:SeveredTorchhead","REME_LowDesire"],"picked":"PageOfBlackSwan"},{"not_picked":[]},{"not_picked":[]},{"not_picked":[]}],"items_purged_floors":[17,19,38],"is_endless":false,"potions_floor_spawned":[2,7,10,12,14,16,21,24,25,31],"killed_by":"Shield and Spear","ascension_level":0}}