{"host":"0ben99vkf5vufcnn","time":1614451920,"event":{"mods":["BaseMod","Colored Map","Colored Powertips","Curses Come First","Highlight Path","Minty Spire (QoL Compilation)","Relic Stats","StSLib","SuperFastMode"],"gold_per_floor":[113,113,131,151,169,169,183,183,206,206,222,242,271,271,271,375,375,387,399,399,414,429,429,446,446,446,70,70,88,117,128,128,224,224,234,245,290,308,322,322,337,167,167,167,177,0,16,36,36,36,36],"floor_reached":50,"language":"ENG","playtime":4177,"items_purged":["Defend_P","Defend_P"],"score":474,"play_id":"a6c7b227-b6e9-43e3-a44c-126eba9b82a5","local_time":"20210227205200","is_ascension_mode":false,"campfire_choices":[{"data":"Evaluate","floor":6.0,"key":"SMITH"},{"data":"WaveOfTheHand","floor":8.0,"key":"SMITH"},{"data":"JustLucky","floor":10.0,"key":"SMITH"},{"data":"Pray","floor":15.0,"key":"SMITH"},{"data":"Ragnarok","floor":23.0,"key":"SMITH"},{"data":"Vigilance","floor":25.0,"key":"SMITH"},{"data":"Perseverance","floor":28.0,"key":"SMITH"},{"data":"BattleHymn","floor":32.0,"key":"SMITH"},{"floor":40,"key":"REST"},{"data":"Wallop","floor":44,"key":"SMITH"},{"floor":49,"key":"REST"}],"circlet_count":0,"master_deck":["Strike_P","Strike_P","Strike_P","Defend_P","Defend_P","Eruption","Vigilance+1","FlyingSleeves","JustLucky+1","WaveOfTheHand+1","Evaluate+1","FollowUp+1","Protect","Ragnarok+1","EmptyBody+1","CarveReality+1","CutThroughFate","CarveReality+1","FlurryOfBlows","BattleHymn+1","Perseverance+1","Consecrate+1","Crescendo","MasterReality","Wallop+1","ClearTheMind","Wallop+1","Halt+1","WheelKick+1","DeceiveReality+1","Adaptation","ThirdEye+1","EmptyFist","DeceiveReality"],"relics":["PureWater","NeowsBlessing","Orichalcum","Lantern","Cursed Key","Whetstone","Pen Nib","Philosopher\u0027s Stone","Calipers","Red Mask"],"acts_visited":["TheCity","TheBeyond"],"potions_floor_usage":[48],"damage_taken":[{"damage":0.0,"enemies":"2 Louse","floor":1.0,"turns":1.0},{"damage":0.0,"enemies":"Cultist","floor":3.0,"turns":1.0},{"damage":0.0,"enemies":"Small Slimes","floor":4.0,"turns":1.0},{"damage":0.0,"enemies":"2 Fungi Beasts","floor":5.0,"turns":3.0},{"damage":11.0,"enemies":"Exordium Thugs","floor":7.0,"turns":6.0},{"damage":6.0,"enemies":"Blue Slaver","floor":11.0,"turns":7.0},{"damage":6.0,"enemies":"Large Slime","floor":12.0,"turns":11.0},{"damage":8.0,"enemies":"3 Sentries","floor":13.0,"turns":9.0},{"damage":11.0,"enemies":"Slime Boss","floor":16.0,"turns":12.0},{"damage":13.0,"enemies":"Spheric Guardian","floor":18.0,"turns":6.0},{"damage":0.0,"enemies":"2 Thieves","floor":19.0,"turns":3.0},{"damage":0.0,"enemies":"Snecko","floor":21.0,"turns":5.0},{"damage":0.0,"enemies":"Cultist and Chosen","floor":22.0,"turns":6.0},{"damage":6.0,"enemies":"Snake Plant","floor":24.0,"turns":2.0},{"damage":0.0,"enemies":"Shelled Parasite and Fungi","floor":29.0,"turns":4.0},{"damage":13.0,"enemies":"Slavers","floor":30.0,"turns":5.0},{"damage":0.0,"enemies":"Centurion and Healer","floor":31.0,"turns":4.0},{"damage":43.0,"enemies":"Collector","floor":33.0,"turns":9.0},{"damage":5.0,"enemies":"Orb Walker","floor":35.0,"turns":3.0},{"damage":0.0,"enemies":"3 Darklings","floor":36.0,"turns":5.0},{"damage":45,"enemies":"2 Orb Walkers","floor":37,"turns":3},{"damage":17,"enemies":"Jaw Worm Horde","floor":38,"turns":4},{"damage":0,"enemies":"Transient","floor":39,"turns":5},{"damage":6,"enemies":"Writhing Mass","floor":41,"turns":5},{"damage":14,"enemies":"Jaw Worm Horde","floor":45,"turns":4},{"damage":0,"enemies":"Transient","floor":47,"turns":5},{"damage":5,"enemies":"3 Darklings","floor":48,"turns":3},{"damage":27,"enemies":"Time Eater","floor":50,"turns":2}],"seed_played":"-2824832114720685882","potions_obtained":[{"floor":5.0,"key":"SkillPotion"},{"floor":7.0,"key":"DuplicationPotion"},{"floor":11.0,"key":"StancePotion"},{"floor":12.0,"key":"DuplicationPotion"},{"floor":16.0,"key":"GamblersBrew"},{"floor":18.0,"key":"Fire Potion"},{"floor":19.0,"key":"Weak Potion"},{"floor":29.0,"key":"Swift Potion"},{"floor":30.0,"key":"StancePotion"},{"floor":33.0,"key":"Energy Potion"},{"floor":35.0,"key":"SkillPotion"},{"floor":37,"key":"Energy Potion"},{"floor":38,"key":"StancePotion"},{"floor":48,"key":"AttackPotion"}],"is_trial":false,"path_per_floor":["M","?","M","M","M","R","M","R","T","R","M","M","E","?","R","B",null,"M","M","?","M","M","R","M","R","T","$","R","M","E","M","R","B",null,"M","M","?","M","M","R","M","$","T","R","M","?","M","M","R","B"],"character_chosen":"WATCHER","items_purchased":["BattleHymn","Whetstone","Perseverance","Adaptation"],"campfire_rested":2,"item_purchase_floors":[27,27,27,42],"current_hp_per_floor":[72,72,72,72,72,72,61,61,61,61,55,49,41,34,34,23,72,59,59,72,72,72,72,66,66,66,66,66,66,53,53,53,10,72,67,67,22,5,5,26,20,20,20,20,6,6,6,1,22,0,0],"gold":36,"neow_bonus":"THREE_ENEMY_KILL","is_daily":false,"chose_seed":false,"campfire_upgraded":9,"win_rate":0.0,"timestamp":1614451920,"path_taken":["M","?","M","M","M","R","?","R","T","R","M","M","E","?","R","BOSS","M","M","?","M","M","R","M","R","T","$","R","M","E","M","R","BOSS","M","M","?","M","M","R","M","$","T","R","M","?","M","M","R","BOSS"],"items_purchased_type":["Card","Relic","Card","Card"],"build_version":"2020-12-22","purchased_purges":2,"victory":false,"max_hp_per_floor":[72,72,72,72,72,72,72,72,72,72,72,72,72,72,72,72,72,72,72,72,72,72,72,72,72,72,72,72,72,72,72,72,72,72,72,72,72,72,72,72,72,72,72,72,72,72,72,72,72,72,72],"relic_stats":{"counters":[28,134],"Pen Nib":[16],"Whetstone":["FollowUp","CarveReality"],"Orichalcum":[72],"Cursed Key":0,"obtain_stats":[{"Lantern":13,"Calipers":37,"NeowsBlessing":0,"Philosopher\u0027s Stone":34,"Pen Nib":30,"Red Mask":46,"Whetstone":27,"PureWater":0,"Orichalcum":9,"Cursed Key":17},{"Lantern":8,"Calipers":21,"NeowsBlessing":0,"Philosopher\u0027s Stone":18,"Pen Nib":16,"Red Mask":25,"Whetstone":14,"PureWater":0,"Orichalcum":5,"Cursed Key":9},{"Lantern":39,"Calipers":106,"NeowsBlessing":0,"Philosopher\u0027s Stone":95,"Pen Nib":82,"Red Mask":124,"Whetstone":73,"PureWater":0,"Orichalcum":12,"Cursed Key":51}]},"card_choices":[{"not_picked":["CrushJoints","EmptyMind"],"picked":"FlyingSleeves","floor":1.0},{"not_picked":["BattleHymn","CrushJoints"],"picked":"JustLucky","floor":3.0},{"not_picked":["FearNoEvil","CrushJoints"],"picked":"WaveOfTheHand","floor":4.0},{"not_picked":["PathToVictory","LikeWater"],"picked":"Evaluate","floor":5.0},{"not_picked":["WreathOfFlame","FlyingSleeves"],"picked":"FollowUp","floor":7.0},{"not_picked":["WreathOfFlame","Judgement","PathToVictory"],"picked":"SKIP","floor":11.0},{"not_picked":["Worship","JustLucky"],"picked":"Protect","floor":12.0},{"not_picked":["CutThroughFate","Weave"],"picked":"Pray","floor":13.0},{"not_picked":["ConjureBlade","Brilliance"],"picked":"Ragnarok","floor":16.0},{"not_picked":["CutThroughFate","Consecrate"],"picked":"EmptyBody+1","floor":18.0},{"not_picked":["SandsOfTime","Sanctity+1"],"picked":"CarveReality+1","floor":19.0},{"not_picked":["FlyingSleeves+1","Halt"],"picked":"CutThroughFate","floor":21.0},{"not_picked":["Tantrum","FlyingSleeves"],"picked":"CarveReality","floor":22.0},{"not_picked":["Vengeance+1","FlyingSleeves"],"picked":"FlurryOfBlows","floor":24.0},{"not_picked":["FlurryOfBlows","CrushJoints+1"],"picked":"Consecrate+1","floor":29.0},{"not_picked":["Conclude+1","SashWhip","CutThroughFate"],"picked":"SKIP","floor":30.0},{"not_picked":["Meditate","CrushJoints+1"],"picked":"Crescendo","floor":31.0},{"not_picked":["LessonLearned","DeusExMachina"],"picked":"MasterReality","floor":33.0},{"not_picked":["EmptyBody+1","Protect"],"picked":"Wallop","floor":35.0},{"not_picked":["TalkToTheHand+1","Protect+1"],"picked":"ClearTheMind","floor":36.0},{"not_picked":["Halt+1","WreathOfFlame+1"],"picked":"Wallop+1","floor":37},{"not_picked":["PathToVictory+1","Tantrum+1"],"picked":"Halt+1","floor":38},{"not_picked":["FlurryOfBlows","Halt"],"picked":"WheelKick+1","floor":39},{"not_picked":["Halt","FlurryOfBlows+1"],"picked":"DeceiveReality+1","floor":41},{"not_picked":["Weave","Conclude+1"],"picked":"ThirdEye+1","floor":45},{"not_picked":["ClearTheMind","JustLucky"],"picked":"EmptyFist","floor":47},{"not_picked":["Halt+1","InnerPeace"],"picked":"DeceiveReality","floor":48}],"player_experience":136480,"relics_obtained":[{"floor":9.0,"key":"Orichalcum"},{"floor":13.0,"key":"Lantern"},{"floor":30.0,"key":"Pen Nib"},{"floor":37,"key":"Calipers"}],"event_choices":[{"damage_healed":0.0,"max_hp_gain":0.0,"max_hp_loss":0.0,"gold_gain":0.0,"event_name":"Match and Keep!","player_choice":"0 cards matched","floor":2.0,"gold_loss":0.0,"damage_taken":0.0,"cards_obtained":[]},{"cards_removed":["Strike_P"],"damage_healed":0.0,"max_hp_gain":0.0,"max_hp_loss":0.0,"gold_gain":0.0,"event_name":"Golden Wing","player_choice":"Card Removal","floor":14.0,"gold_loss":0.0,"damage_taken":7.0},{"cards_removed":["Pray"],"damage_healed":13.0,"max_hp_gain":0.0,"max_hp_loss":0.0,"gold_gain":0.0,"event_name":"Bonfire Elementals","player_choice":"Offered Uncommon","floor":20.0,"gold_loss":0.0,"damage_taken":0.0},{"damage_healed":0,"gold_gain":0,"player_choice":"Fight","damage_taken":0,"max_hp_gain":0,"max_hp_loss":0,"event_name":"Mysterious Sphere","floor":37,"gold_loss":0},{"damage_healed":0,"gold_gain":0,"player_choice":"Paid","damage_taken":0,"relics_obtained":["Red Mask"],"max_hp_gain":0,"max_hp_loss":0,"event_name":"Tomb of Lord Red Mask","floor":46,"gold_loss":177}],"is_beta":false,"boss_relics":[{"not_picked":["Snecko Eye","VioletLotus"],"picked":"Cursed Key"},{"not_picked":["Astrolabe","Pandora\u0027s Box"],"picked":"Philosopher\u0027s Stone"}],"items_purged_floors":[27,42],"is_endless":false,"potions_floor_spawned":[5,7,11,12,16,18,19,29,30,33,35,37,38,48],"killed_by":"Time Eater","ascension_level":0}}