{"host":"z37g2hkgkh2zjyzk","time":1614459578,"event":{"mods":["2.2 Compatiblity","AchievementEnabler","BaseMod","Bestiary","Colored Map","Colored Powertips","Curses Come First","Highlight Path","Keyboard Shortcuts","Minty Spire (QoL Compilation)","Relic Stats","StSLib","SuperFastMode"],"gold_per_floor":[118,70,20,31,31,31,61,61,61,75,94,94,113,123,123,222,222,240,251,251,251,19,19,51,51,98,98,128,139,156,4,4,101,101,119,119,130,143,160,160,187,187,187,197,215,226,226,148,148,148,148,148,18,52,52],"floor_reached":56,"language":"ENG","playtime":3881,"items_purged":["Decay","Strike_R"],"score":1629,"play_id":"ad4be6de-5183-40ba-9cbf-b8ac966b78bb","local_time":"20210227215938","is_ascension_mode":true,"campfire_choices":[{"data":"Hemokinesis","floor":6.0,"key":"SMITH"},{"floor":8.0,"key":"REST"},{"floor":15.0,"key":"REST"},{"data":"Uppercut","floor":23.0,"key":"SMITH"},{"data":"Dual Wield","floor":25.0,"key":"SMITH"},{"data":"Warcry","floor":27.0,"key":"SMITH"},{"data":"Flame Barrier","floor":32.0,"key":"SMITH"},{"floor":40,"key":"RECALL"},{"floor":47,"key":"REST"},{"floor":49,"key":"REST"},{"floor":52,"key":"REST"}],"circlet_count":0,"master_deck":["AscendersBane","Strike_R","Strike_R","Strike_R","Defend_R","Defend_R","Defend_R","Defend_R","Bash","Hemokinesis+1","Headbutt","Blood for Blood","Uppercut+1","Cleave","Headbutt","Warcry+1","Immolate","Flame Barrier+1","Dual Wield+1","Whirlwind","Blood for Blood","Bludgeon","Shockwave","Armaments+1","Heavy Blade+1","Corruption","Feel No Pain+1","Dark Embrace"],"relics":["SacredBark","Lantern","Red Skull","Magic Flower","Snecko Eye","Toy Ornithopter","Potion Belt","PreservedInsect","MealTicket","Fusion Hammer","Bag of Preparation","Bag of Marbles"],"acts_visited":["Exordium","TheCity","TheBeyond","TheEnding"],"potions_floor_usage":[39,50,50,55,55,55,55,55],"damage_taken":[{"damage":3.0,"enemies":"2 Louse","floor":1.0,"turns":4.0},{"damage":13.0,"enemies":"Jaw Worm","floor":4.0,"turns":5.0},{"damage":31.0,"enemies":"3 Sentries","floor":7.0,"turns":8.0},{"damage":2.0,"enemies":"Cultist","floor":10.0,"turns":2.0},{"damage":7.0,"enemies":"Blue Slaver","floor":11.0,"turns":3.0},{"damage":10.0,"enemies":"Red Slaver","floor":13.0,"turns":2.0},{"damage":9.0,"enemies":"Exordium Wildlife","floor":14.0,"turns":3.0},{"damage":16.0,"enemies":"Hexaghost","floor":16.0,"turns":5.0},{"damage":8.0,"enemies":"Shell Parasite","floor":18.0,"turns":2.0},{"damage":1.0,"enemies":"3 Byrds","floor":19.0,"turns":3.0},{"damage":75.0,"enemies":"Book of Stabbing","floor":24.0,"turns":6.0},{"damage":8.0,"enemies":"Slavers","floor":28.0,"turns":2.0},{"damage":2.0,"enemies":"Snake Plant","floor":29.0,"turns":2.0},{"damage":8.0,"enemies":"Shelled Parasite and Fungi","floor":30.0,"turns":2.0},{"damage":26.0,"enemies":"Champ","floor":33.0,"turns":5.0},{"damage":6,"enemies":"3 Shapes","floor":35,"turns":2},{"damage":6,"enemies":"3 Darklings","floor":37,"turns":2},{"damage":4,"enemies":"Sphere and 2 Shapes","floor":38,"turns":3},{"damage":2,"enemies":"Transient","floor":39,"turns":5},{"damage":44,"enemies":"Giant Head","floor":41,"turns":7},{"damage":8,"enemies":"Spire Growth","floor":44,"turns":3},{"damage":6,"enemies":"Jaw Worm Horde","floor":45,"turns":2},{"damage":2,"enemies":"3 Darklings","floor":46,"turns":2},{"damage":107,"enemies":"Time Eater","floor":50,"turns":9},{"damage":11,"enemies":"Shield and Spear","floor":54,"turns":2},{"damage":79,"enemies":"The Heart","floor":55,"turns":6}],"seed_played":"6982877242372838919","potions_obtained":[{"floor":4.0,"key":"Energy Potion"},{"floor":7.0,"key":"EssenceOfSteel"},{"floor":16.0,"key":"AttackPotion"},{"floor":18.0,"key":"Strength Potion"},{"floor":21.0,"key":"Swift Potion"},{"floor":21.0,"key":"Regen Potion"},{"floor":24.0,"key":"Fire Potion"},{"floor":38,"key":"Ancient Potion"},{"floor":44,"key":"SkillPotion"},{"floor":46,"key":"Dexterity Potion"},{"floor":54,"key":"SpeedPotion"}],"is_trial":false,"path_per_floor":["M","$","?","M","?","R","E","R","T","M","M","?","M","M","R","B",null,"M","M","?","?","$","R","E","R","T","R","E","M","M","$","R","B",null,"M","?","M","M","M","R","E","?","T","M","M","M","R","$","R","B",null,"R","$","E","B",null],"character_chosen":"IRONCLAD","items_purchased":["Strength Potion","Toy Ornithopter","BloodPotion","LiquidBronze","SteroidPotion","Dark Embrace"],"campfire_rested":5,"item_purchase_floors":[2,22,31,48,53,53],"current_hp_per_floor":[69,69,69,56,49,49,18,42,42,40,33,33,23,14,38,22,66,58,57,57,57,57,57,51,51,51,51,43,41,33,48,48,30,68,62,62,56,52,58,58,14,70,70,62,56,54,70,70,70,21,58,70,70,59,3],"gold":52,"neow_bonus":"BOSS_RELIC","is_daily":false,"chose_seed":false,"campfire_upgraded":5,"win_rate":0.0,"timestamp":1614459578,"path_taken":["M","$","?","M","?","R","E","R","T","M","M","?","M","M","R","BOSS","M","M","?","?","$","R","E","R","T","R","E","M","?","$","R","BOSS","M","?","M","M","M","R","E","?","T","M","M","M","R","$","R","BOSS","R","$","E","BOSS"],"items_purchased_type":["Potion","Relic","Potion","Potion","Potion","Card"],"build_version":"2020-12-22","purchased_purges":2,"victory":true,"max_hp_per_floor":[80,80,80,80,80,80,80,80,80,80,80,80,80,80,80,80,80,80,80,80,80,80,80,80,80,80,80,80,80,80,80,80,80,80,80,80,80,80,80,80,80,70,70,70,70,70,70,70,70,70,70,70,70,70,70],"relic_stats":{"counters":[26,97],"Magic Flower":[51],"Snecko Eye":[118,119,101,103],"MealTicket":15,"PreservedInsect":249,"Bag of Preparation":[12],"obtain_stats":[{"Potion Belt":24,"Lantern":5,"SacredBark":0,"Magic Flower":9,"PreservedInsect":26,"Bag of Preparation":41,"Burning Blood":0,"Snecko Eye":17,"MealTicket":28,"Fusion Hammer":34,"Bag of Marbles":54,"Red Skull":7,"Toy Ornithopter":22},{"Potion Belt":11,"Lantern":2,"SacredBark":0,"Magic Flower":3,"PreservedInsect":11,"Bag of Preparation":20,"Burning Blood":0,"Snecko Eye":8,"MealTicket":12,"Fusion Hammer":15,"Bag of Marbles":25,"Red Skull":3,"Toy Ornithopter":10},{"Potion Belt":43,"Lantern":9,"SacredBark":0,"Magic Flower":17,"PreservedInsect":43,"Bag of Preparation":73,"Burning Blood":0,"Snecko Eye":32,"MealTicket":45,"Fusion Hammer":54,"Bag of Marbles":91,"Red Skull":17,"Toy Ornithopter":37}],"Toy Ornithopter":71},"card_choices":[{"not_picked":["Twin Strike","Cleave"],"picked":"Hemokinesis","floor":1.0},{"not_picked":["Heavy Blade","Body Slam"],"picked":"Headbutt","floor":4.0},{"not_picked":["True Grit","Berserk"],"picked":"Blood for Blood","floor":7.0},{"not_picked":["Clothesline","Cleave"],"picked":"Uppercut","floor":10.0},{"not_picked":["Ghostly Armor","Sword Boomerang"],"picked":"Cleave","floor":11.0},{"not_picked":["Heavy Blade","Flex"],"picked":"Headbutt","floor":13.0},{"not_picked":["Feel No Pain","Sentinel"],"picked":"Warcry","floor":14.0},{"not_picked":["Corruption","Double Tap"],"picked":"Immolate","floor":16.0},{"not_picked":["Battle Trance+1","Sword Boomerang"],"picked":"Flame Barrier","floor":18.0},{"not_picked":["Havoc","Intimidate","Iron Wave+1"],"picked":"SKIP","floor":19.0},{"not_picked":["Disarm+1","Sword Boomerang"],"picked":"Whirlwind","floor":24.0},{"not_picked":["Havoc","Clash","Sentinel"],"picked":"SKIP","floor":28.0},{"not_picked":["Flex","Juggernaut"],"picked":"Blood for Blood","floor":29.0},{"not_picked":["Body Slam","Cleave","Havoc"],"picked":"SKIP","floor":30.0},{"not_picked":["Brutality","Reaper"],"picked":"Bludgeon","floor":33.0},{"not_picked":["Flex+1","Armaments","Havoc"],"picked":"SKIP","floor":35},{"not_picked":["Cleave","Twin Strike"],"picked":"Shockwave","floor":37},{"not_picked":["Rupture+1","Havoc"],"picked":"Armaments+1","floor":38},{"not_picked":["Berserk","Wild Strike"],"picked":"Heavy Blade+1","floor":39},{"not_picked":["Pommel Strike","Body Slam","Power Through+1"],"picked":"SKIP","floor":41},{"not_picked":["Pommel Strike","Iron Wave","Entrench"],"picked":"SKIP","floor":44},{"not_picked":["Cleave","Infernal Blade+1"],"picked":"Corruption","floor":45},{"not_picked":["Second Wind","Flex"],"picked":"Feel No Pain+1","floor":46},{"not_picked":["Burning Pact","Cleave","Heavy Blade+1"],"picked":"SKIP","floor":54}],"player_experience":326364,"relics_obtained":[{"floor":7.0,"key":"Red Skull"},{"floor":9.0,"key":"Magic Flower"},{"floor":24.0,"key":"Potion Belt"},{"floor":26.0,"key":"PreservedInsect"},{"floor":28.0,"key":"MealTicket"},{"floor":41,"key":"Bag of Preparation"},{"floor":54,"key":"Bag of Marbles"}],"event_choices":[{"cards_removed":["Strike_R"],"damage_healed":0.0,"max_hp_gain":0.0,"max_hp_loss":0.0,"gold_gain":0.0,"event_name":"The Cleric","player_choice":"Card Removal","floor":3.0,"gold_loss":50.0,"damage_taken":0.0},{"damage_healed":0.0,"max_hp_gain":0.0,"max_hp_loss":0.0,"gold_gain":0.0,"event_name":"Scrap Ooze","player_choice":"Success","floor":5.0,"gold_loss":0.0,"damage_taken":7.0,"relics_obtained":["Lantern"]},{"damage_healed":0.0,"max_hp_gain":0.0,"max_hp_loss":0.0,"gold_gain":0.0,"event_name":"Wheel of Change","player_choice":"Cursed","floor":12.0,"gold_loss":0.0,"damage_taken":0.0,"cards_obtained":["Decay"]},{"damage_healed":0.0,"max_hp_gain":0.0,"max_hp_loss":0.0,"gold_gain":0.0,"event_name":"The Library","player_choice":"Read","floor":20.0,"gold_loss":0.0,"damage_taken":0.0,"cards_obtained":["Dual Wield"]},{"damage_healed":0.0,"max_hp_gain":0.0,"max_hp_loss":0.0,"gold_gain":0.0,"event_name":"Lab","player_choice":"Got Potions","floor":21.0,"gold_loss":0.0,"damage_taken":0.0},{"damage_healed":0,"gold_gain":0,"player_choice":"Ignored","damage_taken":0,"max_hp_gain":0,"max_hp_loss":0,"event_name":"Tomb of Lord Red Mask","floor":36,"gold_loss":0},{"damage_healed":70,"gold_gain":0,"player_choice":"Heal","damage_taken":0,"max_hp_gain":0,"max_hp_loss":10,"event_name":"The Moai Head","floor":42,"gold_loss":0}],"is_beta":false,"boss_relics":[{"not_picked":["Runic Cube","Sozu"],"picked":"Snecko Eye"},{"not_picked":["Velvet Choker","Runic Pyramid"],"picked":"Fusion Hammer"}],"items_purged_floors":[22,31],"is_endless":false,"potions_floor_spawned":[4,7,16,18,24,38,44,46,54],"ascension_level":10}}