{"host":"fbdlh90rovbiajun","time":1614406584,"event":{"mods":["AchievementEnabler","BaseMod","Colored Map","Keyboard Shortcuts","Minty Spire (QoL Compilation)","SuperFastMode"],"gold_per_floor":[111,125,200,200,200,200,51,63,116,147,147,167,167,184,184,285,285,297,314,314,56,56,56,76,76,76,76,88,118,118,131,131,231,231,245,245,265,282,41,41,72,72,72,98,98,109,124,135,135,135],"floor_reached":51,"language":"KOR","playtime":1573,"items_purged":["Strike_R","Strike_R"],"score":865,"play_id":"d947164f-60a4-4bc1-b8f4-2fc86604be21","local_time":"20210227151624","is_ascension_mode":true,"campfire_choices":[{"data":"Spot Weakness","floor":6,"key":"SMITH"},{"data":"Iron Wave","floor":11,"key":"SMITH"},{"data":"Heavy Blade","floor":13,"key":"SMITH"},{"floor":15,"key":"REST"},{"data":"Offering","floor":23,"key":"SMITH"},{"data":"Limit Break","floor":25,"key":"SMITH"},{"data":"Flex","floor":30,"key":"SMITH"},{"data":"Battle Trance","floor":32,"key":"SMITH"},{"data":"Limit Break","floor":40,"key":"SMITH"},{"floor":42,"key":"DIG"},{"floor":45,"key":"DIG"},{"floor":49,"key":"DIG"}],"circlet_count":0,"master_deck":["Strike_R","Defend_R+1","Defend_R","Defend_R+1","Bash+1","Ghostly Armor","Spot Weakness+1","Flex+1","Thunderclap","Shrug It Off","Iron Wave+1","Heavy Blade+1","Battle Trance+1","Offering+1","True Grit+1","Cleave","Limit Break+1","Heavy Blade+1","Limit Break+1"],"relics":["Burning Blood","Shovel","Ancient Tea Set","War Paint","Busted Crown","Singing Bowl","Toy Ornithopter","Kunai","Coffee Dripper","Toxic Egg 2","StoneCalendar","Paper Frog","Letter Opener","Bronze Scales","Boot"],"acts_visited":["Exordium","TheCity","TheBeyond"],"potions_floor_usage":[29,33,50,50,50],"damage_taken":[{"damage":0,"enemies":"Small Slimes","floor":1,"turns":3},{"damage":5,"enemies":"2 Louse","floor":2,"turns":3},{"damage":6,"enemies":"Jaw Worm","floor":8,"turns":4},{"damage":49,"enemies":"Lagavulin","floor":10,"turns":12},{"damage":0,"enemies":"2 Fungi Beasts","floor":12,"turns":4},{"damage":0,"enemies":"3 Louse","floor":14,"turns":3},{"damage":19,"enemies":"Hexaghost","floor":16,"turns":8},{"damage":11,"enemies":"Chosen","floor":18,"turns":6},{"damage":14,"enemies":"2 Thieves","floor":19,"turns":4},{"damage":6,"enemies":"Snake Plant","floor":24,"turns":2},{"damage":0,"enemies":"Cultist and Chosen","floor":28,"turns":3},{"damage":6,"enemies":"Book of Stabbing","floor":29,"turns":2},{"damage":6,"enemies":"3 Cultists","floor":31,"turns":3},{"damage":47,"enemies":"Automaton","floor":33,"turns":7},{"damage":6,"enemies":"3 Darklings","floor":35,"turns":5},{"damage":14,"enemies":"Orb Walker","floor":37,"turns":3},{"damage":6,"enemies":"Maw","floor":38,"turns":6},{"damage":6,"enemies":"Nemesis","floor":41,"turns":1},{"damage":30,"enemies":"Reptomancer","floor":44,"turns":3},{"damage":22,"enemies":"Writhing Mass","floor":46,"turns":4},{"damage":21,"enemies":"4 Shapes","floor":47,"turns":3},{"damage":15,"enemies":"3 Darklings","floor":48,"turns":5},{"damage":35,"enemies":"Time Eater","floor":50,"turns":5}],"seed_played":"6986681778394958939","potions_obtained":[{"floor":1,"key":"DuplicationPotion"},{"floor":8,"key":"Fire Potion"},{"floor":19,"key":"LiquidBronze"},{"floor":29,"key":"Explosive Potion"},{"floor":36,"key":"DistilledChaos"},{"floor":37,"key":"PowerPotion"},{"floor":48,"key":"Regen Potion"}],"is_trial":false,"path_per_floor":["M","M","?","?","?","R","$","M","T","E","R","M","R","M","R","B",null,"M","M","?","$","?","R","M","R","T","$","M","E","R","M","R","B",null,"M","?","M","M","$","R","E","R","T","E","R","M","M","M","R","B",null],"character_chosen":"IRONCLAD","items_purchased":["Flex","Thunderclap","Singing Bowl","Limit Break"],"campfire_rested":1,"item_purchase_floors":[7,7,21,39],"current_hp_per_floor":[80,80,69,51,51,51,51,51,51,8,8,14,14,20,44,31,80,75,67,67,67,67,67,69,69,69,69,77,84,84,86,86,52,90,92,92,86,86,86,86,88,88,88,66,66,52,39,32,32,32],"gold":135,"neow_bonus":"UPGRADE_CARD","is_daily":false,"chose_seed":false,"campfire_upgraded":8,"win_rate":0.0,"timestamp":1614406584,"path_taken":["M","M","?","?","?","R","$","?","T","E","R","M","R","M","R","BOSS","M","M","?","$","?","R","?","R","T","$","M","E","R","M","R","BOSS","M","?","M","?","$","R","E","R","T","E","R","M","M","?","R","BOSS"],"items_purchased_type":["Card","Card","Relic","Card"],"build_version":"2020-12-22","purchased_purges":2,"victory":true,"max_hp_per_floor":[80,80,80,80,80,80,80,80,80,80,80,80,80,80,80,80,80,80,80,80,80,80,80,82,82,82,82,84,86,86,88,88,90,90,92,92,94,94,94,94,96,96,96,98,98,100,102,104,104,104],"card_choices":[{"not_picked":["Carnage","Bloodletting"],"picked":"Ghostly Armor","floor":1},{"not_picked":["Shrug It Off","Warcry"],"picked":"Spot Weakness","floor":2},{"not_picked":["Carnage","Disarm"],"picked":"Shrug It Off","floor":8},{"not_picked":["Flame Barrier","Metallicize"],"picked":"Iron Wave","floor":10},{"not_picked":["Body Slam","Flame Barrier"],"picked":"Heavy Blade","floor":12},{"not_picked":["Sword Boomerang","Searing Blow"],"picked":"Battle Trance","floor":14},{"not_picked":["Corruption","Double Tap"],"picked":"Offering","floor":16},{"not_picked":["Twin Strike"],"picked":"SKIP","floor":18},{"not_picked":[],"picked":"True Grit+1","floor":19},{"not_picked":["Whirlwind"],"picked":"Singing Bowl","floor":24},{"not_picked":["Wild Strike"],"picked":"Singing Bowl","floor":28},{"not_picked":["Clash"],"picked":"Singing Bowl","floor":29},{"not_picked":["Blood for Blood"],"picked":"Singing Bowl","floor":31},{"not_picked":["Impervious"],"picked":"Singing Bowl","floor":33},{"not_picked":["Iron Wave+1"],"picked":"Singing Bowl","floor":35},{"not_picked":["Havoc"],"picked":"Singing Bowl","floor":37},{"not_picked":[],"picked":"Heavy Blade+1","floor":38},{"not_picked":["Flame Barrier+1"],"picked":"Singing Bowl","floor":41},{"not_picked":["Hemokinesis+1"],"picked":"Singing Bowl","floor":44},{"not_picked":["Warcry+1"],"picked":"Singing Bowl","floor":46},{"not_picked":["Uppercut"],"picked":"Singing Bowl","floor":47},{"not_picked":["Blood for Blood+1"],"picked":"Singing Bowl","floor":48}],"player_experience":140393,"relics_obtained":[{"floor":9,"key":"Ancient Tea Set"},{"floor":10,"key":"War Paint"},{"floor":26,"key":"Toy Ornithopter"},{"floor":29,"key":"Kunai"},{"floor":41,"key":"Toxic Egg 2"},{"floor":42,"key":"StoneCalendar"},{"floor":43,"key":"Paper Frog"},{"floor":44,"key":"Letter Opener"},{"floor":45,"key":"Bronze Scales"},{"floor":49,"key":"Boot"}],"event_choices":[{"damage_healed":0,"gold_gain":75,"player_choice":"Gather Gold","damage_taken":11,"max_hp_gain":0,"max_hp_loss":0,"event_name":"World of Goop","floor":3,"gold_loss":0},{"damage_healed":0,"gold_gain":0,"player_choice":"Success","damage_taken":18,"relics_obtained":["Shovel"],"max_hp_gain":0,"max_hp_loss":0,"event_name":"Scrap Ooze","floor":4,"gold_loss":0},{"damage_healed":0,"gold_gain":0,"player_choice":"Ignored","damage_taken":0,"max_hp_gain":0,"max_hp_loss":0,"event_name":"Liars Game","floor":5,"gold_loss":0},{"damage_healed":0,"gold_gain":0,"cards_transformed":["Strike_R","Strike_R"],"player_choice":"Became Test Subject","damage_taken":0,"max_hp_gain":0,"max_hp_loss":0,"event_name":"Drug Dealer","floor":20,"gold_loss":0,"cards_obtained":["Cleave","Limit Break"]},{"cards_removed":["Defend_R"],"damage_healed":0,"gold_gain":0,"player_choice":"Purged","damage_taken":0,"max_hp_gain":0,"max_hp_loss":0,"event_name":"Purifier","floor":22,"gold_loss":0},{"damage_healed":0,"gold_gain":0,"player_choice":"Got Potions","damage_taken":0,"max_hp_gain":0,"max_hp_loss":0,"event_name":"Lab","floor":36,"gold_loss":0}],"is_beta":false,"boss_relics":[{"not_picked":["Calling Bell","Black Star"],"picked":"Busted Crown"},{"not_picked":["Tiny House","Mark of Pain"],"picked":"Coffee Dripper"}],"items_purged_floors":[7,39],"is_endless":false,"potions_floor_spawned":[1,8,19,28,29,37,38,48],"ascension_level":1}}