{"host":"dnvpprmy3abbf89m","time":1614400909,"event":{"mods":["BaseMod","Colored Map","Minty Spire (QoL Compilation)","StSLib"],"gold_per_floor":[112,78,89,89,1,1,1,1,28,56,68,68,68,68,68,164,164,177,177,177,194,194,224,224,110,137,169,154,154,26,42,42,142,142,157,157,167,167,167,193,193,12,12,31,42,52,52,65,65,65,65],"floor_reached":50,"language":"ENG","playtime":3252,"items_purged":["Strike_G"],"score":881,"play_id":"82e29306-78d8-46f9-a0b3-d6f25434789a","local_time":"20210227054149","is_ascension_mode":true,"campfire_choices":[{"data":"Blade Dance","floor":6.0,"key":"SMITH"},{"data":"Leg Sweep","floor":8.0,"key":"SMITH"},{"data":"Finisher","floor":12.0,"key":"SMITH"},{"data":"Deadly Poison","floor":15.0,"key":"SMITH"},{"floor":24.0,"key":"REST"},{"data":"Blade Dance","floor":29.0,"key":"SMITH"},{"data":"A Thousand Cuts","floor":32.0,"key":"SMITH"},{"floor":41.0,"key":"REST"},{"floor":49,"key":"REST"}],"circlet_count":0,"master_deck":["AscendersBane","Defend_G","Defend_G+1","Defend_G","Defend_G","Survivor","Neutralize","PiercingWail","Blade Dance+1","Leg Sweep+1","Deflect+1","Panacea","Deadly Poison+1","Finisher+1","After Image","Choke+1","Blade Dance+1","Accuracy","A Thousand Cuts+1","Calculated Gamble","All Out Attack+1","Prepared+1","Riddle With Holes+1","Blade Dance","Metamorphosis","Leg Sweep+1","Footwork","Cloak And Dagger"],"relics":["Ring of the Snake","Boot","War Paint","The Courier","Singing Bowl","Busted Crown","Bronze Scales","Membership Card","Snake Skull","Shuriken","Lee\u0027s Waffle","Astrolabe","Toy Ornithopter","Calipers","Ornamental Fan"],"acts_visited":["Exordium","TheCity","TheBeyond"],"potions_floor_usage":[44,48],"damage_taken":[{"damage":14.0,"enemies":"Jaw Worm","floor":1.0,"turns":8.0},{"damage":3.0,"enemies":"Small Slimes","floor":3.0,"turns":3.0},{"damage":8.0,"enemies":"3 Sentries","floor":10.0,"turns":9.0},{"damage":0.0,"enemies":"Cultist","floor":11.0,"turns":3.0},{"damage":10.0,"enemies":"The Guardian","floor":16.0,"turns":11.0},{"damage":2.0,"enemies":"3 Byrds","floor":18.0,"turns":6.0},{"damage":1.0,"enemies":"Spheric Guardian","floor":21.0,"turns":5.0},{"damage":24.0,"enemies":"Book of Stabbing","floor":23.0,"turns":8.0},{"damage":14.0,"enemies":"Gremlin Leader","floor":27.0,"turns":8.0},{"damage":2.0,"enemies":"Snake Plant","floor":31.0,"turns":4.0},{"damage":40.0,"enemies":"Automaton","floor":33.0,"turns":8.0},{"damage":5.0,"enemies":"3 Shapes","floor":35.0,"turns":6.0},{"damage":21.0,"enemies":"3 Darklings","floor":37.0,"turns":3.0},{"damage":43.0,"enemies":"Giant Head","floor":40.0,"turns":7.0},{"damage":6,"enemies":"Jaw Worm Horde","floor":44,"turns":4},{"damage":17,"enemies":"Writhing Mass","floor":45,"turns":7},{"damage":20,"enemies":"3 Darklings","floor":46,"turns":6},{"damage":7,"enemies":"Spire Growth","floor":48,"turns":6},{"damage":42,"enemies":"Donu and Deca","floor":50,"turns":5}],"seed_played":"7302753922598163680","potions_obtained":[{"floor":1.0,"key":"Block Potion"},{"floor":3.0,"key":"Fire Potion"},{"floor":11.0,"key":"Strength Potion"},{"floor":18.0,"key":"Poison Potion"},{"floor":31.0,"key":"Energy Potion"},{"floor":37.0,"key":"Strength Potion"},{"floor":45,"key":"Dexterity Potion"}],"is_trial":false,"path_per_floor":["M","$","M","?","$","R","?","R","T","E","M","R","T","?","R","B",null,"M","?","?","M","?","E","R","$","T","E","$","R","$","M","R","B",null,"M","?","M","?","?","E","R","$","T","M","M","M","?","M","R","B"],"character_chosen":"THE_SILENT","items_purchased":["Leg Sweep","Panacea","Membership Card","Accuracy","Lee\u0027s Waffle","A Thousand Cuts","Calipers","Cloak And Dagger"],"campfire_rested":3,"item_purchase_floors":[2,5,25,28,30,30,42,42],"current_hp_per_floor":[49,49,46,51,51,51,51,51,51,43,43,43,43,40,40,30,64,62,62,48,49,49,25,49,49,49,37,37,37,91,89,89,51,83,80,80,59,53,53,10,39,39,39,38,23,5,5,5,36,0,0],"gold":65,"neow_bonus":"THREE_CARDS","is_daily":false,"chose_seed":false,"campfire_upgraded":6,"win_rate":0.0,"timestamp":1614400909,"path_taken":["M","$","M","?","$","R","?","R","T","E","?","R","?","?","R","BOSS","M","?","?","M","?","E","R","?","T","E","$","R","$","M","R","BOSS","M","?","?","?","?","E","R","$","T","M","M","?","?","M","R","BOSS"],"items_purchased_type":["Card","Card","Relic","Card","Relic","Card","Relic","Card"],"build_version":"2020-12-22","purchased_purges":1,"victory":false,"max_hp_per_floor":[70,70,70,75,75,75,75,75,75,75,75,75,75,75,75,75,75,75,75,80,82,82,82,82,82,82,84,84,84,91,91,91,93,93,95,95,95,99,99,99,99,99,99,99,101,103,103,105,105,105,105],"card_choices":[{"not_picked":["Bane","Dagger Throw"],"picked":"PiercingWail","floor":0.0},{"not_picked":["Backstab","Bane"],"picked":"Blade Dance","floor":1.0},{"not_picked":["Underhanded Strike","Poisoned Stab"],"picked":"Deflect","floor":3.0},{"not_picked":["Deadly Poison","Dagger Throw","Slice"],"picked":"SKIP","floor":10.0},{"not_picked":["Dagger Throw","Slice"],"picked":"Deadly Poison","floor":10.0},{"not_picked":["Caltrops","Predator"],"picked":"Finisher","floor":11.0},{"not_picked":["Adrenaline","Die Die Die"],"picked":"After Image","floor":16.0},{"not_picked":[],"picked":"Choke+1","floor":18.0},{"not_picked":["Deflect"],"picked":"Singing Bowl","floor":21.0},{"not_picked":[],"picked":"Blade Dance","floor":23.0},{"not_picked":["Skewer"],"picked":"Singing Bowl","floor":27.0},{"not_picked":[],"picked":"Calculated Gamble","floor":31.0},{"not_picked":["Grand Finale"],"picked":"Singing Bowl","floor":33.0},{"not_picked":["Outmaneuver"],"picked":"Singing Bowl","floor":35.0},{"not_picked":[],"picked":"Blade Dance","floor":37.0},{"not_picked":["Dramatic Entrance"],"picked":"Singing Bowl","floor":38.0},{"not_picked":["Jack Of All Trades"],"picked":"Singing Bowl","floor":38.0},{"not_picked":[],"picked":"Metamorphosis","floor":38.0},{"not_picked":[],"picked":"Footwork","floor":40.0},{"not_picked":[],"picked":"Skewer+1","floor":44},{"not_picked":["Leg Sweep+1"],"picked":"Singing Bowl","floor":45},{"not_picked":["Setup+1"],"picked":"Singing Bowl","floor":46},{"not_picked":["Footwork"],"picked":"Singing Bowl","floor":48}],"player_experience":866632,"relics_obtained":[{"floor":9.0,"key":"Boot"},{"floor":10.0,"key":"War Paint"},{"floor":13.0,"key":"The Courier"},{"floor":23.0,"key":"Bronze Scales"},{"floor":26.0,"key":"Snake Skull"},{"floor":27.0,"key":"Shuriken"},{"floor":40.0,"key":"Toy Ornithopter"},{"floor":43.0,"key":"Ornamental Fan"}],"event_choices":[{"damage_healed":0.0,"max_hp_gain":5.0,"max_hp_loss":0.0,"gold_gain":0.0,"event_name":"Big Fish","player_choice":"Donut","floor":4.0,"gold_loss":0.0,"damage_taken":0.0},{"cards_removed":["Strike_G"],"damage_healed":0.0,"max_hp_gain":0.0,"max_hp_loss":0.0,"gold_gain":0.0,"event_name":"Purifier","player_choice":"Purged","floor":7.0,"gold_loss":0.0,"damage_taken":0.0},{"damage_healed":0.0,"max_hp_gain":0.0,"max_hp_loss":0.0,"gold_gain":0.0,"event_name":"Scrap Ooze","player_choice":"Success","floor":14.0,"gold_loss":0.0,"damage_taken":3.0,"relics_obtained":["Singing Bowl"]},{"damage_healed":0.0,"max_hp_gain":0.0,"max_hp_loss":0.0,"gold_gain":0.0,"event_name":"Cursed Tome","player_choice":"Ignored","floor":19.0,"gold_loss":0.0,"damage_taken":0.0},{"damage_healed":0.0,"max_hp_gain":5.0,"max_hp_loss":0.0,"gold_gain":0.0,"event_name":"Forgotten Altar","player_choice":"Shed Blood","floor":20.0,"gold_loss":0.0,"damage_taken":19.0},{"damage_healed":0.0,"max_hp_gain":0.0,"max_hp_loss":0.0,"gold_gain":0.0,"event_name":"Ghosts","player_choice":"Ignored","floor":22.0,"gold_loss":0.0,"damage_taken":0.0},{"cards_removed":["Defend_G"],"damage_healed":0.0,"max_hp_gain":0.0,"max_hp_loss":0.0,"gold_gain":0.0,"event_name":"Purifier","player_choice":"Purged","floor":36.0,"gold_loss":0.0,"damage_taken":0.0},{"damage_healed":0.0,"max_hp_gain":0.0,"max_hp_loss":0.0,"gold_gain":0.0,"event_name":"SensoryStone","player_choice":"Memory 3","floor":38.0,"gold_loss":0.0,"damage_taken":10.0},{"damage_healed":0.0,"max_hp_gain":0.0,"max_hp_loss":0.0,"gold_gain":0.0,"event_name":"Duplicator","player_choice":"Copied","floor":39.0,"gold_loss":0.0,"damage_taken":0.0,"cards_obtained":["Leg Sweep"]},{"cards_removed":["Skewer"],"damage_healed":0,"gold_gain":0,"player_choice":"Removed Attack","damage_taken":0,"max_hp_gain":0,"max_hp_loss":0,"event_name":"Falling","floor":47,"gold_loss":0}],"is_beta":false,"boss_relics":[{"not_picked":["Coffee Dripper","Philosopher\u0027s Stone"],"picked":"Busted Crown"},{"not_picked":["Runic Dome","Snecko Eye"],"picked":"Astrolabe"}],"items_purged_floors":[42],"is_endless":false,"potions_floor_spawned":[1,3,11,18,31,37,45],"killed_by":"Donu and Deca","ascension_level":12}}