{"host":"mn5kbj4x7gv3jr0o","time":1614415325,"event":{"mods":["2.2 Compatiblity","A Magickal Journey","AchievementEnabler","Aspiration","BaseMod","Bestiary","Better Altar","Better Note","Better Sensory Stone","Better Silent Start","Better Skull","Better Third Choice","Better Vampires","Better-Laid Plans","BetterRewards","Block Reminder","CCEM2","Colored Powertips","Colorless Booster Pack","Conspire","Curses Come First","Dota2Spire","Downfall","Emptier Cage","Energized Spire","Fox Events","GifTheSpireLib","Halation","HololiveMod","Hubris","Infinite Spire","Ironclad Rager","Jess\u0027s Bottle","Keyboard Shortcuts","Minty Spire (QoL Compilation)","Mirrors Mod","Poem Panic","Potion Indicator Mod","Potionbrewer","Puzzle Mod","Quarter Circle Forward PUNCH!","Quick Restart","Random Character Button","RatMod","Relic Sorter","Reliquary","Retaliation","Reworked Bosses","SCP261 Mod","SacredBarkPlus","Shop Mod","Small Relic Pack","Spicy Shops","Spikes Relics","StS++","StSLib","Stuff the Spire","The Blue Laboratory","Thieving Mod","Trackpad","Uncapped","UnlockEverythingMod","Useless Jewels Mod","Virulent Crown","Weighted Paths","Wide Potions"],"gold_per_floor":[15,15,34,55,55,55,55,55,82,82,82,82,117,137,137,235,235,247,247,265,265,283,283,316,316,341,374,374,374,387,37,37,132,132,152,152,169,169,169,169,169,169],"floor_reached":41,"language":"ENG","playtime":3075,"items_purged":["Clumsy"],"score":450,"play_id":"39a7144b-2a6e-40f1-9b08-439a5403340f","local_time":"20210227034205","is_ascension_mode":true,"campfire_choices":[{"data":"Chaos","floor":6.0,"key":"SMITH"},{"floor":8.0,"key":"REST"},{"data":"Poisoned Stab","floor":10.0,"key":"SMITH"},{"data":"StuffTheSpire:Innocence","floor":15.0,"key":"SMITH"},{"data":"StSpp:PoisonousPunch","floor":23,"key":"SMITH"},{"floor":28,"key":"REST"},{"data":"Dodge and Roll","floor":32,"key":"SMITH"},{"floor":40,"key":"REST"}],"circlet_count":0,"master_deck":["Survivor","Neutralize","Poisoned Stab+1","Poisoned Stab","Poisoned Stab","Poisoned Stab","Dodge and Roll+1","Dodge and Roll","Dodge and Roll","Dodge and Roll","Chaos+1","Bane","Noxious Fumes","StuffTheSpire:Innocence+1","Deadly Poison","rat:SilverCoating","Backstab","Hololive_CallNatsuiroMatsuri","StSpp:PoisonousPunch+1","Bane","ICR:Paralyse","rat:Shadowstep","Venomology","Noxious Fumes"],"relics":["Ring of the Snake","halation:PinkSoulGem","Dota2Spire:ArmletOfMordiggian","reliquary:WeakTea","infinitespire:Satchel","energizedSpire:HighHeels","Nloth\u0027s Gift","Hololive_LightStick","qcfpunch:Red_Headband","rat:KircheisShard","Membership Card","Pantograph","Turnip"],"acts_visited":["Exordium","TheCity","TheBeyond"],"potions_floor_usage":[16,27,33,35,37,37,37,37,41,41],"damage_taken":[{"damage":0.0,"enemies":"Cultist","floor":1.0,"turns":3.0},{"damage":0.0,"enemies":"2 Louse","floor":3.0,"turns":3.0},{"damage":1.0,"enemies":"Jaw Worm","floor":4.0,"turns":3.0},{"damage":0.0,"enemies":"Lagavulin","floor":13.0,"turns":4.0},{"damage":0.0,"enemies":"3 Louse","floor":14.0,"turns":3.0},{"damage":1,"enemies":"Slime Boss","floor":16,"turns":9},{"damage":0,"enemies":"Chosen","floor":18,"turns":4},{"damage":4,"enemies":"conspire:FuzzyDice","floor":20,"turns":6},{"damage":6,"enemies":"Snecko","floor":22,"turns":5},{"damage":21,"enemies":"Book of Stabbing","floor":24,"turns":6},{"damage":15,"enemies":"Slavers","floor":27,"turns":5},{"damage":0,"enemies":"Centurion and Healer","floor":30,"turns":5},{"damage":44,"enemies":"Automaton","floor":33,"turns":7},{"damage":41,"enemies":"3 Darklings","floor":35,"turns":6},{"damage":10,"enemies":"3 Shapes","floor":37,"turns":5},{"damage":37,"enemies":"Reptomancer","floor":41,"turns":2}],"seed_played":"4360309886608923890","potions_obtained":[{"floor":4.0,"key":"PowerPotion"},{"floor":14.0,"key":"blueLaboratory:EnvenomedCoating"},{"floor":16,"key":"SteroidPotion"},{"floor":27,"key":"potionbrewer:ToxicPotion"},{"floor":35,"key":"Energy Potion"},{"floor":37,"key":"FearPotion"}],"is_trial":false,"path_per_floor":["M","?","M","M","?","R","$","R","T","R","T","?","E","M","R","B",null,"M","?","M","?","M","R","E","?","T","E","R","?","M","$","R","B",null,"M","?","M","?","?","R","E"],"character_chosen":"THE_SILENT","items_purchased":["Membership Card","Pantograph"],"campfire_rested":3,"item_purchase_floors":[31,31],"current_hp_per_floor":[45,24,24,23,23,23,23,41,41,41,41,34,34,34,34,33,63,63,63,59,59,53,53,32,32,32,17,35,35,35,35,35,16,63,22,22,12,12,12,30,0,0],"gold":169,"neow_bonus":"SILENT_ASSASSIN","is_daily":false,"chose_seed":false,"campfire_upgraded":5,"win_rate":0.0,"timestamp":1614415325,"path_taken":["M","?","M","M","?","R","?","R","T","R","?","?","E","M","R","BOSS","M","?","M","?","M","R","E","?","T","E","R","?","M","$","R","BOSS","M","?","M","?","?","R","E"],"items_purchased_type":["Relic","Relic"],"build_version":"2020-12-22","purchased_purges":1,"victory":false,"max_hp_per_floor":[63,63,63,63,63,63,63,63,63,63,63,63,63,63,63,63,63,63,63,63,63,63,63,63,63,63,63,63,63,63,63,63,63,63,63,63,63,63,63,63,63,63],"card_choices":[{"not_picked":["Flechettes","Tactician","Flying Knee"],"picked":"SKIP","floor":1.0},{"not_picked":["rat:SilveredBlade","Concentrate"],"picked":"Bane","floor":3.0},{"not_picked":["StSpp:SpareBlade","StuffTheSpire:BumpUp"],"picked":"Noxious Fumes","floor":4.0},{"not_picked":["Well Laid Plans","StuffTheSpire:Sprint","A Thousand Cuts"],"picked":"SKIP","floor":13.0},{"not_picked":["Finisher","StuffTheSpire:ClusterCrunch"],"picked":"Deadly Poison","floor":14.0},{"not_picked":["rat:BloodPact","rat:Dispatch"],"picked":"rat:SilverCoating","floor":16},{"not_picked":["Dagger Spray","rat:Garrote+1"],"picked":"Backstab","floor":18},{"not_picked":["Choke","StSpp:CorrosivePoison","Cloak And Dagger"],"picked":"SKIP","floor":20},{"not_picked":["StSpp:AbandonFlesh","Accuracy"],"picked":"StSpp:PoisonousPunch","floor":22},{"not_picked":["rat:RuptureArtery","StuffTheSpire:Incursion"],"picked":"Bane","floor":24},{"not_picked":["Leg Sweep+1","Deflect"],"picked":"ICR:Paralyse","floor":27},{"not_picked":["StSpp:PoisonousPunch+1","StuffTheSpire:Injection"],"picked":"rat:Shadowstep","floor":30},{"not_picked":["Envenom","StSpp:AbandonFlesh"],"picked":"Venomology","floor":33},{"not_picked":["hubris:SlightOfHand","Caltrops"],"picked":"Noxious Fumes","floor":35},{"not_picked":["Masterful Stab+1","Poisoned Stab+1","rat:Sprint"],"picked":"SKIP","floor":37}],"player_experience":208224,"relics_obtained":[{"floor":9.0,"key":"infinitespire:Satchel"},{"floor":11.0,"key":"Dota2Spire:ArmletOfMordiggian"},{"floor":13.0,"key":"hubris:FunFungus"},{"floor":24,"key":"Hololive_LightStick"},{"floor":26,"key":"qcfpunch:Red_Headband"},{"floor":27,"key":"rat:KircheisShard"}],"event_choices":[{"damage_healed":0,"gold_gain":0,"player_choice":"Traded Relic","damage_taken":0,"relics_obtained":["Nloth\u0027s Gift"],"max_hp_gain":0,"max_hp_loss":0,"event_name":"N\u0027loth","floor":19,"relics_lost":["hubris:FunFungus"],"gold_loss":0},{"cards_removed":["StuffTheSpire:Innocence"],"damage_healed":0,"gold_gain":0,"player_choice":"Take \u0026 Give","damage_taken":0,"max_hp_gain":0,"max_hp_loss":0,"event_name":"betterNote:BetterNote","floor":21,"gold_loss":0,"cards_obtained":["Hololive_CallNatsuiroMatsuri"]},{"damage_healed":0,"gold_gain":0,"player_choice":"Ignored","damage_taken":0,"max_hp_gain":0,"max_hp_loss":0,"event_name":"Vampires","floor":25,"gold_loss":0}],"is_beta":false,"boss_relics":[{"not_picked":["energizedSpire:DeadBattery","energizedSpire:CursedPentagram"],"picked":"energizedSpire:HighHeels"},{"not_picked":["reliquary:WritOfMandamus","energizedSpire:SpiderWeb","halation:SmartPhone"]}],"items_purged_floors":[31],"is_endless":false,"potions_floor_spawned":[4,14,16,20,27,35,37],"killed_by":"Reptomancer","ascension_level":0}}