{"host":"2qv44oxt58ptq59r","time":1614420974,"event":{"mods":["AchievementEnabler","BaseMod","Colored Powertips","Highlight Path","Minty Spire (QoL Compilation)","Permanent Neow","StSLib"],"gold_per_floor":[116,127,127,202,216,216,245,245,245,255,255,265,5,5,5,102,102,118,134,94,107,107,107,6,33,57,0,19,19,19,30,30,131,131,141,156,169,169,169,169],"floor_reached":39,"language":"ENG","playtime":4388,"items_purged":["Strike_G"],"score":541,"play_id":"969cd3c0-9b22-43b8-9ded-ceff0d04e712","local_time":"20210227101614","is_ascension_mode":true,"campfire_choices":[{"data":"Dagger Throw","floor":6.0,"key":"SMITH"},{"data":"Bane","floor":8.0,"key":"SMITH"},{"data":"Poisoned Stab","floor":11.0,"key":"SMITH"},{"data":"Noxious Fumes","floor":15.0,"key":"SMITH"},{"data":"Sucker Punch","floor":23.0,"key":"SMITH"},{"data":"Accuracy","floor":29.0,"key":"SMITH"},{"data":"Blade Dance","floor":32.0,"key":"SMITH"}],"circlet_count":0,"master_deck":["Strike_G+1","Strike_G+1","Strike_G+1","Strike_G+1","Defend_G+1","Defend_G+1","Defend_G+1","Defend_G+1","Defend_G+1","Survivor","Neutralize+1","Backstab","Bane+1","Poisoned Stab+1","Deadly Poison","PiercingWail","Noxious Fumes+1","Unload","CurseOfTheBell","Poisoned Stab+1","Accuracy+1","Sucker Punch+1","Blade Dance+1","Bane","Poisoned Stab","Blade Dance+1","Die Die Die","Cloak And Dagger+1","Dagger Spray+1","Leg Sweep"],"relics":["Ring of the Snake","Eternal Feather","PreservedInsect","Ancient Tea Set","Calling Bell","Snake Skull","StrikeDummy","Lizard Tail","Mummified Hand","Black Star"],"acts_visited":["Exordium","TheCity","TheBeyond"],"potions_floor_usage":[39],"damage_taken":[{"damage":3.0,"enemies":"Jaw Worm","floor":1.0,"turns":5.0},{"damage":0.0,"enemies":"Small Slimes","floor":2.0,"turns":3.0},{"damage":0.0,"enemies":"Cultist","floor":5.0,"turns":3.0},{"damage":10.0,"enemies":"Gremlin Nob","floor":7.0,"turns":4.0},{"damage":4.0,"enemies":"3 Louse","floor":10.0,"turns":2.0},{"damage":0.0,"enemies":"2 Fungi Beasts","floor":12.0,"turns":2.0},{"damage":8.0,"enemies":"Slime Boss","floor":16.0,"turns":8.0},{"damage":13.0,"enemies":"3 Byrds","floor":18.0,"turns":4.0},{"damage":0.0,"enemies":"Chosen","floor":19.0,"turns":3.0},{"damage":0.0,"enemies":"Snake Plant","floor":21.0,"turns":3.0},{"damage":10.0,"enemies":"Book of Stabbing","floor":25.0,"turns":4.0},{"damage":10.0,"enemies":"Snecko","floor":28.0,"turns":3.0},{"damage":6.0,"enemies":"Shelled Parasite and Fungi","floor":31.0,"turns":3.0},{"damage":65.0,"enemies":"Champ","floor":33.0,"turns":9.0},{"damage":14.0,"enemies":"Orb Walker","floor":35.0,"turns":3.0},{"damage":24.0,"enemies":"3 Shapes","floor":36.0,"turns":7.0},{"damage":53.0,"enemies":"Spire Growth","floor":37.0,"turns":5.0},{"damage":25,"enemies":"Transient","floor":39,"turns":4}],"seed_played":"-8515314593985453149","potions_obtained":[{"floor":1.0,"key":"LiquidMemories"},{"floor":5.0,"key":"FearPotion"},{"floor":10.0,"key":"GhostInAJar"},{"floor":12.0,"key":"Swift Potion"},{"floor":19.0,"key":"Swift Potion"},{"floor":25.0,"key":"FearPotion"},{"floor":31.0,"key":"AttackPotion"},{"floor":35.0,"key":"SteroidPotion"},{"floor":37.0,"key":"FearPotion"}],"is_trial":false,"path_per_floor":["M","M","?","?","M","R","E","R","T","M","R","M","$","$","R","B",null,"M","M","?","M","?","R","$","E","T","?","M","R","?","M","R","B",null,"M","M","M","?","M"],"character_chosen":"THE_SILENT","items_purchased":["Ancient Tea Set","Noxious Fumes","Blade Dance","Bane"],"campfire_rested":0,"item_purchase_floors":[13,13,24,24],"current_hp_per_floor":[60,60,60,49,49,49,39,48,48,44,53,53,53,53,62,54,66,53,53,53,53,53,65,65,55,55,55,45,60,60,54,69,4,54,40,16,1,1,0,0],"gold":169,"neow_bonus":"UPGRADE_CARD","is_daily":false,"chose_seed":false,"campfire_upgraded":7,"win_rate":0.0,"timestamp":1614420974,"path_taken":["M","M","?","?","M","R","E","R","T","M","R","M","?","$","R","BOSS","M","M","?","?","?","R","$","E","T","?","M","R","?","M","R","BOSS","M","M","M","?","M"],"items_purchased_type":["Relic","Card","Card","Card"],"build_version":"2020-12-22","purchased_purges":1,"victory":false,"max_hp_per_floor":[70,70,70,70,70,70,70,70,70,70,70,70,70,70,70,70,70,70,70,70,70,70,70,70,70,70,70,70,70,70,70,70,70,70,70,70,70,70,70,70],"card_choices":[{"not_picked":["Well Laid Plans","Concentrate"],"picked":"Backstab","floor":1.0},{"not_picked":["Backflip","Deflect"],"picked":"Dagger Throw","floor":2.0},{"not_picked":["Slice","Outmaneuver"],"picked":"Bane","floor":5.0},{"not_picked":["Catalyst","Quick Slash"],"picked":"Poisoned Stab","floor":7.0},{"not_picked":["Deflect","Underhanded Strike"],"picked":"Deadly Poison","floor":10.0},{"not_picked":["Bullet Time","Dagger Spray"],"picked":"PiercingWail","floor":12.0},{"not_picked":["Doppelganger","Grand Finale"],"picked":"Unload","floor":16.0},{"not_picked":["Deflect+1","Tactician"],"picked":"Poisoned Stab+1","floor":18.0},{"not_picked":["Quick Slash","Expertise"],"picked":"Accuracy","floor":19.0},{"not_picked":["Dodge and Roll","Prepared"],"picked":"Sucker Punch","floor":21.0},{"not_picked":["Calculated Gamble","Outmaneuver"],"picked":"Poisoned Stab","floor":25.0},{"not_picked":["Well Laid Plans","Outmaneuver"],"picked":"Blade Dance+1","floor":28.0},{"not_picked":["Backflip","Slice","Heel Hook"],"picked":"SKIP","floor":31.0},{"not_picked":["Storm of Steel","Wraith Form v2"],"picked":"Die Die Die","floor":33.0},{"not_picked":["Skewer+1","Quick Slash+1"],"picked":"Cloak And Dagger+1","floor":35.0},{"not_picked":["Backflip","Deflect+1"],"picked":"Dagger Spray+1","floor":36.0},{"not_picked":["Escape Plan+1","Endless Agony"],"picked":"Leg Sweep","floor":37.0}],"player_experience":5856228,"relics_obtained":[{"floor":7.0,"key":"Eternal Feather"},{"floor":9.0,"key":"PreservedInsect"},{"floor":17.0,"key":"Snake Skull"},{"floor":17.0,"key":"StrikeDummy"},{"floor":17.0,"key":"Lizard Tail"},{"floor":25.0,"key":"Mummified Hand"}],"event_choices":[{"damage_healed":0.0,"max_hp_gain":0.0,"max_hp_loss":0.0,"gold_gain":0.0,"event_name":"Liars Game","player_choice":"Ignored","floor":3.0,"gold_loss":0.0,"damage_taken":0.0},{"damage_healed":0.0,"max_hp_gain":0.0,"max_hp_loss":0.0,"gold_gain":75.0,"event_name":"World of Goop","player_choice":"Gather Gold","floor":4.0,"gold_loss":0.0,"damage_taken":11.0},{"damage_healed":0.0,"max_hp_gain":0.0,"max_hp_loss":0.0,"gold_gain":0.0,"event_name":"Designer","player_choice":"Upgraded Two","floor":20.0,"gold_loss":40.0,"damage_taken":0.0,"cards_upgraded":["Strike_G","Defend_G"]},{"damage_healed":0.0,"max_hp_gain":0.0,"max_hp_loss":0.0,"gold_gain":0.0,"event_name":"Back to Basics","player_choice":"Simplicity","floor":22.0,"gold_loss":0.0,"damage_taken":0.0,"cards_upgraded":["Strike_G","Strike_G","Strike_G","Defend_G","Defend_G","Defend_G","Defend_G"]},{"damage_healed":0.0,"max_hp_gain":0.0,"max_hp_loss":0.0,"gold_gain":0.0,"event_name":"Masked Bandits","player_choice":"Paid Fearfully","floor":27.0,"gold_loss":57.0,"damage_taken":0.0},{"damage_healed":0.0,"max_hp_gain":0.0,"max_hp_loss":0.0,"gold_gain":0.0,"event_name":"N\u0027loth","player_choice":"Ignored","floor":30.0,"gold_loss":0.0,"damage_taken":0.0},{"cards_removed":["Dagger Throw"],"damage_healed":0.0,"max_hp_gain":0.0,"max_hp_loss":0.0,"gold_gain":0.0,"event_name":"Falling","player_choice":"Removed Attack","floor":38.0,"gold_loss":0.0,"damage_taken":0.0}],"is_beta":false,"boss_relics":[{"not_picked":["Philosopher\u0027s Stone","HoveringKite"],"picked":"Calling Bell"},{"not_picked":["Cursed Key","Pandora\u0027s Box"],"picked":"Black Star"}],"items_purged_floors":[13],"is_endless":false,"potions_floor_spawned":[1,5,10,12,19,25,31,35,37],"killed_by":"Transient","ascension_level":7}}