{"host":"grtv5gxlru3keaef","time":1614444398,"event":{"mods":["AchievementEnabler","BaseMod","Clawfect","Colored Powertips","DeckTracker","Minty Spire (QoL Compilation)","Quick Restart","Shop Mod","StSLib","SuperFastMode","slay the spire mod where everything is the same but ironclad has a cowboy hat"],"gold_per_floor":[111,36,36,51,63,88,64,139,139,139,152,169,169,203,203,303,303,318,347,148,165,165,165,192,192,242,179,202,74,74,74,74,170,220,238,37,259,259,276,276,286,62,62,62,97,114,130,27,27,27],"floor_reached":51,"language":"ENG","playtime":1116,"items_purged":["Defend_B","Defend_B","Defend_B","Defend_B"],"score":876,"play_id":"c1cb3231-8a39-48e5-9937-3258e80be4a4","local_time":"20210227114638","is_ascension_mode":false,"campfire_choices":[{"data":"Clawfect:ClawSnap","floor":10,"key":"SMITH"},{"floor":13,"key":"REST"},{"data":"Clawfect:ClawSnap","floor":15,"key":"SMITH"},{"data":"Clawfect:ClawForOne","floor":23,"key":"SMITH"},{"floor":30,"key":"REST"},{"data":"Clawfect:ClawCell","floor":32,"key":"SMITH"},{"floor":40,"key":"REST"},{"data":"Clawfect:ClawingBeam","floor":44,"key":"SMITH"},{"floor":49,"key":"REST"}],"circlet_count":0,"master_deck":["Gash","Gash","Gash+1","Gash+1","Gash+1","Clawfect:ClawSnap+1","Clawfect:ClawSnap","Clawfect:ClawSnap+1","Self Repair","Gash","Clawfect:ClawForOne+1","Clawfect:ClawSnap","Clawfect:ClawForTheEyes","Clawfect:ClawSnap","Clawfect:ClawCell+1","Gash","Blizzard+1","Clawfect:Clawter","Clawfect:ClawingBeam+1","Clawfect:ClawAndGloom","Clawfect:ClawingBeam+1","Clawfect:ClawCell+1"],"relics":["Clawfect:DRClaw","Ornamental Fan","SlaversCollar","Red Mask","Letter Opener","MutagenicStrength","MerchantsRug","Chemical X","Incense Burner","Cables","Pear"],"acts_visited":["Exordium","TheCity","TheBeyond"],"potions_floor_usage":[6,45,45],"damage_taken":[{"damage":0,"enemies":"Cultist","floor":1,"turns":4},{"damage":1,"enemies":"2 Louse","floor":4,"turns":3},{"damage":0,"enemies":"Jaw Worm","floor":5,"turns":3},{"damage":0,"enemies":"3 Sentries","floor":6,"turns":5},{"damage":12,"enemies":"3 Louse","floor":11,"turns":4},{"damage":3,"enemies":"Looter","floor":12,"turns":3},{"damage":6,"enemies":"Gremlin Nob","floor":14,"turns":4},{"damage":25,"enemies":"Slime Boss","floor":16,"turns":7},{"damage":0,"enemies":"Spheric Guardian","floor":18,"turns":2},{"damage":15,"enemies":"Masked Bandits","floor":19,"turns":3},{"damage":0,"enemies":"2 Thieves","floor":21,"turns":3},{"damage":4,"enemies":"Gremlin Leader","floor":24,"turns":3},{"damage":9,"enemies":"Shelled Parasite and Fungi","floor":28,"turns":3},{"damage":0,"enemies":"Champ","floor":33,"turns":4},{"damage":7,"enemies":"3 Darklings","floor":35,"turns":3},{"damage":15,"enemies":"Orb Walker","floor":39,"turns":3},{"damage":0,"enemies":"Maw","floor":41,"turns":3},{"damage":83,"enemies":"Reptomancer","floor":45,"turns":3},{"damage":0,"enemies":"Sphere and 2 Shapes","floor":46,"turns":3},{"damage":0,"enemies":"Transient","floor":47,"turns":5},{"damage":57,"enemies":"Time Eater","floor":50,"turns":7}],"seed_played":"-3526072270663024638","potions_obtained":[{"floor":1,"key":"Swift Potion"},{"floor":11,"key":"Ancient Potion"},{"floor":12,"key":"Regen Potion"},{"floor":18,"key":"EntropicBrew"},{"floor":47,"key":"EntropicBrew"}],"is_trial":false,"path_per_floor":["M","$","?","M","M","E","$","?","T","R","M","M","R","E","R","B",null,"M","?","$","M","?","R","E","?","T","?","M","$","R","?","R","B",null,"M","$","?","?","M","R","M","$","T","R","E","M","M","$","R","B",null],"character_chosen":"DEFECT","items_purchased":["Gash","FairyPotion","MerchantsRug","Clawfect:Clawter","Clawfect:ClawAndGloom","Chemical X","Pear"],"campfire_rested":4,"item_purchase_floors":[7,20,29,36,42,42,48],"current_hp_per_floor":[75,75,75,74,74,74,74,67,67,67,62,66,75,75,75,57,75,75,67,67,67,67,67,70,70,70,70,68,68,75,75,75,75,80,80,80,80,80,72,80,80,80,80,80,2,9,16,26,53,34],"gold":27,"neow_bonus":"UPGRADE_CARD","is_daily":false,"chose_seed":false,"campfire_upgraded":5,"win_rate":0.0,"timestamp":1614444398,"path_taken":["M","$","?","M","M","E","$","?","T","R","M","?","R","E","R","BOSS","M","?","$","M","?","R","E","?","T","?","M","$","R","?","R","BOSS","M","$","?","?","M","R","M","$","T","R","E","?","M","$","R","BOSS"],"items_purchased_type":["Card","Potion","Relic","Card","Card","Relic","Relic"],"build_version":"2020-12-22","purchased_purges":4,"victory":true,"max_hp_per_floor":[75,75,75,75,75,75,75,75,75,75,75,75,75,75,75,75,75,75,75,75,75,75,75,75,75,75,75,75,75,75,75,75,75,80,80,80,80,80,80,80,80,80,80,80,80,80,80,90,90,90],"card_choices":[{"not_picked":["Glacier","Sunder"],"picked":"Clawfect:ClawSnap","floor":1},{"not_picked":["Hologram","Stack"],"picked":"Clawfect:ClawSnap","floor":4},{"not_picked":["Aggregate","Leap"],"picked":"Clawfect:ClawSnap","floor":5},{"not_picked":["Steam","Stack"],"picked":"Self Repair","floor":6},{"not_picked":["Sunder","Steam Power","Auto Shields"],"picked":"SKIP","floor":11},{"not_picked":["Redo","Static Discharge","Force Field"],"picked":"SKIP","floor":12},{"not_picked":["Conserve Battery","Echo Form","Static Discharge"],"picked":"SKIP","floor":14},{"not_picked":["Echo Form","Rainbow"],"picked":"Clawfect:ClawForOne","floor":16},{"not_picked":["Clawfect:ClawCell","Recycle"],"picked":"Clawfect:ClawSnap","floor":18},{"not_picked":["Steam+1","Clawfect:ClawpileDriver"],"picked":"Clawfect:ClawForTheEyes","floor":19},{"not_picked":["Rebound+1","Storm"],"picked":"Clawfect:ClawSnap","floor":21},{"not_picked":["Clawfect:Clawline","Clawfect:ClawAndGloom"],"picked":"Clawfect:ClawCell","floor":24},{"not_picked":["Hologram","Redo","Lockon"],"picked":"SKIP","floor":28},{"not_picked":["Sunder","Clawfect:ClawCell+1"],"picked":"Gash","floor":34},{"not_picked":["Skim+1","Hologram"],"picked":"Blizzard","floor":35},{"not_picked":["Redo+1","Leap"],"picked":"Clawfect:ClawingBeam","floor":39},{"not_picked":["Clawfect:ScrapingClaw","Auto Shields+1","White Noise"],"picked":"SKIP","floor":41},{"not_picked":["Sunder","FTL"],"picked":"Clawfect:ClawingBeam+1","floor":45},{"not_picked":["Steam","Auto Shields"],"picked":"Clawfect:ClawCell+1","floor":46},{"not_picked":["Turbo+1","Clawfect:ClawingBeam","Clawfect:ClawCell"],"picked":"SKIP","floor":47}],"player_experience":192820,"relics_obtained":[{"floor":6,"key":"Matryoshka"},{"floor":9,"key":"Ornamental Fan"},{"floor":9,"key":"Boot"},{"floor":14,"key":"PreservedInsect"},{"floor":19,"key":"Red Mask"},{"floor":24,"key":"Letter Opener"},{"floor":26,"key":"MawBank"},{"floor":26,"key":"Tiny Chest"},{"floor":43,"key":"Incense Burner"},{"floor":45,"key":"Cables"}],"event_choices":[{"damage_healed":0,"gold_gain":0,"player_choice":"Grow","damage_taken":0,"max_hp_gain":0,"max_hp_loss":0,"event_name":"Living Wall","floor":3,"gold_loss":0,"cards_upgraded":["Gash"]},{"damage_healed":0,"gold_gain":75,"player_choice":"Touch","damage_taken":7,"max_hp_gain":0,"max_hp_loss":0,"event_name":"FaceTrader","floor":8,"gold_loss":0},{"damage_healed":0,"gold_gain":0,"player_choice":"Fought Bandits","damage_taken":0,"max_hp_gain":0,"max_hp_loss":0,"event_name":"Masked Bandits","floor":19,"gold_loss":0},{"damage_healed":0,"gold_gain":0,"player_choice":"Ignored","damage_taken":0,"max_hp_gain":0,"max_hp_loss":0,"event_name":"Cursed Tome","floor":22,"gold_loss":0},{"damage_healed":0,"gold_gain":0,"player_choice":"Inject Mutagens","damage_taken":0,"relics_obtained":["MutagenicStrength"],"max_hp_gain":0,"max_hp_loss":0,"event_name":"Drug Dealer","floor":25,"gold_loss":0},{"cards_removed":["Defend_B"],"damage_healed":0,"gold_gain":0,"player_choice":"Gave Gold","damage_taken":0,"max_hp_gain":0,"max_hp_loss":0,"event_name":"Beggar","floor":27,"gold_loss":75},{"damage_healed":0,"gold_gain":0,"player_choice":"Got Potions","damage_taken":0,"max_hp_gain":0,"max_hp_loss":0,"event_name":"Lab","floor":31,"gold_loss":0},{"damage_healed":0,"gold_gain":222,"player_choice":"Wore Mask","damage_taken":0,"max_hp_gain":0,"max_hp_loss":0,"event_name":"Tomb of Lord Red Mask","floor":37,"gold_loss":0},{"damage_healed":0,"gold_gain":0,"player_choice":"Upgraded","damage_taken":0,"max_hp_gain":0,"max_hp_loss":0,"event_name":"Upgrade Shrine","floor":38,"gold_loss":0,"cards_upgraded":["Blizzard"]}],"is_beta":false,"boss_relics":[{"not_picked":["Velvet Choker","SacredBark"],"picked":"SlaversCollar"},{"not_picked":["Fusion Hammer","Nuclear Battery"],"picked":"Tiny House"}],"items_purged_floors":[2,20,29,36],"is_endless":false,"potions_floor_spawned":[1,11,12,18,24,28,33,35,47],"ascension_level":0}}