{"host":"jyt8vqv30ansoqx1","time":1614402344,"event":{"mods":["BaseMod","Colored Map","DeckTracker","Highlight Path","Minty Spire (QoL Compilation)","Relic Stats","StSLib","SuperFastMode"],"gold_per_floor":[114,3,3,13,33,65,65,65,65,82,111,123,147,40,40,40,40],"floor_reached":16,"language":"ENG","playtime":503,"items_purged":[],"score":220,"play_id":"391c26f0-11ea-42da-b2c3-d5638c189df5","local_time":"20210227000544","is_ascension_mode":true,"campfire_choices":[{"data":"Crippling Poison","floor":7,"key":"SMITH"},{"data":"Well Laid Plans","floor":15,"key":"SMITH"}],"circlet_count":0,"master_deck":["AscendersBane","Strike_G","Strike_G","Strike_G","Strike_G","Strike_G","Defend_G","Defend_G","Defend_G","Defend_G","Defend_G","Survivor","Neutralize","Crippling Poison+1","Dagger Throw","All Out Attack","Sucker Punch+1","Backstab","Calculated Gamble","Corpse Explosion","Deflect","Well Laid Plans+1","Terror"],"relics":["Ring of the Snake","NeowsBlessing","Blue Candle","Oddly Smooth Stone","MawBank"],"acts_visited":["Exordium"],"potions_floor_usage":[6,11,16],"damage_taken":[{"damage":0,"enemies":"Jaw Worm","floor":1,"turns":1},{"damage":0,"enemies":"Small Slimes","floor":4,"turns":1},{"damage":0,"enemies":"2 Louse","floor":5,"turns":1},{"damage":22,"enemies":"Gremlin Nob","floor":6,"turns":4},{"damage":0,"enemies":"2 Fungi Beasts","floor":10,"turns":2},{"damage":10,"enemies":"3 Sentries","floor":11,"turns":7},{"damage":4,"enemies":"Exordium Thugs","floor":13,"turns":3},{"damage":47,"enemies":"Slime Boss","floor":16,"turns":10}],"seed_played":"-8381785755739256381","potions_obtained":[{"floor":1,"key":"Weak Potion"},{"floor":6,"key":"Swift Potion"},{"floor":10,"key":"Fire Potion"},{"floor":13,"key":"BlessingOfTheForge"}],"is_trial":false,"path_per_floor":["M","$","?","M","M","E","R","?","T","M","E","?","M","$","R","B"],"character_chosen":"THE_SILENT","items_purchased":["Fire Potion","Dagger Throw","Well Laid Plans","Terror"],"campfire_rested":0,"item_purchase_floors":[2,2,14,14],"current_hp_per_floor":[59,59,59,59,59,37,37,37,37,37,27,49,45,45,45,0,0],"gold":40,"neow_bonus":"THREE_ENEMY_KILL","is_daily":false,"chose_seed":false,"campfire_upgraded":2,"win_rate":0.0,"timestamp":1614402344,"path_taken":["M","$","?","M","M","E","R","?","T","M","E","?","M","$","R","BOSS"],"items_purchased_type":["Potion","Card","Card","Card"],"build_version":"2020-12-22","purchased_purges":0,"victory":false,"max_hp_per_floor":[66,66,66,66,66,66,66,66,66,66,66,66,66,66,66,66,66],"relic_stats":{"counters":[8,29],"Blue Candle":[0],"MawBank":36,"obtain_stats":[{"NeowsBlessing":0,"Blue Candle":6,"Oddly Smooth Stone":9,"MawBank":11,"Ring of the Snake":0},{"NeowsBlessing":0,"Blue Candle":4,"Oddly Smooth Stone":4,"MawBank":6,"Ring of the Snake":0},{"NeowsBlessing":0,"Blue Candle":7,"Oddly Smooth Stone":7,"MawBank":16,"Ring of the Snake":0}],"Ring of the Snake":[16]},"card_choices":[{"not_picked":["PiercingWail","Footwork"],"picked":"Crippling Poison","floor":1},{"not_picked":["Outmaneuver","Footwork"],"picked":"All Out Attack","floor":4},{"not_picked":["Flying Knee","Dagger Throw"],"picked":"Sucker Punch","floor":5},{"not_picked":["Expertise","Choke"],"picked":"Backstab","floor":6},{"not_picked":["Deadly Poison","Bane"],"picked":"Calculated Gamble","floor":10},{"not_picked":["Deflect","Dagger Throw"],"picked":"Corpse Explosion","floor":11},{"not_picked":["Crippling Poison","Quick Slash"],"picked":"Deflect","floor":13}],"player_experience":1715472,"relics_obtained":[{"floor":6,"key":"Blue Candle"},{"floor":9,"key":"Oddly Smooth Stone"},{"floor":11,"key":"MawBank"}],"event_choices":[{"damage_healed":0,"gold_gain":0,"player_choice":"Ignored","damage_taken":0,"max_hp_gain":0,"max_hp_loss":0,"event_name":"Liars Game","floor":3,"gold_loss":0},{"damage_healed":0,"gold_gain":0,"player_choice":"Grow","damage_taken":0,"max_hp_gain":0,"max_hp_loss":0,"event_name":"Living Wall","floor":8,"gold_loss":0,"cards_upgraded":["Sucker Punch"]},{"damage_healed":22,"gold_gain":0,"player_choice":"Banana","damage_taken":0,"max_hp_gain":0,"max_hp_loss":0,"event_name":"Big Fish","floor":12,"gold_loss":0}],"is_beta":false,"boss_relics":[],"items_purged_floors":[],"is_endless":false,"potions_floor_spawned":[1,6,10,13],"killed_by":"Slime Boss","ascension_level":20}}