{"host":"adi","time":1614440163,"event":{"mods":["AchievementEnabler","BaseMod","Bestiary","Colored Powertips","Minty Spire (QoL Compilation)","StSLib"],"gold_per_floor":[109,109,119,41,53,53,53,79,92,140,152,339,382,394,416,442,454,568,580,608,620,617,639,651,517,548,568,568,568],"floor_reached":28,"language":"ENG","playtime":1655,"items_purged":["Decay"],"score":313,"play_id":"777b9468-c119-496e-8229-8c2cb3717c53","local_time":"20210227163603","is_ascension_mode":true,"campfire_choices":[{"data":"LikeWater","floor":6.0,"key":"SMITH"},{"data":"LikeWater","floor":17.0,"key":"SMITH"}],"circlet_count":0,"master_deck":["Strike_P","Strike_P","Defend_P","Defend_P","Defend_P","Defend_P","Eruption+1","Vigilance","CutThroughFate","LikeWater+1","LikeWater+1","FlyingSleeves+1","ThirdEye","Perseverance","WaveOfTheHand","FearNoEvil","ClearTheMind","Omniscience","Consecrate+1","RitualDagger","SandsOfTime","BattleHymn","Nirvana"],"relics":["PureWater","Shuriken","MawBank","Darkstone Periapt","Pen Nib","Empty Cage","Matryoshka"],"acts_visited":["Exordium","TheCity"],"potions_floor_usage":[26,26,26],"damage_taken":[{"damage":0.0,"enemies":"2 Louse","floor":1.0,"turns":1.0},{"damage":0.0,"enemies":"Cultist","floor":3.0,"turns":2.0},{"damage":0.0,"enemies":"Small Slimes","floor":5.0,"turns":3.0},{"damage":8.0,"enemies":"Gremlin Nob","floor":8.0,"turns":5.0},{"damage":0.0,"enemies":"Red Slaver","floor":9.0,"turns":4.0},{"damage":11.0,"enemies":"3 Sentries","floor":13.0,"turns":11.0},{"damage":2.0,"enemies":"Large Slime","floor":15.0,"turns":7.0},{"damage":1.0,"enemies":"Blue Slaver","floor":16.0,"turns":5.0},{"damage":15.0,"enemies":"Hexaghost","floor":18.0,"turns":12.0},{"damage":7,"enemies":"Spheric Guardian","floor":20,"turns":5},{"damage":18,"enemies":"2 Thieves","floor":22,"turns":4},{"damage":6,"enemies":"Centurion and Healer","floor":23,"turns":4},{"damage":12,"enemies":"Slavers","floor":26,"turns":8},{"damage":14,"enemies":"Chosen and Byrds","floor":27,"turns":5},{"damage":12,"enemies":"Snake Plant","floor":28,"turns":2}],"seed_played":"-6756383351983786723","potions_obtained":[{"floor":3.0,"key":"Block Potion"},{"floor":5.0,"key":"LiquidBronze"},{"floor":16.0,"key":"StancePotion"}],"is_trial":false,"path_per_floor":["M","?","M","$","M","R","?","E","M","T","T","?","E","$","M","M","R","B",null,"M","?","M","M","?","$","E","M","M"],"character_chosen":"WATCHER","items_purchased":["LikeWater","Nirvana"],"campfire_rested":0,"item_purchase_floors":[4,25],"current_hp_per_floor":[72,72,72,72,72,72,72,64,64,64,64,70,59,59,57,56,56,41,69,62,56,38,32,38,38,26,12,0,0],"gold":568,"neow_bonus":"UPGRADE_CARD","is_daily":false,"chose_seed":false,"campfire_upgraded":2,"win_rate":0.0,"timestamp":1614440163,"path_taken":["M","?","M","?","M","R","?","E","?","T","T","?","E","$","M","M","R","BOSS","M","?","M","M","?","$","E","?","?"],"items_purchased_type":["Card","Card"],"build_version":"2020-12-18","purchased_purges":1,"victory":false,"max_hp_per_floor":[72,72,72,72,72,72,72,72,72,72,72,78,78,78,78,78,78,78,78,78,78,78,78,84,84,84,84,84,84],"card_choices":[{"not_picked":["FollowUp","Pray"],"picked":"CutThroughFate","floor":1.0},{"not_picked":["Crescendo","BowlingBash"],"picked":"LikeWater","floor":3.0},{"not_picked":["Evaluate","Vengeance"],"picked":"FlyingSleeves","floor":5.0},{"not_picked":["WheelKick","Evaluate"],"picked":"ThirdEye","floor":8.0},{"not_picked":["CutThroughFate","Study"],"picked":"Perseverance","floor":9.0},{"not_picked":["EmptyFist","Blasphemy"],"picked":"WaveOfTheHand","floor":13.0},{"not_picked":["Crescendo","EmptyFist"],"picked":"FearNoEvil","floor":15.0},{"not_picked":["Indignation","Nirvana"],"picked":"ClearTheMind","floor":16.0},{"not_picked":["Alpha","Establishment"],"picked":"Omniscience","floor":18.0},{"not_picked":["CutThroughFate","ThirdEye"],"picked":"Consecrate+1","floor":20},{"not_picked":["Adaptation","Pray+1"],"picked":"SandsOfTime","floor":22},{"not_picked":["EmptyBody","Weave"],"picked":"BattleHymn","floor":23},{"not_picked":["PathToVictory","CutThroughFate","Omniscience"],"picked":"SKIP","floor":26},{"not_picked":["CrushJoints","FlurryOfBlows","Tantrum"],"picked":"SKIP","floor":27}],"player_experience":463783,"relics_obtained":[{"floor":8.0,"key":"Shuriken"},{"floor":10.0,"key":"MawBank"},{"floor":11.0,"key":"Darkstone Periapt"},{"floor":13.0,"key":"Pen Nib"},{"floor":26,"key":"Matryoshka"}],"event_choices":[{"cards_removed":["Strike_P"],"damage_healed":0.0,"max_hp_gain":0.0,"max_hp_loss":0.0,"gold_gain":0.0,"event_name":"Purifier","player_choice":"Purged","floor":2.0,"gold_loss":0.0,"damage_taken":0.0},{"damage_healed":0.0,"max_hp_gain":0.0,"max_hp_loss":0.0,"gold_gain":0.0,"event_name":"Upgrade Shrine","player_choice":"Upgraded","floor":7.0,"gold_loss":0.0,"damage_taken":0.0,"cards_upgraded":["FlyingSleeves"]},{"damage_healed":0.0,"max_hp_gain":0.0,"max_hp_loss":0.0,"gold_gain":175.0,"event_name":"Liars Game","player_choice":"AGREE","floor":12.0,"gold_loss":0.0,"damage_taken":0.0,"cards_obtained":["Doubt"]},{"damage_healed":0,"gold_gain":0,"player_choice":"Joined the Cult","damage_taken":6,"max_hp_gain":0,"max_hp_loss":0,"event_name":"Nest","floor":21,"gold_loss":0,"cards_obtained":["RitualDagger"]},{"damage_healed":0,"gold_gain":0,"player_choice":"Smashed Altar","damage_taken":0,"max_hp_gain":0,"max_hp_loss":0,"event_name":"Forgotten Altar","floor":24,"gold_loss":0,"cards_obtained":["Decay"]}],"is_beta":true,"boss_relics":[{"not_picked":["Pandora\u0027s Box","Astrolabe"],"picked":"Empty Cage"}],"items_purged_floors":[25],"is_endless":false,"potions_floor_spawned":[3,5,16,23],"killed_by":"Snake Plant","ascension_level":5}}