{"host":"wshey5htrz8rni6u","time":1614391109,"event":{"mods":["2.2 Compatiblity","BaseMod","Block Reminder","Colored Map","Colored Powertips","Current Relic Mod","Curses Come First","Dark Map","Key Reminder","Keyboard Shortcuts","Minty Spire (QoL Compilation)","Potion Indicator Mod","Quick Restart","Random Character Button","Relic Sorter","Relic Stats","StSLib","SuperFastMode","Unceasing Turn Reminder","UnlockEverythingMod","Weighted Paths"],"gold_per_floor":[112,112,112,112,112,150,170,170,170,188,207,247,247,49,49,140,140,155,170,185,81,125,125,145,183,183,183,196,231,231,356,356,447,447,460,460,480,493,493,531,549,549,622,622,661,661,262,275,275,275,275,275,47,80,80,80],"floor_reached":55,"language":"ENG","playtime":2548,"items_purged":[],"score":1631,"play_id":"9a4b60df-8b06-427a-85c3-852ec81ef281","local_time":"20210226175829","is_ascension_mode":true,"campfire_choices":[{"data":"Neutralize","floor":8.0,"key":"SMITH"},{"data":"Terror","floor":15.0,"key":"SMITH"},{"floor":23.0,"key":"REST"},{"floor":30.0,"key":"REST"},{"floor":32.0,"key":"REST"},{"floor":42.0,"key":"REST"},{"floor":44.0,"key":"REST"},{"floor":46.0,"key":"REST"},{"floor":49.0,"key":"RECALL"},{"floor":52.0,"key":"REST"}],"circlet_count":0,"master_deck":["AscendersBane","Strike_G","Strike_G+1","Strike_G+1","Strike_G","Defend_G","Defend_G","Defend_G","Defend_G","Defend_G","Survivor","Neutralize+1","Crippling Poison+1","Choke","Dash+1","Sucker Punch","Terror+1","Dash","Infinite Blades","Corpse Explosion+1","PiercingWail+1","Accuracy","Cloak And Dagger","Infinite Blades","Infinite Blades","PiercingWail","PiercingWail","Malaise","A Thousand Cuts+1","Blade Dance","Bullet Time","Blade Dance","Dodge and Roll+1","Accuracy","Dodge and Roll+1","Well Laid Plans","Finisher+1","Wraith Form v2","Night Terror"],"relics":["Ring of the Snake","NeowsBlessing","Golden Idol","StrikeDummy","Singing Bowl","Happy Flower","Gremlin Horn","OrangePellets","Fusion Hammer","Red Mask","TungstenRod","Shuriken","Pear","Gambling Chip","Molten Egg 2","WristBlade","Matryoshka","Sundial","War Paint","Calipers","Whetstone","Bird Faced Urn"],"acts_visited":["Exordium","TheCity","TheBeyond","TheEnding"],"potions_floor_usage":[54,55],"damage_taken":[{"damage":0.0,"enemies":"Small Slimes","floor":1.0,"turns":1.0},{"damage":0.0,"enemies":"Gremlin Nob","floor":6.0,"turns":1.0},{"damage":0.0,"enemies":"Jaw Worm","floor":7.0,"turns":1.0},{"damage":0.0,"enemies":"Cultist","floor":10.0,"turns":3.0},{"damage":2.0,"enemies":"Exordium Wildlife","floor":11.0,"turns":3.0},{"damage":16.0,"enemies":"3 Sentries","floor":12.0,"turns":10.0},{"damage":20.0,"enemies":"The Guardian","floor":16.0,"turns":10.0},{"damage":7.0,"enemies":"2 Thieves","floor":18.0,"turns":3.0},{"damage":0.0,"enemies":"3 Byrds","floor":19.0,"turns":1.0},{"damage":8.0,"enemies":"Snecko","floor":20.0,"turns":5.0},{"damage":7.0,"enemies":"Masked Bandits","floor":22.0,"turns":3.0},{"damage":10.0,"enemies":"Shelled Parasite and Fungi","floor":24.0,"turns":5.0},{"damage":25.0,"enemies":"Gremlin Leader","floor":25.0,"turns":5.0},{"damage":2.0,"enemies":"Snake Plant","floor":28.0,"turns":3.0},{"damage":0.0,"enemies":"Slavers","floor":29.0,"turns":3.0},{"damage":5.0,"enemies":"Colosseum Slavers","floor":31.0,"turns":4.0},{"damage":14.0,"enemies":"Colosseum Nobs","floor":31.0,"turns":3.0},{"damage":44.0,"enemies":"Collector","floor":33.0,"turns":7.0},{"damage":3.0,"enemies":"Orb Walker","floor":35.0,"turns":4.0},{"damage":0.0,"enemies":"3 Shapes","floor":37.0,"turns":3.0},{"damage":20.0,"enemies":"Maw","floor":38.0,"turns":6.0},{"damage":22.0,"enemies":"Nemesis","floor":40.0,"turns":7.0},{"damage":1.0,"enemies":"Spire Growth","floor":41.0,"turns":4.0},{"damage":40.0,"enemies":"Giant Head","floor":45.0,"turns":6.0},{"damage":9.0,"enemies":"Jaw Worm Horde","floor":48.0,"turns":4.0},{"damage":14.0,"enemies":"Time Eater","floor":50.0,"turns":9.0},{"damage":60,"enemies":"Shield and Spear","floor":54,"turns":6},{"damage":33,"enemies":"The Heart","floor":55,"turns":2}],"seed_played":"-1163684171255114434","potions_obtained":[{"floor":7.0,"key":"Block Potion"},{"floor":11.0,"key":"GamblersBrew"},{"floor":12.0,"key":"Explosive Potion"},{"floor":19.0,"key":"Ancient Potion"},{"floor":22.0,"key":"EntropicBrew"},{"floor":25.0,"key":"Energy Potion"},{"floor":27.0,"key":"Fruit Juice"},{"floor":27.0,"key":"Dexterity Potion"},{"floor":29.0,"key":"GamblersBrew"},{"floor":37.0,"key":"DistilledChaos"},{"floor":40.0,"key":"Fruit Juice"},{"floor":41.0,"key":"Strength Potion"},{"floor":48.0,"key":"Dexterity Potion"},{"floor":54,"key":"AttackPotion"}],"is_trial":false,"path_per_floor":["M","?","?","?","?","E","M","R","T","M","M","E","T","$","R","B",null,"M","M","M","$","?","R","M","E","T","?","M","E","R","?","R","B",null,"M","?","M","M","T","E","M","R","T","R","E","R","$","M","R","B",null,"R","$","E","B"],"character_chosen":"THE_SILENT","items_purchased":["Infinite Blades","OrangePellets","Cloak And Dagger","Infinite Blades","Well Laid Plans","Whetstone","SpeedPotion","Ancient Potion","Wraith Form v2","DuplicationPotion"],"campfire_rested":7,"item_purchase_floors":[14,14,21,21,47,47,47,47,53,53],"current_hp_per_floor":[59,39,39,59,59,59,59,59,59,59,57,41,41,41,41,21,50,45,45,37,37,30,48,38,13,13,18,16,26,49,30,53,9,60,59,59,59,39,39,19,18,42,42,66,26,50,55,46,46,32,73,86,86,26,0,0],"gold":80,"neow_bonus":"THREE_ENEMY_KILL","is_daily":false,"chose_seed":false,"campfire_upgraded":2,"win_rate":0.0,"timestamp":1614391109,"path_taken":["M","?","?","?","?","E","M","R","T","M","?","E","?","?","R","BOSS","M","M","?","$","?","R","M","E","T","?","?","E","R","?","R","BOSS","M","?","M","?","?","E","M","R","T","R","E","R","$","M","R","BOSS","R","$","E","BOSS"],"items_purchased_type":["Card","Relic","Card","Card","Card","Relic","Potion","Potion","Card","Potion"],"build_version":"2020-12-13","purchased_purges":0,"victory":false,"max_hp_per_floor":[66,66,60,60,60,60,60,60,60,60,60,60,60,60,60,60,60,62,62,62,62,62,62,62,62,62,67,67,77,77,77,77,77,77,79,79,79,79,79,81,81,81,81,81,81,81,86,86,86,86,86,86,86,86,86,86],"relic_stats":{"Singing Bowl":6,"Happy Flower":[34],"Gremlin Horn":[14,16],"counters":[28,122],"Golden Idol":187,"Whetstone":["Dash","Strike_G"],"War Paint":["Corpse Explosion","PiercingWail"],"OrangePellets":[17],"Shuriken":[40],"Sundial":[0],"Gambling Chip":[31],"Bird Faced Urn":[0],"obtain_stats":[{"Pear":29,"Calipers":45,"NeowsBlessing":0,"Singing Bowl":9,"Happy Flower":12,"Gremlin Horn":13,"Golden Idol":3,"Whetstone":47,"War Paint":43,"keyreminder:keyreminder":12,"OrangePellets":14,"Matryoshka":39,"WristBlade":34,"Shuriken":26,"Sundial":40,"Gambling Chip":31,"Bird Faced Urn":54,"Molten Egg 2":31,"Fusion Hammer":17,"Red Mask":22,"StrikeDummy":6,"TungstenRod":25,"Ring of the Snake":0},{"Pear":15,"Calipers":24,"NeowsBlessing":0,"Singing Bowl":3,"Happy Flower":6,"Gremlin Horn":6,"Golden Idol":1,"Whetstone":24,"War Paint":23,"keyreminder:keyreminder":6,"OrangePellets":6,"Matryoshka":21,"WristBlade":18,"Shuriken":13,"Sundial":22,"Gambling Chip":17,"Bird Faced Urn":27,"Molten Egg 2":17,"Fusion Hammer":7,"Red Mask":11,"StrikeDummy":2,"TungstenRod":13,"Ring of the Snake":0},{"Pear":57,"Calipers":101,"NeowsBlessing":0,"Singing Bowl":3,"Happy Flower":19,"Gremlin Horn":19,"Golden Idol":1,"Whetstone":101,"War Paint":95,"keyreminder:keyreminder":19,"OrangePellets":19,"Matryoshka":84,"WristBlade":71,"Shuriken":51,"Sundial":91,"Gambling Chip":64,"Bird Faced Urn":120,"Molten Egg 2":64,"Fusion Hammer":29,"Red Mask":41,"StrikeDummy":2,"TungstenRod":51,"Ring of the Snake":0}],"TungstenRod":36,"Ring of the Snake":[56]},"card_choices":[{"not_picked":["Slice","Deflect"],"picked":"Crippling Poison","floor":1.0},{"not_picked":["Quick Slash","Backflip"],"picked":"Choke","floor":6.0},{"not_picked":["Crippling Poison","Footwork"],"picked":"Dash","floor":7.0},{"not_picked":["Setup","Accuracy"],"picked":"Sucker Punch","floor":10.0},{"not_picked":["Masterful Stab","Flying Knee"],"picked":"Terror","floor":11.0},{"not_picked":["Underhanded Strike","Masterful Stab"],"picked":"Dash","floor":12.0},{"not_picked":["Storm of Steel","Die Die Die"],"picked":"Corpse Explosion","floor":16.0},{"not_picked":["Quick Slash+1","Slice+1","Underhanded Strike"],"picked":"Singing Bowl","floor":18.0},{"not_picked":["Catalyst","Quick Slash"],"picked":"PiercingWail","floor":19.0},{"not_picked":["Masterful Stab","Deadly Poison"],"picked":"Accuracy","floor":20.0},{"not_picked":["PiercingWail","Terror"],"picked":"Infinite Blades","floor":22.0},{"not_picked":["Acrobatics","Quick Slash"],"picked":"PiercingWail","floor":24.0},{"not_picked":["Predator","Poisoned Stab"],"picked":"PiercingWail","floor":25.0},{"not_picked":["Outmaneuver","Noxious Fumes+1"],"picked":"Malaise","floor":28.0},{"not_picked":["PiercingWail","Acrobatics"],"picked":"A Thousand Cuts","floor":29.0},{"not_picked":["Dagger Throw+1","Backflip"],"picked":"Blade Dance","floor":31.0},{"not_picked":["Venomology","Glass Knife+1"],"picked":"Bullet Time","floor":33.0},{"not_picked":["Quick Slash+1","Flying Knee+1","Dagger Spray+1"],"picked":"Singing Bowl","floor":35.0},{"not_picked":["Acrobatics","Quick Slash+1"],"picked":"Blade Dance","floor":37.0},{"not_picked":["Dagger Spray+1","Dagger Throw+1"],"picked":"Dodge and Roll+1","floor":38.0},{"not_picked":["Bane+1","Cloak And Dagger","Skewer+1"],"picked":"Singing Bowl","floor":40.0},{"not_picked":["Acrobatics","Slice+1"],"picked":"Accuracy","floor":41.0},{"not_picked":["Backflip","Masterful Stab+1"],"picked":"Dodge and Roll+1","floor":45.0},{"not_picked":["Acrobatics","Underhanded Strike+1"],"picked":"Finisher+1","floor":48.0},{"not_picked":["Distraction","Eviscerate+1"],"picked":"Night Terror","floor":54}],"player_experience":229662,"relics_obtained":[{"floor":6.0,"key":"StrikeDummy"},{"floor":9.0,"key":"Singing Bowl"},{"floor":12.0,"key":"Happy Flower"},{"floor":13.0,"key":"Gremlin Horn"},{"floor":22.0,"key":"Red Mask"},{"floor":25.0,"key":"TungstenRod"},{"floor":26.0,"key":"Shuriken"},{"floor":29.0,"key":"Pear"},{"floor":31.0,"key":"Gambling Chip"},{"floor":31.0,"key":"Molten Egg 2"},{"floor":39.0,"key":"Matryoshka"},{"floor":40.0,"key":"Sundial"},{"floor":43.0,"key":"War Paint"},{"floor":45.0,"key":"Calipers"},{"floor":54,"key":"Bird Faced Urn"}],"event_choices":[{"damage_healed":0.0,"max_hp_gain":0.0,"max_hp_loss":0.0,"gold_gain":0.0,"event_name":"Shining Light","player_choice":"Entered Light","floor":2.0,"gold_loss":0.0,"damage_taken":20.0,"cards_upgraded":["Strike_G","Crippling Poison"]},{"damage_healed":0.0,"max_hp_gain":0.0,"max_hp_loss":6.0,"gold_gain":0.0,"event_name":"Golden Idol","player_choice":"Lose Max HP","floor":3.0,"gold_loss":0.0,"damage_taken":0.0,"relics_obtained":["Golden Idol"]},{"damage_healed":20.0,"max_hp_gain":0.0,"max_hp_loss":0.0,"gold_gain":0.0,"event_name":"Big Fish","player_choice":"Banana","floor":4.0,"gold_loss":0.0,"damage_taken":0.0},{"cards_removed":["Strike_G"],"damage_healed":0.0,"max_hp_gain":0.0,"max_hp_loss":0.0,"gold_gain":0.0,"event_name":"Bonfire Elementals","player_choice":"Offered Basic","floor":5.0,"gold_loss":0.0,"damage_taken":0.0},{"damage_healed":0.0,"max_hp_gain":0.0,"max_hp_loss":0.0,"gold_gain":0.0,"event_name":"Masked Bandits","player_choice":"Fought Bandits","floor":22.0,"gold_loss":0.0,"damage_taken":0.0},{"damage_healed":0.0,"max_hp_gain":0.0,"max_hp_loss":0.0,"gold_gain":0.0,"event_name":"Lab","player_choice":"Got Potions","floor":27.0,"gold_loss":0.0,"damage_taken":0.0},{"damage_healed":0.0,"max_hp_gain":0.0,"max_hp_loss":0.0,"gold_gain":0.0,"event_name":"Colosseum","player_choice":"Fight","floor":31.0,"gold_loss":0.0,"damage_taken":0.0},{"damage_healed":0.0,"max_hp_gain":0.0,"max_hp_loss":0.0,"gold_gain":0.0,"event_name":"Colosseum","player_choice":"Fought Nobs","floor":31.0,"gold_loss":0.0,"damage_taken":0.0},{"damage_healed":0.0,"max_hp_gain":0.0,"max_hp_loss":0.0,"gold_gain":0.0,"event_name":"Upgrade Shrine","player_choice":"Upgraded","floor":36.0,"gold_loss":0.0,"damage_taken":0.0,"cards_upgraded":["A Thousand Cuts"]}],"is_beta":false,"boss_relics":[{"not_picked":["Astrolabe","Ectoplasm"],"picked":"Fusion Hammer"},{"not_picked":["SacredBark","Snecko Eye"],"picked":"WristBlade"}],"items_purged_floors":[],"is_endless":false,"potions_floor_spawned":[7,11,12,19,22,25,29,31,37,40,41,48,54],"killed_by":"The Heart","ascension_level":19}}