{"host":"cfv8orgc8997ql4r","time":1614405898,"event":{"mods":["AchievementEnabler","BaseMod","DeckTracker","Keyboard Shortcuts","Minty Spire (QoL Compilation)"],"gold_per_floor":[111,124,46,46,46,72,72,86,111,111,53,53,80,99,108,219,219,233,121,121,121,130,130,45,85,111,125,125,57,69,69,69],"floor_reached":31,"language":"KOR","playtime":594,"items_purged":[],"score":341,"play_id":"4cd16db0-3364-4a01-8779-a5923612d585","local_time":"20210227150458","is_ascension_mode":true,"campfire_choices":[{"data":"Tempest","floor":7,"key":"SMITH"},{"data":"Zap","floor":10,"key":"SMITH"},{"floor":15,"key":"REST"},{"data":"Dualcast","floor":23,"key":"SMITH"}],"circlet_count":0,"master_deck":["Strike_B","Strike_B","Strike_B","Strike_B","Defend_B","Defend_B","Defend_B","Defend_B","Zap+1","Dualcast+1","Coolheaded","Tempest+1","Coolheaded","Turbo","Core Surge","Stack","Capacitor","Redo","Stack","Buffer","Cold Snap","Chaos","Ball Lightning","Glacier","Reinforced Body"],"relics":["Cracked Core","NeowsBlessing","PreservedInsect","CeramicFish","Toy Ornithopter","Dream Catcher","Nuclear Battery","Sundial","Pen Nib","Thread and Needle","Bag of Marbles"],"acts_visited":["Exordium","TheCity"],"potions_floor_usage":[],"damage_taken":[{"damage":0.0,"enemies":"Cultist","floor":1.0,"turns":1.0},{"damage":0.0,"enemies":"Small Slimes","floor":2.0,"turns":1.0},{"damage":0,"enemies":"Gremlin Nob","floor":6,"turns":1},{"damage":7,"enemies":"Jaw Worm","floor":8,"turns":2},{"damage":27,"enemies":"3 Sentries","floor":13,"turns":5},{"damage":9,"enemies":"Lots of Slimes","floor":14,"turns":3},{"damage":29,"enemies":"Slime Boss","floor":16,"turns":11},{"damage":0,"enemies":"Chosen","floor":18,"turns":4},{"damage":25,"enemies":"Gremlin Leader","floor":25,"turns":6},{"damage":0,"enemies":"Spheric Guardian","floor":27,"turns":3},{"damage":19,"enemies":"Centurion and Healer","floor":30,"turns":10},{"damage":1,"enemies":"Cultist and Chosen","floor":31,"turns":1}],"seed_played":"-2697271952922323127","potions_obtained":[{"floor":1.0,"key":"FearPotion"},{"floor":16,"key":"SteroidPotion"},{"floor":25,"key":"FairyPotion"},{"floor":27,"key":"DistilledChaos"}],"is_trial":false,"path_per_floor":["M","M","$","T","?","E","R","M","T","R","$","T","E","M","R","B",null,"M","$","$","T","?","R","?","E","T","M","$","$","M","M"],"character_chosen":"DEFECT","items_purchased":["Coolheaded","Turbo","Capacitor","Cold Snap","Chaos","Reinforced Body"],"campfire_rested":1,"item_purchase_floors":[3,3,11,19,19,29],"current_hp_per_floor":[75,75,75,75,75,75,75,68,68,68,68,68,41,32,54,25,75,75,75,75,75,75,75,75,50,50,50,50,50,31,30,30],"gold":69,"neow_bonus":"THREE_ENEMY_KILL","is_daily":false,"chose_seed":false,"campfire_upgraded":3,"win_rate":0.0,"timestamp":1614405898,"path_taken":["M","M","?","?","?","E","R","M","T","R","$","?","E","M","R","BOSS","M","?","$","?","?","R","?","E","T","M","?","$","M","M"],"items_purchased_type":["Card","Card","Card","Card","Card","Card"],"build_version":"2020-12-22","purchased_purges":0,"victory":false,"max_hp_per_floor":[75,75,75,75,75,75,75,75,75,75,75,75,75,75,75,75,75,75,75,75,75,75,75,75,75,75,75,75,75,75,75,75],"card_choices":[{"not_picked":["Melter","Heatsinks"],"picked":"Coolheaded","floor":1.0},{"not_picked":["White Noise","Turbo"],"picked":"Tempest","floor":2.0},{"not_picked":["Glacier","Recycle"],"picked":"Core Surge","floor":6},{"not_picked":["Barrage","Auto Shields"],"picked":"Stack","floor":8},{"not_picked":["Hologram","Compile Driver","Conserve Battery"],"picked":"SKIP","floor":13},{"not_picked":["Go for the Eyes","Loop"],"picked":"Redo","floor":14},{"not_picked":["Sweeping Beam","Tempest"],"picked":"Stack","floor":15},{"not_picked":["Fission","Core Surge"],"picked":"Buffer","floor":16},{"not_picked":["Barrage","Compile Driver","Conserve Battery"],"picked":"SKIP","floor":18},{"not_picked":["Self Repair","Capacitor"],"picked":"Glacier","floor":25},{"not_picked":["Gash","Sweeping Beam","Scrape"],"picked":"SKIP","floor":27},{"not_picked":["Sweeping Beam+1","Stack","Rebound"],"picked":"SKIP","floor":30}],"player_experience":219533,"relics_obtained":[{"floor":6,"key":"PreservedInsect"},{"floor":9,"key":"CeramicFish"},{"floor":12,"key":"Toy Ornithopter"},{"floor":13,"key":"Dream Catcher"},{"floor":21,"key":"Sundial"},{"floor":25,"key":"Thread and Needle"},{"floor":26,"key":"Bag of Marbles"}],"event_choices":[{"damage_healed":0,"gold_gain":0,"player_choice":"Leave","damage_taken":0,"max_hp_gain":0,"max_hp_loss":0,"event_name":"The Cleric","floor":5,"gold_loss":0},{"damage_healed":0,"gold_gain":0,"player_choice":"Read","damage_taken":0,"max_hp_gain":0,"max_hp_loss":0,"event_name":"The Library","floor":22,"gold_loss":0,"cards_obtained":["Ball Lightning"]},{"damage_healed":0,"gold_gain":0,"player_choice":"Obtained Relic","damage_taken":0,"relics_obtained":["Pen Nib"],"max_hp_gain":0,"max_hp_loss":0,"event_name":"Addict","floor":24,"gold_loss":85}],"is_beta":false,"boss_relics":[{"not_picked":["Calling Bell","Cursed Key"],"picked":"Nuclear Battery"}],"items_purged_floors":[],"is_endless":false,"potions_floor_spawned":[1,16,25,27],"killed_by":"Cultist and Chosen","ascension_level":4}}