{"host":"vgpo801u53seft82","time":1614404759,"event":{"mods":["BaseMod","Better Match","Better Skull","Better Third Choice","Colored Powertips","Curses Come First","Downfall","Jorbs\u0027s Wanderer Trilogy","Minty Spire (QoL Compilation)","Quick Restart","StSLib","The Cursed","everything is the same but u backflip on backflip"],"gold_per_floor":[99,114,133,133,151,151,222,242,242,21,39,39,39,69,79,181,181,181,197,197,7,23,77,77,96,96,115,115,23,23,37,53,152,152,152,212,28,28,44,62,62,62,72,82,82,10,10,23,38,38],"floor_reached":51,"language":"ENG","playtime":5114,"items_purged":[],"score":645,"play_id":"81489e71-2d9a-4269-b9c6-f41fd9817d65","local_time":"20210227004559","is_ascension_mode":false,"campfire_choices":[{"data":"Slimebound:Split","floor":1,"key":"SMITH"},{"data":"Slimebound:CorrosiveSpit","floor":6,"key":"SMITH"},{"data":"Slimebound:SamplingLick","floor":9,"key":"SMITH"},{"floor":13,"key":"REST"},{"data":"Slimebound:ProtectTheBoss","floor":18,"key":"SMITH"},{"data":"Slimebound:FormOfPuddle","floor":26,"key":"SMITH"},{"data":"Slimebound:OozeBath","floor":28,"key":"SMITH"},{"data":"Slimebound:LeadByExample","floor":30,"key":"SMITH"},{"data":"Slimebound:Overexert","floor":35,"key":"SMITH"},{"floor":42,"key":"REST"}],"circlet_count":0,"master_deck":["Slimebound:Strike_Slimebound","Slimebound:Tackle","Slimebound:Defend_Slimebound","Slimebound:Defend_Slimebound","Slimebound:Split+1","Slimebound:CorrosiveSpit+1","Slimebound:RejuvenatingLick","Slimebound:SplitBruiser","Slimebound:Split+1","Slimebound:SamplingLick+1","Slimebound:RainOfGoop","Slimebound:SlimeBarrage","Slimebound:PressTheAttack","expansioncontent:HyperBeam","Slimebound:Schlurp","Slimebound:MegaLick","Slimebound:ProtectTheBoss+1","Slimebound:LeechLife","Slimebound:LeadByExample+1","Slimebound:GoopSpray","Slimebound:SplitLeeching","Slimebound:FormOfPuddle+1","Slimebound:SlimeSpikes","Slimebound:LivingWall","Slimebound:OozeBath+1","Slimebound:LeechEnergy+1","Slimebound:Gluttony","Slimebound:GoopTackle","Slimebound:Overexert+1","Slimebound:FinishingTackle+1","Slimebound:LevelUp","expansioncontent:StudyTheSpire","Slimebound:LevelUp","Slimebound:SlimeSpikes","Swift Strike","Violence","Slimebound:DisruptingSlam+1","Slimebound:SplitAcid","Slimebound:ComboTackle+1","Slimebound:LeechingTouch+1","Slimebound:Chomp","Slimebound:SlimeTap","Slimebound:HauntingLick","Slimebound:DouseInSlime","Slimebound:SlimeSpikes+1"],"relics":["Slimebound:AbsorbEndCombat","The Courier","Slimebound:SelfDamagePreventRelic","Odd Mushroom","Empty Cage","downfall:KnowingSkull","Ornamental Fan","HornCleat","Orichalcum","SlaversCollar","HandDrill","Meat on the Bone"],"acts_visited":["Exordium","TheCity","TheBeyond"],"potions_floor_usage":[16,33,33,38,40,43,50,50,50],"damage_taken":[{"damage":4,"enemies":"Jaw Worm","floor":2,"turns":3},{"damage":1,"enemies":"Cultist","floor":3,"turns":3},{"damage":3,"enemies":"2 Louse","floor":5,"turns":2},{"damage":9,"enemies":"downfall:LooterAlt","floor":8,"turns":2},{"damage":10,"enemies":"downfall:FleeingMerchant","floor":10,"turns":4},{"damage":14,"enemies":"Exordium Thugs","floor":11,"turns":3},{"damage":24,"enemies":"The Mushroom Lair","floor":14,"turns":3},{"damage":0,"enemies":"Lots of Slimes","floor":15,"turns":1},{"damage":32,"enemies":"DF_ARCHETYPE_STREAMLINE","floor":16,"turns":9},{"damage":13,"enemies":"Spheric Guardian","floor":19,"turns":4},{"damage":13,"enemies":"downfall:FleeingMerchant","floor":21,"turns":4},{"damage":16,"enemies":"3 Byrds","floor":22,"turns":5},{"damage":11,"enemies":"3 Cultists","floor":23,"turns":4},{"damage":2,"enemies":"Snake Plant","floor":25,"turns":4},{"damage":1,"enemies":"Centurion and Healer","floor":27,"turns":6},{"damage":3,"enemies":"downfall:FleeingMerchant","floor":29,"turns":4},{"damage":5,"enemies":"Cultist and Chosen","floor":31,"turns":5},{"damage":13,"enemies":"Snecko","floor":32,"turns":8},{"damage":29,"enemies":"SI_MIRROR_ARCHETYPE","floor":33,"turns":12},{"damage":3,"enemies":"Orb Walker","floor":36,"turns":3},{"damage":3,"enemies":"downfall:FleeingMerchant","floor":37,"turns":4},{"damage":9,"enemies":"3 Darklings","floor":39,"turns":3},{"damage":67,"enemies":"Transient","floor":40,"turns":5},{"damage":8,"enemies":"Sphere and 2 Shapes","floor":43,"turns":5},{"damage":20,"enemies":"4 Shapes","floor":44,"turns":4},{"damage":23,"enemies":"Spire Growth","floor":48,"turns":6},{"damage":1,"enemies":"Maw","floor":49,"turns":5},{"damage":28,"enemies":"WA_ARCHETYPE_DIVINITY","floor":50,"turns":13}],"seed_played":"-5257676938772676823","potions_obtained":[{"floor":5,"key":"SmokeBomb"},{"floor":11,"key":"Swift Potion"},{"floor":14,"key":"Energy Potion"},{"floor":15,"key":"bronze:BurnAndBuffPotion"},{"floor":23,"key":"Ancient Potion"},{"floor":31,"key":"Block Potion"},{"floor":36,"key":"Fire Potion"},{"floor":38,"key":"Fruit Juice"},{"floor":38,"key":"Regen Potion"},{"floor":43,"key":"Fire Potion"},{"floor":48,"key":"Block Potion"}],"is_trial":false,"path_per_floor":["R","M","M","?","M","R","T","M","R","$","M","?","R","?","M","B",null,"R","M","?","$","M","M","T","M","R","M","R","$","R","M","M","B",null,"R","M","$","?","M","M","T","R","M","M","?","$","?","M","M","B",null],"character_chosen":"SLIMEBOUND","items_purchased":["Slimebound:SelfDamagePreventRelic","Slimebound:PressTheAttack","expansioncontent:HyperBeam","Slimebound:SplitLeeching","Ornamental Fan","Orichalcum","expansioncontent:StudyTheSpire","Slimebound:LevelUp","HandDrill","Slimebound:SlimeSpikes","Swift Strike","Violence","Slimebound:SlimeTap","Slimebound:HauntingLick"],"campfire_rested":2,"item_purchase_floors":[10,10,10,21,21,29,37,37,37,37,37,37,46,46],"current_hp_per_floor":[71,68,71,71,71,71,71,64,64,58,46,46,67,49,51,27,71,71,66,60,71,60,63,63,65,65,71,71,71,71,70,61,44,71,71,71,71,76,76,35,35,57,76,62,62,62,62,47,54,67],"gold":38,"neow_bonus":"TEN_PERCENT_HP_BONUS","is_daily":false,"chose_seed":false,"campfire_upgraded":8,"win_rate":0.0,"timestamp":1614404759,"path_taken":["R","M","M","?","?","R","T","M","R","$","M","?","R","?","M","BOSS","R","M","?","?","M","M","T","M","R","M","R","$","R","M","M","BOSS","R","M","$","?","?","M","T","R","M","?","?","?","?","M","M","BOSS"],"items_purchased_type":["Relic","Card","Card","Card","Relic","Relic","Card","Card","Relic","Card","Card","Card","Card","Card"],"build_version":"2020-12-22","purchased_purges":0,"victory":true,"max_hp_per_floor":[71,71,71,71,71,71,71,71,71,71,71,71,71,71,71,71,71,71,71,71,71,71,71,71,71,71,71,71,71,71,71,71,71,71,71,71,71,76,76,76,76,76,76,76,76,76,76,76,76,76],"card_choices":[{"not_picked":["Slimebound:Prepare","Slimebound:TongueLash"],"picked":"Slimebound:RejuvenatingLick","floor":2},{"not_picked":["Slimebound:SamplingLick","Slimebound:RollThrough"],"picked":"Slimebound:SplitBruiser","floor":3},{"not_picked":["Slimebound:BestDefense","Slimebound:SlimeSpikes"],"picked":"Slimebound:SamplingLick","floor":5},{"not_picked":["Slimebound:FinishingTackle","Slimebound:ComboTackle"],"picked":"Slimebound:RainOfGoop","floor":8},{"not_picked":["Slimebound:ComboTackle","Slimebound:Schlurp"],"picked":"Slimebound:SlimeBarrage","floor":10},{"not_picked":["Slimebound:ItLooksTasty","Slimebound:RejuvenatingLick"],"picked":"Slimebound:Schlurp","floor":11},{"not_picked":["Slimebound:SpikyOuterGoop","Slimebound:SplitBruiser"],"picked":"Slimebound:MegaLick","floor":14},{"not_picked":["Slimebound:SlimeBrawl","Slimebound:FinishingTackle"],"picked":"Slimebound:ProtectTheBoss","floor":15},{"not_picked":["Slimebound:DuplicatedForm","Slimebound:PrepareCrush"],"picked":"Slimebound:LeechLife","floor":16},{"not_picked":["Slimebound:HauntingLick","Slimebound:SplitAcid"],"picked":"Slimebound:LeadByExample","floor":19},{"not_picked":["Slimebound:SplitBruiser","Slimebound:Equalize"],"picked":"Slimebound:GoopSpray","floor":21},{"not_picked":["Slimebound:SlimeBarrage+1","Slimebound:Chomp"],"picked":"Slimebound:FormOfPuddle","floor":22},{"not_picked":["Slimebound:SplitLeeching","Slimebound:LeechEnergy"],"picked":"Slimebound:SlimeSpikes","floor":23},{"not_picked":["Slimebound:GoopSpray","Slimebound:LeechingTouch"],"picked":"Slimebound:LivingWall","floor":25},{"not_picked":["Slimebound:Dissolve","Slimebound:SlimeSpikes"],"picked":"Slimebound:OozeBath","floor":27},{"not_picked":["Slimebound:GrowthPunch","Slimebound:RollThrough"],"picked":"Slimebound:LeechEnergy+1","floor":29},{"not_picked":["Slimebound:AcidTongue","Slimebound:FinishingTackle+1"],"picked":"Slimebound:Gluttony","floor":31},{"not_picked":["Slimebound:FlameTackle","Slimebound:LeechEnergy"],"picked":"Slimebound:GoopTackle","floor":32},{"not_picked":["Slimebound:MassFeed","Slimebound:OozeBath"],"picked":"Slimebound:Overexert","floor":33},{"not_picked":["Slimebound:LivingWall+1","Slimebound:RainOfGoop"],"picked":"Slimebound:FinishingTackle+1","floor":36},{"not_picked":["Slimebound:SlimeSpikes+1","Slimebound:Nibble+1"],"picked":"Slimebound:LevelUp","floor":37},{"not_picked":["Slimebound:LeechingTouch","Slimebound:RollThrough"],"picked":"Slimebound:DisruptingSlam+1","floor":39},{"not_picked":["Slimebound:GoopTackle","Slimebound:RollThrough"],"picked":"Slimebound:SplitAcid","floor":40},{"not_picked":["Slimebound:ProtectTheBoss+1","Slimebound:SplitLeeching+1"],"picked":"Slimebound:ComboTackle+1","floor":43},{"not_picked":["Slimebound:SamplingLick+1","Slimebound:DisruptingSlam+1"],"picked":"Slimebound:LeechingTouch+1","floor":44},{"not_picked":["Slimebound:Chomp+1","Slimebound:BestDefense"],"picked":"Slimebound:DouseInSlime","floor":48},{"not_picked":["Slimebound:PressTheAttack+1","Slimebound:ComboTackle"],"picked":"Slimebound:SlimeSpikes+1","floor":49}],"player_experience":166225,"relics_obtained":[{"floor":7,"key":"The Courier"},{"floor":14,"key":"Odd Mushroom"},{"floor":24,"key":"HornCleat"},{"floor":41,"key":"Meat on the Bone"}],"event_choices":[{"damage_healed":0,"gold_gain":0,"player_choice":"Fought Mushrooms","damage_taken":0,"max_hp_gain":0,"max_hp_loss":0,"event_name":"Mushrooms","floor":14,"gold_loss":0},{"damage_healed":0,"gold_gain":0,"player_choice":"Got Potions","damage_taken":0,"max_hp_gain":0,"max_hp_loss":0,"event_name":"Lab","floor":38,"gold_loss":0},{"cards_removed":["Slimebound:Defend_Slimebound"],"damage_healed":0,"gold_gain":0,"player_choice":"Removed Skill","damage_taken":0,"max_hp_gain":0,"max_hp_loss":0,"event_name":"Falling","floor":47,"gold_loss":0}],"is_beta":false,"boss_relics":[{"not_picked":["Sozu","bronze:MakeshiftBattery"],"picked":"Empty Cage"},{"not_picked":["Busted Crown","Cursed Key"],"picked":"SlaversCollar"}],"items_purged_floors":[],"is_endless":false,"potions_floor_spawned":[5,11,14,15,23,31,36,43,48,49],"ascension_level":0}}