{"host":"1vqon1dbpr5c1qll","time":1614434539,"event":{"mods":["2.2 Compatiblity","AchievementEnabler","BaseMod","BetterRewards","Colored Map","Hermit","Highlight Path","Lobotomy","Minty Spire (QoL Compilation)","Permanent Neow","Quick Restart","Random Character Button","Replay The Spire","StSLib","SuperFastMode","The Cursed","The Servant 0.9.4","everything is the same but u backflip on backflip"],"gold_per_floor":[110,127,127,97,112,138,138,168,168,193,211,211,231,243,243,343,343,358,374,387,402,31,58,58,91,91,103,123,140,171,171,171,268,268,287,306,356,393,393,462,500,557,557,612,658,726,141,188,136,168],"floor_reached":51,"language":"KOR","playtime":3949,"items_purged":["Pain"],"score":1586,"play_id":"2438f9ca-1e6e-4d86-b9a6-1d121656ac63","local_time":"20210227230219","is_ascension_mode":true,"campfire_choices":[{"floor":7.0,"key":"REST"},{"floor":15.0,"key":"REST"},{"floor":32.0,"key":"REST"}],"circlet_count":0,"master_deck":["AscendersBane","TheCursedMod:Strike_TheCursed","TheCursedMod:Strike_TheCursed","TheCursedMod:Strike_TheCursed","TheCursedMod:Strike_TheCursed","TheCursedMod:Defend_TheCursed","TheCursedMod:Defend_TheCursed+1","TheCursedMod:Defend_TheCursed","TheCursedMod:Defend_TheCursed","TheCursedMod:CursedWand","TheCursedMod:CleanUpWorkshop","TheCursedMod:Dregs","Sickly","TheCursedMod:CollectTribute","TheCursedMod:SpitefulStrike","TheCursedMod:CursedBlade","TheCursedMod:SurpriseAttack","TheCursedMod:CursedBlade","TheCursedMod:SurpriseAttack","TheCursedMod:AntiAging","TheCursedMod:TroublousMinions","TheCursedMod:SpitefulStrike","TheCursedMod:SurpriseAttack","TheCursedMod:ForbiddenAlchemy","TheCursedMod:RapidMovement+1","TheCursedMod:ReleasedKnowledge+1","TheCursedMod:CursedStaff+1","TheCursedMod:CircleOfFlame","TheCursedMod:DemonSword","TheCursedMod:VoidForm","TheCursedMod:Wield+1","TheCursedMod:Obscuration+1","TheCursedMod:SpitefulPray","TheCursedMod:TacticalStrike","TheCursedMod:AntiAging+1","TheCursedMod:NeowsMight","Voices","TheCursedMod:SurpriseAttack","TheCursedMod:VoidForm","TheCursedMod:CursedMace+1","CommonCold","Decay","Parasite","TheCursedMod:SurpriseAttack+1","TheCursedMod:Dregs","Hallucinations","Looming Evil","TheCursedMod:CircleOfFlame+1","TheCursedMod:Wield+1","Sickly","TheCursedMod:Obscuration+1","TheCursedMod:Stigma+1","Clumsy","TheCursedMod:LuckyCharm","TheCursedMod:SoulReap+1","TheCursedMod:CollectTribute","TheCursedMod:DemonSword","Violence","ReplayTheSpireMod:Uncanny Aura+1","TheCursedMod:CircleOfWindfury","TheCursedMod:CircleOfFlame+1","TheCursedMod:TacticalStrike","TheCursedMod:SpitefulStrike","TheCursedMod:CursedAmulet","ReplayTheSpireMod:Doomed"],"relics":["TheCursedMod:BlackMagic101","Nunchaku","Darkstone Periapt","Potion Belt","Pen Nib","WarpedTongs","Black Star","Membership Card","PreservedInsect","Gremlin Food","Sundial","MealTicket","ReplayTheSpireMod:TigerMarble","Replay:Wax Seal","Replay:Baseball","Omamori","Bag of Marbles","Replay:Ancient Bell","Oddly Smooth Stone","Replay:Ringing Soul","Replay:Kaleidoscope","Ring of Greed","Replay:Bandana","Golden Idol","Ring of Hypnosis","Durian","TheCursedMod:DemonicMark","Prayer Wheel","Bronze Scales","TheCursedMod:BloodyHarpoon","Orichalcum","Pet Ghost","HornCleat","Dream Catcher","Blood Vial","Replay:Rubber Ducky","Mirror","War Paint"],"acts_visited":["Exordium","TheCity","TheBeyond"],"potions_floor_usage":[41,41,41,41,41,41,41,41,41,41,41,41,42,42,42,44,44,44,44,45,45,45,45,45,45,45,50,50,50,50,50,50,50,50,50,50,50,50,50,50,50,50],"damage_taken":[{"damage":1.0,"enemies":"2 Louse","floor":1.0,"turns":4.0},{"damage":0.0,"enemies":"Small Slimes","floor":2.0,"turns":3.0},{"damage":4.0,"enemies":"Cultist","floor":5.0,"turns":4.0},{"damage":23.0,"enemies":"Replay:BlueRogue","floor":6.0,"turns":5.0},{"damage":23.0,"enemies":"3 Sentries","floor":8.0,"turns":6.0},{"damage":19.0,"enemies":"Gremlin Nob","floor":10.0,"turns":5.0},{"damage":7.0,"enemies":"Looter","floor":11.0,"turns":3.0},{"damage":0.0,"enemies":"Red Slaver","floor":13.0,"turns":1.0},{"damage":6.0,"enemies":"Gremlin Gang","floor":14.0,"turns":2.0},{"damage":33.0,"enemies":"The Guardian","floor":16.0,"turns":13.0},{"damage":1.0,"enemies":"3 Byrds","floor":18.0,"turns":4.0},{"damage":13.0,"enemies":"2 Thieves","floor":19.0,"turns":3.0},{"damage":1.0,"enemies":"Centurion and Healer","floor":20.0,"turns":3.0},{"damage":20.0,"enemies":"Chosen and Byrds","floor":21.0,"turns":6.0},{"damage":2.0,"enemies":"Gremlin Leader","floor":23.0,"turns":4.0},{"damage":0.0,"enemies":"Snake Plant","floor":24.0,"turns":1.0},{"damage":3.0,"enemies":"Replay:Snechameleon","floor":25.0,"turns":4.0},{"damage":1.0,"enemies":"Sentry and Sphere","floor":27.0,"turns":5.0},{"damage":1.0,"enemies":"3 Cultists","floor":28.0,"turns":4.0},{"damage":0.0,"enemies":"Snecko","floor":29.0,"turns":2.0},{"damage":16.0,"enemies":"Book of Stabbing","floor":30.0,"turns":3.0},{"damage":0.0,"enemies":"Snake Plant","floor":31.0,"turns":1.0},{"damage":43.0,"enemies":"Collector","floor":33.0,"turns":8.0},{"damage":0.0,"enemies":"Orb Walker","floor":35.0,"turns":1.0},{"damage":6.0,"enemies":"3 Darklings","floor":36.0,"turns":3.0},{"damage":5.0,"enemies":"4 Shapes","floor":38.0,"turns":4.0},{"damage":14.0,"enemies":"Giant Head","floor":40.0,"turns":5.0},{"damage":19,"enemies":"Transient","floor":41,"turns":5},{"damage":0,"enemies":"Nemesis","floor":42,"turns":1},{"damage":2,"enemies":"Reptomancer","floor":44,"turns":2},{"damage":0,"enemies":"Writhing Mass","floor":45,"turns":2},{"damage":6,"enemies":"R_Hoarder","floor":46,"turns":3},{"damage":0,"enemies":"Sphere and 2 Shapes","floor":48,"turns":2},{"damage":24,"enemies":"Awakened One","floor":50,"turns":9}],"seed_played":"-9067265442523529152","potions_obtained":[{"floor":1.0,"key":"FearPotion"},{"floor":4.0,"key":"Regen Potion"},{"floor":4.0,"key":"Adrenaline Potion"},{"floor":6.0,"key":"LifebloodPotion"},{"floor":10.0,"key":"Energy Potion"},{"floor":14.0,"key":"Swift Potion"},{"floor":19.0,"key":"Doom Potion"},{"floor":21.0,"key":"Regen Potion"},{"floor":25.0,"key":"SteroidPotion"},{"floor":30.0,"key":"LiquidBronze"},{"floor":33.0,"key":"PowerPotion"},{"floor":41,"key":"DuplicationPotion"},{"floor":42,"key":"AttackPotion"},{"floor":44,"key":"Ancient Potion"},{"floor":45,"key":"Energy Potion"}],"is_trial":false,"path_per_floor":["M","M","?","?","M","E","R","E","T","E","M","?","M","M","R","B",null,"M","M","M","M","$","E","M","E","T","M","M","M","E","M","R_BF","B",null,"M","M","?","M","T","E","M","E","T","E","M","E","$","M","R_BF","B",null],"character_chosen":"THE_CURSED","items_purchased":["Membership Card","PreservedInsect","Gremlin Food","TheCursedMod:DemonSword","Replay:Rubber Ducky","Mirror","Doom Potion","TheCursedMod:DemonSword","Violence","ReplayTheSpireMod:Uncanny Aura","TheCursedMod:CircleOfWindfury","TheCursedMod:CircleOfFlame+1","TheCursedMod:TacticalStrike"],"campfire_rested":3,"item_purchase_floors":[22,22,22,22,47,47,47,47,47,47,47,47,47],"current_hp_per_floor":[67,67,67,67,63,40,62,54,54,35,30,36,36,30,54,24,71,72,59,58,41,41,53,53,52,52,51,50,50,36,36,65,26,91,96,95,95,93,98,107,109,118,118,119,130,127,145,152,152,170],"gold":168,"neow_bonus":"THREE_RARE_CARDS","is_daily":false,"chose_seed":false,"campfire_upgraded":0,"win_rate":0.0,"timestamp":1614434539,"path_taken":["M","M","?","?","M","E","R","E","T","E","?","?","M","?","R","BOSS","M","?","M","M","$","E","M","E","T","M","M","M","E","M","R_BF","BOSS","M","?","?","M","?","E","?","E","T","E","M","E","$","M","R_BF","BOSS"],"items_purchased_type":["Relic","Relic","Relic","Card","Relic","Relic","Potion","Card","Card","Card","Card","Card","Card"],"build_version":"2020-12-22","purchased_purges":1,"victory":true,"max_hp_per_floor":[75,75,75,75,75,75,75,75,75,75,77,83,83,83,83,86,86,88,88,88,91,91,93,93,95,95,95,95,95,97,97,97,101,110,115,120,120,123,128,151,172,181,181,184,195,198,201,206,206,221],"card_choices":[{"not_picked":["TheCursedMod:CursedRelics","TheCursedMod:OutForBlood"],"picked":"TheCursedMod:CollectTribute","floor":0.0},{"not_picked":["TheCursedMod:SaltUponWound","TheCursedMod:Stretching"],"picked":"TheCursedMod:SpitefulStrike","floor":1.0},{"not_picked":["TheCursedMod:PrepareRite","TheCursedMod:Obscuration"],"picked":"TheCursedMod:CursedBlade","floor":2.0},{"not_picked":["TheCursedMod:Obscuration","TheCursedMod:Stretching"],"picked":"TheCursedMod:SurpriseAttack","floor":5.0},{"not_picked":["TheCursedMod:TacticalStrike","TheCursedMod:Stretching"],"picked":"TheCursedMod:CursedBlade","floor":6.0},{"not_picked":["TheCursedMod:CursedMace","TheCursedMod:Torture"],"picked":"TheCursedMod:SurpriseAttack","floor":8.0},{"not_picked":["TheCursedMod:CircleOfCorruption","TheCursedMod:FuryStrike"],"picked":"TheCursedMod:AntiAging","floor":10.0},{"not_picked":["TheCursedMod:ReleasedKnowledge","TheCursedMod:Stretching"],"picked":"TheCursedMod:TroublousMinions","floor":11.0},{"not_picked":["TheCursedMod:VitalStrike","TheCursedMod:CircleOfCorruption"],"picked":"TheCursedMod:SpitefulStrike","floor":13.0},{"not_picked":["TheCursedMod:VitalStrike","TheCursedMod:BloodBarrier"],"picked":"TheCursedMod:SurpriseAttack","floor":14.0},{"not_picked":["TheCursedMod:AntiAging","TheCursedMod:CursedRelics"],"picked":"TheCursedMod:ForbiddenAlchemy","floor":16.0},{"not_picked":["TheCursedMod:Wield","TheCursedMod:AbyssShockwave"],"picked":"TheCursedMod:RapidMovement+1","floor":18.0},{"not_picked":["TheCursedMod:BloodBarrier","TheCursedMod:CircleOfCorruption+1"],"picked":"TheCursedMod:ReleasedKnowledge","floor":19.0},{"not_picked":["TheCursedMod:CursedAmulet","TheCursedMod:Torture"],"picked":"TheCursedMod:CursedStaff+1","floor":20.0},{"not_picked":["TheCursedMod:RapidMovement","TheCursedMod:FleshFromBone"],"picked":"TheCursedMod:CircleOfFlame","floor":21.0},{"not_picked":["TheCursedMod:CircleOfBlood","TheCursedMod:HellsGateOpen+1"],"picked":"TheCursedMod:VoidForm","floor":23.0},{"not_picked":["TheCursedMod:RavingStaff","TheCursedMod:CursedBlade"],"picked":"TheCursedMod:Wield+1","floor":25.0},{"not_picked":["TheCursedMod:SpitefulPlan","TheCursedMod:RavingStaff"],"picked":"TheCursedMod:Obscuration+1","floor":27.0},{"not_picked":["TheCursedMod:Obscuration","TheCursedMod:Stretching+1"],"picked":"TheCursedMod:SpitefulPray","floor":28.0},{"not_picked":["TheCursedMod:RapidMovement","TheCursedMod:Wield"],"picked":"TheCursedMod:TacticalStrike","floor":29.0},{"not_picked":["TheCursedMod:RapidMovement","TheCursedMod:RavingStaff"],"picked":"TheCursedMod:AntiAging","floor":30.0},{"not_picked":["TheCursedMod:UltimatePain","TheCursedMod:StunningStrike"],"picked":"TheCursedMod:NeowsMight","floor":33.0},{"not_picked":["Voices","Languid"],"picked":"ReplayTheSpireMod:Faulty Equipment","floor":34.0},{"not_picked":["Doubt","Clumsy"],"picked":"Parasite","floor":34.0},{"not_picked":["Doubt","CurseOfTheBell"],"picked":"Voices","floor":34.0},{"not_picked":["TheCursedMod:RapidMovement","TheCursedMod:RavingStaff+1"],"picked":"TheCursedMod:SurpriseAttack","floor":35.0},{"not_picked":["TheCursedMod:RavingStaff+1","TheCursedMod:VitalStrike"],"picked":"TheCursedMod:VoidForm","floor":36.0},{"not_picked":["TheCursedMod:CircleOfFocus+1","TheCursedMod:SpitefulStrike"],"picked":"TheCursedMod:CursedMace+1","floor":38.0},{"not_picked":["TheCursedMod:RavingStaff","TheCursedMod:SpitefulStrike+1"],"picked":"TheCursedMod:SurpriseAttack+1","floor":40.0},{"not_picked":["TheCursedMod:ManaBullet","TheCursedMod:CircleOfCorruption"],"picked":"TheCursedMod:CircleOfFlame+1","floor":41},{"not_picked":["TheCursedMod:DemonicPact","TheCursedMod:Stretching"],"picked":"TheCursedMod:Wield+1","floor":41},{"not_picked":["TheCursedMod:CursedBlade","TheCursedMod:SoulReap"],"picked":"TheCursedMod:Obscuration+1","floor":42},{"not_picked":["TheCursedMod:TroublousMinions","TheCursedMod:Wield+1"],"picked":"TheCursedMod:Stigma+1","floor":44},{"not_picked":["TheCursedMod:Obscuration+1","TheCursedMod:Mangle+1"],"picked":"TheCursedMod:LuckyCharm","floor":45},{"not_picked":["TheCursedMod:AbyssShockwave","TheCursedMod:CircleOfFocus+1"],"picked":"TheCursedMod:SoulReap+1","floor":45},{"not_picked":["TheCursedMod:CursedBoomerang+1","TheCursedMod:CursedMace"],"picked":"TheCursedMod:CollectTribute","floor":46},{"not_picked":["TheCursedMod:TacticalStrike+1","TheCursedMod:ReleasedKnowledge"],"picked":"TheCursedMod:SpitefulStrike","floor":48},{"not_picked":["TheCursedMod:DoubleShield+1","TheCursedMod:CircleOfWindfury"],"picked":"TheCursedMod:CursedAmulet","floor":48}],"player_experience":1032316,"relics_obtained":[{"floor":6.0,"key":"Nunchaku"},{"floor":8.0,"key":"Darkstone Periapt"},{"floor":9.0,"key":"Potion Belt"},{"floor":10.0,"key":"Pen Nib"},{"floor":23.0,"key":"Sundial"},{"floor":23.0,"key":"MealTicket"},{"floor":25.0,"key":"ReplayTheSpireMod:TigerMarble"},{"floor":25.0,"key":"Replay:Wax Seal"},{"floor":26.0,"key":"Replay:Baseball"},{"floor":30.0,"key":"Omamori"},{"floor":30.0,"key":"Bag of Marbles"},{"floor":37.0,"key":"Ring of Greed"},{"floor":37.0,"key":"Replay:Bandana"},{"floor":37.0,"key":"Golden Idol"},{"floor":37.0,"key":"Ring of Hypnosis"},{"floor":39.0,"key":"Durian"},{"floor":40.0,"key":"TheCursedMod:DemonicMark"},{"floor":40.0,"key":"Prayer Wheel"},{"floor":42,"key":"Bronze Scales"},{"floor":42,"key":"TheCursedMod:BloodyHarpoon"},{"floor":43,"key":"Orichalcum"},{"floor":44,"key":"Pet Ghost"},{"floor":44,"key":"HornCleat"},{"floor":46,"key":"Dream Catcher"},{"floor":46,"key":"Blood Vial"}],"event_choices":[{"damage_healed":0.0,"max_hp_gain":0.0,"max_hp_loss":0.0,"gold_gain":0.0,"event_name":"The Woman in Blue","player_choice":"Bought 2 Potions","floor":4.0,"gold_loss":0.0,"damage_taken":0.0},{"damage_healed":0.0,"max_hp_gain":0.0,"max_hp_loss":0.0,"gold_gain":0.0,"event_name":"Accursed Blacksmith","player_choice":"Rummage","floor":12.0,"gold_loss":0.0,"damage_taken":0.0,"relics_obtained":["WarpedTongs"],"cards_obtained":["Pain"]},{"damage_healed":0,"gold_gain":0,"player_choice":"Paid Gold","damage_taken":0,"relics_obtained":["War Paint"],"max_hp_gain":0,"max_hp_loss":0,"event_name":"WeMeetAgain","floor":49,"gold_loss":52}],"is_beta":false,"boss_relics":[{"not_picked":["TheCursedMod:OminousMark","Busted Crown"],"picked":"Black Star"},{"not_picked":["ReplayTheSpireMod:DimensionalGlitch","Replay:Wanted Poster"],"picked":"Replay:Ancient Bell"},{"not_picked":["CeramicFish","Juzu Bracelet"],"picked":"Oddly Smooth Stone"},{"not_picked":["Divine Protection","Quantum Egg"],"picked":"Replay:Ringing Soul"},{"not_picked":["Counterbalance","Girya"],"picked":"Replay:Kaleidoscope"}],"items_purged_floors":[47],"is_endless":false,"potions_floor_spawned":[1,6,10,14,19,21,25,30,33,40,41,42,44,45],"ascension_level":10}}