{"host":"p4v0hquynnreu717","time":1614453542,"event":{"mods":["BaseMod","DeckTracker","Googly Eyes","Marisa£¨ìFÓê¡¡Ä§ÀíÉ³£©","Minty Spire (QoL Compilation)","Quick Restart","RumiaBox-Â¶Ã×æ«µÄÉñÃØºÐ×Ó","StSLib","SuperFastMode","[IsaacMod]ÒÔÈö¼âËþ","¡¾ÒÅÎï¿¨ÅÆ¡¿REMEMod"],"gold_per_floor":[123,143,143,68,95,95,95,20,73,73,73,73,140,140,140,279,279,352,352,352,352,81,147,147,36,36,296,417,465,150,470,470,1158,1158,1260,1277,405,59,191,1520,1931,1931,1931,3002,3002,3388,3627,4052,4052,4245,4364,5067,5306,5831,6896,7310,7680,7680,6872,7305,6771,6454,7073,7073,7713,8243,8243,8243,7533,7922,7922],"floor_reached":57,"language":"ZHS","playtime":2788,"items_purged":["Strike_P","Defend_P","Defend_P","Strike_P","Strike_P","Defend_P+1","WreathOfFlame+1","Halt","EmptyMind"],"score":4197,"play_id":"a4f3b9d7-bfe5-4f4a-8a32-47eea5945123","local_time":"20210228031902","daily_mods":["Heirloom","Flight"],"is_ascension_mode":true,"campfire_choices":[{"data":"Eruption","floor":6.0,"key":"SMITH"},{"data":"EarthLightRay","floor":7.0,"key":"SMITH"},{"data":"EarthLightRay","floor":10.0,"key":"SMITH"},{"data":"Crescendo","floor":11.0,"key":"SMITH"},{"data":"Vigilance","floor":12.0,"key":"SMITH"},{"data":"Defend_P","floor":15.0,"key":"SMITH"},{"data":"InnerPeace","floor":24.0,"key":"SMITH"},{"data":"Singularity","floor":32.0,"key":"SMITH"},{"data":"ClearTheMind","floor":42.0,"key":"SMITH"},{"floor":49.0,"key":"RECALL"},{"data":"MostiFishMod:Dust","floor":49.0,"key":"SMITH"},{"data":"MostiFishMod:Speedup","floor":53.0,"key":"SMITH"}],"circlet_count":3,"master_deck":["AscendersBane","Eruption+1","Vigilance+1","EarthLightRay+1","Robbery+1","Crescendo+1","EarthLightRay+1","ClearTheMind+1","InnerPeace+1","Singularity+1","Master of Strategy","Pray","Madness+1","Adaptation+1","Madness+1","PowerUp","MilkyWay"],"relics":["PureWater","Circlet","HushsDoor","KeepersGift","REME_ComplimentaryCards","Potion Belt","GnawedLeaf","Bloody Idol","GuppysHead","GuppysCollar","Anchor","Pen Nib","MaYiHuaBei","BelialBook","VioletLotus","GuppysPaw","Shuriken","Kunai","REME_CardOfGreed","Lantern","Smiling Mask","Pear","Orichalcum","Whetstone","PunchingBag","CatCart","D6","GodSword5","Meat on the Bone","Singing Bowl","NineVolt","Eternal Feather","White Beast Statue","Bag of Preparation","Omamori","Chemical X","HowToJump","Art of War","Happy Flower","Calipers","Bag of Marbles","MagicDraw3"],"acts_visited":["Exordium","TheCity","TheBeyond","TheEnding"],"potions_floor_usage":[],"damage_taken":[{"damage":0.0,"enemies":"Jaw Worm","floor":1.0,"turns":3.0},{"damage":7.0,"enemies":"Cultist","floor":2.0,"turns":4.0},{"damage":9.0,"enemies":"2 Louse","floor":5.0,"turns":4.0},{"damage":22.0,"enemies":"Gremlin Nob","floor":13.0,"turns":3.0},{"damage":11.0,"enemies":"The Guardian","floor":16.0,"turns":16.0},{"damage":14.0,"enemies":"Shell Parasite","floor":18.0,"turns":5.0},{"damage":30.0,"enemies":"Slavers","floor":23.0,"turns":3.0},{"damage":0.0,"enemies":"Gremlin Leader","floor":27.0,"turns":4.0},{"damage":0.0,"enemies":"Slavers","floor":28.0,"turns":4.0},{"damage":0.0,"enemies":"3 Byrds","floor":29.0,"turns":3.0},{"damage":0.0,"enemies":"Gremlin Leader","floor":31.0,"turns":3.0},{"damage":8.0,"enemies":"Automaton","floor":33.0,"turns":5.0},{"damage":5.0,"enemies":"3 Shapes","floor":35.0,"turns":3.0},{"damage":0.0,"enemies":"3 Darklings","floor":36.0,"turns":4.0},{"damage":0.0,"enemies":"4 Shapes","floor":39.0,"turns":1.0},{"damage":0.0,"enemies":"Giant Head","floor":40.0,"turns":2.0},{"damage":0.0,"enemies":"Reptomancer","floor":41.0,"turns":2.0},{"damage":0.0,"enemies":"Giant Head","floor":44.0,"turns":2.0},{"damage":0.0,"enemies":"Spire Growth","floor":46.0,"turns":3.0},{"damage":0.0,"enemies":"2 Orb Walkers","floor":47.0,"turns":1.0},{"damage":0.0,"enemies":"Nemesis","floor":48.0,"turns":1.0},{"damage":0.0,"enemies":"Orb Walker","floor":35.0,"turns":2.0},{"damage":0.0,"enemies":"3 Darklings","floor":36.0,"turns":1.0},{"damage":0.0,"enemies":"Orin","floor":37.0,"turns":2.0},{"damage":0.0,"enemies":"2 Orb Walkers","floor":38.0,"turns":1.0},{"damage":0.0,"enemies":"Mind Bloom Boss Battle","floor":39.0,"turns":2.0},{"damage":0.0,"enemies":"Giant Head","floor":40.0,"turns":1.0},{"damage":0.0,"enemies":"Reptomancer","floor":41.0,"turns":1.0},{"damage":0.0,"enemies":"Writhing Mass","floor":42.0,"turns":1.0},{"damage":0.0,"enemies":"Nemesis","floor":45.0,"turns":1.0},{"damage":0.0,"enemies":"Maw","floor":48.0,"turns":1.0},{"damage":0.0,"enemies":"Awakened One","floor":50.0,"turns":2.0},{"damage":0.0,"enemies":"Donu and Deca","floor":51.0,"turns":1.0},{"damage":0.0,"enemies":"Shield and Spear","floor":55.0,"turns":2.0},{"damage":0,"enemies":"Delirium","floor":56,"turns":1}],"seed_played":"-7441219653854290765","potions_obtained":[{"floor":2.0,"key":"FairyPotion"},{"floor":5.0,"key":"BlessingOfTheForge"},{"floor":23.0,"key":"ColorlessPotion"},{"floor":27.0,"key":"Energy Potion"},{"floor":29.0,"key":"Block Potion"},{"floor":39.0,"key":"SpeedPotion"},{"floor":41.0,"key":"Energy Potion"},{"floor":36.0,"key":"BottledMiracle"}],"is_trial":true,"path_per_floor":["M","M","?","$","M","R","R","?","T","R","R","R","E","?","R","B",null,"M","?","T","?","$","E","R","$","T","E","E","M","$","E","R","B",null,"M","M","$","$","M","E","E","R","T","E","?","M","?","E","R","M","M","?","?","?","E","E","M","T","$","E","$","$","M","R","B","B",null,"R","$","E","B",null],"character_chosen":"WATCHER","items_purchased":["GuppysHead","GuppysCollar","Anchor","Halt","Singularity","Master of Strategy","GuppysPaw","Shuriken","Kunai","REME_CardOfGreed","Lantern","NineVolt","Eternal Feather","White Beast Statue","Swift Potion","Omamori","Chemical X","HowToJump","Art of War","Happy Flower","Calipers","Bag of Marbles","Dodecahedron"],"campfire_rested":0,"item_purchase_floors":[17,17,22,25,25,30,34,37,37,37,38,44,44,44,44,46,46,46,47,47,54,54,54],"current_hp_per_floor":[61,54,47,47,42,42,42,42,42,42,42,42,26,26,26,27,32,30,30,30,30,30,32,32,32,32,34,34,34,34,34,34,34,24,24,24,24,24,24,24,34,34,34,34,34,34,34,34,34,34,34,34,34,34,34,34,34,34,34,36,36,36,38,38,38,38,38,38,38,38,38],"gold":7922,"neow_bonus":"","is_daily":false,"chose_seed":false,"campfire_upgraded":11,"win_rate":0.0,"timestamp":1614453542,"path_taken":["M","M","?","$","?","R","R","?","T","R","R","R","E","?","R","BOSS","M","?","?","?","$","E","R","$","T","E","E","?","$","E","R","BOSS","M","M","$","$","M","E","E","R","T","E","?","?","?","E","R","M","?","?","?","?","E","E","?","T","$","E","$","$","?","R","BOSS","BOSS","R","$","E","BOSS"],"items_purchased_type":["Relic","Relic","Relic","Card","Card","Card","Relic","Relic","Relic","Relic","Relic","Relic","Relic","Relic","Potion","Relic","Relic","Relic","Relic","Relic","Relic","Relic","Undefined"],"build_version":"2020-12-22","purchased_purges":9,"victory":true,"max_hp_per_floor":[68,68,68,68,68,68,68,68,68,68,68,68,68,62,62,62,34,34,34,34,34,34,34,34,34,34,34,34,34,34,34,34,34,24,24,24,24,24,24,24,34,34,34,34,34,34,34,34,34,34,34,34,34,34,34,34,34,34,34,36,36,36,38,38,38,38,38,38,38,38,38],"card_choices":[{"not_picked":["MysteriousBeam","Weave","DoubleSpark"],"picked":"SKIP","floor":1.0},{"not_picked":["BattleHymn","EmptyBody","ReachHeaven","GasGiant"],"picked":"Crescendo","floor":2.0},{"not_picked":["Bomb","DeceiveReality","Protect","SporeBomb"],"picked":"EarthLightRay","floor":5.0},{"not_picked":["Crescendo","Bomb","DeceiveReality","ConjureBlade"],"picked":"ClearTheMind","floor":13.0},{"not_picked":["MostiFishMod:StarLaLaLa","Brilliance","BlazingStar","FinalSpark"],"picked":"Establishment","floor":16.0},{"not_picked":["ManaConvection","UnstableBomb","NonDirectionalLaser","TalkToTheHand","SuperPerseids"],"picked":"SKIP","floor":18.0},{"not_picked":["Protect","CasketOfStar","TalkToTheHand+1","Halt"],"picked":"InnerPeace","floor":23.0},{"not_picked":["Worship","REME_MusicOfDeath","SuperPerseids+1","LuminesStrike"],"picked":"EmptyMind","floor":27.0},{"not_picked":["AsteroidBelt","EmptyFist","Evaluate","BlazingStar"],"picked":"WreathOfFlame+1","floor":28.0},{"not_picked":["MostiFishMod:Clarity","EmptyBody","GrandCross","MysteriousBeam","ForeignInfluence"],"picked":"SKIP","floor":29.0},{"not_picked":["ReachHeaven","WitchLeyline","GrandCross","DC"],"picked":"Pray","floor":31.0},{"not_picked":["MillisecondPulsars","CollectingQuirk","Wish","MostiFishMod:StarOceanP"],"picked":"MostiFishMod:Dust","floor":33.0},{"not_picked":["BowlingBash","Tantrum+1","REME_Repentance","SuperPerseids+1"],"picked":"Adaptation+1","floor":35.0},{"not_picked":["PathToVictory","MilkyWay","EmptyBody+1","CarveReality+1","Wireheading"],"picked":"SKIP","floor":36.0},{"not_picked":["WreathOfFlame","Acceleration+1","AsteroidBelt","DC+1","FlyingSleeves"],"picked":"SKIP","floor":39.0},{"not_picked":["OpenUniverse+1","Halt","Crescendo","SporeBomb+1","MysteriousBeam"],"picked":"SKIP","floor":40.0},{"not_picked":["Weave","EnergyRecoil","MachineGunSpark+1","AsteroidBelt","Nirvana"],"picked":"SKIP","floor":41.0},{"not_picked":["Worship","Protect+1","DragonMeteor","GrandCross","FearNoEvil"],"picked":"SKIP","floor":44.0},{"not_picked":["Worship","Protect+1","DragonMeteor","GrandCross","FearNoEvil"],"picked":"SKIP","floor":44.0},{"not_picked":["Prostrate","MostiFishMod:Minus","ShootingEcho","EmptyBody+1"],"picked":"MostiFishMod:Speedup","floor":46.0},{"not_picked":["Consecrate","DarkMatter+1","WitchOfGreed+1","AsteroidBelt+1","EventHorizon+1"],"picked":"SKIP","floor":48.0},{"not_picked":["REME_MusicOfDeath","EmptyFist+1","DevaForm","Conclude","OrrerysSun"],"picked":"SKIP","floor":35.0},{"not_picked":["AlicesGift","DarkSpark+1","ClearTheMind","FlyingSleeves","Pray"],"picked":"SKIP","floor":36.0},{"not_picked":["MostiFishMod:Adaptation","FairyDestructionRay+1","EmptyFist","LikeWater"],"picked":"PowerUp","floor":39.0},{"not_picked":["LikeWater","StarlightTyphoon","UnstableBomb","FollowUp+1","ClearTheMind"],"picked":"SKIP","floor":40.0},{"not_picked":["IllusionStar","Evaluate","LikeWater","Halt+1","AsteroidBelt"],"picked":"SKIP","floor":41.0},{"not_picked":["PowerUp+1","StarlightTyphoon+1","Swivel+1","WindmillStrike","Conclude"],"picked":"SKIP","floor":42.0},{"not_picked":["PowerUp","ClearTheMind","JustLucky","ShootTheMoon","EmptyFist"],"picked":"Singing Bowl","floor":45.0},{"not_picked":["PowerUp+1","ConjureBlade","SashWhip","WitchLeyline","FollowUp"],"picked":"Singing Bowl","floor":48.0},{"not_picked":["PathToVictory","GrandCross","WitchLeyline+1","6A"],"picked":"MilkyWay","floor":55.0}],"player_experience":1174955,"relics_obtained":[{"floor":1.0,"key":"SynthV:TestCard"},{"floor":9.0,"key":"Potion Belt"},{"floor":13.0,"key":"GnawedLeaf"},{"floor":23.0,"key":"Pen Nib"},{"floor":26.0,"key":"MaYiHuaBei"},{"floor":28.0,"key":"BelialBook"},{"floor":40.0,"key":"Smiling Mask"},{"floor":41.0,"key":"Pear"},{"floor":43.0,"key":"Orichalcum"},{"floor":44.0,"key":"Whetstone"},{"floor":47.0,"key":"PunchingBag"},{"floor":48.0,"key":"ForgetMeNow"},{"floor":37.0,"key":"CatCart"},{"floor":38.0,"key":"DianPoetry"},{"floor":39.0,"key":"D6"},{"floor":40.0,"key":"GodSword5"},{"floor":41.0,"key":"Meat on the Bone"},{"floor":43.0,"key":"Singing Bowl"},{"floor":45.0,"key":"Bag of Preparation"},{"floor":55.0,"key":"MagicDraw3"}],"event_choices":[{"cards_removed":["Defend_P"],"damage_healed":0.0,"max_hp_gain":0.0,"max_hp_loss":0.0,"gold_gain":0.0,"event_name":"Golden Wing","player_choice":"Card Removal","floor":3.0,"gold_loss":0.0,"damage_taken":7.0},{"cards_removed":["Strike_P"],"damage_healed":0.0,"max_hp_gain":0.0,"max_hp_loss":0.0,"gold_gain":0.0,"event_name":"The Cleric","player_choice":"Card Removal","floor":8.0,"gold_loss":75.0,"damage_taken":0.0},{"damage_healed":0.0,"max_hp_gain":0.0,"max_hp_loss":6.0,"gold_gain":0.0,"event_name":"Golden Idol","player_choice":"Lose Max HP","floor":14.0,"gold_loss":0.0,"damage_taken":0.0,"relics_obtained":["Golden Idol"]},{"damage_healed":0.0,"max_hp_gain":0.0,"max_hp_loss":0.0,"gold_gain":0.0,"event_name":"Forgotten Altar","player_choice":"Gave Idol","floor":19.0,"relics_lost":["Golden Idol"],"gold_loss":0.0,"damage_taken":0.0,"relics_obtained":["Bloody Idol"]},{"damage_healed":0.0,"max_hp_gain":0.0,"max_hp_loss":0.0,"gold_gain":0.0,"event_name":"Vampires","player_choice":"Ignored","floor":21.0,"gold_loss":0.0,"damage_taken":0.0},{"cards_removed":["Establishment"],"damage_healed":0.0,"max_hp_gain":0.0,"max_hp_loss":0.0,"gold_gain":0.0,"event_name":"Falling","player_choice":"Removed Power","floor":45.0,"gold_loss":0.0,"damage_taken":0.0},{"damage_healed":0.0,"max_hp_gain":0.0,"max_hp_loss":0.0,"gold_gain":0.0,"event_name":"Mysterious Sphere","player_choice":"Fight","floor":47.0,"gold_loss":0.0,"damage_taken":0.0},{"damage_healed":0.0,"max_hp_gain":0.0,"max_hp_loss":0.0,"gold_gain":0.0,"event_name":"OrinTheCat","player_choice":"Fight","floor":37.0,"gold_loss":0.0,"damage_taken":0.0},{"damage_healed":0.0,"max_hp_gain":0.0,"max_hp_loss":0.0,"gold_gain":0.0,"event_name":"Mysterious Sphere","player_choice":"Fight","floor":38.0,"gold_loss":0.0,"damage_taken":0.0},{"damage_healed":0.0,"max_hp_gain":0.0,"max_hp_loss":0.0,"gold_gain":0.0,"event_name":"MindBloom","player_choice":"Fight","floor":39.0,"gold_loss":0.0,"damage_taken":0.0}],"is_beta":false,"boss_relics":[{"not_picked":["Transparent","BloodWine"],"picked":"FeatherPendant"},{"not_picked":[]},{"not_picked":["RhineFirstAidKit","GreenFoldingFan"],"picked":"VioletLotus"},{"not_picked":[]}],"items_purged_floors":[4,17,22,30,37,38,44,46,54],"is_endless":false,"potions_floor_spawned":[2,5,23,27,29,39,41,48,36,38,40,45,48,55],"ascension_level":20}}