{"host":"oehe2dxjvdgux73m","time":1614433137,"event":{"mods":["AchievementEnabler","BaseMod","Colored Map","Colored Powertips","DeckTracker","Keyboard Shortcuts","Minty Spire (QoL Compilation)","Permanent Neow","Quick Restart","StSLib","SuperFastMode"],"gold_per_floor":[118,130,148,71,71,71,82,82,82,112,112,139,155,27,27,101,101,112,24,36,36,51,51,67,81,107,118,145,156,206,224,224,224,224],"floor_reached":33,"language":"KOR","playtime":1101,"items_purged":["Strike_G"],"score":762,"play_id":"d0eac084-31f7-4f9f-971d-8c7a3159d4e5","local_time":"20210227223857","is_ascension_mode":true,"campfire_choices":[{"floor":6.0,"key":"REST"},{"data":"Bouncing Flask","floor":8.0,"key":"SMITH"},{"data":"Neutralize","floor":15.0,"key":"SMITH"},{"data":"Tactician","floor":23.0,"key":"SMITH"},{"data":"Prepared","floor":32.0,"key":"SMITH"}],"circlet_count":0,"master_deck":["AscendersBane","Defend_G","Defend_G","Defend_G","Defend_G+1","Survivor+1","Neutralize+1","Bouncing Flask+1","Backflip","Tactician+1","Dash","Dagger Throw+1","Choke+1","Underhanded Strike+1","Prepared+1","Grand Finale","Acrobatics","Ghostly","Ghostly","Ghostly","Acrobatics+1","Dodge and Roll+1","Backflip"],"relics":["Ring of the Snake","White Beast Statue","Ninja Scroll","Shovel","Astrolabe","Smiling Mask","Shuriken"],"acts_visited":["Exordium","TheCity"],"potions_floor_usage":[33],"damage_taken":[{"damage":3.0,"enemies":"Cultist","floor":1.0,"turns":5.0},{"damage":4.0,"enemies":"Small Slimes","floor":2.0,"turns":3.0},{"damage":1.0,"enemies":"Jaw Worm","floor":3.0,"turns":4.0},{"damage":1.0,"enemies":"2 Fungi Beasts","floor":7.0,"turns":4.0},{"damage":33.0,"enemies":"Gremlin Nob","floor":10.0,"turns":4.0},{"damage":0.0,"enemies":"Lagavulin","floor":12.0,"turns":3.0},{"damage":0.0,"enemies":"3 Louse","floor":13.0,"turns":3.0},{"damage":0.0,"enemies":"Hexaghost","floor":16.0,"turns":9.0},{"damage":0.0,"enemies":"Spheric Guardian","floor":18.0,"turns":3.0},{"damage":14.0,"enemies":"2 Thieves","floor":20.0,"turns":4.0},{"damage":7.0,"enemies":"3 Cultists","floor":22.0,"turns":5.0},{"damage":3.0,"enemies":"Centurion and Healer","floor":24.0,"turns":6.0},{"damage":4.0,"enemies":"Snake Plant","floor":25.0,"turns":6.0},{"damage":2.0,"enemies":"Snecko","floor":27.0,"turns":5.0},{"damage":0.0,"enemies":"Slavers","floor":28.0,"turns":1.0},{"damage":2.0,"enemies":"Sentry and Sphere","floor":29.0,"turns":3.0},{"damage":6.0,"enemies":"3 Cultists","floor":31.0,"turns":6.0},{"damage":61,"enemies":"Automaton","floor":33,"turns":8}],"seed_played":"5179552891981480374","potions_obtained":[{"floor":1.0,"key":"Strength Potion"},{"floor":10.0,"key":"FearPotion"},{"floor":12.0,"key":"Energy Potion"},{"floor":13.0,"key":"SkillPotion"},{"floor":16.0,"key":"GamblersBrew"},{"floor":18.0,"key":"LiquidBronze"},{"floor":20.0,"key":"Fire Potion"},{"floor":22.0,"key":"FairyPotion"},{"floor":24.0,"key":"GamblersBrew"},{"floor":28.0,"key":"Dexterity Potion"},{"floor":29.0,"key":"SkillPotion"},{"floor":31.0,"key":"Poison Potion"}],"is_trial":false,"path_per_floor":["M","M","M","$","?","R","M","R","T","E","?","E","M","$","R","B",null,"M","$","M","?","M","R","M","M","T","M","E","M","?","M","R","B"],"character_chosen":"THE_SILENT","items_purchased":["Tactician","Block Potion","Grand Finale"],"campfire_rested":1,"item_purchase_floors":[4,14,19],"current_hp_per_floor":[41,37,36,36,16,35,34,34,34,1,1,1,1,1,1,1,50,50,50,36,33,26,26,23,19,19,17,17,15,15,9,9,0,0],"gold":224,"neow_bonus":"REMOVE_TWO","is_daily":false,"chose_seed":false,"campfire_upgraded":4,"win_rate":0.0,"timestamp":1614433137,"path_taken":["M","M","M","$","?","R","M","R","T","E","?","E","?","?","R","BOSS","M","$","M","?","M","R","M","M","T","M","E","M","?","M","R","BOSS"],"items_purchased_type":["Card","Potion","Card"],"build_version":"2020-12-22","purchased_purges":1,"victory":false,"max_hp_per_floor":[66,66,66,66,66,66,66,66,66,66,66,66,66,66,66,66,66,66,66,66,33,33,33,33,33,33,33,33,33,33,33,33,33,33],"card_choices":[{"not_picked":["Backstab","Sucker Punch"],"picked":"Bouncing Flask","floor":1.0},{"not_picked":["Acrobatics","Deadly Poison"],"picked":"Backflip","floor":2.0},{"not_picked":["Flying Knee","Skewer","Accuracy"],"picked":"SKIP","floor":3.0},{"not_picked":["Flying Knee","Deflect"],"picked":"Dash","floor":7.0},{"not_picked":["Dagger Spray","Bane","Flying Knee"],"picked":"SKIP","floor":10.0},{"not_picked":["Underhanded Strike","Skewer","Deadly Poison"],"picked":"SKIP","floor":12.0},{"not_picked":["Distraction","Sucker Punch","Terror"],"picked":"SKIP","floor":13.0},{"not_picked":["Bane+1","Slice"],"picked":"Prepared","floor":18.0},{"not_picked":["Prepared","Dodge and Roll"],"picked":"Acrobatics","floor":20.0},{"not_picked":["Crippling Poison","Noxious Fumes"],"picked":"Acrobatics+1","floor":22.0},{"not_picked":["Prepared","Catalyst+1"],"picked":"Dodge and Roll+1","floor":24.0},{"not_picked":["Dash","Grand Finale","Sucker Punch"],"picked":"SKIP","floor":25.0},{"not_picked":["Sucker Punch","Flechettes+1","Deflect"],"picked":"SKIP","floor":27.0},{"not_picked":["Heel Hook","Dodge and Roll","Caltrops"],"picked":"SKIP","floor":28.0},{"not_picked":["Flying Knee","Eviscerate","Cloak And Dagger"],"picked":"SKIP","floor":29.0},{"not_picked":["Noxious Fumes","Cloak And Dagger+1"],"picked":"Backflip","floor":31.0}],"player_experience":507665,"relics_obtained":[{"floor":9.0,"key":"White Beast Statue"},{"floor":10.0,"key":"Ninja Scroll"},{"floor":12.0,"key":"Shovel"},{"floor":26.0,"key":"Smiling Mask"},{"floor":28.0,"key":"Shuriken"}],"event_choices":[{"damage_healed":0.0,"max_hp_gain":0.0,"max_hp_loss":0.0,"gold_gain":0.0,"event_name":"Shining Light","player_choice":"Entered Light","floor":5.0,"gold_loss":0.0,"damage_taken":20.0,"cards_upgraded":["Defend_G","Survivor"]},{"damage_healed":0.0,"max_hp_gain":0.0,"max_hp_loss":0.0,"gold_gain":0.0,"cards_transformed":["Strike_G"],"event_name":"Transmorgrifier","player_choice":"Transformed","floor":11.0,"gold_loss":0.0,"damage_taken":0.0,"cards_obtained":["Endless Agony"]},{"damage_healed":0.0,"max_hp_gain":0.0,"max_hp_loss":33.0,"gold_gain":0.0,"event_name":"Ghosts","player_choice":"Became a Ghost","floor":21.0,"gold_loss":0.0,"damage_taken":0.0,"cards_obtained":["Ghostly","Ghostly","Ghostly"]},{"damage_healed":0.0,"max_hp_gain":0.0,"max_hp_loss":0.0,"gold_gain":50.0,"event_name":"Nest","player_choice":"Stole From Cult","floor":30.0,"gold_loss":0.0,"damage_taken":0.0}],"is_beta":false,"boss_relics":[{"not_picked":["Philosopher\u0027s Stone","Coffee Dripper"],"picked":"Astrolabe"}],"items_purged_floors":[14],"is_endless":false,"potions_floor_spawned":[1,10,12,13,16,18,20,22,24,25,27,28,29,31],"killed_by":"Automaton","ascension_level":20}}