{"host":"oayzmny46us4oe8r","time":1614427643,"event":{"mods":["BaseMod","Minty Spire (QoL Compilation)","Shop Mod","StSLib"],"gold_per_floor":[117,193,246,258,278,278,228,240,240,240,340,350,350,360,360,458,458,476,511,24,24,35,35,35,35,81,121,148,178,190,32,32,135,135,147,147,160,160,19,19,19],"floor_reached":40,"language":"ENG","playtime":4196,"items_purged":[],"score":439,"play_id":"db974ede-4bde-4c24-afa7-90a019e7484f","local_time":"20210227230723","is_ascension_mode":true,"campfire_choices":[{"data":"Armaments","floor":6,"key":"SMITH"},{"data":"Double Tap","floor":10,"key":"SMITH"},{"data":"Rampage","floor":13,"key":"SMITH"},{"data":"Flex","floor":15,"key":"SMITH"},{"floor":23,"key":"REST"},{"floor":32,"key":"REST"}],"circlet_count":0,"master_deck":["Defend_R","Defend_R","Defend_R","Bash+1","Disarm","Armaments+1","Double Tap+1","Rampage+1","Flex+1","Berserk","Searing Blow","Dramatic Entrance","Flex","Armaments","Shrug It Off","Iron Wave","Bite","Bite","Bite","Bite","Bite","Seeing Red","Cleave","Inflame","Impervious","Shrug It Off+1","Heavy Blade","Disarm","Inflame","Spot Weakness"],"relics":["Burning Blood","Nunchaku","Ornamental Fan","Runic Pyramid","Red Mask","MerchantsRug","Letter Opener","Strange Spoon","Black Star"],"acts_visited":["Exordium","TheCity","TheBeyond"],"potions_floor_usage":[8,16,19,19,25,27,27,27,33,33],"damage_taken":[{"damage":2,"enemies":"Small Slimes","floor":1,"turns":3},{"damage":9,"enemies":"Jaw Worm","floor":4,"turns":3},{"damage":7,"enemies":"2 Louse","floor":5,"turns":3},{"damage":12,"enemies":"Gremlin Gang","floor":8,"turns":6},{"damage":12,"enemies":"Large Slime","floor":12,"turns":6},{"damage":0,"enemies":"3 Louse","floor":14,"turns":4},{"damage":30,"enemies":"Slime Boss","floor":16,"turns":10},{"damage":16,"enemies":"3 Byrds","floor":18,"turns":8},{"damage":34,"enemies":"Masked Bandits","floor":19,"turns":7},{"damage":29,"enemies":"2 Thieves","floor":22,"turns":4},{"damage":37,"enemies":"Slavers","floor":27,"turns":7},{"damage":21,"enemies":"3 Cultists","floor":28,"turns":6},{"damage":56,"enemies":"Cultist and Chosen","floor":29,"turns":7},{"damage":59,"enemies":"Automaton","floor":33,"turns":12},{"damage":24,"enemies":"3 Shapes","floor":35,"turns":7},{"damage":12,"enemies":"Orb Walker","floor":37,"turns":5},{"damage":104,"enemies":"Giant Head","floor":40,"turns":8}],"seed_played":"-8590566330345910567","potions_obtained":[{"floor":1,"key":"FearPotion"},{"floor":4,"key":"Regen Potion"},{"floor":12,"key":"DistilledChaos"},{"floor":18,"key":"Explosive Potion"},{"floor":19,"key":"ColorlessPotion"},{"floor":25,"key":"Fruit Juice"},{"floor":25,"key":"Explosive Potion"},{"floor":25,"key":"Weak Potion"},{"floor":27,"key":"SkillPotion"},{"floor":35,"key":"Dexterity Potion"}],"is_trial":false,"path_per_floor":["M","?","T","M","M","R","?","M","T","R","?","M","R","M","R","B",null,"M","?","$","?","M","R","?","?","T","E","M","M","?","$","R","B",null,"M","?","M","?","$","E"],"character_chosen":"IRONCLAD","items_purchased":["MerchantsRug","Dramatic Entrance","Dream Catcher","Flex","Armaments","BloodPotion","Strange Spoon","Disarm","Inflame","Spot Weakness"],"campfire_rested":2,"item_purchase_floors":[20,20,20,20,20,31,31,39,39,39],"current_hp_per_floor":[80,80,80,77,76,76,76,80,80,80,80,74,74,80,80,56,80,70,42,42,42,19,43,43,48,48,34,44,12,12,12,30,23,61,50,50,60,60,60,0,0],"gold":19,"neow_bonus":"UPGRADE_CARD","is_daily":false,"chose_seed":false,"campfire_upgraded":4,"win_rate":0.0,"timestamp":1614427643,"path_taken":["M","?","?","?","M","R","?","M","T","R","?","M","R","?","R","BOSS","M","?","$","?","M","R","?","?","T","E","?","M","?","$","R","BOSS","M","?","M","?","$","E"],"items_purchased_type":["Relic","Card","Relic","Card","Card","Potion","Relic","Card","Card","Card"],"build_version":"2020-12-22","purchased_purges":0,"victory":false,"max_hp_per_floor":[80,80,80,80,80,80,80,80,80,80,80,80,80,80,80,80,80,80,80,80,80,80,80,56,61,61,61,61,61,61,61,61,61,61,61,61,61,61,61,61,61],"card_choices":[{"not_picked":["Intimidate","Feel No Pain"],"picked":"Disarm","floor":1},{"not_picked":["Pommel Strike","Warcry"],"picked":"Armaments","floor":4},{"not_picked":["Shrug It Off","Rupture"],"picked":"Clothesline","floor":5},{"not_picked":["Warcry","Shrug It Off"],"picked":"Double Tap","floor":8},{"not_picked":["Thunderclap","Hemokinesis"],"picked":"Rampage","floor":12},{"not_picked":["Dark Embrace","Rage"],"picked":"Flex","floor":14},{"not_picked":["Offering","Brutality"],"picked":"Berserk","floor":16},{"not_picked":["Shrug It Off","Whirlwind"],"picked":"Searing Blow","floor":18},{"not_picked":["Sword Boomerang+1","True Grit"],"picked":"Shrug It Off","floor":22},{"not_picked":["Entrench+1","Seeing Red"],"picked":"Iron Wave","floor":23},{"not_picked":["Anger","Immolate"],"picked":"Seeing Red","floor":27},{"not_picked":["Anger","Twin Strike","Rampage"],"picked":"SKIP","floor":28},{"not_picked":["Blood for Blood","Sever Soul+1"],"picked":"Cleave","floor":29},{"not_picked":["Thunderclap","True Grit"],"picked":"Inflame","floor":32},{"not_picked":["Corruption","Offering"],"picked":"Impervious","floor":33},{"not_picked":["Headbutt","Rage"],"picked":"Shrug It Off+1","floor":35},{"not_picked":["Shrug It Off","Flex+1"],"picked":"Heavy Blade","floor":37}],"player_experience":229938,"relics_obtained":[{"floor":3,"key":"Nunchaku"},{"floor":9,"key":"Ornamental Fan"},{"floor":19,"key":"Red Mask"},{"floor":26,"key":"MawBank"},{"floor":27,"key":"Letter Opener"}],"event_choices":[{"damage_healed":0,"gold_gain":76,"player_choice":"Gained Gold","damage_taken":0,"max_hp_gain":0,"max_hp_loss":0,"event_name":"Golden Wing","floor":2,"gold_loss":0},{"cards_removed":["Defend_R"],"damage_healed":0,"gold_gain":0,"player_choice":"Card Removal","damage_taken":0,"max_hp_gain":0,"max_hp_loss":0,"event_name":"The Cleric","floor":7,"gold_loss":50},{"damage_healed":0,"gold_gain":100,"player_choice":"Pray","damage_taken":0,"max_hp_gain":0,"max_hp_loss":0,"event_name":"Golden Shrine","floor":11,"gold_loss":0},{"damage_healed":0,"gold_gain":0,"player_choice":"Fought Bandits","damage_taken":0,"max_hp_gain":0,"max_hp_loss":0,"event_name":"Masked Bandits","floor":19,"gold_loss":0},{"cards_removed":["Strike_R"],"damage_healed":0,"gold_gain":0,"player_choice":"Elegance","damage_taken":0,"max_hp_gain":0,"max_hp_loss":0,"event_name":"Back to Basics","floor":21,"gold_loss":0},{"damage_healed":0,"gold_gain":0,"player_choice":"Became a vampire","damage_taken":0,"max_hp_gain":0,"max_hp_loss":24,"event_name":"Vampires","floor":24,"gold_loss":0,"cards_obtained":["Bite","Bite","Bite","Bite","Bite"]},{"damage_healed":0,"gold_gain":0,"player_choice":"Got Potions","damage_taken":0,"max_hp_gain":0,"max_hp_loss":0,"event_name":"Lab","floor":25,"gold_loss":0},{"damage_healed":0,"gold_gain":0,"player_choice":"Bought 0 Potions","damage_taken":0,"max_hp_gain":0,"max_hp_loss":0,"event_name":"The Woman in Blue","floor":30,"gold_loss":0},{"damage_healed":0,"gold_gain":0,"player_choice":"Ignored","damage_taken":0,"max_hp_gain":0,"max_hp_loss":0,"event_name":"Mysterious Sphere","floor":36,"gold_loss":0},{"cards_removed":["Clothesline"],"damage_healed":0,"gold_gain":0,"player_choice":"Removed Attack","damage_taken":0,"max_hp_gain":0,"max_hp_loss":0,"event_name":"Falling","floor":38,"gold_loss":0}],"is_beta":false,"boss_relics":[{"not_picked":["Snecko Eye","Tiny House"],"picked":"Runic Pyramid"},{"not_picked":["Empty Cage","Velvet Choker"],"picked":"Black Star"}],"items_purged_floors":[],"is_endless":false,"potions_floor_spawned":[1,4,12,18,19,27,35],"killed_by":"Giant Head","ascension_level":1}}