{"host":"0mk07bycsqo1qk03","time":1614423657,"event":{"mods":["BaseMod","Downfall","Hermit","Hubris","Minty Spire (QoL Compilation)","Reliquary","Replay The Spire","Spicy Shops","Spire Arcade","StSLib","The Hierophant"],"gold_per_floor":[110,110,122,140,161,161,201,201,201,231,251,251,271,271,271,396,396,414,22,45,45,135,135,135],"floor_reached":23,"language":"ENG","playtime":1021,"items_purged":[],"score":389,"play_id":"de37ad47-2971-45ae-9feb-4a2e2063954f","local_time":"20210227120057","is_ascension_mode":true,"campfire_choices":[{"data":"Zap","floor":6,"key":"SMITH"},{"floor":8,"key":"REST"},{"floor":15,"key":"REST"}],"circlet_count":0,"master_deck":["AscendersBane","Strike_B+1","Strike_B+1","Strike_B+1","Strike_B+1","Defend_B+1","Defend_B+1","Defend_B+1","Defend_B+1","Zap+1","Dualcast","Amplify","FIFO Queue","Amnesia","Cold Snap","BasicCrystalCard","hubris:Greed","White Noise","Crystallizer","Leap","Injury","Buffer","hubris:Ukulele+1","Loop+1","Leap","Ball Lightning"],"relics":["Cracked Core","Ring of Misfortune","Ring of Hypnosis","hubris:ToyBattleship","Golden Idol","hubris:Towel","Replay:Grab Bag","reliquary:Ember","reliquary:RedPaperclip","hubris:Backtick","Mummified Hand","Replay:Frozen Program","Matryoshka"],"acts_visited":["Exordium","TheCity"],"potions_floor_usage":[13,16,16,23],"damage_taken":[{"damage":3,"enemies":"Jaw Worm","floor":1,"turns":4},{"damage":2,"enemies":"Small Slimes","floor":3,"turns":3},{"damage":15,"enemies":"2 Louse","floor":4,"turns":3},{"damage":11,"enemies":"Lots of Slimes","floor":5,"turns":7},{"damage":21,"enemies":"3 Sentries","floor":7,"turns":9},{"damage":18,"enemies":"Replay:BlueRogue","floor":10,"turns":6},{"damage":0,"enemies":"2 Fungi Beasts","floor":11,"turns":4},{"damage":4,"enemies":"Exordium Wildlife","floor":13,"turns":6},{"damage":0,"enemies":"Hexaghost","floor":16,"turns":15},{"damage":22,"enemies":"Shell Parasite","floor":18,"turns":8},{"damage":1,"enemies":"Chosen","floor":20,"turns":8},{"damage":49,"enemies":"Slavers","floor":23,"turns":3}],"seed_played":"3655640095261844935","potions_obtained":[{"floor":7,"key":"SkillPotion"},{"floor":11,"key":"SkillPotion"},{"floor":13,"key":"bronze:BurnAndBuffPotion"},{"floor":18,"key":"ColorlessPotion"}],"is_trial":false,"path_per_floor":["M","?","M","M","M","R","E","R","T","E","M","?","M","?","R","B",null,"M","$","M","?","?","E"],"character_chosen":"DEFECT","items_purchased":["Replay:Frozen Program","Matryoshka","Loop+1","Leap"],"campfire_rested":2,"item_purchase_floors":[19,19,19,19],"current_hp_per_floor":[65,65,63,48,37,37,16,38,48,30,30,30,26,26,51,51,77,55,55,54,54,42,0,0],"gold":135,"neow_bonus":"ONE_RANDOM_RARE_CARD","is_daily":false,"chose_seed":false,"campfire_upgraded":1,"win_rate":0.0,"timestamp":1614423657,"path_taken":["M","?","M","M","M","R","E","R","T","E","M","?","M","?","R","BOSS","M","$","M","?","?","E"],"items_purchased_type":["Relic","Relic","Card","Card"],"build_version":"2020-12-22","purchased_purges":0,"victory":false,"max_hp_per_floor":[75,75,75,75,75,75,75,75,85,85,85,85,85,85,85,85,85,85,85,85,85,85,85,85],"card_choices":[{"not_picked":["Barrage","Hologram"],"picked":"FIFO Queue","floor":1},{"not_picked":["Rebound","hubris:DoWhile"],"picked":"Cold Snap","floor":3},{"not_picked":["Beam Cell","Consume"],"picked":"BasicCrystalCard","floor":4},{"not_picked":["Stack","Sweeping Beam"],"picked":"White Noise","floor":5},{"not_picked":["BootSequence","Glacier"],"picked":"Crystallizer","floor":7},{"not_picked":["Rebound","Redo"],"picked":"Leap","floor":10},{"not_picked":["Streamline","ReplayTheSpireMod:Repulse","Turbo"],"picked":"SKIP","floor":11},{"not_picked":["Streamline","ReplayTheSpireMod:Repulse","Turbo"],"picked":"SKIP","floor":11},{"not_picked":["Rebound","Blizzard","Sweeping Beam"],"picked":"SKIP","floor":13},{"not_picked":["Core Surge","ReplayTheSpireMod:Omega Cannon"],"picked":"Buffer","floor":16},{"not_picked":["Conserve Battery","Rebound"],"picked":"hubris:Ukulele+1","floor":18},{"not_picked":["FTL","Gash"],"picked":"Ball Lightning","floor":20}],"player_experience":1078312,"relics_obtained":[{"floor":2,"key":"Ring of Misfortune"},{"floor":2,"key":"Ring of Hypnosis"},{"floor":7,"key":"hubris:ToyBattleship"},{"floor":9,"key":"Pear"},{"floor":10,"key":"ReplayTheSpireMod:Shallot"}],"event_choices":[{"damage_healed":0,"gold_gain":0,"player_choice":"Take Wound","damage_taken":0,"relics_obtained":["Golden Idol"],"max_hp_gain":0,"max_hp_loss":0,"event_name":"Golden Idol","floor":12,"gold_loss":0,"cards_obtained":["Injury"]},{"damage_healed":0,"gold_gain":0,"player_choice":"Simplicity","damage_taken":0,"max_hp_gain":0,"max_hp_loss":0,"event_name":"Back to Basics","floor":21,"gold_loss":0,"cards_upgraded":["Strike_B","Strike_B","Strike_B","Strike_B","Defend_B","Defend_B","Defend_B","Defend_B"]},{"damage_healed":0,"gold_gain":90,"player_choice":"GOLD ","damage_taken":12,"max_hp_gain":0,"max_hp_loss":0,"event_name":"Knowing Skull","floor":22,"potions_obtained":[],"gold_loss":0,"cards_obtained":[]}],"is_beta":false,"boss_relics":[{"not_picked":["Astrolabe","Sozu"],"picked":"Replay:Grab Bag"},{"not_picked":["reliquary:KinkedSpring","ReplayTheSpireMod:Onyx Gauntlets"],"picked":"reliquary:Ember"},{"not_picked":["Fusion Hammer","hubris:GrandSneckoEye"],"picked":"reliquary:RedPaperclip"},{"not_picked":["hubris:HollowSoul","SlaversCollar"],"picked":"hubris:Backtick"}],"items_purged_floors":[],"is_endless":false,"potions_floor_spawned":[7,11,13,18],"killed_by":"Slavers","ascension_level":11}}