{"host":"jjrg941k7ydtmr5s","time":1614384767,"event":{"mods":["BaseMod","Colored Map","Colored Powertips","DeckTracker","Highlight Path","Koishi","Marisa（霧雨　魔理沙）","Minty Spire (QoL Compilation)","Quick Restart","Remilia（蕾米莉?）","StSLib","SuperFastMode","The Administrix","The Bladedancer","The Cursed","The Forsaken","The Runesmith","The Servant 0.9.4","Youmu（魂魄妖梦）"],"gold_per_floor":[109,119,139,139,151,151,151,151],"floor_reached":7,"language":"JPN","playtime":458,"items_purged":[],"score":45,"play_id":"09c1a257-2d14-4583-b799-37ace403f964","local_time":"20210227091247","is_ascension_mode":true,"campfire_choices":[{"data":"Entrench","floor":6,"key":"SMITH"}],"circlet_count":0,"master_deck":["Strike_R","Strike_R","Strike_R","Strike_R","Strike_R","Defend_R","Defend_R","Defend_R","Defend_R","Bash","Body Slam+1","Sentinel","Cleave","Entrench+1"],"relics":["Burning Blood","Centennial Puzzle"],"acts_visited":["Exordium"],"potions_floor_usage":[],"damage_taken":[{"damage":14,"enemies":"2 Louse","floor":1,"turns":4},{"damage":3,"enemies":"Cultist","floor":2,"turns":5},{"damage":10,"enemies":"Small Slimes","floor":3,"turns":5},{"damage":11,"enemies":"Exordium Wildlife","floor":5,"turns":4},{"damage":100,"enemies":"Gremlin Nob","floor":7,"turns":6}],"seed_played":"-3987304810347289914","potions_obtained":[{"floor":2,"key":"Swift Potion"},{"floor":5,"key":"Weak Potion"}],"is_trial":false,"path_per_floor":["M","M","M","?","M","R","E"],"character_chosen":"IRONCLAD","items_purchased":[],"campfire_rested":0,"item_purchase_floors":[],"current_hp_per_floor":[72,75,71,71,66,66,0,0],"gold":151,"neow_bonus":"RANDOM_COMMON_RELIC","is_daily":false,"chose_seed":false,"campfire_upgraded":1,"win_rate":0.0,"timestamp":1614384767,"path_taken":["M","M","M","?","M","R","E"],"items_purchased_type":[],"build_version":"2020-12-22","purchased_purges":0,"victory":false,"max_hp_per_floor":[80,80,80,80,80,80,80,80],"card_choices":[{"not_picked":["Clothesline","Warcry"],"picked":"Body Slam","floor":1},{"not_picked":["Fire Breathing","True Grit"],"picked":"Sentinel","floor":2},{"not_picked":["Warcry","Body Slam"],"picked":"Cleave","floor":3},{"not_picked":["Headbutt","Intimidate"],"picked":"Entrench","floor":5}],"player_experience":72945,"relics_obtained":[],"event_choices":[{"damage_healed":0,"gold_gain":0,"player_choice":"Forge","damage_taken":0,"max_hp_gain":0,"max_hp_loss":0,"event_name":"Accursed Blacksmith","floor":4,"gold_loss":0,"cards_upgraded":["Body Slam"]}],"is_beta":false,"boss_relics":[],"items_purged_floors":[],"is_endless":false,"potions_floor_spawned":[2,5],"killed_by":"Gremlin Nob","ascension_level":1}}