{"host":"za9ilm1uiwmpmin1","time":1614410487,"event":{"mods":["AchievementEnabler","BaseMod","Downfall","Friendly Minions","KomeijiMod","Lobotomy","Minty Spire (QoL Compilation)","MostiFishMod","StSLib","TestMod","Waifu the Spire"],"gold_per_floor":[113,129,149,164,164,195,214,248,260,299,311,323,355,387,399,488,500,522,544,568,580,602,642,-1297,-1280,-1228,-1228,-1194,-1194,-1194,-1194,-1194,-1117,-1117,-1107,-1107,-1107,-1093,-1080,-1055,-1055,-1021,-1021,-1006,-989,-964,-953,-940,-940,-940,-940,-940,-940,-940,-912,-912],"floor_reached":57,"language":"ZHS","playtime":1885,"items_purged":["champ:Taunt"],"score":3055,"play_id":"4cbbdaab-e70c-43c7-8f85-fc59d936a517","local_time":"20210227152127","is_ascension_mode":true,"campfire_choices":[{"data":"champ:Duel","floor":12,"key":"SMITH"},{"floor":15,"key":"RECALL"},{"data":"champ:GladiatorStyle","floor":27,"key":"SMITH"},{"data":"champ:HoldFirm","floor":30,"key":"SMITH"},{"data":"champ:Strike","floor":32,"key":"SMITH"},{"data":"champ:EnchantCrown","floor":41,"key":"SMITH"},{"data":"champ:Strike","floor":49,"key":"SMITH"},{"data":"champ:Defend","floor":53,"key":"SMITH"}],"circlet_count":0,"master_deck":["champ:Strike","champ:Strike+1","champ:Strike+1","champ:Defend+1","champ:Defend","champ:Defend","champ:Defend","champ:Execute","champ:HoldFirm+1","champ:GladiatorStyle+1","champ:Duel+1","champ:EnchantCrown+1"],"relics":["DaveBox","testmod-TestBox","testmod-Justice","BirthdayGift-Icosahedron","testmod-NegativeEmotionEnhancer","SynthV:TestCard","Blue Candle","Toy Ornithopter","MawBank","Gremlin Horn","GreenFoldingFan","testmod-Fortitude","BionicSphere","Nunchaku","SynthV:MejaisSoulstealer","Orichalcum","Meat on the Bone","testmod-OneHitWonder","testmod-Prudence","Blood Vial","champ:DefensiveTrainingManual","testmod-EqualTreatment","Regal Pillow","Torii"],"acts_visited":["Exordium","TheCity","TheBeyond","TheEnding"],"potions_floor_usage":[56,56],"damage_taken":[{"damage":0,"enemies":"Cultist","floor":1,"turns":2},{"damage":3,"enemies":"2 Louse","floor":2,"turns":2},{"damage":10,"enemies":"Jaw Worm","floor":3,"turns":2},{"damage":15,"enemies":"Looter","floor":4,"turns":2},{"damage":10,"enemies":"Lagavulin","floor":6,"turns":3},{"damage":0,"enemies":"Blue Slaver","floor":7,"turns":2},{"damage":10,"enemies":"3 Sentries","floor":8,"turns":4},{"damage":0,"enemies":"Gremlin Nob","floor":10,"turns":2},{"damage":0,"enemies":"Exordium Thugs","floor":13,"turns":2},{"damage":0,"enemies":"Lots of Slimes","floor":14,"turns":2},{"damage":0,"enemies":"The Guardian","floor":16,"turns":5},{"damage":10,"enemies":"2 Thieves","floor":18,"turns":2},{"damage":2,"enemies":"Spheric Guardian","floor":19,"turns":2},{"damage":15,"enemies":"Snake Plant","floor":20,"turns":2},{"damage":12,"enemies":"3 Cultists","floor":22,"turns":2},{"damage":14,"enemies":"Gremlin Leader","floor":23,"turns":3},{"damage":12,"enemies":"Shelled Parasite and Fungi","floor":25,"turns":2},{"damage":4,"enemies":"Book of Stabbing","floor":28,"turns":3},{"damage":4,"enemies":"Automaton","floor":33,"turns":3},{"damage":2,"enemies":"Orb Walker","floor":35,"turns":2},{"damage":2,"enemies":"3 Shapes","floor":38,"turns":2},{"damage":2,"enemies":"Jaw Worm Horde","floor":39,"turns":2},{"damage":8,"enemies":"Giant Head","floor":40,"turns":5},{"damage":6,"enemies":"Nemesis","floor":42,"turns":4},{"damage":0,"enemies":"4 Shapes","floor":44,"turns":1},{"damage":10,"enemies":"Transient","floor":45,"turns":6},{"damage":4,"enemies":"Reptomancer","floor":46,"turns":3},{"damage":0,"enemies":"Jaw Worm Horde","floor":47,"turns":1},{"damage":2,"enemies":"4 Shapes","floor":48,"turns":2},{"damage":6,"enemies":"Time Eater","floor":50,"turns":4},{"damage":4,"enemies":"Shield and Spear","floor":55,"turns":3},{"damage":58,"enemies":"The Heart","floor":56,"turns":6}],"seed_played":"-2069988649072425718","potions_obtained":[{"floor":1,"key":"SteroidPotion"},{"floor":3,"key":"SteroidPotion"},{"floor":10,"key":"DuplicationPotion"},{"floor":19,"key":"testmod-TestPotion"},{"floor":46,"key":"Block Potion"}],"is_trial":false,"path_per_floor":["M","M","M","M","?","E","M","E","T","E","?","R","M","M","R","B",null,"M","M","M","?","M","E","$","M","T","R","E","?","R","T","R","B",null,"M","?","?","M","M","E","R","E","T","M","M","E","M","M","R","B",null,null,"R","$","E","B",null],"character_chosen":"THE_CHAMP","items_purchased":["BionicSphere","Nunchaku","SynthV:MejaisSoulstealer"],"campfire_rested":0,"item_purchase_floors":[24,24,24],"current_hp_per_floor":[76,83,84,85,80,83,87,88,88,89,89,89,90,91,91,92,92,93,94,95,67,80,91,91,103,103,103,104,104,104,104,104,105,105,106,101,101,102,103,104,104,105,105,106,107,108,109,110,110,111,111,111,111,111,112,69],"gold":-912,"neow_bonus":"BOSS_RELIC","is_daily":false,"chose_seed":false,"campfire_upgraded":7,"win_rate":0.0,"timestamp":1614410487,"path_taken":["M","M","M","M","?","E","M","E","T","E","?","R","M","M","R","BOSS","M","M","?","?","M","E","$","M","T","R","E","?","R","?","R","BOSS","M","?","?","M","M","E","R","E","T","?","M","E","?","M","R","BOSS","R","$","E","BOSS"],"items_purchased_type":["Relic","Relic","Relic"],"build_version":"2020-12-22","purchased_purges":1,"victory":true,"max_hp_per_floor":[82,83,84,85,85,86,87,88,88,89,89,89,90,91,91,92,92,93,94,95,100,101,102,102,103,103,103,104,104,104,104,104,105,105,106,101,101,102,103,104,104,105,105,106,107,108,109,110,110,111,111,111,111,111,112,113],"card_choices":[{"not_picked":["champ:ShieldWall","champ:Circumvent","champ:RisingSlash"],"picked":"SKIP","floor":1},{"not_picked":["champ:FanOfKnives","champ:SetATrap","champ:StanceDance","champ:FlashCut","champ:SwordSigil"],"picked":"SKIP","floor":2},{"not_picked":["champ:PerfectedStrike","champ:BladeFlurry","champ:IronFortress","champ:BerserkersShout","champ:ShieldSigil"],"picked":"SKIP","floor":3},{"not_picked":["champ:BringItOn","champ:EndlessRage","champ:BerserkersShout","champ:Haymaker","champ:StanceDance"],"picked":"SKIP","floor":4},{"not_picked":["champ:RapidStrikes","champ:CrookedStrike","champ:AdrenalArmor","champ:DefensiveStyle"],"picked":"champ:HoldFirm","floor":6},{"not_picked":["champ:Parry","champ:PreemptiveStrike","champ:RapidStrikes","champ:AdrenalArmor","champ:GladiatorStyle"],"picked":"SKIP","floor":7},{"not_picked":["champ:Parry","champ:PreemptiveStrike","champ:RapidStrikes","champ:AdrenalArmor"],"picked":"champ:GladiatorStyle","floor":7},{"not_picked":["champ:FanOfKnives","champ:VampiricStrike","champ:ViciousMockery","champ:Circumvent"],"picked":"champ:Duel","floor":8},{"not_picked":["champ:CrookedStrike","champ:AdrenalArmor","champ:ViciousMockery","champ:DancingMaster","champ:TripleStrike"],"picked":"SKIP","floor":10},{"not_picked":["champ:RecklessLeap","champ:Shatter","champ:FocusedBerserking","champ:FaceSlap","champ:EnragedBash"],"picked":"SKIP","floor":13},{"not_picked":["champ:BringItOn","champ:FocusedDefense","champ:RecklessLeap","champ:StanceDance","champ:PerfectedStrike"],"picked":"SKIP","floor":14},{"not_picked":["champ:IronFortress","champ:SkillfulDodge","champ:AdrenalArmor","champ:FanOfKnives","champ:SwordSigil"],"picked":"SKIP","floor":18},{"not_picked":["champ:RapidStrikes","champ:SwordSigil","champ:DefensiveStyle","champ:FalseCounter","champ:DeathBlow"],"picked":"SKIP","floor":19},{"not_picked":["champ:SetATrap","champ:FlashCut","champ:AdrenalArmor","champ:DefensiveShout+1","champ:Parry"],"picked":"SKIP","floor":20},{"not_picked":["champ:BringItOn+1","champ:GutPunch+1","champ:BladeFlurry","champ:PreemptiveStrike","champ:PerfectedStrike"],"picked":"SKIP","floor":22},{"not_picked":["champ:BladeFlurry","champ:FancyFootwork","champ:BerserkersShout","champ:RageSigil+1","champ:ShieldSlam"],"picked":"SKIP","floor":23},{"not_picked":["champ:GladiatorStyle","champ:Shatter","champ:Haymaker","champ:PreemptiveStrike","champ:DefensiveShout"],"picked":"SKIP","floor":25},{"not_picked":["champ:Devastate","champ:ArenaPreparation","champ:DefensiveShout","champ:FalseCounter","champ:ShieldWall"],"picked":"SKIP","floor":28},{"not_picked":["champ:EnchantSword","champ:SwordThrow","champ:EnchantShield","champ:ShieldThrow"],"picked":"champ:EnchantCrown","floor":33},{"not_picked":["champ:Parry","champ:Shatter+1","champ:SetATrap","champ:ShieldSigil","champ:FlashCut"],"picked":"SKIP","floor":35},{"not_picked":["champ:Backstep","champ:GutPunch+1","champ:Lariat","champ:RisingSlash+1","champ:SkillfulDodge+1"],"picked":"SKIP","floor":38},{"not_picked":["champ:PreciseThrust+1","champ:Devastate","champ:BerserkerStyle+1","champ:PreemptiveStrike","champ:Circumvent+1"],"picked":"SKIP","floor":39},{"not_picked":["champ:Haymaker","champ:ArenaPreparation","champ:DefensiveStyle","champ:TornadoPunch","champ:RisingSlash"],"picked":"SKIP","floor":40},{"not_picked":["champ:Haymaker","champ:Shatter+1","champ:StanceDance","champ:GladiatorStyle","champ:SteelEdge"],"picked":"SKIP","floor":42},{"not_picked":["champ:Haymaker+1","champ:PerfectedStrike+1","champ:PreciseThrust","champ:TornadoPunch","champ:FlashCut"],"picked":"SKIP","floor":44},{"not_picked":["champ:FaceSlap","champ:TornadoPunch","champ:FanOfKnives","champ:Haymaker","champ:Lariat+1"],"picked":"SKIP","floor":45},{"not_picked":["champ:ArenaPreparation","champ:PreemptiveStrike","champ:StanceDance","champ:VampiricStrike","champ:FlashCut"],"picked":"SKIP","floor":46},{"not_picked":["champ:AdrenalArmor","champ:BerserkersShout","champ:PreciseThrust+1","champ:BladeFlurry","champ:Duel"],"picked":"SKIP","floor":47},{"not_picked":["champ:BladeFlurry","champ:Backstep+1","champ:StanceDance","champ:RecklessLeap","champ:FlashCut+1"],"picked":"SKIP","floor":48},{"not_picked":["champ:EnGarde","champ:DancingMaster","champ:EndlessRage","champ:Backstep+1","champ:FanOfKnives"],"picked":"SKIP","floor":55}],"player_experience":1171584,"relics_obtained":[{"floor":1,"key":"SynthV:TestCard"},{"floor":6,"key":"Toy Ornithopter"},{"floor":8,"key":"MawBank"},{"floor":10,"key":"Gremlin Horn"},{"floor":23,"key":"testmod-Fortitude"},{"floor":26,"key":"Orichalcum"},{"floor":28,"key":"Meat on the Bone"},{"floor":31,"key":"testmod-OneHitWonder"},{"floor":40,"key":"Blood Vial"},{"floor":42,"key":"champ:DefensiveTrainingManual"},{"floor":43,"key":"testmod-EqualTreatment"},{"floor":46,"key":"Regal Pillow"},{"floor":55,"key":"Torii"}],"event_choices":[{"cards_removed":["champ:Strike"],"damage_healed":0,"gold_gain":0,"player_choice":"Card Removal","damage_taken":0,"max_hp_gain":0,"max_hp_loss":0,"event_name":"Wheel of Change","floor":11,"gold_loss":0},{"damage_healed":0,"gold_gain":0,"player_choice":"Shed Blood","damage_taken":33,"max_hp_gain":5,"max_hp_loss":0,"event_name":"Forgotten Altar","floor":21,"gold_loss":0},{"damage_healed":0,"gold_gain":0,"player_choice":"Max HP","damage_taken":0,"max_hp_gain":0,"max_hp_loss":5,"event_name":"Winding Halls","floor":36,"gold_loss":0},{"damage_healed":0,"gold_gain":0,"player_choice":"Ignored","damage_taken":0,"max_hp_gain":0,"max_hp_loss":0,"event_name":"Duplicator","floor":37,"gold_loss":0}],"is_beta":false,"boss_relics":[{"not_picked":["testmod-SaigiyounoYou","xbg"],"picked":"GreenFoldingFan"},{"not_picked":["testmod-Recursion","expansioncontent:StudyCardRelic"],"picked":"testmod-Prudence"}],"items_purged_floors":[24],"is_endless":false,"potions_floor_spawned":[1,3,7,10,13,19,22,23,28,39,40,42,44,46,55],"ascension_level":17}}