{"host":"94aus4jnk6thj94q","time":1614441549,"event":{"mods":["BaseMod","Minty Spire (QoL Compilation)","Quick Restart","StSLib"],"gold_per_floor":[110,110,129,145,110,146,146,166,192,192,220,34,75,90,90,192,251,271,294,323,332,355,355,383,383,383,154,178,178,178,178],"floor_reached":30,"language":"ENG","playtime":24603,"items_purged":[],"score":244,"play_id":"2097eec5-2f32-4226-befa-e985e1e39258","local_time":"20210227175909","is_ascension_mode":false,"campfire_choices":[{"floor":7.0,"key":"REST"},{"floor":10.0,"key":"REST"},{"floor":15.0,"key":"RECALL"},{"floor":23.0,"key":"REST"},{"floor":25.0,"key":"REST"}],"circlet_count":0,"master_deck":["Strike_R","Strike_R","Strike_R","Strike_R","Strike_R","Defend_R","Defend_R","Defend_R","Defend_R+1","Bash","Whirlwind","Perfected Strike","Spot Weakness","Shrug It Off","Blood for Blood","Armaments","Metallicize","Armaments+1","Heavy Blade","Thunderclap+1","Bash","Seeing Red+1","Twin Strike","Metallicize","Heavy Blade","Fire Breathing"],"relics":["Burning Blood","CeramicFish","PreservedInsect","Vajra","Regal Pillow","Toxic Egg 2","Tiny House","Juzu Bracelet"],"acts_visited":["Exordium","TheCity"],"potions_floor_usage":[28,30],"damage_taken":[{"damage":11.0,"enemies":"Jaw Worm","floor":1.0,"turns":2.0},{"damage":6.0,"enemies":"Cultist","floor":3.0,"turns":3.0},{"damage":1.0,"enemies":"2 Louse","floor":4.0,"turns":3.0},{"damage":39.0,"enemies":"Lagavulin","floor":6.0,"turns":7.0},{"damage":6.0,"enemies":"Large Slime","floor":8.0,"turns":5.0},{"damage":6.0,"enemies":"3 Louse","floor":11.0,"turns":3.0},{"damage":18.0,"enemies":"3 Sentries","floor":13.0,"turns":3.0},{"damage":7.0,"enemies":"Exordium Thugs","floor":14.0,"turns":5.0},{"damage":56.0,"enemies":"Hexaghost","floor":16.0,"turns":11.0},{"damage":0.0,"enemies":"Chosen","floor":18.0,"turns":5.0},{"damage":12.0,"enemies":"Shell Parasite","floor":19.0,"turns":7.0},{"damage":41.0,"enemies":"Chosen and Byrds","floor":20.0,"turns":7.0},{"damage":36.0,"enemies":"Snake Plant","floor":22.0,"turns":5.0},{"damage":36.0,"enemies":"Centurion and Healer","floor":24.0,"turns":6.0},{"damage":34,"enemies":"Sentry and Sphere","floor":28,"turns":8},{"damage":49,"enemies":"Shelled Parasite and Fungi","floor":30,"turns":5}],"seed_played":"-27461474222434141","potions_obtained":[{"floor":3.0,"key":"SkillPotion"},{"floor":4.0,"key":"Block Potion"},{"floor":6.0,"key":"SteroidPotion"},{"floor":14.0,"key":"ColorlessPotion"},{"floor":16.0,"key":"ElixirPotion"},{"floor":17.0,"key":"DistilledChaos"},{"floor":19.0,"key":"PowerPotion"},{"floor":22.0,"key":"SkillPotion"},{"floor":24.0,"key":"EssenceOfSteel"}],"is_trial":false,"path_per_floor":["M","?","M","M","?","E","R","M","T","R","M","$","E","M","R","B",null,"M","M","M","?","M","R","M","R","T","$","M","?","M"],"character_chosen":"IRONCLAD","items_purchased":["Regal Pillow","Armaments","Juzu Bracelet","Metallicize","Heavy Blade"],"campfire_rested":4,"item_purchase_floors":[12,12,27,27,27],"current_hp_per_floor":[83,50,50,55,77,44,70,70,70,88,88,88,76,75,75,25,93,93,87,52,52,22,64,34,76,76,76,48,48,0,0],"gold":178,"neow_bonus":"TEN_PERCENT_HP_BONUS","is_daily":false,"chose_seed":false,"campfire_upgraded":0,"win_rate":0.0,"timestamp":1614441549,"path_taken":["M","?","M","M","?","E","R","M","T","R","M","$","E","M","R","BOSS","M","M","M","?","?","R","M","R","T","$","M","?","M"],"items_purchased_type":["Relic","Card","Relic","Card","Card"],"build_version":"2020-12-22","purchased_purges":0,"victory":false,"max_hp_per_floor":[88,88,88,88,88,88,88,88,88,88,88,88,88,88,88,88,93,93,93,93,93,93,93,93,93,93,93,93,93,93,93],"card_choices":[{"not_picked":["Warcry","Armaments"],"picked":"Whirlwind","floor":1.0},{"not_picked":["Intimidate","Havoc"],"picked":"Perfected Strike","floor":3.0},{"not_picked":["True Grit","Headbutt","Intimidate"],"picked":"SKIP","floor":4.0},{"not_picked":["Corruption","Burning Pact"],"picked":"Spot Weakness","floor":6.0},{"not_picked":["Cleave","True Grit"],"picked":"Shrug It Off","floor":8.0},{"not_picked":["Clash","Shrug It Off"],"picked":"Blood for Blood","floor":11.0},{"not_picked":["Wild Strike","Sentinel+1"],"picked":"Metallicize","floor":13.0},{"not_picked":["Clothesline","Warcry+1","Iron Wave"],"picked":"SKIP","floor":14.0},{"not_picked":["Heavy Blade","Havoc+1"],"picked":"Armaments+1","floor":17.0},{"not_picked":["Clash","Headbutt","True Grit+1"],"picked":"SKIP","floor":18.0},{"not_picked":["Shockwave+1","Clash"],"picked":"Heavy Blade","floor":19.0},{"not_picked":["Twin Strike","Pummel"],"picked":"Thunderclap+1","floor":20.0},{"not_picked":["Sentinel+1","Headbutt+1"],"picked":"Seeing Red+1","floor":22.0},{"not_picked":["Double Tap+1","Pommel Strike"],"picked":"Twin Strike","floor":24.0},{"not_picked":["Armaments+1","Sword Boomerang"],"picked":"Fire Breathing","floor":28}],"player_experience":4494624,"relics_obtained":[{"floor":6.0,"key":"PreservedInsect"},{"floor":9.0,"key":"Vajra"},{"floor":13.0,"key":"Toxic Egg 2"}],"event_choices":[{"damage_healed":0.0,"max_hp_gain":0.0,"max_hp_loss":0.0,"gold_gain":0.0,"event_name":"Scrap Ooze","player_choice":"Success","floor":2.0,"gold_loss":0.0,"damage_taken":33.0,"relics_obtained":["CeramicFish"]},{"damage_healed":22.0,"max_hp_gain":0.0,"max_hp_loss":0.0,"gold_gain":0.0,"event_name":"The Cleric","player_choice":"Healed","floor":5.0,"gold_loss":35.0,"damage_taken":0.0},{"damage_healed":0.0,"max_hp_gain":0.0,"max_hp_loss":0.0,"gold_gain":0.0,"event_name":"Match and Keep!","player_choice":"1 cards matched","floor":21.0,"gold_loss":0.0,"damage_taken":0.0,"cards_obtained":["Bash"]},{"damage_healed":0,"gold_gain":0,"player_choice":"Ignored","damage_taken":0,"max_hp_gain":0,"max_hp_loss":0,"event_name":"The Mausoleum","floor":29,"gold_loss":0}],"is_beta":false,"boss_relics":[{"not_picked":["SacredBark","Philosopher\u0027s Stone"],"picked":"Tiny House"}],"items_purged_floors":[],"is_endless":false,"potions_floor_spawned":[3,4,6,14,16,19,22,24],"killed_by":"Shelled Parasite and Fungi","ascension_level":0}}