{"host":"bx54wbx1b8s5cm4v","time":1614393071,"event":{"mods":["BaseMod","Beaked The Cultist","GifTheSpireLib","Hubris","Minty Spire (QoL Compilation)","StSLib","The Blackbeard","The Forsaken","The Servant 0.9.4"],"gold_per_floor":[118,118,118,130,130,84,117,128,175,190,190,190,41,60,60,160,160,174,189,189,213,213,213],"floor_reached":22,"language":"ENG","playtime":1068,"items_purged":[],"score":209,"play_id":"cb90de1a-bc1e-4b3d-817a-6ec6e8b0e1a4","local_time":"20210226233111","is_ascension_mode":false,"campfire_choices":[{"data":"beaked:Brace","floor":11,"key":"SMITH"},{"data":"beaked:Tweet","floor":15,"key":"SMITH"}],"circlet_count":0,"master_deck":["beaked:Strike_Y","beaked:Strike_Y","beaked:Strike_Y","beaked:Strike_Y","beaked:Defend_Y","beaked:Defend_Y","beaked:Defend_Y","beaked:Ceremony","beaked:Ceremony","beaked:Ceremony","beaked:Struggle","beaked:Tweet+1","beaked:Daydream","beaked:Brace+1","beaked:Windmill","beaked:Sacrifice","beaked:Molting+1","beaked:StickSmack+1","beaked:FeelMyPain+1","beaked:WindBringer"],"relics":["beaked:MendingPlumage","hubris:Towel","Tiny Chest","Nunchaku","hubris:Icosahedron","Omamori","Astrolabe","Pear","Happy Flower"],"acts_visited":["Exordium","TheCity"],"potions_floor_usage":[18,18,19,22],"damage_taken":[{"damage":3,"enemies":"Cultist","floor":1,"turns":5},{"damage":16,"enemies":"2 Louse","floor":4,"turns":4},{"damage":20,"enemies":"Lagavulin","floor":7,"turns":6},{"damage":6,"enemies":"Small Slimes","floor":8,"turns":7},{"damage":20,"enemies":"Blue Slaver","floor":10,"turns":5},{"damage":10,"enemies":"3 Louse","floor":14,"turns":5},{"damage":61,"enemies":"Slime Boss","floor":16,"turns":7},{"damage":52,"enemies":"3 Byrds","floor":18,"turns":6},{"damage":23,"enemies":"Chosen","floor":19,"turns":4},{"damage":54,"enemies":"Snecko","floor":22,"turns":7}],"seed_played":"-2009212354772914284","potions_obtained":[{"floor":1,"key":"FearPotion"},{"floor":8,"key":"Energy Potion"},{"floor":18,"key":"BlessingOfTheForge"}],"is_trial":false,"path_per_floor":["M","$","?","M","?","$","E","M","T","M","R","?","$","M","R","B",null,"M","M","?","T","M"],"character_chosen":"BEAKED_THE_CULTIST","items_purchased":["beaked:Daydream","Omamori"],"campfire_rested":0,"item_purchase_floors":[6,13],"current_hp_per_floor":[55,55,48,43,43,43,42,55,55,48,48,48,48,52,52,7,55,27,21,31,31,0,0],"gold":213,"neow_bonus":"TEN_PERCENT_HP_BONUS","is_daily":false,"chose_seed":false,"campfire_upgraded":2,"win_rate":0.0,"timestamp":1614393071,"path_taken":["M","?","?","M","?","?","E","M","T","?","R","?","$","M","R","BOSS","M","M","?","?","?"],"items_purchased_type":["Card","Relic"],"build_version":"2020-12-22","purchased_purges":0,"victory":false,"max_hp_per_floor":[55,55,55,55,55,55,55,55,55,55,55,55,55,55,55,55,55,58,58,68,68,68,68],"card_choices":[{"not_picked":["beaked:SurvivalInstinct","beaked:Flinch"],"picked":"beaked:Struggle","floor":1},{"not_picked":["beaked:WarriorSpirit","beaked:Evade"],"picked":"beaked:Tweet","floor":4},{"not_picked":["beaked:DigDeeper","beaked:DarkPact"],"picked":"beaked:Cower","floor":7},{"not_picked":["beaked:BarbedWire","beaked:Cower","beaked:DigDeeper"],"picked":"SKIP","floor":8},{"not_picked":["beaked:Cower","beaked:Resilience"],"picked":"beaked:Brace","floor":10},{"not_picked":["beaked:VigorBurst","beaked:Resilience"],"picked":"beaked:Windmill","floor":14},{"not_picked":["beaked:FakeOut","beaked:ShadowFade"],"picked":"beaked:Sacrifice","floor":16},{"not_picked":["beaked:Daydream+1","beaked:Mantra"],"picked":"beaked:FeelMyPain+1","floor":18},{"not_picked":["beaked:Windmill+1","beaked:Redirect"],"picked":"beaked:WindBringer","floor":19}],"player_experience":85267,"relics_obtained":[{"floor":7,"key":"Tiny Chest"},{"floor":9,"key":"Nunchaku"},{"floor":21,"key":"Happy Flower"}],"event_choices":[{"cards_removed":["beaked:Strike_Y"],"damage_healed":0,"gold_gain":0,"player_choice":"Card Removal","damage_taken":7,"max_hp_gain":0,"max_hp_loss":0,"event_name":"Golden Wing","floor":3,"gold_loss":0},{"cards_removed":["beaked:DigDeep"],"damage_healed":0,"gold_gain":0,"player_choice":"Gave Card","damage_taken":0,"relics_obtained":["Pear"],"max_hp_gain":0,"max_hp_loss":0,"event_name":"WeMeetAgain","floor":20,"gold_loss":0}],"is_beta":false,"boss_relics":[{"not_picked":["Velvet Choker","hubris:BlackHole"],"picked":"Astrolabe"}],"items_purged_floors":[],"is_endless":false,"potions_floor_spawned":[1,8,18],"killed_by":"Snecko","ascension_level":0}}