{"host":"yml0ux6c8lqydjlc","time":1614447397,"event":{"mods":["Aspiration","BaseMod","Conspire","Downfall","Hermit","Jedi Mod","Minty Spire (QoL Compilation)","Robot Space Explorer","StSLib"],"gold_per_floor":[111,121,46,66,66,92,92,106,129,141,141,170,170,183,183,281,281,300,316,316,335,315,315,325,325,325,356,39,52,152,102,102,102,102],"floor_reached":33,"language":"ENG","playtime":2648,"items_purged":["Strike_B"],"score":257,"play_id":"9c6d8a51-9410-4109-84a7-cf0c475c98da","local_time":"20210227123637","is_ascension_mode":false,"campfire_choices":[{"floor":7.0,"key":"REST"},{"floor":15.0,"key":"REST"},{"floor":23.0,"key":"REST"},{"floor":25.0,"key":"REST"},{"floor":32,"key":"REST"}],"circlet_count":0,"master_deck":["Strike_B+1","Strike_B+1","Strike_B+1","Defend_B","Defend_B","Defend_B","Zap","Dualcast","jedi:blockon","Lockon+1","Streamline+1","Self Repair","Stack","Barrage+1","Stack","Seek","Glacier","Conserve Battery+1","Redo","Seek","Rebound+1","jedi:reiji"],"relics":["Cracked Core","conspire:TopHat","Juzu Bracelet","Bag of Preparation","Bottled Tornado","Red Mask","conspire:DeflatedDodgeball"],"acts_visited":["Exordium","TheCity"],"potions_floor_usage":[33,33,33],"damage_taken":[{"damage":2.0,"enemies":"2 Louse","floor":1.0,"turns":3.0},{"damage":11.0,"enemies":"Jaw Worm","floor":2.0,"turns":3.0},{"damage":0.0,"enemies":"Cultist","floor":4.0,"turns":3.0},{"damage":26.0,"enemies":"Lagavulin","floor":6.0,"turns":5.0},{"damage":3.0,"enemies":"Blue Slaver","floor":8.0,"turns":5.0},{"damage":7.0,"enemies":"conspire:2 RoseBushes","floor":10.0,"turns":5.0},{"damage":30.0,"enemies":"3 Sentries","floor":12.0,"turns":8.0},{"damage":10.0,"enemies":"Exordium Thugs","floor":14.0,"turns":4.0},{"damage":32.0,"enemies":"The Guardian","floor":16.0,"turns":9.0},{"damage":27.0,"enemies":"2 Thieves","floor":18.0,"turns":4.0},{"damage":9.0,"enemies":"3 Byrds","floor":19.0,"turns":7.0},{"damage":15.0,"enemies":"Snake Plant","floor":21.0,"turns":7.0},{"damage":19.0,"enemies":"Shelled Parasite and Fungi","floor":24.0,"turns":9.0},{"damage":69.0,"enemies":"Masked Bandits","floor":27.0,"turns":8.0},{"damage":4,"enemies":"conspire:HollyBat","floor":29,"turns":9},{"damage":38,"enemies":"conspire:MysteriousRune","floor":33,"turns":12}],"seed_played":"-2539475008274678351","potions_obtained":[{"floor":4.0,"key":"Swift Potion"},{"floor":8.0,"key":"PowerPotion"},{"floor":12.0,"key":"Block Potion"},{"floor":16.0,"key":"jedi:StrikingPotion"},{"floor":19.0,"key":"SpeedPotion"},{"floor":22.0,"key":"sneckomod:MuddlingPotion"}],"is_trial":false,"path_per_floor":["M","M","$","M","?","E","R","M","T","M","?","E","?","M","R","B",null,"M","M","?","M","?","R","M","R","T","?","$","M","?","?","R","B"],"character_chosen":"DEFECT","items_purchased":["jedi:reiji","conspire:DeflatedDodgeball"],"campfire_rested":5,"item_purchase_floors":[28,28],"current_hp_per_floor":[73,62,62,62,62,36,58,62,62,62,62,39,39,36,58,33,75,55,53,53,45,45,67,55,75,75,13,13,16,16,16,38,0,0],"gold":102,"neow_bonus":"RANDOM_COMMON_RELIC","is_daily":false,"chose_seed":false,"campfire_upgraded":0,"win_rate":0.0,"timestamp":1614447397,"path_taken":["M","M","$","M","?","E","R","M","T","M","?","E","?","M","R","BOSS","M","M","?","M","?","R","M","R","T","?","$","M","?","?","R","BOSS"],"items_purchased_type":["Card","Relic"],"build_version":"2020-12-22","purchased_purges":1,"victory":false,"max_hp_per_floor":[75,75,75,75,75,75,75,75,75,75,75,75,75,75,75,75,75,75,75,75,75,75,75,75,75,75,75,75,75,75,75,75,75,75],"card_choices":[{"not_picked":["Hologram","Redo"],"picked":"jedi:blockon","floor":1.0},{"not_picked":["Auto Shields","Sunder"],"picked":"Lockon","floor":2.0},{"not_picked":["Rebound","Aggregate"],"picked":"Streamline","floor":4.0},{"not_picked":["Cold Snap","Go for the Eyes"],"picked":"Self Repair","floor":6.0},{"not_picked":["Compile Driver","Gash"],"picked":"Stack","floor":8.0},{"not_picked":["Rebound","Go for the Eyes"],"picked":"Barrage","floor":10.0},{"not_picked":["aspiration:Polymerization","Sunder"],"picked":"Stack","floor":12.0},{"not_picked":["jedi:BurstLightning","All For One","Stack"],"picked":"SKIP","floor":14.0},{"not_picked":["Rainbow","Fission"],"picked":"Seek","floor":16.0},{"not_picked":["aspiration:Polymerization","Redo"],"picked":"Glacier","floor":18.0},{"not_picked":["Skim","Hologram"],"picked":"Conserve Battery+1","floor":19.0},{"not_picked":["Sweeping Beam","aspiration:Polymerization+1"],"picked":"Redo","floor":21.0},{"not_picked":["jedi:blockon+1","conspire:SharedLibrary"],"picked":"Seek","floor":24.0},{"not_picked":["Compile Driver","Turbo"],"picked":"Rebound+1","floor":27.0},{"not_picked":["Compile Driver+1","jedi:BurstFrost","Amplify"],"picked":"SKIP","floor":29}],"player_experience":156196,"relics_obtained":[{"floor":6.0,"key":"conspire:TopHat"},{"floor":9.0,"key":"Juzu Bracelet"},{"floor":12.0,"key":"Bag of Preparation"},{"floor":26.0,"key":"Bottled Tornado"},{"floor":27.0,"key":"Red Mask"}],"event_choices":[{"cards_removed":["Defend_B"],"damage_healed":0.0,"max_hp_gain":0.0,"max_hp_loss":0.0,"gold_gain":0.0,"event_name":"Bonfire Elementals","player_choice":"Offered Basic","floor":5.0,"gold_loss":0.0,"damage_taken":0.0},{"damage_healed":0.0,"max_hp_gain":0.0,"max_hp_loss":0.0,"gold_gain":0.0,"event_name":"Accursed Blacksmith","player_choice":"Forge","floor":11.0,"gold_loss":0.0,"damage_taken":0.0,"cards_upgraded":["Barrage"]},{"damage_healed":0.0,"max_hp_gain":0.0,"max_hp_loss":0.0,"gold_gain":0.0,"event_name":"Vampires","player_choice":"Ignored","floor":20.0,"gold_loss":0.0,"damage_taken":0.0},{"damage_healed":0.0,"max_hp_gain":0.0,"max_hp_loss":0.0,"gold_gain":0.0,"event_name":"The Woman in Blue","player_choice":"Bought 1 Potion","floor":22.0,"gold_loss":0.0,"damage_taken":0.0},{"damage_healed":0.0,"max_hp_gain":0.0,"max_hp_loss":0.0,"gold_gain":0.0,"event_name":"Masked Bandits","player_choice":"Fought Bandits","floor":27.0,"gold_loss":0.0,"damage_taken":0.0},{"damage_healed":0,"gold_gain":100,"player_choice":"Pray","damage_taken":0,"max_hp_gain":0,"max_hp_loss":0,"event_name":"Golden Shrine","floor":30,"gold_loss":0},{"damage_healed":0,"gold_gain":0,"player_choice":"Bet on Owner","damage_taken":0,"max_hp_gain":0,"max_hp_loss":0,"event_name":"The Joust","floor":31,"gold_loss":50}],"is_beta":false,"boss_relics":[{"not_picked":["Cursed Key","jedi:battlestandard","Runic Dome"]}],"items_purged_floors":[3],"is_endless":false,"potions_floor_spawned":[4,8,12,16,19,24],"killed_by":"conspire:MysteriousRune","ascension_level":0}}