{"host":"spwntgjk5v6ygtff","time":1614430557,"event":{"mods":["ATMod(°¢èªMod)","Aspiration","BaseMod","Challenge The Spire","Downfall","Energized Spire","Highlight Path","Lobotomy","Minty Spire (QoL Compilation)","Quick Restart","Reorder Act Four","Replay The Spire","StSLib","UnlockEverythingMod","Youmu£¨»êÆÇÑýÃÎ£©","[IsaacMod]ÒÔÈö¼âËþ","¡¾¹¦ÄÜMod¡¿´ÏÃ÷µÄ×îÖÕBoss","¡¾ÒÅÎï¿¨ÅÆ¡¿REMEMod"],"gold_per_floor":[117,117,127,127,139,139,30,30,57,71,71,71,89,181,181,286,286,301,301,301],"floor_reached":18,"language":"ZHS","playtime":1317,"items_purged":["Slimebound:Defend_Slimebound"],"score":152,"play_id":"c9eacfc9-8ff7-4348-95d1-747d2b7fbc86","local_time":"20210227205557","is_ascension_mode":false,"campfire_choices":[{"data":"Slimebound:Split","floor":6,"key":"SMITH"},{"data":"expansioncontent:PolyBeam","floor":8,"key":"SMITH"},{"data":"Slimebound:CorrosiveSpit","floor":12,"key":"SMITH"}],"circlet_count":0,"master_deck":["Slimebound:Strike_Slimebound","Slimebound:Strike_Slimebound","Slimebound:Tackle","Slimebound:Defend_Slimebound+1","Slimebound:Defend_Slimebound","Slimebound:Defend_Slimebound","Slimebound:Split+1","Slimebound:CorrosiveSpit+1","AT_OneInchPunch+1","expansioncontent:PolyBeam+1","Slimebound:MinionMaster","Slimebound:Equalize","Slimebound:PressTheAttack","Slimebound:LivingWall","Slimebound:SplitLeeching+1","Slimebound:SamplingLick","Slimebound:DuplicatedForm","Slimebound:RallyTheTroops"],"relics":["Slimebound:AbsorbEndCombat","AT_ATBox","HushsDoor","REME_ComplimentaryCards","D6","energizedSpire:DeadBattery"],"acts_visited":["Exordium","TheCity"],"potions_floor_usage":[],"damage_taken":[{"damage":6,"enemies":"Jaw Worm","floor":1,"turns":2},{"damage":0,"enemies":"Cultist","floor":3,"turns":2},{"damage":3,"enemies":"Small Slimes","floor":5,"turns":5},{"damage":0,"enemies":"Exordium Wildlife","floor":10,"turns":3},{"damage":7,"enemies":"Exordium Thugs","floor":13,"turns":4},{"damage":32,"enemies":"Slime Boss","floor":16,"turns":5},{"damage":12,"enemies":"2 Thieves","floor":18,"turns":4}],"seed_played":"8739373815000746740","potions_obtained":[{"floor":2,"key":"Swift Potion"},{"floor":2,"key":"CultistPotion"},{"floor":2,"key":"Fire Potion"},{"floor":3,"key":"Ancient Potion"}],"is_trial":false,"path_per_floor":["M","?","M","?","M","R","$","R","T","M","?","R","M","?","R","B",null,"M"],"character_chosen":"SLIMEBOUND","items_purchased":["Slimebound:SplitLeeching+1","Slimebound:RallyTheTroops"],"campfire_rested":0,"item_purchase_floors":[7,17],"current_hp_per_floor":[59,59,65,65,65,65,65,65,65,65,65,65,65,50,65,39,61,53,53,53],"gold":301,"neow_bonus":"TRANSFORM_CARD","is_daily":false,"chose_seed":false,"campfire_upgraded":3,"win_rate":0.0,"timestamp":1614430557,"path_taken":["M","?","M","?","M","R","$","R","T","?","?","R","M","?","R","BOSS","M"],"items_purchased_type":["Card","Card"],"build_version":"2020-12-22","purchased_purges":1,"victory":false,"max_hp_per_floor":[65,65,65,65,65,65,65,65,65,65,65,65,65,65,65,65,61,61,61,61],"card_choices":[{"not_picked":["Slimebound:SplitLeeching","Slimebound:LeechEnergy"],"picked":"Slimebound:Equalize","floor":1},{"not_picked":["Slimebound:ForwardTackle","Slimebound:SplitAcid"],"picked":"Slimebound:PressTheAttack","floor":3},{"not_picked":["Slimebound:Prepare","Slimebound:GoopSpray"],"picked":"Slimebound:LivingWall","floor":5},{"not_picked":["Slimebound:SplitLeeching","Slimebound:FlameTackle"],"picked":"Slimebound:SamplingLick","floor":10},{"not_picked":["Slimebound:Grow","Slimebound:FinishingTackle","Slimebound:SamplingLick"],"picked":"SKIP","floor":13},{"not_picked":["Slimebound:PrepareCrush","Slimebound:MinionMaster"],"picked":"Slimebound:DuplicatedForm","floor":16}],"player_experience":26980,"relics_obtained":[],"event_choices":[{"damage_healed":0,"gold_gain":0,"player_choice":"Got Potions","damage_taken":0,"max_hp_gain":0,"max_hp_loss":0,"event_name":"Lab","floor":2,"gold_loss":0},{"damage_healed":0,"gold_gain":0,"player_choice":"Ignored","damage_taken":0,"max_hp_gain":0,"max_hp_loss":0,"event_name":"Liars Game","floor":4,"gold_loss":0}],"is_beta":false,"boss_relics":[{"not_picked":["Calling Bell","REME_DuelDisc"],"picked":"energizedSpire:DeadBattery"},{"not_picked":[]}],"items_purged_floors":[7],"is_endless":false,"potions_floor_spawned":[3,13],"killed_by":"2 Thieves","ascension_level":0}}