{"host":"ty9fb48q9oru32qm","time":1614433944,"event":{"mods":["2.2 Compatiblity","AchievementEnabler","Act Like it!","Aspiration","Astrologer","BaseMod","Beaked The Cultist","Better Synergies","Block Reminder","Colored Powertips","Conspire","DeckTracker","Downfall","Friendly Minions","GifTheSpireLib","Halation","Hermit","Hubris","Infinite Spire","Jorbs\u0027s Wanderer Trilogy","Marisa????????","Minty Spire (QoL Compilation)","Permanent Neow","Quick Restart","Random Character Button","Reliquary","Replay The Spire","Somnambulant","StSLib","Stuff the Spire","The Cursed","The Jungle","The Marked","The Runesmith","TheVacant","Wandering Minibosses"],"gold_per_floor":[116,116,128,53,63,92,102,131,131,131,24,36,36,67,67,165,165,184,184,184,203,203,228,243,272,272,272,304,349,396,396,396,519,519,587,650,800,822,822],"floor_reached":38,"language":"ENG","playtime":3459,"items_purged":["theVacant:VacantStarterStrike","theVacant:VacantStarterStrike"],"score":612,"play_id":"73e4af1d-b299-40a1-a24b-c3e7419cf169","local_time":"20210227145224","is_ascension_mode":false,"campfire_choices":[{"floor":10,"key":"REST"},{"data":"theVacant:TwistFate","floor":13,"key":"SMITH"},{"data":"theVacant:ShriekingBlast","floor":15,"key":"SMITH"},{"floor":27,"key":"RECALL"},{"floor":32,"key":"REST"}],"circlet_count":0,"master_deck":["theVacant:VacantStarterStrike","theVacant:VacantStarterStrike","theVacant:VacantStarterDefend","theVacant:VacantStarterDefend","theVacant:VacantStarterDefend","theVacant:Release","theVacant:Crunch","theVacant:Recover","theVacant:EyePoke","theVacant:TwistFate+1","theVacant:SurpriseAttack","theVacant:ShriekingBlast+1","theVacant:SpiritOrb","ReplayTheSpireMod:Uncanny Aura","theVacant:CursedBlast","theVacant:VoidForm+1","theVacant:Anguish+1","theVacant:Spinshield+1","theVacant:Rejection","theVacant:VoidEmbrace+1","theVacant:SurpriseAttack","Hallucinations"],"relics":["theVacant:BrassGoblet","Mercury Hourglass","Odd Mushroom","Blue Doll","Prayer Wheel","hubris:TerracottaHorce","hubris:Towel","Blood Vial","reliquary:ExpiredCoupon","Bottled Tornado","Replay:Bandana","Bag of Preparation","infinitespire:EvilPickle","Black Star","ReplayTheSpireMod:CursedCoin"],"acts_visited":["Exordium","TheCity","TheBeyond"],"potions_floor_usage":[24,33,35,38],"damage_taken":[{"damage":10,"enemies":"Small Slimes","floor":1,"turns":4},{"damage":9,"enemies":"Jaw Worm","floor":3,"turns":4},{"damage":0,"enemies":"2 Louse","floor":5,"turns":2},{"damage":33,"enemies":"Replay:BlueRogue","floor":6,"turns":8},{"damage":5,"enemies":"Blue Slaver","floor":7,"turns":3},{"damage":8,"enemies":"The Mushroom Lair","floor":8,"turns":4},{"damage":0,"enemies":"3 Louse","floor":12,"turns":3},{"damage":2,"enemies":"Lagavulin","floor":14,"turns":5},{"damage":15,"enemies":"Slime Boss","floor":16,"turns":7},{"damage":10,"enemies":"Shell Parasite","floor":18,"turns":5},{"damage":0,"enemies":"Spheric Guardian","floor":21,"turns":3},{"damage":39,"enemies":"Gremlin Leader","floor":23,"turns":8},{"damage":4,"enemies":"Snecko","floor":24,"turns":6},{"damage":8,"enemies":"Replay:Snechameleon","floor":25,"turns":6},{"damage":51,"enemies":"Nightmare","floor":28,"turns":7},{"damage":2,"enemies":"Centurion and Healer","floor":29,"turns":3},{"damage":5,"enemies":"conspire:SneckoGhost","floor":30,"turns":3},{"damage":7,"enemies":"Pondfish","floor":33,"turns":7},{"damage":6,"enemies":"3 Darklings","floor":35,"turns":4},{"damage":40,"enemies":"3 Shapes","floor":36,"turns":5},{"damage":63,"enemies":"Orin","floor":38,"turns":6}],"seed_played":"-7863347813707554757","potions_obtained":[{"floor":1,"key":"Flashbang"},{"floor":3,"key":"hexamod:SoulburnPotion"},{"floor":14,"key":"Block Potion"},{"floor":29,"key":"Energy Potion"},{"floor":36,"key":"LiquidMemories"}],"is_trial":false,"path_per_floor":["M","?","M","$","M","E","M","?","T","R","$","M","R","E","R","B",null,"M","?","?","M","?","E","M","E","T","R","NM","M","E","T","R","B",null,"M","M","AVR","?"],"character_chosen":"THE_VACANT","items_purchased":["theVacant:SpiritOrb","ReplayTheSpireMod:Uncanny Aura"],"campfire_rested":2,"item_purchase_floors":[11,11],"current_hp_per_floor":[70,70,67,67,70,43,41,38,38,62,62,65,65,69,69,60,75,70,70,70,70,70,52,56,56,56,56,13,16,18,18,42,43,71,72,40,40,0,0],"gold":822,"neow_bonus":"RANDOM_EVENT","is_daily":false,"chose_seed":false,"campfire_upgraded":2,"win_rate":0.0,"timestamp":1614433944,"path_taken":["M","?","M","?","M","E","M","?","T","R","$","M","R","E","R","BOSS","M","?","?","M","?","E","M","E","T","R","NM","M","E","?","R","BOSS","M","M","AVR","?"],"items_purchased_type":["Card","Card"],"build_version":"2020-12-22","purchased_purges":2,"victory":false,"max_hp_per_floor":[80,80,80,80,80,80,80,80,80,80,80,80,80,80,80,80,80,80,80,80,80,80,80,80,80,80,80,80,80,80,80,80,80,80,80,80,80,80,80],"card_choices":[{"not_picked":["theVacant:Acceptance","theVacant:Cower"],"picked":"theVacant:Recover","floor":1},{"not_picked":["theVacant:Soothe","theVacant:Sneeze"],"picked":"theVacant:EyePoke","floor":3},{"not_picked":["theVacant:EyePoke","theVacant:FranticBlow"],"picked":"theVacant:TwistFate","floor":5},{"not_picked":["theVacant:Enrage","theVacant:Barrage"],"picked":"theVacant:SurpriseAttack","floor":6},{"not_picked":["theVacant:LichStrike","theVacant:EmptyShield","theVacant:Soothe"],"picked":"SKIP","floor":7},{"not_picked":["theVacant:ShutAway","theVacant:Reconnect"],"picked":"theVacant:ShriekingBlast","floor":8},{"not_picked":["theVacant:BurdenBreak","theVacant:Hex","theVacant:Spinshield"],"picked":"SKIP","floor":12},{"not_picked":["theVacant:FiendFrost","theVacant:EmptyShield"],"picked":"theVacant:CursedBlast","floor":14},{"not_picked":["theVacant:WhenDarknessComes","theVacant:Voidstone"],"picked":"theVacant:VoidForm","floor":16},{"not_picked":["theVacant:ReaperStrike+1","theVacant:Whip"],"picked":"theVacant:Anguish+1","floor":18},{"not_picked":["theVacant:GraveDigger+1","theVacant:Soothe","theVacant:Whip"],"picked":"SKIP","floor":18},{"not_picked":["theVacant:Soothe","theVacant:LashOut+1"],"picked":"theVacant:Spinshield+1","floor":21},{"not_picked":["theVacant:Gloom","theVacant:ShriekingBlast+1","theVacant:Snowball+1"],"picked":"SKIP","floor":21},{"not_picked":["theVacant:Throttle+1","theVacant:OnSecondThought"],"picked":"theVacant:Rejection","floor":23},{"not_picked":["theVacant:FranticBlow","theVacant:GraveDigger+1"],"picked":"theVacant:VoidEmbrace+1","floor":24},{"not_picked":["theVacant:TwistFate+1","theVacant:GraveDigger","theVacant:ShriekingBlast"],"picked":"SKIP","floor":24},{"not_picked":["theVacant:BrassMagnet+1","theVacant:Soothe"],"picked":"theVacant:SurpriseAttack","floor":25},{"not_picked":["theVacant:DeathSpiral","theVacant:Enrage","theVacant:ShutAway+1"],"picked":"SKIP","floor":28},{"not_picked":["theVacant:BurdenBreak+1","theVacant:Dig+1","theVacant:Immaterialize"],"picked":"SKIP","floor":29},{"not_picked":["theVacant:DeathSpiral","theVacant:Dig","theVacant:Enrage"],"picked":"SKIP","floor":29},{"not_picked":["theVacant:Fling","theVacant:FiendFrost","theVacant:Unearth+1"],"picked":"SKIP","floor":30},{"not_picked":["theVacant:LichStrike","theVacant:BrassMagnet+1","theVacant:Cower+1"],"picked":"SKIP","floor":35},{"not_picked":["theVacant:LichStrike","theVacant:BellToll","theVacant:Anguish"],"picked":"SKIP","floor":35},{"not_picked":["theVacant:Soothe+1","theVacant:ShutAway+1","theVacant:CursedBlast+1"],"picked":"SKIP","floor":36},{"not_picked":["theVacant:FranticBlow+1","theVacant:Dig","theVacant:Acceptance+1"],"picked":"SKIP","floor":36}],"player_experience":354431,"relics_obtained":[{"floor":6,"key":"Mercury Hourglass"},{"floor":8,"key":"Odd Mushroom"},{"floor":9,"key":"Blue Doll"},{"floor":14,"key":"Prayer Wheel"},{"floor":23,"key":"Blood Vial"},{"floor":25,"key":"reliquary:ExpiredCoupon"},{"floor":26,"key":"Bottled Tornado"},{"floor":28,"key":"Replay:Bandana"},{"floor":30,"key":"Bag of Preparation"}],"event_choices":[{"damage_healed":0,"gold_gain":0,"player_choice":"Fought Mushrooms","damage_taken":0,"max_hp_gain":0,"max_hp_loss":0,"event_name":"Mushrooms","floor":8,"gold_loss":0},{"damage_healed":0,"gold_gain":0,"player_choice":"Fight","damage_taken":0,"max_hp_gain":0,"max_hp_loss":0,"event_name":"OrinTheCat","floor":38,"gold_loss":0}],"is_beta":false,"boss_relics":[{"not_picked":["StuffTheSpire:RunicConfusion","beaked:SacredDeck"],"picked":"hubris:TerracottaHorce"},{"not_picked":["aspiration:FutureDiary","Empty Cage"],"picked":"Black Star"}],"items_purged_floors":[4,37],"is_endless":false,"potions_floor_spawned":[1,3,14,16,21,23,29,36],"killed_by":"Orin","ascension_level":0}}