{"host":"c97twqu0op5dg8i4","time":1614415354,"event":{"mods":["AchievementEnabler","BaseMod","Colored Map","Minty Spire (QoL Compilation)","Permanent Neow"],"gold_per_floor":[115,115,115,115,134,134,166,183,183,183,196,196,45,76,93,107,107,107,107],"floor_reached":18,"language":"ENG","playtime":640,"items_purged":[],"score":275,"play_id":"4532b97f-bdeb-40ca-abcc-27c6f4dc3c1d","local_time":"20210227034234","is_ascension_mode":true,"campfire_choices":[{"data":"Neutralize","floor":6,"key":"SMITH"},{"data":"Skewer","floor":9,"key":"SMITH"},{"data":"Blur","floor":12,"key":"SMITH"},{"floor":17,"key":"REST"}],"circlet_count":0,"master_deck":["AscendersBane","Strike_G","Strike_G","Strike_G","Strike_G","Defend_G","Defend_G","Defend_G","Defend_G","Defend_G","Survivor","Neutralize+1","Blur+1","Backflip","Dodge and Roll","Skewer+1","Escape Plan","Skewer"],"relics":["Ring of the Snake","Oddly Smooth Stone","Paper Crane","Smiling Mask","PreservedInsect","Omamori"],"acts_visited":["Exordium"],"potions_floor_usage":[],"damage_taken":[{"damage":0,"enemies":"Jaw Worm","floor":1,"turns":8},{"damage":6,"enemies":"Small Slimes","floor":5,"turns":8},{"damage":0,"enemies":"Gremlin Nob","floor":7,"turns":1},{"damage":6,"enemies":"Cultist","floor":8,"turns":7},{"damage":0,"enemies":"Red Slaver","floor":11,"turns":5},{"damage":9,"enemies":"3 Sentries","floor":14,"turns":8},{"damage":0,"enemies":"2 Fungi Beasts","floor":15,"turns":4},{"damage":6,"enemies":"Exordium Wildlife","floor":16,"turns":5},{"damage":59,"enemies":"Hexaghost","floor":18,"turns":16}],"seed_played":"6532208886671963554","potions_obtained":[{"floor":1,"key":"EssenceOfSteel"},{"floor":11,"key":"Fire Potion"},{"floor":15,"key":"Regen Potion"}],"is_trial":false,"path_per_floor":["M","?","$","?","M","R","E","M","R","T","M","R","$","E","M","M","R","B"],"character_chosen":"THE_SILENT","items_purchased":["PreservedInsect"],"campfire_rested":1,"item_purchase_floors":[13],"current_hp_per_floor":[63,63,63,63,57,57,57,51,51,51,51,51,51,42,42,36,57,0,0],"gold":107,"neow_bonus":"RANDOM_COMMON_RELIC","is_daily":false,"chose_seed":false,"campfire_upgraded":3,"win_rate":0.0,"timestamp":1614415354,"path_taken":["M","?","$","?","?","R","E","M","R","T","M","R","$","E","M","M","R","BOSS"],"items_purchased_type":["Relic"],"build_version":"2020-12-22","purchased_purges":0,"victory":false,"max_hp_per_floor":[70,70,70,70,70,70,70,70,70,70,70,70,70,70,70,70,70,70,70],"card_choices":[{"not_picked":["All Out Attack","Tactician"],"picked":"Blur","floor":1},{"not_picked":["Quick Slash","Bane"],"picked":"Backflip","floor":5},{"not_picked":["Quick Slash","Night Terror"],"picked":"Dodge and Roll","floor":7},{"not_picked":["Heel Hook","All Out Attack"],"picked":"Skewer","floor":8},{"not_picked":["Slice","Dagger Throw","Backflip"],"picked":"SKIP","floor":11},{"not_picked":["Wraith Form v2","Slice"],"picked":"Escape Plan","floor":14},{"not_picked":["Quick Slash","Underhanded Strike"],"picked":"Skewer","floor":15},{"not_picked":["Deadly Poison","Dagger Throw","Dagger Spray"],"picked":"SKIP","floor":16}],"player_experience":437598,"relics_obtained":[{"floor":7,"key":"Paper Crane"},{"floor":10,"key":"Smiling Mask"},{"floor":14,"key":"Omamori"}],"event_choices":[{"damage_healed":0,"gold_gain":0,"player_choice":"Leave","damage_taken":0,"max_hp_gain":0,"max_hp_loss":0,"event_name":"The Cleric","floor":2,"gold_loss":0},{"cards_removed":["Strike_G"],"damage_healed":0,"gold_gain":0,"player_choice":"Offered Basic","damage_taken":0,"max_hp_gain":0,"max_hp_loss":0,"event_name":"Bonfire Elementals","floor":4,"gold_loss":0}],"is_beta":false,"boss_relics":[],"items_purged_floors":[],"is_endless":false,"potions_floor_spawned":[1,11,14,15],"killed_by":"Hexaghost","ascension_level":12}}