{"host":"y2pjqcsmy9rp2w9n","time":1614419013,"event":{"mods":["BaseMod","Curses Come First","Downfall","Highlight Path","Marisa????????","Minty Spire (QoL Compilation)","StSLib","The Cursed","The Hierophant"],"gold_per_floor":[212,212,235,107,107,107,120,133,133,133,33,64,82,82,82,205,205,219,219,22,40,40,74,87,87,87,87,128,128,144,163,163,163,163],"floor_reached":33,"language":"ENG","playtime":1719,"items_purged":["Injury","Strike_B","Defend_B"],"score":310,"play_id":"1dc0fd5f-e8c8-426f-bba0-7ed13de43df1","local_time":"20210227034333","is_ascension_mode":false,"campfire_choices":[{"data":"Turbo","floor":6,"key":"SMITH"},{"data":"Loop","floor":10,"key":"SMITH"},{"floor":15,"key":"REST"},{"floor":25,"key":"DIG"},{"floor":27,"key":"REST"},{"floor":29,"key":"REST"},{"floor":32,"key":"REST"}],"circlet_count":0,"master_deck":["Strike_B","Strike_B","Strike_B","Defend_B+1","Defend_B+1","Zap","Dualcast","Leap","Conserve Battery","Turbo+1","Loop+1","Ball Lightning","Biased Cognition","Coolheaded","Reboot","Genetic Algorithm","Loop","Writhe","Rainbow","Sweeping Beam","Genetic Algorithm","Turbo+1","Loop+1"],"relics":["Cracked Core","Golden Idol","Eternal Feather","War Paint","Inserter","Shovel","Centennial Puzzle","Happy Flower","Mercury Hourglass","Bottled Flame"],"acts_visited":["Exordium","TheCity"],"potions_floor_usage":[12,12,16,28,33,33],"damage_taken":[{"damage":10,"enemies":"Small Slimes","floor":1,"turns":3},{"damage":1,"enemies":"Cultist","floor":3,"turns":3},{"damage":0,"enemies":"Jaw Worm","floor":7,"turns":4},{"damage":0,"enemies":"2 Fungi Beasts","floor":8,"turns":4},{"damage":22,"enemies":"Lagavulin","floor":12,"turns":8},{"damage":13,"enemies":"Lots of Slimes","floor":13,"turns":4},{"damage":38,"enemies":"Hexaghost","floor":16,"turns":10},{"damage":1,"enemies":"Chosen","floor":18,"turns":4},{"damage":10,"enemies":"Spheric Guardian","floor":21,"turns":4},{"damage":34,"enemies":"Book of Stabbing","floor":23,"turns":7},{"damage":18,"enemies":"Snecko","floor":24,"turns":6},{"damage":27,"enemies":"Slavers","floor":28,"turns":5},{"damage":4,"enemies":"3 Cultists","floor":30,"turns":4},{"damage":23,"enemies":"Centurion and Healer","floor":31,"turns":7},{"damage":118,"enemies":"Automaton","floor":33,"turns":12}],"seed_played":"2540400607530800425","potions_obtained":[{"floor":3,"key":"Strength Potion"},{"floor":5,"key":"sneckomod:MuddlingPotion"},{"floor":5,"key":"SneckoOil"},{"floor":7,"key":"ColorlessPotion"},{"floor":23,"key":"GamblersBrew"},{"floor":24,"key":"Block Potion"},{"floor":28,"key":"Energy Potion"},{"floor":31,"key":"Slimebound:ThreeZeroPotion"}],"is_trial":false,"path_per_floor":["M","?","M","$","?","R","M","M","T","R","$","E","M","?","R","B",null,"M","?","$","M","?","E","M","R","T","R","E","R","M","M","R","B"],"character_chosen":"DEFECT","items_purchased":["Turbo","Loop"],"campfire_rested":4,"item_purchase_floors":[4,20],"current_hp_per_floor":[65,65,64,64,64,64,64,64,64,73,73,51,38,38,69,31,75,74,74,74,64,64,30,12,24,24,58,31,65,61,38,72,0,0],"gold":163,"neow_bonus":"HUNDRED_GOLD","is_daily":false,"chose_seed":false,"campfire_upgraded":2,"win_rate":0.0,"timestamp":1614419013,"path_taken":["M","?","M","$","?","R","?","M","T","R","$","E","M","?","R","BOSS","M","?","$","M","?","E","M","R","T","R","E","R","M","M","R","BOSS"],"items_purchased_type":["Card","Card"],"build_version":"2020-12-22","purchased_purges":3,"victory":false,"max_hp_per_floor":[75,75,75,75,75,75,75,75,75,75,75,75,75,75,75,75,75,75,75,75,75,75,75,75,75,75,75,75,75,75,75,75,75,75],"card_choices":[{"not_picked":["Reprogram","Steam"],"picked":"Leap","floor":1},{"not_picked":["Steam","Stack"],"picked":"Conserve Battery","floor":3},{"not_picked":["Go for the Eyes","Barrage"],"picked":"Loop","floor":7},{"not_picked":["Go for the Eyes","Force Field"],"picked":"Ball Lightning","floor":8},{"not_picked":["Electrodynamics","Consume"],"picked":"Biased Cognition","floor":12},{"not_picked":["Sweeping Beam","Redo"],"picked":"Coolheaded","floor":13},{"not_picked":["All For One","Amplify"],"picked":"Reboot","floor":16},{"not_picked":["Heatsinks+1","Gash"],"picked":"Genetic Algorithm","floor":18},{"not_picked":["Blizzard+1","Scrape","Heatsinks"],"picked":"SKIP","floor":21},{"not_picked":["Sunder+1","Hologram"],"picked":"Rainbow","floor":23},{"not_picked":["Coolheaded","Lockon"],"picked":"Sweeping Beam","floor":24},{"not_picked":["Rainbow","Static Discharge"],"picked":"Genetic Algorithm","floor":28},{"not_picked":["Genetic Algorithm","Beam Cell+1"],"picked":"Turbo+1","floor":30},{"not_picked":["Rebound","Stack+1"],"picked":"Loop+1","floor":31}],"player_experience":129747,"relics_obtained":[{"floor":9,"key":"Eternal Feather"},{"floor":12,"key":"War Paint"},{"floor":23,"key":"Centennial Puzzle"},{"floor":25,"key":"Happy Flower"},{"floor":26,"key":"Mercury Hourglass"},{"floor":28,"key":"Bottled Flame"}],"event_choices":[{"damage_healed":0,"gold_gain":0,"player_choice":"Take Wound","damage_taken":0,"relics_obtained":["Golden Idol"],"max_hp_gain":0,"max_hp_loss":0,"event_name":"Golden Idol","floor":2,"gold_loss":0,"cards_obtained":["Injury"]},{"damage_healed":0,"gold_gain":0,"player_choice":"Got Potions","damage_taken":0,"max_hp_gain":0,"max_hp_loss":0,"event_name":"Lab","floor":5,"gold_loss":0},{"cards_removed":["Defend_B"],"damage_healed":0,"gold_gain":0,"player_choice":"Offered Basic","damage_taken":0,"max_hp_gain":0,"max_hp_loss":0,"event_name":"Bonfire Elementals","floor":14,"gold_loss":0},{"damage_healed":0,"gold_gain":0,"player_choice":"Ignored","damage_taken":0,"max_hp_gain":0,"max_hp_loss":0,"event_name":"Ghosts","floor":19,"gold_loss":0},{"damage_healed":0,"gold_gain":0,"player_choice":"Opened","damage_taken":0,"relics_obtained":["Shovel"],"max_hp_gain":0,"max_hp_loss":0,"event_name":"The Mausoleum","floor":22,"gold_loss":0,"cards_obtained":["Writhe"]}],"is_beta":false,"boss_relics":[{"not_picked":["Runic Dome","Coffee Dripper"],"picked":"Inserter"}],"items_purged_floors":[4,11,20],"is_endless":false,"potions_floor_spawned":[3,7,8,23,24,28,31],"killed_by":"Automaton","ascension_level":0}}