{"host":"89ki4406vw77ltpv","time":1614440871,"event":{"mods":["BaseMod","Colored Map","Downfall","Minty Spire (QoL Compilation)","Spire Arcade","StSLib"],"gold_per_floor":[99,117,131,44,61,81,129,129,142,142,142,173,173,207,219,321,321,321,333,350,39,50,50,75,102,121,154,54,66,66,83,99,99,99,99],"floor_reached":33,"language":"ENG","playtime":2777,"items_purged":["champ:Strike"],"score":326,"play_id":"2c515e76-bf08-4245-adb4-8202c7ddf6c1","local_time":"20210227104751","is_ascension_mode":false,"campfire_choices":[{"data":"champ:Taunt","floor":1,"key":"SMITH"},{"data":"champ:EnragedBash","floor":11,"key":"SMITH"},{"data":"champ:StrikeOfGenius","floor":13,"key":"SMITH"},{"data":"champ:Devastate","floor":18,"key":"SMITH"},{"floor":28,"key":"REST"}],"circlet_count":0,"master_deck":["champ:Strike","champ:Strike","champ:Strike","champ:Defend","champ:Defend","champ:Defend","champ:Defend","champ:Execute","champ:Taunt+1","champ:EnragedBash+1","champ:ArenaPreparation","champ:DeathBlow","champ:DefensiveShout","champ:TornadoPunch","champ:Shatter","champ:RisingSlash","champ:CrownThrow","champ:StrikeOfGenius+1","champ:FaceSlap","champ:StanceDance","champ:Devastate+1","champ:Backstep","champ:FancyFootwork","champ:HoldFirm","champ:CrookedStrike","champ:IronFortress","champ:Circumvent","champ:AdrenalArmor","champ:StrikeOfGenius","champ:PreciseThrust","champ:PerfectedStrike+1","champ:Parry+1","downfall:Bewildered","champ:VampiricStrike","champ:AdrenalArmor"],"relics":["champ:ChampionCrown","Orichalcum","champ:GladiatorsBookOfMartialProwess","Art of War","Potion Belt","Black Star","Membership Card","Letter Opener","Pen Nib","Shovel","MealTicket","Blood Vial","StrikeDummy","downfall:HeartBlessingGreen","sneckomod:BabySnecko"],"acts_visited":["Exordium","TheCity"],"potions_floor_usage":[6,19,25,27,32],"damage_taken":[{"damage":21,"enemies":"Cultist","floor":2,"turns":4},{"damage":12,"enemies":"2 Louse","floor":3,"turns":3},{"damage":40,"enemies":"downfall:FleeingMerchant","floor":4,"turns":4},{"damage":10,"enemies":"Small Slimes","floor":5,"turns":5},{"damage":37,"enemies":"Exordium Thugs","floor":6,"turns":4},{"damage":8,"enemies":"3 Louse","floor":9,"turns":2},{"damage":38,"enemies":"Gremlin Nob","floor":12,"turns":4},{"damage":8,"enemies":"Lagavulin","floor":14,"turns":4},{"damage":2,"enemies":"Blue Slaver","floor":15,"turns":2},{"damage":31,"enemies":"SI_SHIV_ARCHETYPE","floor":16,"turns":5},{"damage":39,"enemies":"Chosen","floor":19,"turns":5},{"damage":35,"enemies":"3 Byrds","floor":20,"turns":4},{"damage":30,"enemies":"downfall:FleeingMerchant","floor":21,"turns":4},{"damage":65,"enemies":"Cultist and Chosen","floor":22,"turns":7},{"damage":54,"enemies":"Gremlin Leader","floor":25,"turns":7},{"damage":12,"enemies":"Sentry and Sphere","floor":26,"turns":5},{"damage":70,"enemies":"Slavers","floor":27,"turns":5},{"damage":9,"enemies":"Chosen and Byrds","floor":29,"turns":5},{"damage":45,"enemies":"Centurion and Healer","floor":31,"turns":6},{"damage":44,"enemies":"Sentry and Sphere","floor":32,"turns":5},{"damage":73,"enemies":"DF_ARCHETYPE_CLAW","floor":33,"turns":5}],"seed_played":"-8360401163142147603","potions_obtained":[{"floor":3,"key":"DistilledChaos"},{"floor":12,"key":"hexamod:SoulburnPotion"},{"floor":14,"key":"Fruit Juice"},{"floor":16,"key":"ColorlessPotion"},{"floor":20,"key":"FairyPotion"},{"floor":22,"key":"FearPotion"},{"floor":27,"key":"Regen Potion"}],"is_trial":false,"path_per_floor":["R","M","M","$","M","M","T","?","M","?","R","E","R","E","M","B",null,"R","M","M","$","M","T","T","E","M","E","R","M","?","M","M","B"],"character_chosen":"THE_CHAMP","items_purchased":["champ:DefensiveShout","champ:TornadoPunch","Membership Card","champ:CrookedStrike","champ:IronFortress","champ:Circumvent"],"campfire_rested":1,"item_purchase_floors":[4,4,21,21,21,21],"current_hp_per_floor":[99,98,96,96,91,84,84,84,76,71,71,63,63,60,58,52,99,99,95,85,85,55,55,55,51,49,29,60,58,58,40,28,0,0,0],"gold":99,"neow_bonus":"TEN_PERCENT_HP_BONUS","is_daily":false,"chose_seed":false,"campfire_upgraded":4,"win_rate":0.0,"timestamp":1614440871,"path_taken":["R","M","?","?","M","?","T","?","M","?","R","E","R","E","M","BOSS","R","M","M","?","M","?","T","E","M","E","R","M","?","M","M","BOSS"],"items_purchased_type":["Card","Card","Relic","Card","Card","Card"],"build_version":"2020-12-22","purchased_purges":1,"victory":false,"max_hp_per_floor":[99,99,99,99,99,99,99,99,99,99,99,99,99,99,99,99,99,99,104,104,104,104,104,104,104,104,104,104,104,104,104,104,104,104,104],"card_choices":[{"not_picked":["champ:HeartStrike","champ:GladiatorStyle"],"picked":"champ:EnragedBash","floor":2},{"not_picked":["champ:StanceDance","champ:PreciseThrust"],"picked":"champ:ArenaPreparation","floor":3},{"not_picked":["champ:PreemptiveStrike","champ:TornadoPunch"],"picked":"champ:DeathBlow","floor":4},{"not_picked":["champ:Circumvent","champ:DeathBlow"],"picked":"champ:Shatter","floor":5},{"not_picked":["champ:CalledShot","champ:BladeFlurry"],"picked":"champ:RisingSlash","floor":6},{"not_picked":["champ:SetATrap","champ:Haymaker"],"picked":"champ:CrownThrow","floor":9},{"not_picked":["champ:ShieldSlam","champ:StanceDance"],"picked":"champ:StrikeOfGenius","floor":12},{"not_picked":["champ:CrownThrow","champ:BerserkersShout"],"picked":"champ:FaceSlap","floor":14},{"not_picked":["champ:BerserkersShout","champ:Duel"],"picked":"champ:StanceDance","floor":15},{"not_picked":["champ:DancingMaster","champ:StrikeOfGenius"],"picked":"champ:Devastate","floor":16},{"not_picked":["champ:PreciseThrust","champ:PerfectedStrike"],"picked":"champ:Backstep","floor":19},{"not_picked":["champ:TornadoPunch","champ:DefensiveShout"],"picked":"champ:FancyFootwork","floor":20},{"not_picked":["champ:SkillfulDodge","champ:EnGarde"],"picked":"champ:HoldFirm","floor":21},{"not_picked":["champ:FanOfKnives","champ:EnGarde"],"picked":"champ:AdrenalArmor","floor":22},{"not_picked":["champ:GladiatorStyle","champ:Shatter+1"],"picked":"champ:StrikeOfGenius","floor":25},{"not_picked":["champ:RapidStrikes","champ:EnragedBash"],"picked":"champ:PreciseThrust","floor":26},{"not_picked":["champ:Shatter","champ:Haymaker"],"picked":"champ:PerfectedStrike+1","floor":27},{"not_picked":["champ:CrownThrow","champ:AdrenalArmor"],"picked":"champ:Parry+1","floor":29},{"not_picked":["champ:GutPunch","champ:FalseCounter"],"picked":"champ:VampiricStrike","floor":31},{"not_picked":["champ:DeathBlow","champ:GutPunch"],"picked":"champ:AdrenalArmor","floor":32}],"player_experience":832003,"relics_obtained":[{"floor":7,"key":"Orichalcum"},{"floor":12,"key":"Art of War"},{"floor":14,"key":"Potion Belt"},{"floor":23,"key":"Letter Opener"},{"floor":24,"key":"Pen Nib"},{"floor":25,"key":"Shovel"},{"floor":25,"key":"MealTicket"},{"floor":27,"key":"Blood Vial"},{"floor":27,"key":"StrikeDummy"}],"event_choices":[],"is_beta":false,"boss_relics":[{"not_picked":["Astrolabe","Cursed Key"],"picked":"Black Star"}],"items_purged_floors":[21],"is_endless":false,"potions_floor_spawned":[3,12,14,16,20,22,27],"killed_by":"DF_ARCHETYPE_CLAW","ascension_level":0}}