{"host":"8e3sp1tozjyrh64l","time":1614459149,"event":{"mods":["BaseMod","Better Altar","Better Match","Better Note","Better Sensory Stone","Better Silent Start","Better Skull","Better Third Choice","BetterRewards","Curses Come First","Defuse TimeMaze Blight","Minty Spire (QoL Compilation)","Permanent Neow","Rare Cards Sparkle","Relic Sorter","Reliquary","Shop Mod","Spicy Shops","StSLib","SuperFastMode","Wandering Minibosses"],"gold_per_floor":[111,76,76,93,93,93,121,183,206,238,163,163,163,163,163,163,163],"floor_reached":16,"language":"ENG","playtime":298,"items_purged":[],"score":188,"play_id":"83de455f-5efd-4fb0-91c8-4f7eb5c00df7","local_time":"20210227135229","is_ascension_mode":true,"campfire_choices":[{"data":"Neutralize","floor":6,"key":"SMITH"},{"data":"Bouncing Flask","floor":12,"key":"SMITH"},{"data":"Infinite Blades","floor":15,"key":"SMITH"}],"circlet_count":0,"master_deck":["Strike_G","Strike_G+1","Strike_G","Strike_G","Defend_G","Defend_G","Defend_G","Defend_G","Survivor","Neutralize+1","Mayhem+1","Infinite Blades+1","Infinite Blades","Bouncing Flask+1","Caltrops","Terror+1"],"relics":["Ring of the Snake","Letter Opener","Ninja Scroll","Du-Vu Doll","ClockworkSouvenir","Snake Skull","The Specimen","reliquary:JackalopeAntler","reliquary:PurpleTingedLeaf","Juzu Bracelet","InkBottle","Matryoshka"],"acts_visited":["Exordium"],"potions_floor_usage":[7,8,10],"damage_taken":[{"damage":0,"enemies":"Cultist","floor":1,"turns":4},{"damage":7,"enemies":"Small Slimes","floor":4,"turns":5},{"damage":8,"enemies":"3 Sentries","floor":7,"turns":6},{"damage":5,"enemies":"Lagavulin Event","floor":8,"turns":4},{"damage":0,"enemies":"Gremlin Nob","floor":10,"turns":3},{"damage":19,"enemies":"Slime Boss","floor":16,"turns":3}],"seed_played":"8881864910584971521","potions_obtained":[{"floor":4,"key":"Strength Potion"},{"floor":7,"key":"Poison Potion"},{"floor":8,"key":"DuplicationPotion"}],"is_trial":false,"path_per_floor":["M","?","?","M","?","R","E","?","T","E","?","R","T","?","R","B"],"character_chosen":"THE_SILENT","items_purchased":["Mayhem","Letter Opener","Ninja Scroll","ClockworkSouvenir","Snake Skull","The Specimen","Infinite Blades"],"campfire_rested":0,"item_purchase_floors":[0,0,0,0,0,0,0],"current_hp_per_floor":[28,45,31,24,29,29,21,17,17,18,18,18,18,18,18,0,0],"gold":163,"neow_bonus":"","is_daily":false,"chose_seed":false,"campfire_upgraded":3,"win_rate":0.0,"timestamp":1614459149,"path_taken":["M","?","?","M","?","R","E","?","T","E","?","R","?","?","R","BOSS"],"items_purchased_type":["Card","Relic","Relic","Relic","Relic","Relic","Card"],"build_version":"2020-12-22","purchased_purges":0,"victory":false,"max_hp_per_floor":[70,70,70,70,75,75,75,75,75,75,75,75,75,75,75,75,75],"card_choices":[{"not_picked":["Flying Knee","Quick Slash","Deadly Poison"],"picked":"SKIP","floor":1},{"not_picked":["Backstab","Underhanded Strike"],"picked":"Infinite Blades","floor":4},{"not_picked":["Bouncing Flask","Calculated Gamble","Predator"],"picked":"SKIP","floor":7},{"not_picked":["Calculated Gamble","Predator"],"picked":"Bouncing Flask","floor":7},{"not_picked":["Prepared","Slice"],"picked":"Caltrops","floor":10},{"not_picked":["Well Laid Plans+1","Footwork+1"],"picked":"Terror+1","floor":11}],"player_experience":953878,"relics_obtained":[{"floor":7,"key":"reliquary:JackalopeAntler"},{"floor":9,"key":"Juzu Bracelet"},{"floor":10,"key":"InkBottle"},{"floor":13,"key":"Matryoshka"}],"event_choices":[{"damage_healed":17,"gold_gain":0,"player_choice":"Healed","damage_taken":0,"max_hp_gain":0,"max_hp_loss":0,"event_name":"The Cleric","floor":2,"gold_loss":35},{"damage_healed":45,"gold_gain":0,"player_choice":"Upgrade","damage_taken":14,"max_hp_gain":0,"max_hp_loss":70,"event_name":"betterThird:BetterShining","floor":3,"gold_loss":0,"cards_upgraded":["Mayhem","Strike_G"]},{"damage_healed":0,"gold_gain":0,"player_choice":"Donut","damage_taken":0,"max_hp_gain":5,"max_hp_loss":0,"event_name":"Big Fish","floor":5,"gold_loss":0},{"damage_healed":0,"gold_gain":0,"player_choice":"Searched \u00272\u0027 times","damage_taken":0,"relics_obtained":["reliquary:PurpleTingedLeaf"],"max_hp_gain":0,"max_hp_loss":0,"event_name":"Dead Adventurer","floor":8,"gold_loss":0},{"damage_healed":0,"gold_gain":0,"player_choice":"2","damage_taken":0,"max_hp_gain":0,"max_hp_loss":0,"event_name":"betterMatch:BetterMatch","floor":11,"gold_loss":0,"cards_obtained":["betterMatch:UncommonCard","betterMatch:CommonCard"]},{"damage_healed":0,"gold_gain":0,"player_choice":"Ignored","damage_taken":0,"max_hp_gain":0,"max_hp_loss":0,"event_name":"Golden Wing","floor":14,"gold_loss":0}],"is_beta":false,"boss_relics":[],"items_purged_floors":[],"is_endless":false,"potions_floor_spawned":[4,7,8],"killed_by":"Slime Boss","ascension_level":1}}