{"host":"ogk9ry5953hr85uy","time":1614413822,"event":{"mods":["Act Like it!","BaseMod","Bestiary","Better Third Choice","BetterRewards","Conspire","Downfall","Gremlin Mod","Halation","Hallownest","Hubris","Lobotomy","LobotomyExtend","Mimic Mod","Minty Spire (QoL Compilation)","Reliquary","Replay The Spire","Ruina","Shop Mod","Spicy Shops","StSLib","The Bug Knight","The Disciple","The Jungle","The Marked","Waifu the Spire"],"gold_per_floor":[274,274,12,12,12,46,46,46,72,72,72,72,72,83,83,183,183,183,183],"floor_reached":18,"language":"RUS","playtime":720,"items_purged":["Pain"],"score":154,"play_id":"48733340-c8c2-4ae4-bc38-84b31f789761","local_time":"20210227131702","is_ascension_mode":false,"campfire_choices":[{"data":"Conserve Battery","floor":10,"key":"SMITH"},{"data":"Leap","floor":13,"key":"SMITH"},{"data":"Loop","floor":15,"key":"SMITH"}],"circlet_count":0,"master_deck":["Strike_B+1","Defend_B","Defend_B","Zap+1","Sweeping Beam","OSAHOGD","Conserve Battery+1","WallGazer","Leap+1","Loop+1","hubris:DoWhile","QueenOfHatred","Hallucinations","Looming Evil"],"relics":["Cracked Core","CogitoBucket","LetterFromLob","WarpedTongs","MerchantsRug","reliquary:RoseTintedGlasses","GremlinMask","hubris:ToyBattleship","InspiredRelic","MagicBullet_r","LaetitiaHeart","Kintsugi"],"acts_visited":["Exordium","TheCity"],"potions_floor_usage":[18,18],"damage_taken":[{"damage":1,"enemies":"Cultist","floor":1,"turns":3},{"damage":12,"enemies":"Lagavulin","floor":6,"turns":8},{"damage":0,"enemies":"Jaw Worm","floor":11,"turns":1},{"damage":3,"enemies":"Jaw Worm","floor":14,"turns":2},{"damage":12,"enemies":"Hexaghost","floor":16,"turns":9},{"damage":96,"enemies":"Shell Parasite","floor":18,"turns":4}],"seed_played":"-3032415645148153222","potions_obtained":[{"floor":6,"key":"PotionOfCapacity"},{"floor":16,"key":"Milkshake"}],"is_trial":false,"path_per_floor":["M","?","$","?","?","E","?","?","T","R","M","?","R","M","R","B",null,"M"],"character_chosen":"DEFECT","items_purchased":["MerchantsRug","Conserve Battery"],"campfire_rested":0,"item_purchase_floors":[3,3],"current_hp_per_floor":[74,74,74,74,75,63,63,63,63,63,55,44,44,41,41,29,55,0,0],"gold":183,"neow_bonus":"","is_daily":false,"chose_seed":false,"campfire_upgraded":3,"win_rate":0.0,"timestamp":1614413822,"path_taken":["M","?","?","?","?","E","?","?","T","R","?","?","R","M","R","BOSS","M"],"items_purchased_type":["Relic","Card"],"build_version":"2020-12-22","purchased_purges":1,"victory":false,"max_hp_per_floor":[75,75,75,75,75,75,75,75,75,75,55,55,55,55,55,55,55,55,55],"card_choices":[{"not_picked":["Time Bomb","ReplayTheSpireMod:System Scan"],"picked":"Sweeping Beam","floor":1},{"not_picked":["Murderer","OldLady"],"picked":"OSAHOGD","floor":1},{"not_picked":["GalaxyChild","BlackSwan"],"picked":"WallGazer","floor":6},{"not_picked":["ReplayTheSpireMod:System Scan","Barrage","Hologram"],"picked":"SKIP","floor":6},{"not_picked":["Hologram","Conserve Battery"],"picked":"Loop","floor":14},{"not_picked":["Rudolta","Yin","Scorched"],"picked":"Singing Bowl","floor":14},{"not_picked":["Rainbow","Machine Learning"],"picked":"hubris:DoWhile","floor":16},{"not_picked":["ShyLook","Laetitia"],"picked":"QueenOfHatred","floor":16}],"player_experience":121331,"relics_obtained":[{"floor":1,"key":"LetterFromLob"},{"floor":6,"key":"reliquary:RoseTintedGlasses"},{"floor":9,"key":"hubris:ToyBattleship"}],"event_choices":[{"damage_healed":0,"gold_gain":0,"player_choice":"Rummage","damage_taken":0,"relics_obtained":["WarpedTongs"],"max_hp_gain":0,"max_hp_loss":0,"event_name":"Accursed Blacksmith","floor":2,"gold_loss":0,"cards_obtained":["Pain"]},{"damage_healed":0,"gold_gain":0,"player_choice":"Trade","damage_taken":0,"relics_obtained":["GremlinMask"],"max_hp_gain":0,"max_hp_loss":0,"event_name":"FaceTrader","floor":8,"gold_loss":0},{"damage_healed":55,"gold_gain":0,"player_choice":"Upgrade","damage_taken":11,"max_hp_gain":0,"max_hp_loss":55,"event_name":"betterThird:BetterShining","floor":12,"gold_loss":0,"cards_upgraded":["Zap","Strike_B"]}],"is_beta":false,"boss_relics":[{"not_picked":["halation:CatFaceCupcake","Ectoplasm"],"picked":"Kintsugi"}],"items_purged_floors":[3],"is_endless":false,"potions_floor_spawned":[6,16],"killed_by":"Shell Parasite","ascension_level":0}}