{"host":"jr8vrtwn64siegs0","time":1614451128,"event":{"mods":["2.2 Compatiblity","Aspiration","BaseMod","Better Third Choice","BetterRewards","Colored Map","Downfall","Friendly Minions","Hubris","Jorbs\u0027s Wanderer Trilogy","Minty Spire (QoL Compilation)","Quick Restart","Shop Mod","StSLib","The Bug Knight","everything is the same but u backflip on backflip"],"gold_per_floor":[99,117,117,133,146,146,146,164,176,59,59,85,70,103,116,211,211,111,125,136,155,155,255,333,350,367,367,367,387,387,46,61,61,61,61],"floor_reached":33,"language":"ENG","playtime":2701,"items_purged":[],"score":261,"play_id":"485d08c5-1d0d-42e5-a46a-77b779b0bae5","local_time":"20210227103848","is_ascension_mode":false,"campfire_choices":[{"data":"Slimebound:CorrosiveSpit","floor":1,"key":"SMITH"},{"data":"Slimebound:GoopSpray","floor":6,"key":"SMITH"},{"data":"Slimebound:Chomp","floor":11,"key":"SMITH"},{"data":"Slimebound:SlimeSlap","floor":18,"key":"SMITH"},{"floor":28,"key":"REST"},{"floor":30,"key":"REST"}],"circlet_count":0,"master_deck":["Slimebound:Strike_Slimebound","Slimebound:Strike_Slimebound","Slimebound:Strike_Slimebound","Slimebound:Tackle","Slimebound:Defend_Slimebound","Slimebound:Defend_Slimebound","Slimebound:Defend_Slimebound","Slimebound:Defend_Slimebound","Slimebound:Split","Slimebound:CorrosiveSpit+1","Slimebound:GoopSpray+1","Slimebound:ViciousTackle","Slimebound:Chomp+1","Slimebound:BestDefense","Slimebound:Replication","Slimebound:RainOfGoop","Slimebound:LeechEnergy","Slimebound:FinishingTackle","Slimebound:MegaLick","Slimebound:SlimeSlap+1","Slimebound:RollThrough","Slimebound:Gluttony","Slimebound:Darklings","Protect","Slimebound:SlimeSpikes","Slimebound:DuplicatedForm","Slimebound:SlimeSpikes","Slimebound:Prepare","expansioncontent:QuickStudy","Slimebound:GoopSpray+1"],"relics":["Slimebound:AbsorbEndCombat","MealTicket","Ancient Tea Set","Bottled Lightning","Tiny Chest","aspiration:WatcherSkillbook","downfall:HeartBlessingGreen","Singing Bowl","hubris:CrystalStatue","MerchantsRug"],"acts_visited":["Exordium","TheCity"],"potions_floor_usage":[12,14,14,14,14,16,21,29,29,33,33],"damage_taken":[{"damage":4,"enemies":"Cultist","floor":2,"turns":3},{"damage":3,"enemies":"2 Louse","floor":4,"turns":2},{"damage":6,"enemies":"Small Slimes","floor":5,"turns":3},{"damage":15,"enemies":"Exordium Thugs","floor":8,"turns":3},{"damage":10,"enemies":"2 Fungi Beasts","floor":9,"turns":3},{"damage":10,"enemies":"downfall:FleeingMerchant","floor":10,"turns":4},{"damage":23,"enemies":"Gremlin Nob","floor":12,"turns":3},{"damage":15,"enemies":"downfall:FleeingMerchant","floor":13,"turns":4},{"damage":1,"enemies":"Lagavulin","floor":14,"turns":4},{"damage":6,"enemies":"Large Slime","floor":15,"turns":2},{"damage":22,"enemies":"SI_SHIV_ARCHETYPE","floor":16,"turns":5},{"damage":15,"enemies":"downfall:LooterAlt2","floor":19,"turns":3},{"damage":9,"enemies":"Spheric Guardian","floor":20,"turns":4},{"damage":21,"enemies":"Cultist and Chosen","floor":21,"turns":8},{"damage":13,"enemies":"Snecko","floor":25,"turns":6},{"damage":15,"enemies":"Centurion and Healer","floor":26,"turns":9},{"damage":19,"enemies":"Shelled Parasite and Fungi","floor":29,"turns":4},{"damage":11,"enemies":"downfall:FleeingMerchant","floor":31,"turns":4},{"damage":33,"enemies":"Sentry and Sphere","floor":32,"turns":7},{"damage":42,"enemies":"DF_ARCHETYPE_CLAW","floor":33,"turns":7}],"seed_played":"-6292001599535538186","potions_obtained":[{"floor":4,"key":"Slimebound:SlimyTonguePotion"},{"floor":9,"key":"EntropicBrew"},{"floor":15,"key":"DuplicationPotion"},{"floor":16,"key":"Dexterity Potion"},{"floor":25,"key":"FearPotion"},{"floor":29,"key":"EssenceOfSteel"},{"floor":32,"key":"BlessingOfTheForge"}],"is_trial":false,"path_per_floor":["R","M","?","M","M","R","T","M","M","$","R","E","$","E","M","B",null,"R","M","M","M","?","?","T","M","M","T","R","M","R","$","M","B"],"character_chosen":"SLIMEBOUND","items_purchased":["bronze:BurnAndBuffPotion","Slimebound:FinishingTackle","MerchantsRug","expansioncontent:QuickStudy"],"campfire_rested":2,"item_purchase_floors":[10,10,31,31],"current_hp_per_floor":[65,65,65,64,63,63,63,56,50,59,59,40,48,53,53,39,65,65,51,48,35,35,35,35,32,25,25,45,34,54,58,33,0,0,0],"gold":61,"neow_bonus":"RANDOM_COMMON_RELIC","is_daily":false,"chose_seed":false,"campfire_upgraded":4,"win_rate":0.0,"timestamp":1614451128,"path_taken":["R","M","?","M","M","R","T","M","M","$","R","E","$","E","M","BOSS","R","M","M","M","?","?","T","M","?","?","R","?","R","?","M","BOSS"],"items_purchased_type":["Potion","Card","Relic","Card"],"build_version":"2020-12-22","purchased_purges":0,"victory":false,"max_hp_per_floor":[65,65,65,65,65,65,65,65,65,65,65,65,65,65,65,65,65,65,65,65,65,65,65,65,67,67,67,67,67,67,67,67,67,67,67],"card_choices":[{"not_picked":["Slimebound:ItLooksTasty","Slimebound:GoopTackle"],"picked":"Slimebound:GoopSpray","floor":2},{"not_picked":["Slimebound:Schlurp","Slimebound:ComboTackle"],"picked":"Slimebound:Chomp","floor":4},{"not_picked":["Slimebound:SplitMire","Slimebound:SlimeBarrage"],"picked":"Slimebound:BestDefense","floor":5},{"not_picked":["Slimebound:HauntingLick","Slimebound:ProtectTheBoss"],"picked":"Slimebound:Replication","floor":8},{"not_picked":["Slimebound:HauntingLick","Slimebound:LeechingTouch"],"picked":"Slimebound:RainOfGoop","floor":9},{"not_picked":["Slimebound:SplitMire","Slimebound:LevelUp"],"picked":"Slimebound:LeechEnergy","floor":10},{"not_picked":["Slimebound:ComboTackle","Slimebound:LeechingTouch"],"picked":"Slimebound:MegaLick","floor":12},{"not_picked":["Slimebound:LeechingTouch","Slimebound:ComboTackle"],"picked":"Slimebound:SlimeSlap","floor":13},{"not_picked":["Slimebound:OneTwoCombo","Slimebound:ItLooksTasty"],"picked":"Slimebound:RollThrough","floor":14},{"not_picked":["Slimebound:LeechingTouch","Slimebound:HauntingLick"],"picked":"Slimebound:Gluttony","floor":15},{"not_picked":["Slimebound:OneTwoCombo","Slimebound:Teamwork"],"picked":"Slimebound:Darklings","floor":16},{"not_picked":["Crescendo+1","Slimebound:AcidTongue","JustLucky+1"],"picked":"Protect","floor":19},{"not_picked":["Collect","FearNoEvil","FlurryOfBlows"],"picked":"Slimebound:SlimeSpikes","floor":20},{"not_picked":["Slimebound:ComboTackle","JustLucky+1","Slimebound:Nibble","EmptyBody"],"picked":"SKIP","floor":21},{"not_picked":["Tantrum+1","FollowUp","Slimebound:HungryTackle","Slimebound:Replication"],"picked":"Singing Bowl","floor":25},{"not_picked":["Slimebound:Prepare","Prostrate","Slimebound:LeadByExample"],"picked":"Slimebound:DuplicatedForm","floor":26},{"not_picked":["Protect","Slimebound:SplitBruiser","ClearTheMind"],"picked":"Slimebound:SlimeSpikes","floor":29},{"not_picked":["Slimebound:ComboTackle","MentalFortress","CutThroughFate+1"],"picked":"Slimebound:Prepare","floor":31},{"not_picked":["Slimebound:SplitAcid","Slimebound:RollThrough","Evaluate"],"picked":"Slimebound:GoopSpray+1","floor":32}],"player_experience":638348,"relics_obtained":[{"floor":7,"key":"Ancient Tea Set"},{"floor":12,"key":"Bottled Lightning"},{"floor":14,"key":"Tiny Chest"},{"floor":24,"key":"Singing Bowl"},{"floor":27,"key":"hubris:CrystalStatue"}],"event_choices":[{"damage_healed":0,"gold_gain":0,"player_choice":"Ignored","damage_taken":0,"max_hp_gain":0,"max_hp_loss":0,"event_name":"Ghosts","floor":22,"gold_loss":0}],"is_beta":false,"boss_relics":[{"not_picked":["Calling Bell","Tiny House"],"picked":"aspiration:WatcherSkillbook"}],"items_purged_floors":[],"is_endless":false,"potions_floor_spawned":[4,9,15,16,25,29,32],"killed_by":"DF_ARCHETYPE_CLAW","ascension_level":0}}