{"host":"49pjgf1q9ev52n8z","time":1614406490,"event":{"mods":["BaseMod","Bestiary","Colored Map","Keyboard Shortcuts","Minty Spire (QoL Compilation)","Practice Mode","Relic Stats","StSLib"],"gold_per_floor":[219,239,253,203,215,244,244,273,297,297,323,323,31,50,50,154,154,167,23,23,23,41,41,71,71,71,82,92,23,53,153,153,255,255,267,280,280,280,296,325,341,341,341,341,341,358,47,58,58,58],"floor_reached":51,"language":"ENG","playtime":4420,"items_purged":[],"score":1152,"play_id":"8c6e3f47-ac3d-471d-9a06-50b5fd3a37cd","local_time":"20210226221450","is_ascension_mode":true,"campfire_choices":[{"floor":7.0,"key":"REST"},{"data":"Corruption","floor":10.0,"key":"SMITH"},{"data":"Inflame","floor":12.0,"key":"SMITH"},{"floor":15.0,"key":"REST"},{"data":"True Grit","floor":23.0,"key":"SMITH"},{"data":"Ghostly","floor":25.0,"key":"SMITH"},{"data":"1","floor":32.0,"key":"LIFT"},{"data":"2","floor":42,"key":"LIFT"},{"data":"3","floor":44,"key":"LIFT"},{"floor":49,"key":"REST"}],"circlet_count":0,"master_deck":["Strike_R","Strike_R","Strike_R","Strike_R","Defend_R","Defend_R+1","Defend_R+1","Defend_R","Bash","Inflame+1","Twin Strike","Pommel Strike","Sword Boomerang","Corruption+1","Pummel","Dark Embrace","Shockwave","Seeing Red","Brutality","Bludgeon","Ghostly+1","Ghostly","Ghostly","Ghostly","Ghostly","True Grit+1","Battle Trance+1","Spot Weakness","Entrench+1","Double Tap","Flex+1","Rupture","Armaments","Normality","Demon Form"],"relics":["Burning Blood","Matryoshka","PreservedInsect","Blue Candle","Vajra","Anchor","War Paint","Snecko Eye","Enchiridion","Lizard Tail","Art of War","Calipers","Girya","Cursed Key","Paper Frog","HornCleat","Medical Kit","Strawberry"],"acts_visited":["Exordium","TheCity","TheBeyond"],"potions_floor_usage":[50],"damage_taken":[{"damage":10.0,"enemies":"Small Slimes","floor":1.0,"turns":4.0},{"damage":3.0,"enemies":"2 Louse","floor":2.0,"turns":3.0},{"damage":6.0,"enemies":"Cultist","floor":3.0,"turns":3.0},{"damage":4.0,"enemies":"Large Slime","floor":5.0,"turns":6.0},{"damage":35.0,"enemies":"3 Sentries","floor":6.0,"turns":8.0},{"damage":20.0,"enemies":"Lagavulin","floor":8.0,"turns":6.0},{"damage":15.0,"enemies":"3 Sentries","floor":11.0,"turns":4.0},{"damage":16.0,"enemies":"Exordium Thugs","floor":14.0,"turns":4.0},{"damage":30.0,"enemies":"The Guardian","floor":16.0,"turns":8.0},{"damage":26.0,"enemies":"Shell Parasite","floor":18.0,"turns":4.0},{"damage":0.0,"enemies":"3 Byrds","floor":22.0,"turns":4.0},{"damage":3.0,"enemies":"Gremlin Leader","floor":24.0,"turns":4.0},{"damage":3.0,"enemies":"Sentry and Sphere","floor":27.0,"turns":5.0},{"damage":0.0,"enemies":"Centurion and Healer","floor":28.0,"turns":4.0},{"damage":0.0,"enemies":"Slavers","floor":30.0,"turns":2.0},{"damage":4.0,"enemies":"Collector","floor":33.0,"turns":5.0},{"damage":2.0,"enemies":"3 Shapes","floor":35.0,"turns":3.0},{"damage":0.0,"enemies":"Orb Walker","floor":36.0,"turns":5.0},{"damage":3,"enemies":"Sphere and 2 Shapes","floor":39,"turns":4},{"damage":1,"enemies":"Giant Head","floor":40,"turns":4},{"damage":2,"enemies":"4 Shapes","floor":41,"turns":4},{"damage":30,"enemies":"Writhing Mass","floor":46,"turns":6},{"damage":2,"enemies":"Jaw Worm Horde","floor":48,"turns":6},{"damage":26,"enemies":"Time Eater","floor":50,"turns":9}],"seed_played":"-5756268994267966434","potions_obtained":[{"floor":2.0,"key":"SkillPotion"},{"floor":3.0,"key":"EssenceOfSteel"},{"floor":5.0,"key":"PowerPotion"},{"floor":14.0,"key":"SpeedPotion"},{"floor":16.0,"key":"Weak Potion"},{"floor":24.0,"key":"Dexterity Potion"},{"floor":28.0,"key":"BloodPotion"},{"floor":35.0,"key":"Strength Potion"},{"floor":39,"key":"Fire Potion"}],"is_trial":false,"path_per_floor":["M","M","M","?","M","E","R","E","T","R","E","R","$","M","R","B",null,"M","$","?","?","M","R","E","R","T","M","M","$","E","?","R","B",null,"M","M","T","?","M","E","M","R","T","R","?","M","$","M","R","B",null],"character_chosen":"IRONCLAD","items_purchased":["Dark Embrace","Shockwave","War Paint","Bludgeon","Spot Weakness","Medical Kit","Strawberry"],"campfire_rested":3,"item_purchase_floors":[13,13,13,19,29,47,47],"current_hp_per_floor":[68,71,71,71,73,44,68,54,54,54,45,45,45,35,59,35,69,49,49,33,33,39,39,40,40,40,40,40,40,40,40,40,40,40,40,40,40,38,38,38,38,38,38,38,38,14,21,25,38,18],"gold":58,"neow_bonus":"HUNDRED_GOLD","is_daily":false,"chose_seed":false,"campfire_upgraded":4,"win_rate":0.0,"timestamp":1614406490,"path_taken":["M","M","M","?","M","E","R","E","T","R","E","R","$","M","R","BOSS","M","$","?","?","M","R","E","R","T","M","M","$","E","?","R","BOSS","M","M","?","?","M","E","?","R","T","R","?","M","$","M","R","BOSS"],"items_purchased_type":["Card","Card","Relic","Card","Card","Relic","Relic"],"build_version":"2020-12-22","purchased_purges":0,"victory":true,"max_hp_per_floor":[80,80,80,80,80,80,80,80,80,80,80,80,80,80,80,80,80,80,80,80,40,40,40,40,40,40,40,40,40,40,40,40,40,40,40,40,40,38,38,38,38,38,38,38,38,38,45,45,45,45],"relic_stats":{"Lizard Tail":0,"counters":[24,115],"Blue Candle":[0],"Snecko Eye":[136,161,151,142],"PreservedInsect":249,"Art of War":[5],"War Paint":["Defend_R","Defend_R"],"Cursed Key":1,"Medical Kit":[0],"obtain_stats":[{"Girya":30,"Calipers":26,"Blue Candle":9,"Vajra":9,"Enchiridion":20,"PreservedInsect":8,"War Paint":13,"Cursed Key":34,"Medical Kit":47,"Burning Blood":0,"Anchor":11,"Lizard Tail":24,"Matryoshka":6,"HornCleat":43,"Strawberry":47,"Snecko Eye":17,"Art of War":26,"Paper Frog":40},{"Girya":15,"Calipers":12,"Blue Candle":6,"Vajra":6,"Enchiridion":10,"PreservedInsect":6,"War Paint":7,"Cursed Key":16,"Medical Kit":22,"Burning Blood":0,"Anchor":7,"Lizard Tail":12,"Matryoshka":5,"HornCleat":21,"Strawberry":22,"Snecko Eye":9,"Art of War":12,"Paper Frog":20},{"Girya":69,"Calipers":58,"Blue Candle":30,"Vajra":30,"Enchiridion":50,"PreservedInsect":30,"War Paint":34,"Cursed Key":74,"Medical Kit":100,"Burning Blood":0,"Anchor":34,"Lizard Tail":58,"Matryoshka":24,"HornCleat":94,"Strawberry":100,"Snecko Eye":46,"Art of War":58,"Paper Frog":90}],"Burning Blood":103},"card_choices":[{"not_picked":["Iron Wave","Uppercut"],"picked":"Inflame","floor":1.0},{"not_picked":["Anger","Cleave"],"picked":"Twin Strike","floor":2.0},{"not_picked":["Twin Strike","Thunderclap"],"picked":"Pommel Strike","floor":3.0},{"not_picked":["Clash","Anger","Wild Strike"],"picked":"SKIP","floor":5.0},{"not_picked":["Shockwave","Warcry"],"picked":"Sword Boomerang","floor":6.0},{"not_picked":["Heavy Blade","Headbutt"],"picked":"Corruption","floor":8.0},{"not_picked":["Sever Soul","Perfected Strike"],"picked":"Pummel","floor":11.0},{"not_picked":["Thunderclap","Shockwave"],"picked":"Seeing Red","floor":14.0},{"not_picked":["Berserk","Barricade"],"picked":"Brutality","floor":16.0},{"not_picked":["Body Slam","Iron Wave","Thunderclap"],"picked":"SKIP","floor":18.0},{"not_picked":["Blood for Blood","Clothesline"],"picked":"True Grit","floor":22.0},{"not_picked":["Combust","Clothesline"],"picked":"Battle Trance+1","floor":24.0},{"not_picked":["Rampage","Heavy Blade+1","Clash+1"],"picked":"SKIP","floor":27.0},{"not_picked":["Shrug It Off","Twin Strike"],"picked":"Flame Barrier","floor":28.0},{"not_picked":["Perfected Strike","Battle Trance+1"],"picked":"Entrench+1","floor":30.0},{"not_picked":["Bludgeon","Barricade"],"picked":"Double Tap","floor":33.0},{"not_picked":["Metallicize","Uppercut","True Grit+1"],"picked":"SKIP","floor":35.0},{"not_picked":["Perfected Strike+1","Twin Strike"],"picked":"Flex+1","floor":36.0},{"not_picked":["Flex+1","Clothesline"],"picked":"Rupture","floor":39},{"not_picked":["Twin Strike+1","Hemokinesis"],"picked":"Armaments","floor":40},{"not_picked":["Evolve","Second Wind","Clothesline"],"picked":"SKIP","floor":41},{"not_picked":["Shrug It Off","Intimidate"],"picked":"Demon Form","floor":46},{"not_picked":["Power Through","Body Slam+1","Sword Boomerang"],"picked":"SKIP","floor":48}],"player_experience":889097,"relics_obtained":[{"floor":6.0,"key":"Matryoshka"},{"floor":8.0,"key":"PreservedInsect"},{"floor":9.0,"key":"Blue Candle"},{"floor":9.0,"key":"Vajra"},{"floor":11.0,"key":"Anchor"},{"floor":20.0,"key":"Enchiridion"},{"floor":24.0,"key":"Lizard Tail"},{"floor":26.0,"key":"Art of War"},{"floor":26.0,"key":"Calipers"},{"floor":30.0,"key":"Girya"},{"floor":40,"key":"Paper Frog"},{"floor":43,"key":"HornCleat"}],"event_choices":[{"cards_removed":["Strike_R"],"damage_healed":0.0,"max_hp_gain":0.0,"max_hp_loss":0.0,"gold_gain":0.0,"event_name":"The Cleric","player_choice":"Card Removal","floor":4.0,"gold_loss":50.0,"damage_taken":0.0},{"damage_healed":0.0,"max_hp_gain":0.0,"max_hp_loss":0.0,"gold_gain":0.0,"event_name":"Cursed Tome","player_choice":"Obtained Book","floor":20.0,"gold_loss":0.0,"damage_taken":16.0},{"damage_healed":0.0,"max_hp_gain":0.0,"max_hp_loss":40.0,"gold_gain":0.0,"event_name":"Ghosts","player_choice":"Became a Ghost","floor":21.0,"gold_loss":0.0,"damage_taken":0.0,"cards_obtained":["Ghostly","Ghostly","Ghostly","Ghostly","Ghostly"]},{"damage_healed":0.0,"max_hp_gain":0.0,"max_hp_loss":0.0,"gold_gain":100.0,"event_name":"Golden Shrine","player_choice":"Pray","floor":31.0,"gold_loss":0.0,"damage_taken":0.0},{"damage_healed":0.0,"max_hp_gain":0.0,"max_hp_loss":2.0,"gold_gain":0.0,"event_name":"Winding Halls","player_choice":"Max HP","floor":38.0,"gold_loss":0.0,"damage_taken":0.0},{"cards_removed":["Flame Barrier"],"damage_healed":0,"gold_gain":0,"player_choice":"Removed Skill","damage_taken":0,"max_hp_gain":0,"max_hp_loss":0,"event_name":"Falling","floor":45,"gold_loss":0}],"is_beta":false,"boss_relics":[{"not_picked":["SlaversCollar","SacredBark"],"picked":"Snecko Eye"},{"not_picked":["Coffee Dripper","Velvet Choker"],"picked":"Cursed Key"}],"items_purged_floors":[],"is_endless":false,"potions_floor_spawned":[2,3,5,14,16,24,28,33,35,36,39,48],"ascension_level":9}}