{"host":"py7qdianp3jrm8dm","time":1614452583,"event":{"mods":["AchievementEnabler","BaseMod","Bestiary","Highlight Path","Minty Spire (QoL Compilation)","Relic Stats","StSLib"],"gold_per_floor":[110,110,110,76,90,117,128,155,155,170,170,182,182,209,209,311,311,326,96,108,121,141,166,166,499,499,499,513,524,539,550,550,652,652,666,88,48,58,78,108,108,135,159,175,209,209,223,239,239,239,239,239,41,74,74,74],"floor_reached":55,"language":"ENG","playtime":3509,"items_purged":["Strike_P","Strike_P","Defend_P"],"score":1247,"play_id":"4d34c3e5-9c7c-4c4a-85b5-0b995cc9ba3c","local_time":"20210227190303","is_ascension_mode":true,"campfire_choices":[{"data":"EmptyFist","floor":11,"key":"SMITH"},{"data":"BowlingBash","floor":13,"key":"SMITH"},{"data":"Fasting2","floor":15,"key":"SMITH"},{"data":"Vault","floor":24,"key":"SMITH"},{"floor":27,"key":"REST"},{"floor":32,"key":"REST"},{"floor":41,"key":"RECALL"},{"data":"Wallop","floor":46,"key":"SMITH"},{"data":"Conclude","floor":49,"key":"SMITH"},{"data":"Halt","floor":52,"key":"SMITH"}],"circlet_count":0,"master_deck":["Defend_P+1","Defend_P+1","Defend_P+1","Eruption+1","Vigilance+1","BowlingBash+1","BowlingBash+1","Collect","Crescendo","EmptyMind","EmptyFist+1","Crescendo","Fasting2+1","Vault+1","FollowUp+1","Halt+1","Evaluate","FlurryOfBlows","Halt+1","ForeignInfluence+1","ThirdEye+1","WaveOfTheHand+1","LessonLearned+1","SandsOfTime+1","Conclude+1","Vault+1","Meditate+1","Wallop+1","FlurryOfBlows+1","ClearTheMind","FlyingSleeves","ConjureBlade"],"relics":["PureWater","NeowsBlessing","Torii","Kunai","InkBottle","Blood Vial","Philosopher\u0027s Stone","Akabeko","Old Coin","Shuriken","Empty Cage","Eternal Feather","Chemical X","PreservedInsect","Boot","Mango","Happy Flower"],"acts_visited":["Exordium","TheCity","TheBeyond","TheEnding"],"potions_floor_usage":[8,10,12,21,21,23,25,33,33,47,50,55,55,55],"damage_taken":[{"damage":0,"enemies":"2 Louse","floor":1,"turns":1},{"damage":0,"enemies":"Jaw Worm","floor":5,"turns":1},{"damage":0,"enemies":"Gremlin Nob","floor":6,"turns":1},{"damage":0,"enemies":"Cultist","floor":7,"turns":2},{"damage":18,"enemies":"Lagavulin","floor":8,"turns":4},{"damage":0,"enemies":"Exordium Wildlife","floor":10,"turns":3},{"damage":0,"enemies":"Large Slime","floor":12,"turns":2},{"damage":1,"enemies":"Gremlin Nob","floor":14,"turns":3},{"damage":13,"enemies":"Hexaghost","floor":16,"turns":8},{"damage":2,"enemies":"Shell Parasite","floor":18,"turns":4},{"damage":0,"enemies":"Chosen","floor":20,"turns":4},{"damage":1,"enemies":"Snecko","floor":21,"turns":3},{"damage":0,"enemies":"Centurion and Healer","floor":22,"turns":3},{"damage":34,"enemies":"Gremlin Leader","floor":23,"turns":4},{"damage":6,"enemies":"Slavers","floor":25,"turns":4},{"damage":7,"enemies":"Shelled Parasite and Fungi","floor":28,"turns":3},{"damage":0,"enemies":"Cultist and Chosen","floor":29,"turns":4},{"damage":15,"enemies":"Snake Plant","floor":30,"turns":4},{"damage":0,"enemies":"Centurion and Healer","floor":31,"turns":4},{"damage":24,"enemies":"Champ","floor":33,"turns":7},{"damage":0,"enemies":"3 Shapes","floor":35,"turns":1},{"damage":0,"enemies":"3 Darklings","floor":38,"turns":3},{"damage":5,"enemies":"Sphere and 2 Shapes","floor":39,"turns":3},{"damage":0,"enemies":"Reptomancer","floor":40,"turns":3},{"damage":1,"enemies":"Nemesis","floor":42,"turns":5},{"damage":10,"enemies":"Spire Growth","floor":44,"turns":5},{"damage":0,"enemies":"Giant Head","floor":45,"turns":6},{"damage":0,"enemies":"Transient","floor":47,"turns":7},{"damage":4,"enemies":"4 Shapes","floor":48,"turns":6},{"damage":31,"enemies":"Awakened One","floor":50,"turns":10},{"damage":61,"enemies":"Shield and Spear","floor":54,"turns":7},{"damage":127,"enemies":"The Heart","floor":55,"turns":3}],"seed_played":"-313091482980618578","potions_obtained":[{"floor":7,"key":"Strength Potion"},{"floor":8,"key":"Block Potion"},{"floor":10,"key":"ColorlessPotion"},{"floor":16,"key":"BottledMiracle"},{"floor":21,"key":"Explosive Potion"},{"floor":22,"key":"AttackPotion"},{"floor":23,"key":"Energy Potion"},{"floor":29,"key":"Fire Potion"},{"floor":33,"key":"BlessingOfTheForge"},{"floor":35,"key":"Regen Potion"},{"floor":47,"key":"FearPotion"}],"is_trial":false,"path_per_floor":["M","?","?","?","M","E","M","E","T","M","R","M","R","E","R","B",null,"M","$","M","M","M","E","R","E","T","R","M","M","M","M","R","B",null,"M","$","?","M","M","E","R","E","T","M","E","R","M","M","R","B",null,"R","$","E","B"],"character_chosen":"WATCHER","items_purchased":["Halt","Strength Potion","AttackPotion","Wallop","Eternal Feather","Chemical X","LiquidBronze"],"campfire_rested":2,"item_purchase_floors":[19,19,19,36,36,36,53],"current_hp_per_floor":[65,65,51,51,51,51,51,33,33,33,33,33,33,32,32,21,59,59,59,61,62,64,32,32,28,28,49,44,46,33,35,56,34,63,65,65,65,67,64,66,72,71,71,62,78,86,86,82,86,55,78,86,86,25,0,0],"gold":74,"neow_bonus":"THREE_ENEMY_KILL","is_daily":false,"chose_seed":false,"campfire_upgraded":7,"win_rate":0.0,"timestamp":1614452583,"path_taken":["M","?","?","?","M","E","M","E","T","M","R","M","R","E","R","BOSS","M","$","M","M","M","E","R","E","T","R","M","M","M","M","R","BOSS","M","$","?","M","M","E","R","E","T","?","E","R","M","M","R","BOSS","R","$","E","BOSS"],"items_purchased_type":["Card","Potion","Potion","Card","Relic","Relic","Potion"],"build_version":"2020-12-22","purchased_purges":3,"victory":false,"max_hp_per_floor":[72,72,72,72,72,72,72,72,72,72,72,72,72,72,72,72,72,72,72,72,72,72,72,72,72,72,72,72,72,72,72,72,72,72,72,72,72,72,72,72,72,72,72,72,86,86,86,86,86,86,86,86,86,86,86,86],"relic_stats":{"Blood Vial":37,"Torii":59,"Happy Flower":[1],"counters":[32,128],"Shuriken":[32],"Eternal Feather":26,"PreservedInsect":257,"Kunai":[47],"Chemical X":[9],"Boot":[6],"obtain_stats":[{"NeowsBlessing":0,"Torii":6,"Happy Flower":54,"Eternal Feather":36,"Mango":45,"PreservedInsect":40,"Empty Cage":34,"Boot":42,"Akabeko":23,"Old Coin":25,"Blood Vial":14,"Shuriken":26,"Philosopher\u0027s Stone":17,"Kunai":8,"Chemical X":36,"PureWater":0,"InkBottle":9},{"NeowsBlessing":0,"Torii":3,"Happy Flower":31,"Eternal Feather":21,"Mango":27,"PreservedInsect":24,"Empty Cage":20,"Boot":25,"Akabeko":14,"Old Coin":15,"Blood Vial":8,"Shuriken":15,"Philosopher\u0027s Stone":9,"Kunai":5,"Chemical X":21,"PureWater":0,"InkBottle":5},{"NeowsBlessing":0,"Torii":3,"Happy Flower":125,"Eternal Feather":70,"Mango":95,"PreservedInsect":79,"Empty Cage":69,"Boot":84,"Akabeko":43,"Old Coin":47,"Blood Vial":17,"Shuriken":47,"Philosopher\u0027s Stone":25,"Kunai":9,"Chemical X":70,"PureWater":0,"InkBottle":9}],"InkBottle":[48]},"card_choices":[{"not_picked":["ThirdEye","Vengeance"],"picked":"BowlingBash","floor":1},{"not_picked":["Evaluate","WindmillStrike"],"picked":"BowlingBash","floor":5},{"not_picked":["FlyingSleeves","ClearTheMind"],"picked":"Collect","floor":6},{"not_picked":["InnerPeace","Nirvana"],"picked":"Crescendo","floor":7},{"not_picked":["BowlingBash","Adaptation"],"picked":"EmptyMind","floor":8},{"not_picked":["FlurryOfBlows","PathToVictory"],"picked":"EmptyFist","floor":10},{"not_picked":["Prostrate","EmptyBody"],"picked":"Crescendo","floor":12},{"not_picked":["Nirvana","FearNoEvil"],"picked":"Fasting2","floor":14},{"not_picked":["Judgement","MasterReality"],"picked":"Vault","floor":16},{"not_picked":["Consecrate","SashWhip"],"picked":"FollowUp+1","floor":18},{"not_picked":["Prostrate","InnerPeace"],"picked":"Evaluate","floor":20},{"not_picked":["ThirdEye+1","CutThroughFate"],"picked":"FlurryOfBlows","floor":21},{"not_picked":["Evaluate","ClearTheMind"],"picked":"Halt","floor":22},{"not_picked":["ThirdEye","EmptyFist"],"picked":"ForeignInfluence+1","floor":23},{"not_picked":["CarveReality","ForeignInfluence"],"picked":"ThirdEye+1","floor":25},{"not_picked":["ForeignInfluence","Consecrate"],"picked":"WaveOfTheHand","floor":28},{"not_picked":["JustLucky","ThirdEye"],"picked":"LessonLearned","floor":29},{"not_picked":["Halt","Consecrate"],"picked":"SandsOfTime","floor":30},{"not_picked":["SashWhip","Crescendo"],"picked":"Conclude","floor":31},{"not_picked":["SpiritShield","Judgement"],"picked":"Vault","floor":33},{"not_picked":["Collect+1","EmptyBody+1"],"picked":"Meditate+1","floor":35},{"not_picked":["JustLucky","CrushJoints"],"picked":"FlurryOfBlows+1","floor":38},{"not_picked":["Prostrate","ThirdEye"],"picked":"ClearTheMind","floor":39},{"not_picked":["JustLucky+1","BowlingBash"],"picked":"FlyingSleeves","floor":40},{"not_picked":["FearNoEvil+1","JustLucky","ForeignInfluence"],"picked":"SKIP","floor":42},{"not_picked":["LikeWater","Adaptation+1","Alpha"],"picked":"SKIP","floor":44},{"not_picked":["PathToVictory+1","ClearTheMind"],"picked":"ConjureBlade","floor":45},{"not_picked":["ForeignInfluence","Evaluate","Fasting2+1"],"picked":"SKIP","floor":47},{"not_picked":["EmptyBody","PathToVictory+1","BowlingBash+1"],"picked":"SKIP","floor":48},{"not_picked":["SashWhip","Alpha","EmptyFist+1"],"picked":"SKIP","floor":54}],"player_experience":609617,"relics_obtained":[{"floor":6,"key":"Torii"},{"floor":8,"key":"Kunai"},{"floor":9,"key":"InkBottle"},{"floor":14,"key":"Blood Vial"},{"floor":23,"key":"Akabeko"},{"floor":25,"key":"Old Coin"},{"floor":26,"key":"Shuriken"},{"floor":40,"key":"PreservedInsect"},{"floor":42,"key":"Boot"},{"floor":45,"key":"Mango"},{"floor":54,"key":"Happy Flower"}],"event_choices":[{"damage_healed":0,"gold_gain":0,"player_choice":"Grow","damage_taken":0,"max_hp_gain":0,"max_hp_loss":0,"event_name":"Living Wall","floor":2,"gold_loss":0,"cards_upgraded":["BowlingBash"]},{"damage_healed":0,"gold_gain":0,"player_choice":"Entered Light","damage_taken":14,"max_hp_gain":0,"max_hp_loss":0,"event_name":"Shining Light","floor":3,"gold_loss":0,"cards_upgraded":["Vigilance","Eruption"]},{"damage_healed":0,"gold_gain":0,"player_choice":"Left Gold","damage_taken":0,"max_hp_gain":0,"max_hp_loss":0,"event_name":"World of Goop","floor":4,"gold_loss":34},{"damage_healed":0,"gold_gain":0,"player_choice":"Upgrade","damage_taken":0,"max_hp_gain":0,"max_hp_loss":0,"event_name":"Designer","floor":37,"gold_loss":40,"cards_upgraded":["WaveOfTheHand"]}],"is_beta":false,"boss_relics":[{"not_picked":["Pandora\u0027s Box","SacredBark"],"picked":"Philosopher\u0027s Stone"},{"not_picked":["Snecko Eye","Calling Bell"],"picked":"Empty Cage"}],"items_purged_floors":[19,36,53],"is_endless":false,"potions_floor_spawned":[7,8,10,16,21,22,23,29,33,35,39,42,45,47],"killed_by":"The Heart","ascension_level":8}}