{"host":"97k5lqmr6aaz1p9r","time":1614448175,"event":{"mods":["BaseMod","Colored Map","Colored Powertips","Downfall","Jorbs\u0027s Wanderer Trilogy","Minty Spire (QoL Compilation)","Replay The Spire","StSLib","The Cursed"],"gold_per_floor":[99,99,99,199,199,225,225,256,256,291,303,327,327,20,37,37,37,37],"floor_reached":16,"language":"ENG","playtime":1068,"items_purged":["downfall:Bewildered"],"score":174,"play_id":"47c4adbb-c80f-4a2b-a539-cfb895ade6d4","local_time":"20210227174935","is_ascension_mode":true,"campfire_choices":[{"data":"Guardian:Repulse","floor":9,"key":"SMITH"}],"circlet_count":0,"master_deck":["Guardian:Strike_Guardian","Guardian:Strike_Guardian","Guardian:Strike_Guardian","Guardian:Defend_Guardian","Guardian:Defend_Guardian","Guardian:Defend_Guardian","Guardian:Defend_Guardian","Guardian:CurlUp","Guardian:TwinSlam","Guardian:Planning","Guardian:Repulse+1","Guardian:AncientConstruct","Shame","Guardian:Incinerate","Guardian:Gem_Cyan","Guardian:Recover","Guardian:PrismaticBarrier","Guardian:GemFinder","Guardian:Gem_Green","Guardian:FierceBash","Guardian:Gem_Cyan","Guardian:Gem_White"],"relics":["Guardian:ModeShifter","downfall:HeartsMalice","downfall:ExtraCursedKey","Vajra","WingedGreaves","Guardian:PocketSentry","Turnip","Odd Mushroom","downfall:BrokenWingStatue"],"acts_visited":["Exordium"],"potions_floor_usage":[16,16,16],"damage_taken":[{"damage":0,"enemies":"Jaw Worm","floor":2,"turns":1},{"damage":0,"enemies":"Cultist","floor":3,"turns":1},{"damage":0,"enemies":"Lagavulin","floor":6,"turns":1},{"damage":28,"enemies":"Gremlin Nob","floor":8,"turns":6},{"damage":20,"enemies":"Lagavulin","floor":10,"turns":7},{"damage":7,"enemies":"2 Louse","floor":11,"turns":3},{"damage":9,"enemies":"The Mushroom Lair","floor":12,"turns":5},{"damage":0,"enemies":"downfall:FleeingMerchant","floor":14,"turns":4},{"damage":2,"enemies":"2 Fungi Beasts","floor":15,"turns":3},{"damage":17,"enemies":"IC_STATUS_ARCHETYPE","floor":16,"turns":10}],"seed_played":"-6140045608887350762","potions_obtained":[{"floor":8,"key":"Fire Potion"},{"floor":11,"key":"Weak Potion"},{"floor":15,"key":"Dexterity Potion"}],"is_trial":false,"path_per_floor":["R_BF","M","M","?","?","E","T","E","R","E","M","?","?","$","M","B"],"character_chosen":"GUARDIAN","items_purchased":["Guardian:Gem_Green","Guardian:FierceBash"],"campfire_rested":0,"item_purchase_floors":[14,14],"current_hp_per_floor":[80,80,80,80,80,80,80,52,52,32,25,16,16,16,14,0,0,0],"gold":37,"neow_bonus":"THREE_ENEMY_KILL","is_daily":false,"chose_seed":false,"campfire_upgraded":1,"win_rate":0.0,"timestamp":1614448175,"path_taken":["R_BF","M","M","?","?","E","T","E","R","E","M","?","?","?","M","BOSS"],"items_purchased_type":["Card","Card"],"build_version":"2020-12-22","purchased_purges":1,"victory":false,"max_hp_per_floor":[80,80,80,80,80,80,80,80,80,80,80,80,80,80,80,80,80,80],"card_choices":[{"not_picked":["Guardian:Suspension","Guardian:Harden"],"picked":"Guardian:Planning","floor":2},{"not_picked":["Guardian:ChargeUp","Guardian:Reroute"],"picked":"Guardian:Repulse","floor":3},{"not_picked":["Guardian:FloatingOrbs","Guardian:Planning"],"picked":"Guardian:AncientConstruct","floor":6},{"not_picked":["Guardian:VentSteam","Guardian:Gem_Blue"],"picked":"Guardian:Incinerate","floor":8},{"not_picked":["Guardian:CrystalBeam","Guardian:Incinerate"],"picked":"Guardian:Gem_Cyan","floor":10},{"not_picked":["Guardian:TemporalStrike","Guardian:ChargeCore"],"picked":"Guardian:Recover","floor":11},{"not_picked":["Guardian:Gem_Purple","Guardian:Reroute"],"picked":"Guardian:PrismaticBarrier","floor":12},{"not_picked":["Guardian:Planning","Guardian:Orbwalk"],"picked":"Guardian:GemFinder","floor":14},{"not_picked":["Guardian:Gem_Red","Guardian:Gem_Lightblue"],"picked":"Guardian:Gem_Cyan","floor":15},{"not_picked":["Guardian:Preprogram","Guardian:MultiBeam"],"picked":"Guardian:Gem_White","floor":15}],"player_experience":722204,"relics_obtained":[{"floor":6,"key":"Vajra"},{"floor":7,"key":"WingedGreaves"},{"floor":8,"key":"Guardian:PocketSentry"},{"floor":10,"key":"Turnip"},{"floor":12,"key":"Odd Mushroom"}],"event_choices":[{"cards_removed":["Guardian:Strike_Guardian"],"damage_healed":0,"gold_gain":0,"player_choice":"Card Removal","damage_taken":0,"max_hp_gain":0,"max_hp_loss":0,"event_name":"The Cleric","floor":1,"gold_loss":0},{"damage_healed":0,"gold_gain":0,"player_choice":"Fought Mushrooms","damage_taken":0,"max_hp_gain":0,"max_hp_loss":0,"event_name":"Mushrooms","floor":12,"gold_loss":0}],"is_beta":false,"boss_relics":[],"items_purged_floors":[14],"is_endless":false,"potions_floor_spawned":[8,11,15],"killed_by":"IC_STATUS_ARCHETYPE","ascension_level":5}}