{"host":"lg1lbglystyxcosi","time":1614437111,"event":{"mods":["AchievementEnabler","BaseMod","Better Third Choice","BetterRewards","Colored Powertips","Minty Spire (QoL Compilation)","Quick Restart","Shop Mod","StSLib","¡¾ÒÅÎï¿¨ÅÆ¡¿REMEMod"],"gold_per_floor":[112,112,112,112,130,130,141,155,232,245,245,245,245,49,49,49,49],"floor_reached":16,"language":"ZHS","playtime":522,"items_purged":["Strike_R"],"score":149,"play_id":"dfdef0a0-2b1f-4658-8595-ee8e9c9dc3a7","local_time":"20210227224511","is_ascension_mode":true,"campfire_choices":[{"data":"Phantasmal Killer","floor":6,"key":"SMITH"},{"data":"Cold Snap","floor":12,"key":"SMITH"},{"data":"Inflame","floor":15,"key":"SMITH"}],"circlet_count":0,"master_deck":["AscendersBane","Strike_R","Strike_R","Strike_R","Strike_R","Defend_R","Defend_R","Defend_R","Defend_R","Bash","Phantasmal Killer+1","Inflame+1","Cold Snap+1","Cleave"],"relics":["Burning Blood","REME_ComplimentaryCards","PrismaticShard","REME_IWantAll","Singing Bowl","Bird Faced Urn","Golden Idol","REME_CardOfGreed"],"acts_visited":["Exordium"],"potions_floor_usage":[10],"damage_taken":[{"damage":1.0,"enemies":"Cultist","floor":1.0,"turns":3.0},{"damage":0,"enemies":"Small Slimes","floor":5,"turns":3},{"damage":12,"enemies":"Jaw Worm","floor":7,"turns":2},{"damage":10,"enemies":"Looter","floor":8,"turns":3},{"damage":0,"enemies":"Large Slime","floor":10,"turns":4},{"damage":56,"enemies":"The Guardian","floor":16,"turns":11}],"seed_played":"6796981820867628380","potions_obtained":[{"floor":1.0,"key":"SneckoOil"}],"is_trial":false,"path_per_floor":["M","$","?","?","M","R","M","M","T","M","T","R","?","$","R","B"],"character_chosen":"IRONCLAD","items_purchased":["Inflame","PrismaticShard","Cleave","REME_CardOfGreed"],"campfire_rested":0,"item_purchase_floors":[0,0,14,14],"current_hp_per_floor":[41,41,67,67,73,73,67,63,63,71,71,71,51,51,51,0,0],"gold":49,"neow_bonus":"","is_daily":false,"chose_seed":false,"campfire_upgraded":3,"win_rate":0.0,"timestamp":1614437111,"path_taken":["M","?","?","?","?","R","M","M","T","M","?","R","?","$","R","BOSS"],"items_purchased_type":["Card","Relic","Card","Relic"],"build_version":"2020-12-22","purchased_purges":1,"victory":false,"max_hp_per_floor":[80,80,80,80,80,80,80,80,80,82,82,82,82,82,82,82,82],"card_choices":[{"not_picked":["Anger","Fire Breathing","Sword Boomerang"],"picked":"SKIP","floor":1.0},{"not_picked":["Enlightenment","Flechettes","EmptyMind"],"picked":"SKIP","floor":5},{"not_picked":["Hologram","Steam Power"],"picked":"Cold Snap","floor":7},{"not_picked":["Study","Dagger Spray","Swivel"],"picked":"SKIP","floor":8},{"not_picked":["Infinite Blades","Backflip","CrushJoints"],"picked":"Singing Bowl","floor":10}],"player_experience":248624,"relics_obtained":[{"floor":9,"key":"Singing Bowl"},{"floor":11,"key":"Bird Faced Urn"}],"event_choices":[{"damage_healed":26.0,"max_hp_gain":0.0,"max_hp_loss":0.0,"gold_gain":0.0,"event_name":"Big Fish","player_choice":"Banana","floor":3.0,"gold_loss":0.0,"damage_taken":0.0},{"damage_healed":0,"gold_gain":0,"player_choice":"Ignored","damage_taken":0,"max_hp_gain":0,"max_hp_loss":0,"event_name":"Transmorgrifier","floor":4,"gold_loss":0},{"damage_healed":0,"gold_gain":0,"player_choice":"Take Damage","damage_taken":20,"relics_obtained":["Golden Idol"],"max_hp_gain":0,"max_hp_loss":0,"event_name":"Golden Idol","floor":13,"gold_loss":0}],"is_beta":false,"boss_relics":[],"items_purged_floors":[0],"is_endless":false,"potions_floor_spawned":[1],"killed_by":"The Guardian","ascension_level":13}}