{"host":"75t5dw8c2tyw3fa7","time":1614385595,"event":{"mods":["BaseMod","Minty Spire (QoL Compilation)","Replay The Spire","StSLib"],"gold_per_floor":[119,31,44,62,79,105,105,131,157,183,199,299,311,331,331,331,331],"floor_reached":16,"language":"ENG","playtime":721,"items_purged":[],"score":124,"play_id":"d9a612f2-1e31-4e34-83b6-3047c86721fd","local_time":"20210226162635","is_ascension_mode":false,"campfire_choices":[{"floor":7,"key":"REST"},{"floor":15,"key":"DIG"}],"circlet_count":0,"master_deck":["Strike_G","Strike_G","Strike_G","Strike_G","Strike_G","Defend_G","Defend_G","Defend_G","Defend_G","Defend_G","Survivor","Neutralize","Regret","Sucker Punch","Bandage Up","Slice","Hidden Blade","Flying Knee","Underhanded Strike","Dagger Throw","ReplayTheSpireMod:Scrap Shanks"],"relics":["Ring of the Snake","Replay:Baseball","BranchBurnRelic","Bag of Preparation","PreservedInsect","ReplayTheSpireMod:Ninjato","Replay:Ringing Soul"],"acts_visited":["Exordium"],"potions_floor_usage":[5,10,10,16],"damage_taken":[{"damage":4,"enemies":"Cultist","floor":1,"turns":5},{"damage":2,"enemies":"Small Slimes","floor":3,"turns":5},{"damage":2,"enemies":"2 Louse","floor":4,"turns":3},{"damage":23,"enemies":"Exordium Thugs","floor":5,"turns":5},{"damage":24,"enemies":"Gremlin Nob","floor":6,"turns":5},{"damage":33,"enemies":"Replay:BlueRogue","floor":8,"turns":10},{"damage":6,"enemies":"3 Sentries","floor":10,"turns":4},{"damage":1,"enemies":"Blue Slaver","floor":11,"turns":4},{"damage":0,"enemies":"Exordium Wildlife","floor":13,"turns":3},{"damage":11,"enemies":"Large Slime","floor":14,"turns":6},{"damage":55,"enemies":"Hexaghost","floor":16,"turns":9}],"seed_played":"-4533591179857980101","potions_obtained":[{"floor":1,"key":"Dexterity Potion"},{"floor":4,"key":"Energy Potion"},{"floor":6,"key":"AttackPotion"},{"floor":14,"key":"LiquidBronze"}],"is_trial":false,"path_per_floor":["M","$","M","M","M","E","R","E","T","E","M","?","M","M","R","B"],"character_chosen":"THE_SILENT","items_purchased":["Bandage Up"],"campfire_rested":1,"item_purchase_floors":[2],"current_hp_per_floor":[66,66,68,68,49,29,50,36,36,34,37,37,41,34,34,0,0],"gold":331,"neow_bonus":"RANDOM_EVENT","is_daily":false,"chose_seed":false,"campfire_upgraded":0,"win_rate":0.0,"timestamp":1614385595,"path_taken":["M","?","M","M","M","E","R","E","T","E","M","?","M","?","R","BOSS"],"items_purchased_type":["Card"],"build_version":"2020-12-22","purchased_purges":0,"victory":false,"max_hp_per_floor":[70,70,70,70,70,70,70,70,70,70,70,70,70,70,70,70,70],"card_choices":[{"not_picked":["Blur","Deflect"],"picked":"Sucker Punch","floor":1},{"not_picked":["Leg Sweep","Setup"],"picked":"Slice","floor":3},{"not_picked":["Noxious Fumes","Deadly Poison"],"picked":"Hidden Blade","floor":4},{"not_picked":["Deadly Poison","Endless Agony"],"picked":"Flying Knee","floor":5},{"not_picked":["Calculated Gamble","All Out Attack","Unload"],"picked":"SKIP","floor":6},{"not_picked":["Poisoned Stab","Bouncing Flask"],"picked":"Underhanded Strike","floor":8},{"not_picked":["Cloak And Dagger","Sucker Punch","PiercingWail"],"picked":"SKIP","floor":10},{"not_picked":["Poisoned Stab","Sucker Punch"],"picked":"Dagger Throw","floor":11},{"not_picked":["Deflect","ReplayTheSpireMod:The Works"],"picked":"ReplayTheSpireMod:Scrap Shanks","floor":13},{"not_picked":["Dagger Spray","Expertise","ReplayTheSpireMod:From All Sides"],"picked":"SKIP","floor":14}],"player_experience":460664,"relics_obtained":[{"floor":6,"key":"Replay:Baseball"},{"floor":8,"key":"Bag of Preparation"},{"floor":9,"key":"PreservedInsect"},{"floor":10,"key":"ReplayTheSpireMod:Ninjato"},{"floor":15,"key":"Replay:Ringing Soul"}],"event_choices":[{"damage_healed":0,"gold_gain":0,"player_choice":"Box","damage_taken":0,"relics_obtained":["Dead Branch"],"max_hp_gain":0,"max_hp_loss":0,"event_name":"Big Fish","floor":0,"gold_loss":0,"cards_obtained":["Regret"]},{"damage_healed":0,"gold_gain":100,"player_choice":"Gold","damage_taken":0,"max_hp_gain":0,"max_hp_loss":0,"event_name":"Wheel of Change","floor":12,"gold_loss":0}],"is_beta":false,"boss_relics":[],"items_purged_floors":[],"is_endless":false,"potions_floor_spawned":[1,4,6,14],"killed_by":"Hexaghost","ascension_level":0}}