{"host":"yecadp3kwkksam5a","time":1614410397,"event":{"mods":["BaseMod","Minty Spire (QoL Compilation)","Replay The Spire","StSLib","SuperFastMode","The Jungle"],"gold_per_floor":[112,124,124,143,153,153,188,188,188,216,216,246,246,281,293,305,305],"floor_reached":16,"language":"KOR","playtime":749,"items_purged":[],"score":306,"play_id":"5883e647-f506-4a69-a429-9c5c4aa627b3","local_time":"20210227161957","is_ascension_mode":true,"campfire_choices":[{"data":"Apotheosis","floor":6,"key":"SMITH"},{"floor":8,"key":"RECALL"},{"floor":11,"key":"REST"},{"data":"Power Through","floor":15,"key":"SMITH"}],"circlet_count":1,"master_deck":["AscendersBane","Strike_R","Strike_R","Strike_R","Strike_R","Strike_R","Defend_R","Defend_R","Defend_R","Bash","Hologram","Gash","Self Repair","JustLucky","Brilliance","Blade Dance","Evaluate+1","Evolve","Power Through+1","Second Wind+1","Apotheosis+1","Devotion","Turbo"],"relics":["Burning Blood","PrismaticShard","Prayer Wheel","Prayer Wheel","Prayer Wheel","Prayer Wheel","Circlet","Bottled Lightning","Ginger","War Paint","MawBank"],"acts_visited":["Exordium"],"potions_floor_usage":[7,14],"damage_taken":[{"damage":7,"enemies":"Cultist","floor":1,"turns":4},{"damage":7,"enemies":"2 Louse","floor":2,"turns":3},{"damage":22,"enemies":"Jaw Worm","floor":4,"turns":4},{"damage":14,"enemies":"Red Slaver","floor":5,"turns":3},{"damage":36,"enemies":"Gremlin Nob","floor":7,"turns":4},{"damage":22,"enemies":"3 Sentries","floor":10,"turns":7},{"damage":21,"enemies":"Gremlin Nob","floor":12,"turns":4},{"damage":16,"enemies":"3 Sentries","floor":14,"turns":8},{"damage":54,"enemies":"Slime Boss","floor":16,"turns":7}],"seed_played":"1910252022526775434","potions_obtained":[{"floor":1,"key":"Dexterity Potion"},{"floor":4,"key":"Reflective Coating"},{"floor":5,"key":"Adrenaline Potion"},{"floor":13,"key":"SneckoOil"}],"is_trial":false,"path_per_floor":["M","M","?","M","M","R","E","R","T","E","R","E","?","E","R","B"],"character_chosen":"IRONCLAD","items_purchased":[],"campfire_rested":1,"item_purchase_floors":[],"current_hp_per_floor":[74,80,80,71,70,70,50,50,50,44,68,53,53,53,53,0,0],"gold":305,"neow_bonus":"TEN_PERCENT_HP_BONUS","is_daily":false,"chose_seed":false,"campfire_upgraded":2,"win_rate":0.0,"timestamp":1614410397,"path_taken":["M","M","?","M","M","R","E","R","T","E","R","E","?","E","R","BOSS"],"items_purchased_type":[],"build_version":"2020-12-22","purchased_purges":0,"victory":false,"max_hp_per_floor":[82,82,82,82,82,82,82,82,82,82,82,82,82,82,82,82,82],"card_choices":[{"not_picked":["ReplayTheSpireMod:Trickstab","BowlingBash"],"picked":"Hologram","floor":1},{"not_picked":["Barrage","Hologram"],"picked":"Gash","floor":1},{"not_picked":["Ghostly Armor","BowlingBash"],"picked":"Self Repair","floor":1},{"not_picked":["EmptyBody","Anger","BowlingBash"],"picked":"SKIP","floor":1},{"not_picked":["Heel Hook","FollowUp","Dagger Throw"],"picked":"SKIP","floor":1},{"not_picked":["Concentrate","Enlightenment"],"picked":"JustLucky","floor":2},{"not_picked":["ReplayTheSpireMod:LeadingStrike","EmptyFist"],"picked":"Brilliance","floor":2},{"not_picked":["ReplayTheSpireMod:Repulse","Havoc","Bane"],"picked":"SKIP","floor":2},{"not_picked":["Beam Cell","Clash","FollowUp"],"picked":"SKIP","floor":2},{"not_picked":["FlurryOfBlows","Rebound","Tactician"],"picked":"SKIP","floor":2},{"not_picked":["SashWhip","FollowUp"],"picked":"Blade Dance","floor":4},{"not_picked":["Acrobatics","Discovery"],"picked":"Evaluate","floor":4},{"not_picked":["Replay:Many Hands","Shrug It Off"],"picked":"Evolve","floor":4},{"not_picked":["EmptyFist","Replay:Parry","Redo"],"picked":"SKIP","floor":4},{"not_picked":["Replay:Parry","ThirdEye","Riddle With Holes"],"picked":"SKIP","floor":4},{"not_picked":["Halt","Headbutt"],"picked":"Power Through","floor":5},{"not_picked":["Heel Hook","Go for the Eyes"],"picked":"Second Wind","floor":5},{"not_picked":["Body Slam","Sever Soul"],"picked":"Devotion","floor":5},{"not_picked":["FearNoEvil","Run Through","ReplayTheSpireMod:Exploit Weakness"],"picked":"SKIP","floor":5},{"not_picked":["ReplayReversal","Compile Driver","Sword Boomerang"],"picked":"SKIP","floor":5},{"not_picked":["FearNoEvil","Run Through","ReplayTheSpireMod:Exploit Weakness"],"picked":"SKIP","floor":5},{"not_picked":["ReplayReversal","Compile Driver","Sword Boomerang"],"picked":"SKIP","floor":5},{"not_picked":["Replay:Parry","Bullet Time","Static Discharge"],"picked":"SKIP","floor":7},{"not_picked":["Beam Cell","Deadly Poison","Warcry"],"picked":"SKIP","floor":10},{"not_picked":["Finisher","EmptyBody","Panic Button"],"picked":"SKIP","floor":12},{"not_picked":["Headbutt","Run Through","Turbo"],"picked":"SKIP","floor":14},{"not_picked":["Headbutt","Run Through"],"picked":"Turbo","floor":14}],"player_experience":609053,"relics_obtained":[{"floor":10,"key":"Ginger"},{"floor":12,"key":"War Paint"},{"floor":14,"key":"MawBank"}],"event_choices":[{"damage_healed":0,"gold_gain":0,"player_choice":"Got Potions","damage_taken":0,"max_hp_gain":0,"max_hp_loss":0,"event_name":"Lab","floor":13,"gold_loss":0}],"is_beta":false,"boss_relics":[],"items_purged_floors":[],"is_endless":false,"potions_floor_spawned":[1,4,5],"killed_by":"Slime Boss","ascension_level":20}}