{"host":"test","time":1614436488,"event":{"mods":["BaseMod","Bestiary","Colored Map","Colored Powertips","Minty Spire (QoL Compilation)","Relic Stats","Slay the Relics Exporter","SpireBot","StSLib","ojb\u0027s Better Paths Mod","ojb\u0027s Info Mod: The sequel"],"gold_per_floor":[213,227,227,7,32,32,32,67,67,92,92,92],"floor_reached":11,"language":"JPN","playtime":361,"items_purged":[],"score":146,"play_id":"90f2a481-6459-44ea-8ec6-db38a79e24cb","local_time":"20210227233448","is_ascension_mode":true,"campfire_choices":[{"data":"Dagger Spray","floor":6,"key":"SMITH"}],"circlet_count":0,"master_deck":["AscendersBane","Strike_G","Strike_G","Strike_G","Strike_G","Strike_G","Defend_G","Defend_G","Defend_G","Defend_G","Survivor","Neutralize","Dagger Spray+1","Cloak And Dagger","Blade Dance","All Out Attack","Deadly Poison"],"relics":["Ring of the Snake","Golden Idol","TwistedFunnel","Kunai","TungstenRod"],"acts_visited":["Exordium"],"potions_floor_usage":[8,8,11],"damage_taken":[{"damage":1,"enemies":"2 Louse","floor":1,"turns":3},{"damage":7,"enemies":"Jaw Worm","floor":2,"turns":8},{"damage":0,"enemies":"Small Slimes","floor":5,"turns":3},{"damage":35,"enemies":"Lagavulin","floor":8,"turns":7},{"damage":0,"enemies":"Exordium Thugs","floor":10,"turns":2},{"damage":17,"enemies":"Gremlin Nob","floor":11,"turns":3}],"seed_played":"-7284425191585389145","potions_obtained":[{"floor":2,"key":"PowerPotion"},{"floor":5,"key":"Fire Potion"},{"floor":10,"key":"Block Potion"}],"is_trial":false,"path_per_floor":["M","M","?","$","M","R","?","E","T","M","E"],"character_chosen":"THE_SILENT","items_purchased":["TwistedFunnel","AttackPotion"],"campfire_rested":0,"item_purchase_floors":[4,4],"current_hp_per_floor":[58,51,51,51,51,51,44,9,9,9,0,0],"gold":92,"neow_bonus":"HUNDRED_GOLD","is_daily":false,"chose_seed":true,"campfire_upgraded":1,"win_rate":0.0,"timestamp":1614436488,"path_taken":["M","M","?","$","M","R","?","E","T","M","E"],"items_purchased_type":["Relic","Potion"],"build_version":"2020-12-18","purchased_purges":0,"victory":false,"max_hp_per_floor":[66,66,60,60,60,60,60,60,60,60,60,60],"relic_stats":{"counters":[6,26],"Golden Idol":17,"Kunai":[4],"obtain_stats":[{"TwistedFunnel":4,"Golden Idol":3,"Kunai":8,"TungstenRod":9,"Ring of the Snake":0},{"TwistedFunnel":2,"Golden Idol":2,"Kunai":4,"TungstenRod":4,"Ring of the Snake":0},{"TwistedFunnel":11,"Golden Idol":11,"Kunai":21,"TungstenRod":21,"Ring of the Snake":0}],"TungstenRod":3,"Ring of the Snake":[12]},"card_choices":[{"not_picked":["Slice","Prepared"],"picked":"Dagger Spray","floor":1},{"not_picked":["Flechettes","Expertise"],"picked":"Cloak And Dagger","floor":2},{"not_picked":["Flechettes","Slice"],"picked":"Blade Dance","floor":5},{"not_picked":["Heel Hook","Deflect"],"picked":"All Out Attack","floor":8},{"not_picked":["Outmaneuver","Dagger Throw"],"picked":"Deadly Poison","floor":10}],"player_experience":2148295,"relics_obtained":[{"floor":8,"key":"Kunai"},{"floor":9,"key":"TungstenRod"}],"event_choices":[{"damage_healed":0,"gold_gain":0,"player_choice":"Lose Max HP","damage_taken":0,"relics_obtained":["Golden Idol"],"max_hp_gain":0,"max_hp_loss":6,"event_name":"Golden Idol","floor":3,"gold_loss":0},{"cards_removed":["Defend_G"],"damage_healed":0,"gold_gain":0,"player_choice":"Card Removal","damage_taken":7,"max_hp_gain":0,"max_hp_loss":0,"event_name":"Golden Wing","floor":7,"gold_loss":0}],"is_beta":true,"boss_relics":[],"items_purged_floors":[],"is_endless":false,"potions_floor_spawned":[2,5,10],"killed_by":"Gremlin Nob","ascension_level":20}}