{"host":"xltl1aroowo69o4n","time":1614448359,"event":{"mods":["BaseMod","Colored Map","Colored Powertips","Downfall","Koishi","Marisa????????","Minty Spire (QoL Compilation)","Replay The Spire","StSLib","The Cursed","The Hierophant","The Mystic","The Necromancer","The Servant 0.9.4"],"gold_per_floor":[99,117,130,130,150,160,160,173,173,188,214,114,133,112,140,251,251,251,277,290,307,422,472,472],"floor_reached":23,"language":"ENG","playtime":1215,"items_purged":["Pain"],"score":244,"play_id":"4ed8274e-b53d-479c-a680-ac3be11878d2","local_time":"20210227125239","is_ascension_mode":true,"campfire_choices":[{"floor":1,"key":"DIG"},{"floor":12,"key":"REST"},{"floor":18,"key":"RECALL"}],"circlet_count":0,"master_deck":["Strike_MRS","Strike_MRS","Strike_MRS","Defend_MRS","Defend_MRS","MasterSpark","UpSweep","ShootTheMoon","MysteriousBeam","DeepEcoloBomb","BlazeAway","ChargingUp","ManaRampage","MilkyWay","MagicChant","GalacticHalo","WitchOfGreed","MilkyWay","IllusionStar","UltimateShortwave","PowerUp+1","DragonMeteor","CasketOfStar","PowerUp+1"],"relics":["MiniHakkero","CaptainsWheel","Blue Candle","AmplifyWand","Replay:Accelerometer","downfall:HeartBlessingGreen","ReplayTheSpireMod:CursedCoin","Empty Cage","downfall:CloakOfManyFaces","CultistMask","FaceOfCleric","NlothsMask","GremlinMask","SsserpentHead"],"acts_visited":["Exordium","TheCity"],"potions_floor_usage":[6,11,11,16,16,16,20,21,22,22,23],"damage_taken":[{"damage":2,"enemies":"2 Louse","floor":2,"turns":2},{"damage":8,"enemies":"Small Slimes","floor":3,"turns":3},{"damage":1,"enemies":"Cultist","floor":5,"turns":3},{"damage":12,"enemies":"Exordium Wildlife","floor":6,"turns":3},{"damage":17,"enemies":"Gremlin Gang","floor":8,"turns":3},{"damage":15,"enemies":"3 Louse","floor":10,"turns":3},{"damage":12,"enemies":"Gremlin Nob","floor":11,"turns":1},{"damage":3,"enemies":"Exordium Wildlife","floor":13,"turns":4},{"damage":0,"enemies":"downfall:FleeingMerchant","floor":14,"turns":4},{"damage":0,"enemies":"2 Fungi Beasts","floor":15,"turns":4},{"damage":20,"enemies":"DF_ARCHETYPE_STREAMLINE","floor":16,"turns":8},{"damage":21,"enemies":"Shell Parasite","floor":19,"turns":5},{"damage":25,"enemies":"3 Cultists","floor":20,"turns":5},{"damage":15,"enemies":"Snake Plant","floor":21,"turns":5},{"damage":12,"enemies":"downfall:FaceTrader","floor":22,"turns":6},{"damage":5,"enemies":"Sentry and Sphere","floor":23,"turns":2}],"seed_played":"-2802521880282573513","potions_obtained":[{"floor":0,"key":"SteroidPotion"},{"floor":0,"key":"SpeedPotion"},{"floor":0,"key":"Death Potion"},{"floor":3,"key":"LiquidMemories"},{"floor":10,"key":"BlessingOfTheForge"},{"floor":11,"key":"bronze:BurnAndBuffPotion"},{"floor":15,"key":"Weak Potion"},{"floor":16,"key":"champ:CounterPotion"},{"floor":16,"key":"Strength Potion"},{"floor":19,"key":"hexamod:SoulburnPotion"},{"floor":21,"key":"ShroomBrew"},{"floor":22,"key":"SteroidPotion"}],"is_trial":false,"path_per_floor":["R_BF","M","M","?","M","M","T","M","?","M","E","R","M","$","M","B",null,"R_BF","M","M","M","?","M"],"character_chosen":"MARISA","items_purchased":["ReplayTheSpireMod:CursedCoin","WitchOfGreed","MilkyWay"],"campfire_rested":1,"item_purchase_floors":[14,14,14],"current_hp_per_floor":[75,73,65,60,59,47,47,30,30,15,3,25,22,22,22,2,75,75,54,29,14,2,0,0],"gold":472,"neow_bonus":"THREE_SMALL_POTIONS","is_daily":false,"chose_seed":false,"campfire_upgraded":0,"win_rate":0.0,"timestamp":1614448359,"path_taken":["R_BF","M","M","?","M","M","T","M","?","M","E","R","?","$","M","BOSS","R_BF","M","M","M","?","?"],"items_purchased_type":["Relic","Card","Card"],"build_version":"2020-12-13","purchased_purges":1,"victory":false,"max_hp_per_floor":[75,75,75,75,75,75,75,75,75,75,75,75,75,75,75,75,75,75,75,75,75,75,75,75],"card_choices":[{"not_picked":["UnstableBomb","GrandCross"],"picked":"ShootTheMoon","floor":2},{"not_picked":["DarkSpark","GalacticHalo"],"picked":"MysteriousBeam","floor":3},{"not_picked":["GrandCross","AsteroidBelt"],"picked":"DeepEcoloBomb","floor":5},{"not_picked":["LuminesStrike","WitchLeyline"],"picked":"BlazeAway","floor":6},{"not_picked":["OrrerysSun","DoubleSpark"],"picked":"ChargingUp","floor":8},{"not_picked":["BlazeAway","UnstableBomb"],"picked":"ManaRampage","floor":10},{"not_picked":["NonDirectionalLaser","ChargingUp"],"picked":"MilkyWay","floor":11},{"not_picked":["MysteriousBeam","MilkyWay"],"picked":"MagicChant","floor":13},{"not_picked":["DragonMeteor","PowerUp"],"picked":"GalacticHalo","floor":14},{"not_picked":["Acceleration","GravityBeat"],"picked":"IllusionStar","floor":15},{"not_picked":["EscapeVelocity","BlazingStar"],"picked":"UltimateShortwave","floor":16},{"not_picked":["IllusionStar","ChargingUp"],"picked":"PowerUp+1","floor":19},{"not_picked":["WitchLeyline","GasGiant"],"picked":"DragonMeteor","floor":20},{"not_picked":["DC","Acceleration"],"picked":"CasketOfStar","floor":21},{"not_picked":["UnstableBomb+1","MeteoricShower"],"picked":"PowerUp+1","floor":22}],"player_experience":292506,"relics_obtained":[{"floor":1,"key":"CaptainsWheel"},{"floor":7,"key":"AmplifyWand"},{"floor":11,"key":"Replay:Accelerometer"},{"floor":22,"key":"downfall:CloakOfManyFaces"}],"event_choices":[{"cards_removed":["Defend_MRS"],"damage_healed":0,"gold_gain":0,"player_choice":"Card Removal","damage_taken":0,"max_hp_gain":0,"max_hp_loss":0,"event_name":"Wheel of Change","floor":9,"gold_loss":0}],"is_beta":false,"boss_relics":[{"not_picked":["Kintsugi","bronze:MakeshiftBattery"],"picked":"Empty Cage"}],"items_purged_floors":[14],"is_endless":false,"potions_floor_spawned":[3,10,11,15,16,21,22],"killed_by":"Sentry and Sphere","ascension_level":2}}