{"host":"9l4mw5jqza9qz9hr","time":1614444863,"event":{"mods":["AchievementEnabler","Always Whale","BaseMod","Colored Map","Minty Spire (QoL Compilation)","StSLib","SuperFastMode"],"gold_per_floor":[112,187,187,237,255,282,151,170,224,234,252,268,88,106,106,183,183,203,203,253,453,184,184,218,218,269,269,280,280,312,329,329,402,402,413,413,120,120,139,170,190,210,210,240,260,260,273,123,123,123],"floor_reached":51,"language":"KOR","playtime":1388,"items_purged":["Strike_R","Strike_R","Defend_R","Defend_R"],"score":1555,"play_id":"9127103f-b206-427e-ac68-c33f6aec81c5","local_time":"20210228015423","is_ascension_mode":true,"campfire_choices":[{"data":"Apotheosis","floor":15.0,"key":"SMITH"},{"data":"Bludgeon","floor":23.0,"key":"SMITH"},{"data":"Heavy Blade","floor":25.0,"key":"SMITH"},{"data":"Pommel Strike","floor":27.0,"key":"SMITH"},{"data":"Inflame","floor":29.0,"key":"SMITH"},{"data":"Whirlwind","floor":32.0,"key":"SMITH"},{"floor":49,"key":"REST"}],"circlet_count":0,"master_deck":["AscendersBane","Defend_R","Bash","Rampage","Limit Break","Pommel Strike+1","Shrug It Off","Heavy Blade+1","Battle Trance+1","Disarm","Pommel Strike","Cleave","Apotheosis+1","Bludgeon+1","Corruption","Shrug It Off","Ghostly Armor+1","Inflame+1","Flex","Whirlwind+1","Double Tap","Heavy Blade+1","Dark Embrace"],"relics":["Burning Blood","Oddly Smooth Stone","Blood Vial","Snecko Eye","PreservedInsect","Orichalcum","Boot","StrikeDummy","Cursed Key","Chemical X","Ancient Tea Set","Lantern"],"acts_visited":["Exordium","TheCity","TheBeyond"],"potions_floor_usage":[42,44],"damage_taken":[{"damage":14.0,"enemies":"2 Louse","floor":1.0,"turns":3.0},{"damage":1.0,"enemies":"Cultist","floor":5.0,"turns":4.0},{"damage":32.0,"enemies":"Gremlin Nob","floor":6.0,"turns":4.0},{"damage":0.0,"enemies":"Small Slimes","floor":8.0,"turns":4.0},{"damage":6.0,"enemies":"Red Slaver","floor":10.0,"turns":4.0},{"damage":11.0,"enemies":"3 Louse","floor":11.0,"turns":5.0},{"damage":3.0,"enemies":"Gremlin Gang","floor":12.0,"turns":3.0},{"damage":10.0,"enemies":"Looter","floor":14.0,"turns":4.0},{"damage":0.0,"enemies":"Slime Boss","floor":16.0,"turns":9.0},{"damage":10.0,"enemies":"2 Thieves","floor":18.0,"turns":3.0},{"damage":0.0,"enemies":"Book of Stabbing","floor":24.0,"turns":3.0},{"damage":0.0,"enemies":"Shell Parasite","floor":28.0,"turns":2.0},{"damage":43.0,"enemies":"Gremlin Leader","floor":30.0,"turns":4.0},{"damage":0.0,"enemies":"Centurion and Healer","floor":31.0,"turns":3.0},{"damage":27.0,"enemies":"Collector","floor":33.0,"turns":5.0},{"damage":3.0,"enemies":"3 Shapes","floor":35.0,"turns":3.0},{"damage":0,"enemies":"Orb Walker","floor":39,"turns":2},{"damage":0,"enemies":"Reptomancer","floor":40,"turns":1},{"damage":8,"enemies":"Sphere and 2 Shapes","floor":41,"turns":4},{"damage":0,"enemies":"Jaw Worm Horde","floor":42,"turns":2},{"damage":27,"enemies":"Giant Head","floor":44,"turns":6},{"damage":48,"enemies":"4 Shapes","floor":45,"turns":2},{"damage":7,"enemies":"Sphere and 2 Shapes","floor":47,"turns":5},{"damage":19,"enemies":"Awakened One","floor":50,"turns":5}],"seed_played":"-5491378349695330596","potions_obtained":[{"floor":8.0,"key":"Swift Potion"},{"floor":11.0,"key":"AttackPotion"},{"floor":14.0,"key":"PowerPotion"},{"floor":30.0,"key":"Dexterity Potion"},{"floor":31.0,"key":"SpeedPotion"},{"floor":33.0,"key":"DistilledChaos"},{"floor":40,"key":"DistilledChaos"}],"is_trial":false,"path_per_floor":["M","?","?","?","M","E","$","M","T","M","M","M","$","M","R","B",null,"M","?","?","?","$","R","E","R","T","R","M","R","E","M","R","B",null,"M","?","$","?","M","E","M","M","T","E","M","?","M","$","R","B",null],"character_chosen":"IRONCLAD","items_purchased":["Explosive Potion","Apotheosis","PreservedInsect","Chemical X"],"campfire_rested":1,"item_purchase_floors":[7,13,22,37],"current_hp_per_floor":[60,49,42,36,41,15,15,21,21,23,20,25,25,23,23,31,59,57,57,57,57,57,57,65,65,65,65,68,68,31,39,39,20,56,61,61,61,61,68,68,66,68,68,47,7,7,8,8,28,17],"gold":123,"neow_bonus":"TRANSFORM_TWO_CARDS","is_daily":false,"chose_seed":false,"campfire_upgraded":6,"win_rate":0.0,"timestamp":1614444863,"path_taken":["M","?","?","?","M","E","$","M","T","M","?","M","?","M","R","BOSS","M","?","?","?","$","R","E","R","T","R","M","R","E","M","R","BOSS","M","?","$","?","M","E","?","M","T","E","M","?","M","?","R","BOSS"],"items_purchased_type":["Potion","Card","Relic","Relic"],"build_version":"2020-12-22","purchased_purges":4,"victory":true,"max_hp_per_floor":[68,68,68,68,68,68,68,68,68,68,68,68,68,68,68,68,68,68,68,68,68,68,68,68,68,68,68,68,68,68,68,68,68,68,68,68,68,68,68,68,68,68,68,68,68,68,68,68,68,68],"card_choices":[{"not_picked":["Headbutt","Thunderclap"],"picked":"Pommel Strike","floor":1.0},{"not_picked":["Warcry","Thunderclap"],"picked":"Shrug It Off","floor":5.0},{"not_picked":["Thunderclap","Wild Strike"],"picked":"Heavy Blade","floor":6.0},{"not_picked":["Sword Boomerang","Hemokinesis"],"picked":"Battle Trance","floor":8.0},{"not_picked":["Entrench","Perfected Strike"],"picked":"Disarm","floor":10.0},{"not_picked":["Exhume","Spot Weakness"],"picked":"Pommel Strike","floor":11.0},{"not_picked":["Heavy Blade","Sentinel"],"picked":"Cleave","floor":12.0},{"not_picked":["Havoc","Iron Wave"],"picked":"Bludgeon","floor":14.0},{"not_picked":["Limit Break","Brutality"],"picked":"Corruption","floor":16.0},{"not_picked":["Sever Soul","Twin Strike"],"picked":"Shrug It Off","floor":18.0},{"not_picked":["Cleave","Havoc"],"picked":"Ghostly Armor+1","floor":24.0},{"not_picked":["Warcry","Armaments"],"picked":"Inflame","floor":28.0},{"not_picked":["Heavy Blade","Body Slam"],"picked":"Flex","floor":30.0},{"not_picked":["Searing Blow","Reckless Charge"],"picked":"Whirlwind","floor":31.0},{"not_picked":["Feed","Limit Break"],"picked":"Double Tap","floor":33.0},{"not_picked":["Cleave","Pommel Strike+1","Anger"],"picked":"SKIP","floor":35.0},{"not_picked":["Metallicize","Havoc","Anger+1"],"picked":"SKIP","floor":39},{"not_picked":["Combust","Entrench","Dropkick"],"picked":"SKIP","floor":40},{"not_picked":["Perfected Strike+1","Twin Strike"],"picked":"Heavy Blade+1","floor":41},{"not_picked":["Battle Trance","Cleave","Headbutt+1"],"picked":"SKIP","floor":42},{"not_picked":["Thunderclap","Clash","Double Tap"],"picked":"SKIP","floor":44},{"not_picked":["Armaments","Body Slam","Sword Boomerang"],"picked":"SKIP","floor":45},{"not_picked":["Perfected Strike+1","Hemokinesis"],"picked":"Dark Embrace","floor":47}],"player_experience":278289,"relics_obtained":[{"floor":6.0,"key":"Oddly Smooth Stone"},{"floor":9.0,"key":"Blood Vial"},{"floor":24.0,"key":"Orichalcum"},{"floor":26.0,"key":"Boot"},{"floor":30.0,"key":"StrikeDummy"},{"floor":40,"key":"Ancient Tea Set"},{"floor":44,"key":"Lantern"}],"event_choices":[{"damage_healed":0.0,"max_hp_gain":0.0,"max_hp_loss":0.0,"gold_gain":75.0,"event_name":"World of Goop","player_choice":"Gather Gold","floor":2.0,"gold_loss":0.0,"damage_taken":11.0},{"cards_removed":["Strike_R"],"damage_healed":0.0,"max_hp_gain":0.0,"max_hp_loss":0.0,"gold_gain":0.0,"event_name":"Golden Wing","player_choice":"Card Removal","floor":3.0,"gold_loss":0.0,"damage_taken":7.0},{"damage_healed":0.0,"max_hp_gain":0.0,"max_hp_loss":0.0,"gold_gain":50.0,"event_name":"FaceTrader","player_choice":"Touch","floor":4.0,"gold_loss":0.0,"damage_taken":6.0},{"damage_healed":0.0,"max_hp_gain":0.0,"max_hp_loss":0.0,"gold_gain":0.0,"event_name":"The Mausoleum","player_choice":"Ignored","floor":19.0,"gold_loss":0.0,"damage_taken":0.0},{"damage_healed":0.0,"max_hp_gain":0.0,"max_hp_loss":0.0,"gold_gain":50.0,"event_name":"Nest","player_choice":"Stole From Cult","floor":20.0,"gold_loss":0.0,"damage_taken":0.0},{"damage_healed":0.0,"max_hp_gain":0.0,"max_hp_loss":0.0,"gold_gain":250.0,"event_name":"The Joust","player_choice":"Bet on Owner","floor":21.0,"gold_loss":50.0,"damage_taken":0.0},{"damage_healed":0.0,"max_hp_gain":0.0,"max_hp_loss":0.0,"gold_gain":0.0,"event_name":"Tomb of Lord Red Mask","player_choice":"Ignored","floor":36.0,"gold_loss":0.0,"damage_taken":0.0},{"damage_healed":0,"gold_gain":0,"player_choice":"Forge","damage_taken":0,"max_hp_gain":0,"max_hp_loss":0,"event_name":"Accursed Blacksmith","floor":38,"gold_loss":0,"cards_upgraded":["Battle Trance"]},{"cards_removed":["Defend_R"],"damage_healed":0,"gold_gain":0,"player_choice":"Card Removal","damage_taken":0,"max_hp_gain":0,"max_hp_loss":0,"event_name":"Wheel of Change","floor":46,"gold_loss":0}],"is_beta":false,"boss_relics":[{"not_picked":["Busted Crown","Runic Dome"],"picked":"Snecko Eye"},{"not_picked":["Velvet Choker","Tiny House"],"picked":"Cursed Key"}],"items_purged_floors":[7,22,37,48],"is_endless":false,"potions_floor_spawned":[8,11,14,16,30,31,33,35,39,40,41],"ascension_level":16}}