{"host":"8th1b252t61ilvte","time":1614395013,"event":{"mods":["BaseMod","Better Altar","Better Match","Better Note","Better Sensory Stone","Better Skull","Better Third Choice","Colored Map","Hermit","Minty Spire (QoL Compilation)","Permanent Neow","Relic Stats","StSLib","The IronCluck","The Problem Sleuth","everything is the same but u backflip on backflip"],"gold_per_floor":[15,15,15,15,36,60,60,60,60,79,31,60,60,60,60,190,190,213,243,116,66,66,111,7,50,77,77,97,97,170,185,185,192,192],"floor_reached":33,"language":"ENG","playtime":1682,"items_purged":["hermit:Covet"],"score":273,"play_id":"fa18c9f5-53bc-4f6a-bc0d-acb6b0abd771","local_time":"20210226220333","is_ascension_mode":false,"campfire_choices":[{"data":"hermit:HighNoon","floor":7.0,"key":"SMITH"},{"floor":13.0,"key":"REST"},{"data":"hermit:Scavenge","floor":15.0,"key":"SMITH"},{"floor":27,"key":"REST"},{"data":"hermit:HighNoon","floor":29,"key":"SMITH"},{"data":"hermit:WideOpen","floor":32,"key":"SMITH"}],"circlet_count":0,"master_deck":["hermit:Strike_Hermit","hermit:Strike_Hermit","hermit:Strike_Hermit","hermit:Strike_Hermit","hermit:Defend_Hermit+1","hermit:Defend_Hermit","hermit:Defend_Hermit","hermit:Defend_Hermit+1","hermit:Snapshot","hermit:Scavenge+1","hermit:HighNoon+1","hermit:Quickdraw","hermit:Dive+1","hermit:Quickdraw","hermit:WideOpen+1","hermit:EternalForm+1","hermit:Snipe+1","hermit:Showdown+1","hermit:HighNoon+1"],"relics":["hermit:Momento","Golden Idol","Bronze Scales","Kunai","Black Star","Bottled Tornado","Bag of Marbles","WingedGreaves","Mercury Hourglass","Regal Pillow","Bottled Lightning"],"acts_visited":["Exordium","TheCity"],"potions_floor_usage":[25,25,31,31],"damage_taken":[{"damage":9.0,"enemies":"Jaw Worm","floor":1.0,"turns":4.0},{"damage":0.0,"enemies":"2 Louse","floor":5.0,"turns":2.0},{"damage":4.0,"enemies":"Small Slimes","floor":6.0,"turns":4.0},{"damage":4.0,"enemies":"3 Louse","floor":10.0,"turns":3.0},{"damage":6.0,"enemies":"Large Slime","floor":12.0,"turns":7.0},{"damage":10.0,"enemies":"Slime Boss","floor":16.0,"turns":10.0},{"damage":16.0,"enemies":"2 Thieves","floor":18.0,"turns":5.0},{"damage":0.0,"enemies":"Shell Parasite","floor":19.0,"turns":5.0},{"damage":46,"enemies":"Slavers","floor":23,"turns":8},{"damage":7,"enemies":"Book of Stabbing","floor":25,"turns":6},{"damage":4,"enemies":"Centurion and Healer","floor":28,"turns":7},{"damage":1,"enemies":"Snake Plant","floor":31,"turns":4},{"damage":58,"enemies":"Automaton","floor":33,"turns":8}],"seed_played":"6716921703646211897","potions_obtained":[{"floor":6.0,"key":"Fire Potion"},{"floor":28,"key":"DistilledChaos"}],"is_trial":false,"path_per_floor":["M","?","?","$","M","M","R","?","T","M","$","M","R","?","R","B",null,"M","M","$","?","?","E","$","E","T","R","M","R","T","M","R","B"],"character_chosen":"HERMIT","items_purchased":["hermit:Quickdraw","SkillPotion","EntropicBrew"],"campfire_rested":2,"item_purchase_floors":[11,20,24],"current_hp_per_floor":[80,62,40,40,40,36,36,29,29,25,25,19,45,45,45,35,89,73,73,73,73,73,27,27,20,20,61,57,57,57,56,56,0,0],"gold":192,"neow_bonus":"TWENTY_PERCENT_HP_BONUS","is_daily":false,"chose_seed":false,"campfire_upgraded":4,"win_rate":0.0,"timestamp":1614395013,"path_taken":["M","?","?","?","M","M","R","?","T","M","$","M","R","?","R","BOSS","M","M","$","?","?","E","$","E","T","R","?","R","?","M","R","BOSS"],"items_purchased_type":["Card","Potion","Potion"],"build_version":"2020-12-22","purchased_purges":1,"victory":false,"max_hp_per_floor":[89,89,89,89,89,89,89,89,89,89,89,89,89,89,89,89,89,89,89,89,89,89,89,89,89,89,89,89,89,89,89,89,89,89],"relic_stats":{"Regal Pillow":15,"counters":[13,73],"Golden Idol":70,"Bronze Scales":[220],"Black Star":2,"Kunai":[25],"obtain_stats":[{"Regal Pillow":26,"Golden Idol":3,"Bronze Scales":8,"WingedGreaves":25,"Black Star":17,"Bag of Marbles":23,"Kunai":9,"Bottled Lightning":30,"Bottled Tornado":23,"hermit:Momento":0,"Mercury Hourglass":25},{"Regal Pillow":10,"Golden Idol":1,"Bronze Scales":3,"WingedGreaves":10,"Black Star":6,"Bag of Marbles":9,"Kunai":3,"Bottled Lightning":11,"Bottled Tornado":9,"hermit:Momento":0,"Mercury Hourglass":10},{"Regal Pillow":54,"Golden Idol":4,"Bronze Scales":10,"WingedGreaves":54,"Black Star":30,"Bag of Marbles":48,"Kunai":10,"Bottled Lightning":61,"Bottled Tornado":48,"hermit:Momento":0,"Mercury Hourglass":54}],"Mercury Hourglass":[81]},"card_choices":[{"not_picked":["hermit:Coalescence","hermit:Roulette"],"picked":"hermit:Scavenge","floor":1.0},{"not_picked":["hermit:Ricochet","hermit:Coalescence"],"picked":"hermit:HighNoon","floor":5.0},{"not_picked":["hermit:Feint","hermit:Manifest"],"picked":"hermit:Quickdraw","floor":6.0},{"not_picked":["hermit:HighCaliber","hermit:BodyArmor"],"picked":"hermit:Dive","floor":10.0},{"not_picked":["hermit:LowProfile","hermit:Headshot"],"picked":"hermit:WideOpen","floor":12.0},{"not_picked":["hermit:Gambit","hermit:Magnum"],"picked":"hermit:EternalForm","floor":16.0},{"not_picked":["hermit:WideOpen","hermit:Headshot"],"picked":"hermit:Snipe+1","floor":18.0},{"not_picked":["hermit:HighCaliber","hermit:Combo+1"],"picked":"hermit:Showdown+1","floor":19.0},{"not_picked":["hermit:CalledShot","hermit:BodyArmor"],"picked":"hermit:HighNoon","floor":23},{"not_picked":["hermit:EyeOfTheStorm","hermit:HighCaliber","hermit:WideOpen"],"picked":"SKIP","floor":25},{"not_picked":["hermit:Quickdraw","hermit:GoldenBullet+1","hermit:Vantage"],"picked":"SKIP","floor":28},{"not_picked":["hermit:Feint","hermit:HoleUp","hermit:WideOpen"],"picked":"SKIP","floor":31}],"player_experience":1169545,"relics_obtained":[{"floor":9.0,"key":"Kunai"},{"floor":23,"key":"Bottled Tornado"},{"floor":23,"key":"Bag of Marbles"},{"floor":25,"key":"WingedGreaves"},{"floor":25,"key":"Mercury Hourglass"},{"floor":26,"key":"Regal Pillow"},{"floor":30,"key":"Bottled Lightning"}],"event_choices":[{"damage_healed":80.0,"max_hp_gain":0.0,"max_hp_loss":89.0,"gold_gain":0.0,"event_name":"betterThird:BetterShining","player_choice":"Upgrade","floor":2.0,"gold_loss":0.0,"damage_taken":18.0,"cards_upgraded":["hermit:Defend_Hermit","hermit:Defend_Hermit"]},{"damage_healed":0.0,"max_hp_gain":0.0,"max_hp_loss":0.0,"gold_gain":0.0,"event_name":"Golden Idol","player_choice":"Take Damage","floor":3.0,"gold_loss":0.0,"damage_taken":22.0,"relics_obtained":["Golden Idol"]},{"damage_healed":0.0,"max_hp_gain":0.0,"max_hp_loss":0.0,"gold_gain":0.0,"event_name":"betterThird:BetterScrap","player_choice":"Relic ","floor":8.0,"gold_loss":0.0,"damage_taken":7.0,"cards_obtained":["BattleHymn"]},{"damage_healed":0.0,"max_hp_gain":0.0,"max_hp_loss":0.0,"gold_gain":0.0,"event_name":"Upgrade Shrine","player_choice":"Upgraded","floor":14.0,"gold_loss":0.0,"damage_taken":0.0,"cards_upgraded":["hermit:Dive"]},{"damage_healed":0.0,"max_hp_gain":0.0,"max_hp_loss":0.0,"gold_gain":0.0,"event_name":"The Joust","player_choice":"Bet on Murderer","floor":21.0,"gold_loss":50.0,"damage_taken":0.0},{"damage_healed":0.0,"max_hp_gain":0.0,"max_hp_loss":0.0,"gold_gain":0.0,"event_name":"Upgrade Shrine","player_choice":"Upgraded","floor":22.0,"gold_loss":0.0,"damage_taken":0.0,"cards_upgraded":["hermit:EternalForm"]}],"is_beta":false,"boss_relics":[{"not_picked":["Sozu","Philosopher\u0027s Stone"],"picked":"Black Star"}],"items_purged_floors":[20],"is_endless":false,"potions_floor_spawned":[6,28],"killed_by":"Automaton","ascension_level":0}}