{"host":"x4954lblgztusody","time":1614408213,"event":{"mods":["BaseMod","Colored Map","Curses Come First","Minty Spire (QoL Compilation)","Rare Cards Sparkle","StSLib"],"gold_per_floor":[118,138,158,172,187,220,235,265,291,305,305,305,332,332,332,437,437,447,46,65,84,84,84],"floor_reached":22,"language":"ENG","playtime":1147,"items_purged":["Strike_R"],"score":231,"play_id":"eb4c813a-0dc1-4a52-a738-15ec77080804","local_time":"20210226224333","is_ascension_mode":true,"campfire_choices":[{"floor":12,"key":"REST"},{"floor":15,"key":"REST"}],"circlet_count":0,"master_deck":["Strike_R","Strike_R","Strike_R","Strike_R","Defend_R","Defend_R","Defend_R","Defend_R","Bash","Fire Breathing","Evolve","Clothesline","Wild Strike","Ghostly Armor","Anger","Wild Strike","Barricade","Perfected Strike","Cleave","Wild Strike","Fire Breathing","Reaper","Battle Trance","Feed","Spot Weakness","True Grit","Juggernaut"],"relics":["Runic Cube","Dream Catcher","Potion Belt","Blood Vial","Darkstone Periapt","GremlinMask","Fusion Hammer","Medical Kit"],"acts_visited":["Exordium","TheCity"],"potions_floor_usage":[8,8,8,13,16,21,22],"damage_taken":[{"damage":6,"enemies":"Cultist","floor":1,"turns":3},{"damage":9,"enemies":"Jaw Worm","floor":2,"turns":4},{"damage":0,"enemies":"2 Louse","floor":3,"turns":4},{"damage":5,"enemies":"2 Fungi Beasts","floor":4,"turns":4},{"damage":22,"enemies":"Exordium Wildlife","floor":5,"turns":6},{"damage":25,"enemies":"3 Sentries","floor":6,"turns":5},{"damage":4,"enemies":"Blue Slaver","floor":7,"turns":4},{"damage":16,"enemies":"Lagavulin","floor":8,"turns":7},{"damage":5,"enemies":"3 Louse","floor":10,"turns":4},{"damage":18,"enemies":"Gremlin Nob","floor":13,"turns":4},{"damage":36,"enemies":"Slime Boss","floor":16,"turns":7},{"damage":22,"enemies":"Spheric Guardian","floor":18,"turns":5},{"damage":28,"enemies":"2 Thieves","floor":20,"turns":5},{"damage":23,"enemies":"Snake Plant","floor":21,"turns":3},{"damage":27,"enemies":"Cultist and Chosen","floor":22,"turns":4}],"seed_played":"-4250841618495961369","potions_obtained":[{"floor":2,"key":"Energy Potion"},{"floor":3,"key":"BloodPotion"},{"floor":5,"key":"AttackPotion"},{"floor":8,"key":"PowerPotion"},{"floor":13,"key":"ColorlessPotion"},{"floor":20,"key":"LiquidMemories"},{"floor":21,"key":"ColorlessPotion"}],"is_trial":false,"path_per_floor":["M","M","M","M","M","E","M","E","T","M","?","R","E","?","R","B",null,"M","$","M","M","M"],"character_chosen":"IRONCLAD","items_purchased":["Medical Kit","Feed","Spot Weakness"],"campfire_rested":2,"item_purchase_floors":[19,19,19],"current_hp_per_floor":[74,65,65,60,38,13,9,9,9,6,6,30,14,14,38,4,80,58,58,32,11,0,0],"gold":84,"neow_bonus":"BOSS_RELIC","is_daily":false,"chose_seed":false,"campfire_upgraded":0,"win_rate":0.0,"timestamp":1614408213,"path_taken":["M","M","M","M","M","E","M","E","T","M","?","R","E","?","R","BOSS","M","?","M","M","M"],"items_purchased_type":["Relic","Card","Card"],"build_version":"2020-12-22","purchased_purges":1,"victory":false,"max_hp_per_floor":[80,80,80,80,80,80,80,80,80,80,80,80,80,80,80,80,80,80,80,80,80,80,80],"card_choices":[{"not_picked":["Thunderclap","Heavy Blade"],"picked":"Fire Breathing","floor":1},{"not_picked":["Pommel Strike","Body Slam"],"picked":"Evolve","floor":2},{"not_picked":["True Grit","Combust"],"picked":"Clothesline","floor":3},{"not_picked":["Exhume","Cleave"],"picked":"Wild Strike","floor":4},{"not_picked":["Perfected Strike","Headbutt"],"picked":"Ghostly Armor","floor":5},{"not_picked":["Blood for Blood","Twin Strike"],"picked":"Anger","floor":6},{"not_picked":["Pommel Strike","Hemokinesis"],"picked":"Wild Strike","floor":7},{"not_picked":["Havoc","Reckless Charge"],"picked":"Barricade","floor":8},{"not_picked":["Anger","Thunderclap"],"picked":"Perfected Strike","floor":10},{"not_picked":["Headbutt","True Grit"],"picked":"Cleave","floor":12},{"not_picked":["Heavy Blade","Pummel"],"picked":"Wild Strike","floor":13},{"not_picked":["Rupture","Anger"],"picked":"Fire Breathing","floor":15},{"not_picked":["Impervious","Immolate"],"picked":"Reaper","floor":16},{"not_picked":["Havoc","Sword Boomerang"],"picked":"Battle Trance","floor":18},{"not_picked":["Rampage","Iron Wave"],"picked":"True Grit","floor":20},{"not_picked":["Pommel Strike","Metallicize"],"picked":"Juggernaut","floor":21}],"player_experience":78792,"relics_obtained":[{"floor":6,"key":"Dream Catcher"},{"floor":8,"key":"Potion Belt"},{"floor":9,"key":"Blood Vial"},{"floor":13,"key":"Darkstone Periapt"}],"event_choices":[{"damage_healed":0,"gold_gain":0,"player_choice":"Ignored","damage_taken":0,"max_hp_gain":0,"max_hp_loss":0,"event_name":"Shining Light","floor":11,"gold_loss":0},{"damage_healed":0,"gold_gain":0,"player_choice":"Trade","damage_taken":0,"relics_obtained":["GremlinMask"],"max_hp_gain":0,"max_hp_loss":0,"event_name":"FaceTrader","floor":14,"gold_loss":0}],"is_beta":false,"boss_relics":[{"not_picked":["SlaversCollar","Busted Crown"],"picked":"Fusion Hammer"}],"items_purged_floors":[19],"is_endless":false,"potions_floor_spawned":[2,3,5,8,13,20,21],"killed_by":"Cultist and Chosen","ascension_level":2}}