{"host":"i2ieyndca3ivj85d","time":1614438464,"event":{"mods":["BaseMod","Library of Ruina","Library of Ruina Extra","Minty Spire (QoL Compilation)","Quick Restart","StSLib"],"gold_per_floor":[118,134,134,145,145,178,178,210,210,242,254,254,254,266,266,369,369,383,399,429,504,517,517,517],"floor_reached":23,"language":"ZHS","playtime":755,"items_purged":[],"score":393,"play_id":"ffd20e1a-3b93-4eb6-b8c4-b85b00655393","local_time":"20210227230744","is_ascension_mode":true,"campfire_choices":[{"data":"EnergyCycle","floor":7.0,"key":"SMITH"},{"data":"AbsorbImpact","floor":12,"key":"SMITH"},{"data":"1","floor":15,"key":"LIFT"}],"circlet_count":0,"master_deck":["Dodge","LightDefense","LightAttack","LightAttack","LightAttack","LightDefense","LightDefense","LightDefense","ChargeAndCover+1","FocusedStrikes+1","EnergyCycle+1","AbsorbImpact+1","Regret","GroundSmash","Rewind","BattleCommand+1","SavageMode"],"relics":["PageOfLibrarian","PageOfSingingMachine","PageOfNosferatu","FossilizedHelix","Girya","Philosopher\u0027s Stone","Red Mask","PageOfUniverseFragment"],"acts_visited":["Exordium","TheCity"],"potions_floor_usage":[10,11],"damage_taken":[{"damage":0.0,"enemies":"Cultist","floor":1.0,"turns":2.0},{"damage":0.0,"enemies":"Small Slimes","floor":2.0,"turns":4.0},{"damage":0.0,"enemies":"Jaw Worm","floor":4.0,"turns":2.0},{"damage":3.0,"enemies":"Lagavulin","floor":6.0,"turns":5.0},{"damage":14.0,"enemies":"Gremlin Nob","floor":8.0,"turns":4.0},{"damage":0,"enemies":"Lagavulin","floor":10,"turns":5},{"damage":0,"enemies":"Exordium Thugs","floor":11,"turns":3},{"damage":1,"enemies":"3 Louse","floor":14,"turns":4},{"damage":0,"enemies":"Slime Boss","floor":16,"turns":6},{"damage":0,"enemies":"Spheric Guardian","floor":18,"turns":3},{"damage":3,"enemies":"Chosen","floor":19,"turns":2},{"damage":64,"enemies":"Masked Bandits","floor":20,"turns":5},{"damage":0,"enemies":"Snake Plant","floor":22,"turns":3},{"damage":4,"enemies":"Book of Stabbing","floor":23,"turns":2}],"seed_played":"-4481959025765733007","potions_obtained":[{"floor":2.0,"key":"Block Potion"},{"floor":4.0,"key":"CultistPotion"},{"floor":11,"key":"Fruit Juice"},{"floor":14,"key":"Block Potion"},{"floor":18,"key":"SteroidPotion"}],"is_trial":false,"path_per_floor":["M","M","$","M","?","E","R","E","T","E","M","R","?","M","R","B",null,"M","M","?","T","M","E"],"character_chosen":"Librarian","items_purchased":[],"campfire_rested":0,"item_purchase_floors":[],"current_hp_per_floor":[60,60,60,60,60,57,57,8,8,8,13,13,13,12,12,12,130,130,127,63,63,63,59,59],"gold":517,"neow_bonus":"UPGRADE_CARD","is_daily":false,"chose_seed":false,"campfire_upgraded":2,"win_rate":0.0,"timestamp":1614438464,"path_taken":["M","M","?","M","?","E","R","E","T","E","?","R","?","M","R","BOSS","M","M","?","?","M","E"],"items_purchased_type":[],"build_version":"2020-12-22","purchased_purges":0,"victory":false,"max_hp_per_floor":[62,91,91,91,91,91,91,125,125,125,130,130,130,130,130,130,130,130,130,130,130,130,130,130],"card_choices":[{"not_picked":["Wallop_lor","DevastatingThrash","QuickSuppression"],"picked":"SKIP","floor":1.0},{"not_picked":["GrazeTheGrass","Wallop_lor","DestructiveImpact"],"picked":"SKIP","floor":2.0},{"not_picked":["RhinoRam","Thrust"],"picked":"EnergyCycle","floor":4.0},{"not_picked":["SnakesPrey","UncannyStrike"],"picked":"AbsorbImpact","floor":6.0},{"not_picked":["Clone","Parry","PinpointShot"],"picked":"SKIP","floor":8.0},{"not_picked":["DevastatingThrash","DestructiveImpact","Leap_lor"],"picked":"SKIP","floor":10},{"not_picked":["Quickness","WrathOfTorment","Thrust"],"picked":"SKIP","floor":11},{"not_picked":["SinglePointStab","UncannyStrike","ShockingBlow"],"picked":"SKIP","floor":14},{"not_picked":["FlamingDragonFist","EnergyBeam"],"picked":"GroundSmash","floor":16},{"not_picked":["DarkCloud","EnergyStrike+1","ForTheFamily+1"],"picked":"SKIP","floor":18},{"not_picked":["DestructiveImpact+1","BattleCommand+1"],"picked":"Rewind","floor":19},{"not_picked":["EnergyStrike","AbsorbImpact"],"picked":"BattleCommand+1","floor":20},{"not_picked":["EnergyStrike","SilentMist"],"picked":"SavageMode","floor":22}],"player_experience":200711,"relics_obtained":[{"floor":6.0,"key":"PageOfSingingMachine"},{"floor":8.0,"key":"PageOfNosferatu"},{"floor":10,"key":"FossilizedHelix"},{"floor":20,"key":"Red Mask"},{"floor":21,"key":"PageOfUniverseFragment"}],"event_choices":[{"damage_healed":0.0,"max_hp_gain":0.0,"max_hp_loss":0.0,"gold_gain":0.0,"event_name":"Accursed Blacksmith","player_choice":"Forge","floor":5.0,"gold_loss":0.0,"damage_taken":0.0,"cards_upgraded":["ChargeAndCover"]},{"damage_healed":0,"gold_gain":0,"player_choice":"Box","damage_taken":0,"relics_obtained":["Girya"],"max_hp_gain":0,"max_hp_loss":0,"event_name":"Big Fish","floor":13,"gold_loss":0,"cards_obtained":["Regret"]},{"damage_healed":0,"gold_gain":0,"player_choice":"Fought Bandits","damage_taken":0,"max_hp_gain":0,"max_hp_loss":0,"event_name":"Masked Bandits","floor":20,"gold_loss":0}],"is_beta":false,"boss_relics":[{"not_picked":["Black Star","SlaversCollar"],"picked":"Philosopher\u0027s Stone"}],"items_purged_floors":[],"is_endless":false,"potions_floor_spawned":[2,4,11,14,18,20],"killed_by":"Book of Stabbing","ascension_level":4}}