{"host":"AppleFritter","time":1614386877,"event":{"mods":["BaseMod","Block Reminder","Colored Map","Colored Powertips","Curses Come First","Highlight Path","Minty Spire (QoL Compilation)","Potion Indicator Mod","Quick Restart","Relic Stats","StSLib","ojb\u0027s Info Mod"],"gold_per_floor":[115,115,133,98,198,227,247,257,337,349,349,369,334,346,346,451,451,462,462,462,475,27,27,27,27,53,87,99,110,110,120,120,225,225,241,252,252,272,287,287,287,298,298,298,327,327,338,357,357,357],"floor_reached":51,"language":"ENG","playtime":19508,"items_purged":[],"score":728,"play_id":"746c79d5-ac39-417b-ba6a-8c0f6039abf3","local_time":"20210226194757","is_ascension_mode":false,"campfire_choices":[{"floor":11.0,"key":"REST"},{"data":"Envenom","floor":15.0,"key":"SMITH"},{"data":"Adrenaline","floor":23.0,"key":"SMITH"},{"data":"Corpse Explosion","floor":25.0,"key":"SMITH"},{"data":"Bane","floor":32.0,"key":"SMITH"},{"floor":40.0,"key":"REST"},{"data":"Caltrops","floor":44.0,"key":"SMITH"},{"data":"Prepared","floor":49,"key":"SMITH"}],"circlet_count":0,"master_deck":["Strike_G+1","Strike_G+1","Strike_G+1","Strike_G+1","Strike_G+1","Defend_G+1","Defend_G+1","Defend_G+1","Defend_G+1","Survivor","Neutralize","Corpse Explosion+1","Blur","Envenom+1","Flying Knee","Prepared+1","Quick Slash","Caltrops+1","Adrenaline+1","CurseOfTheBell","Bane+1","Outmaneuver+1","Noxious Fumes+1","Deadly Poison","Sucker Punch","Sucker Punch+1","Masterful Stab+1","Blur+1","Blade Dance+1","Die Die Die","Skewer+1","Noxious Fumes+1","Poisoned Stab+1","Blade Dance+1","Infinite Blades+1","Flying Knee+1","Tactician","Writhe","Catalyst+1"],"relics":["Ring of the Snake","Mango","Centennial Puzzle","Mummified Hand","Calling Bell","Dream Catcher","Frozen Egg 2","Thread and Needle","MutagenicStrength","Snake Skull","TwistedFunnel","Oddly Smooth Stone","Pantograph","Black Star","Bag of Preparation","PreservedInsect","Pen Nib"],"acts_visited":["Exordium","TheCity","TheBeyond"],"potions_floor_usage":[],"damage_taken":[{"damage":1.0,"enemies":"2 Louse","floor":1.0,"turns":2.0},{"damage":0.0,"enemies":"Cultist","floor":3.0,"turns":3.0},{"damage":41.0,"enemies":"Gremlin Nob","floor":6.0,"turns":5.0},{"damage":6.0,"enemies":"Jaw Worm","floor":7.0,"turns":4.0},{"damage":13.0,"enemies":"Large Slime","floor":8.0,"turns":5.0},{"damage":0.0,"enemies":"Gremlin Gang","floor":10.0,"turns":2.0},{"damage":4.0,"enemies":"Blue Slaver","floor":12.0,"turns":4.0},{"damage":6.0,"enemies":"Exordium Wildlife","floor":14.0,"turns":3.0},{"damage":17.0,"enemies":"Hexaghost","floor":16.0,"turns":8.0},{"damage":7.0,"enemies":"3 Byrds","floor":18.0,"turns":3.0},{"damage":6.0,"enemies":"Spheric Guardian","floor":21.0,"turns":4.0},{"damage":3.0,"enemies":"Slavers","floor":27.0,"turns":2.0},{"damage":0.0,"enemies":"Snecko","floor":28.0,"turns":3.0},{"damage":7.0,"enemies":"Shelled Parasite and Fungi","floor":29.0,"turns":3.0},{"damage":8.0,"enemies":"Centurion and Healer","floor":31.0,"turns":3.0},{"damage":36.0,"enemies":"Automaton","floor":33.0,"turns":8.0},{"damage":0.0,"enemies":"3 Shapes","floor":35.0,"turns":2.0},{"damage":13.0,"enemies":"3 Darklings","floor":36.0,"turns":3.0},{"damage":13.0,"enemies":"Sphere and 2 Shapes","floor":38.0,"turns":4.0},{"damage":22.0,"enemies":"Maw","floor":39.0,"turns":6.0},{"damage":9.0,"enemies":"3 Darklings","floor":42.0,"turns":3.0},{"damage":5.0,"enemies":"Nemesis","floor":45.0,"turns":5.0},{"damage":11.0,"enemies":"Spire Growth","floor":47.0,"turns":4.0},{"damage":17.0,"enemies":"Writhing Mass","floor":48.0,"turns":3.0},{"damage":70,"enemies":"Time Eater","floor":50,"turns":9}],"seed_played":"-2052375088239193577","potions_obtained":[{"floor":6.0,"key":"Weak Potion"},{"floor":8.0,"key":"SkillPotion"},{"floor":10.0,"key":"FairyPotion"},{"floor":14.0,"key":"DuplicationPotion"},{"floor":16.0,"key":"Fruit Juice"},{"floor":18.0,"key":"Energy Potion"},{"floor":29.0,"key":"Poison Potion"},{"floor":47.0,"key":"Poison Potion"}],"is_trial":false,"path_per_floor":["M","?","M","?","?","E","M","M","T","M","R","M","?","M","R","B",null,"M","?","?","M","$","R","?","R","T","E","M","M","?","M","R","B",null,"M","M","?","M","M","R","?","M","T","R","E","?","M","M","R","B",null],"character_chosen":"THE_SILENT","items_purchased":["Snake Skull","TwistedFunnel","Noxious Fumes+1","Deadly Poison","Sucker Punch"],"campfire_rested":2,"item_purchase_floors":[22,22,22,22,22],"current_hp_per_floor":[69,83,83,83,83,42,36,23,23,23,48,44,65,59,59,42,84,82,82,82,76,76,76,76,76,76,73,73,66,66,58,58,47,89,89,76,76,63,41,67,67,58,58,58,53,75,64,47,47,2],"gold":357,"neow_bonus":"ONE_RANDOM_RARE_CARD","is_daily":false,"chose_seed":false,"campfire_upgraded":6,"win_rate":0.0,"timestamp":1614386877,"path_taken":["M","?","?","?","?","E","M","?","T","M","R","M","?","M","R","BOSS","M","?","?","M","$","R","?","R","T","E","M","M","?","M","R","BOSS","M","?","?","M","M","R","?","M","T","R","E","?","M","M","R","BOSS"],"items_purchased_type":["Relic","Relic","Card","Card","Card"],"build_version":"2020-12-18","purchased_purges":0,"victory":true,"max_hp_per_floor":[70,84,84,84,84,84,84,84,84,84,84,84,84,84,84,84,84,89,89,89,89,89,89,89,89,89,89,89,89,89,89,89,89,89,89,89,89,89,89,89,89,89,89,89,89,89,89,89,89,89],"relic_stats":{"Centennial Puzzle":[57],"Dream Catcher":1,"counters":[25,101],"Mummified Hand":[51],"Pantograph":50,"Snake Skull":[192],"PreservedInsect":0,"Pen Nib":[4],"Black Star":1,"Bag of Preparation":[8],"obtain_stats":[{"TwistedFunnel":22,"Oddly Smooth Stone":26,"Mango":2,"Thread and Needle":17,"Snake Skull":22,"PreservedInsect":45,"Pen Nib":45,"Bag of Preparation":43,"Frozen Egg 2":17,"Calling Bell":17,"Centennial Puzzle":6,"Dream Catcher":17,"Mummified Hand":9,"MutagenicStrength":19,"Pantograph":27,"Black Star":34,"Ring of the Snake":0},{"TwistedFunnel":11,"Oddly Smooth Stone":11,"Mango":1,"Thread and Needle":9,"Snake Skull":11,"PreservedInsect":22,"Pen Nib":22,"Bag of Preparation":21,"Frozen Egg 2":9,"Calling Bell":9,"Centennial Puzzle":3,"Dream Catcher":9,"Mummified Hand":5,"MutagenicStrength":10,"Pantograph":12,"Black Star":16,"Ring of the Snake":0},{"TwistedFunnel":43,"Oddly Smooth Stone":43,"Mango":2,"Thread and Needle":36,"Snake Skull":43,"PreservedInsect":85,"Pen Nib":85,"Bag of Preparation":80,"Frozen Egg 2":36,"Calling Bell":36,"Centennial Puzzle":10,"Dream Catcher":36,"Mummified Hand":19,"MutagenicStrength":39,"Pantograph":45,"Black Star":62,"Ring of the Snake":0}],"Ring of the Snake":[50]},"card_choices":[{"not_picked":["Backflip","Finisher"],"picked":"Prepared","floor":1.0},{"not_picked":["Eviscerate","Underhanded Strike"],"picked":"Blur","floor":3.0},{"not_picked":["All Out Attack","Choke"],"picked":"Envenom","floor":6.0},{"not_picked":["Expertise","Quick Slash"],"picked":"Flying Knee","floor":7.0},{"not_picked":["Dash","Dagger Spray"],"picked":"Flying Knee","floor":8.0},{"not_picked":["Masterful Stab","Deflect"],"picked":"Prepared","floor":10.0},{"not_picked":["Flechettes","Acrobatics"],"picked":"Quick Slash","floor":12.0},{"not_picked":["Blur","Well Laid Plans"],"picked":"Caltrops","floor":14.0},{"not_picked":["Phantasmal Killer","Corpse Explosion"],"picked":"Adrenaline","floor":16.0},{"not_picked":["Dagger Spray","Skewer"],"picked":"Bane","floor":18.0},{"not_picked":["All Out Attack","Predator+1"],"picked":"Outmaneuver+1","floor":21.0},{"not_picked":["Phantasmal Killer","Flying Knee"],"picked":"Sucker Punch+1","floor":27.0},{"not_picked":["Calculated Gamble","Well Laid Plans+1"],"picked":"Masterful Stab+1","floor":28.0},{"not_picked":["Tactician","Acrobatics"],"picked":"Blur+1","floor":29.0},{"not_picked":["Dagger Throw","Predator+1"],"picked":"Blade Dance+1","floor":31.0},{"not_picked":["Venomology","Doppelganger"],"picked":"Die Die Die","floor":33.0},{"not_picked":["Underhanded Strike","Prepared+1"],"picked":"Skewer+1","floor":35.0},{"not_picked":["Prepared","Sucker Punch+1"],"picked":"Noxious Fumes+1","floor":36.0},{"not_picked":["Underhanded Strike","Eviscerate+1"],"picked":"Poisoned Stab+1","floor":38.0},{"not_picked":["Bouncing Flask+1","Underhanded Strike"],"picked":"Blade Dance+1","floor":39.0},{"not_picked":["Blade Dance","Dash"],"picked":"Infinite Blades+1","floor":40.0},{"not_picked":["Deadly Poison","Footwork+1"],"picked":"Flying Knee+1","floor":42.0},{"not_picked":["PiercingWail","Skewer"],"picked":"Tactician","floor":45.0},{"not_picked":["Backflip","Riddle With Holes"],"picked":"Catalyst+1","floor":47.0},{"not_picked":["Masterful Stab","Underhanded Strike","Bane+1"],"picked":"SKIP","floor":48.0}],"player_experience":139898,"relics_obtained":[{"floor":6.0,"key":"Centennial Puzzle"},{"floor":9.0,"key":"Mummified Hand"},{"floor":17.0,"key":"Dream Catcher"},{"floor":17.0,"key":"Frozen Egg 2"},{"floor":17.0,"key":"Thread and Needle"},{"floor":26.0,"key":"Oddly Smooth Stone"},{"floor":27.0,"key":"Pantograph"},{"floor":43.0,"key":"Bag of Preparation"},{"floor":45.0,"key":"PreservedInsect"},{"floor":45.0,"key":"Pen Nib"}],"event_choices":[{"cards_removed":["Prepared"],"damage_healed":0.0,"max_hp_gain":0.0,"max_hp_loss":0.0,"gold_gain":0.0,"event_name":"WeMeetAgain","player_choice":"Gave Card","floor":2.0,"gold_loss":0.0,"damage_taken":0.0,"relics_obtained":["Mango"]},{"damage_healed":0.0,"max_hp_gain":0.0,"max_hp_loss":0.0,"gold_gain":0.0,"event_name":"World of Goop","player_choice":"Left Gold","floor":4.0,"gold_loss":35.0,"damage_taken":0.0},{"damage_healed":0.0,"max_hp_gain":0.0,"max_hp_loss":0.0,"gold_gain":100.0,"event_name":"Golden Shrine","player_choice":"Pray","floor":5.0,"gold_loss":0.0,"damage_taken":0.0},{"damage_healed":21.0,"max_hp_gain":0.0,"max_hp_loss":0.0,"gold_gain":0.0,"event_name":"The Cleric","player_choice":"Healed","floor":13.0,"gold_loss":35.0,"damage_taken":0.0},{"damage_healed":0.0,"max_hp_gain":0.0,"max_hp_loss":0.0,"gold_gain":0.0,"event_name":"Drug Dealer","player_choice":"Inject Mutagens","floor":19.0,"gold_loss":0.0,"damage_taken":0.0,"relics_obtained":["MutagenicStrength"]},{"damage_healed":0.0,"max_hp_gain":0.0,"max_hp_loss":0.0,"gold_gain":0.0,"event_name":"Vampires","player_choice":"Ignored","floor":20.0,"gold_loss":0.0,"damage_taken":0.0},{"damage_healed":0.0,"max_hp_gain":0.0,"max_hp_loss":0.0,"gold_gain":0.0,"event_name":"Back to Basics","player_choice":"Simplicity","floor":24.0,"gold_loss":0.0,"damage_taken":0.0,"cards_upgraded":["Strike_G","Strike_G","Strike_G","Strike_G","Strike_G","Defend_G","Defend_G","Defend_G","Defend_G","Defend_G"]},{"cards_removed":["Defend_G"],"damage_healed":0.0,"max_hp_gain":0.0,"max_hp_loss":0.0,"gold_gain":0.0,"event_name":"Purifier","player_choice":"Purged","floor":30.0,"gold_loss":0.0,"damage_taken":0.0},{"cards_removed":["Flying Knee"],"damage_healed":0.0,"max_hp_gain":0.0,"max_hp_loss":0.0,"gold_gain":0.0,"event_name":"Falling","player_choice":"Removed Attack","floor":37.0,"gold_loss":0.0,"damage_taken":0.0},{"damage_healed":0.0,"max_hp_gain":0.0,"max_hp_loss":0.0,"gold_gain":0.0,"event_name":"Tomb of Lord Red Mask","player_choice":"Ignored","floor":41.0,"gold_loss":0.0,"damage_taken":0.0},{"damage_healed":22.0,"max_hp_gain":0.0,"max_hp_loss":0.0,"gold_gain":0.0,"event_name":"Winding Halls","player_choice":"Writhe","floor":46.0,"gold_loss":0.0,"damage_taken":0.0,"cards_obtained":["Writhe"]}],"is_beta":true,"boss_relics":[{"not_picked":["Ring of the Serpent","Empty Cage"],"picked":"Calling Bell"},{"not_picked":["Busted Crown","Tiny House"],"picked":"Black Star"}],"items_purged_floors":[],"is_endless":false,"potions_floor_spawned":[6,8,10,14,16,18,21,29,38,47,48],"ascension_level":0}}