{"host":"lhekd7nyy582zlhr","time":1614417966,"event":{"mods":["AchievementEnabler","BaseMod","Colored Map","Colored Powertips","Googly Eyes","Minty Spire (QoL Compilation)","Quick Restart"],"gold_per_floor":[117,79,91,102,118,150,150,21,21,34,50,82,82,92,92,196,196,215,232,4,20,20,20,37,50,50,50,50],"floor_reached":27,"language":"ENG","playtime":1164,"items_purged":[],"score":229,"play_id":"78c1c241-4118-4f89-9ead-b8312729ba4a","local_time":"20210227092606","is_ascension_mode":false,"campfire_choices":[{"floor":7,"key":"REST"},{"data":"Storm","floor":13,"key":"SMITH"},{"floor":15,"key":"REST"},{"floor":23,"key":"REST"}],"circlet_count":0,"master_deck":["Strike_B","Strike_B","Strike_B","Strike_B","Defend_B","Defend_B","Defend_B","Defend_B","Zap","Dualcast","Defragment","Storm+1","Ball Lightning","Self Repair","Rebound","Stack","Doom and Gloom","Cold Snap","Stack","Seek","Beam Cell","Capacitor","Machine Learning","Loop+1","Beam Cell","Loop","Barrage+1","Conserve Battery","Cold Snap+1"],"relics":["Cracked Core","Strawberry","Pocketwatch","InkBottle","Eternal Feather","Nuclear Battery","Bronze Scales","Incense Burner"],"acts_visited":["Exordium","TheCity"],"potions_floor_usage":[16,18,25,27],"damage_taken":[{"damage":5,"enemies":"Cultist","floor":1,"turns":5},{"damage":0,"enemies":"Small Slimes","floor":3,"turns":2},{"damage":1,"enemies":"2 Louse","floor":4,"turns":3},{"damage":10,"enemies":"Looter","floor":5,"turns":3},{"damage":34,"enemies":"3 Sentries","floor":6,"turns":6},{"damage":12,"enemies":"Blue Slaver","floor":10,"turns":3},{"damage":16,"enemies":"Red Slaver","floor":11,"turns":3},{"damage":21,"enemies":"Gremlin Nob","floor":12,"turns":4},{"damage":13,"enemies":"Exordium Wildlife","floor":14,"turns":3},{"damage":56,"enemies":"The Guardian","floor":16,"turns":9},{"damage":40,"enemies":"2 Thieves","floor":18,"turns":4},{"damage":20,"enemies":"Spheric Guardian","floor":19,"turns":4},{"damage":22,"enemies":"Snecko","floor":21,"turns":4},{"damage":37,"enemies":"Shelled Parasite and Fungi","floor":24,"turns":3},{"damage":16,"enemies":"Snake Plant","floor":25,"turns":2},{"damage":14,"enemies":"Centurion and Healer","floor":27,"turns":2}],"seed_played":"-3299566248774663490","potions_obtained":[{"floor":1,"key":"AttackPotion"},{"floor":10,"key":"Swift Potion"},{"floor":11,"key":"DuplicationPotion"},{"floor":12,"key":"Explosive Potion"},{"floor":19,"key":"Explosive Potion"},{"floor":24,"key":"BlessingOfTheForge"},{"floor":25,"key":"BlessingOfTheForge"}],"is_trial":false,"path_per_floor":["M","$","M","M","M","E","R","$","T","M","M","E","R","M","R","B",null,"M","M","$","M","$","R","M","M","T","M"],"character_chosen":"DEFECT","items_purchased":["Storm","Doom and Gloom","Cold Snap","Loop","Bronze Scales"],"campfire_rested":3,"item_purchase_floors":[2,8,8,20,20],"current_hp_per_floor":[77,77,77,76,73,46,70,70,70,65,56,42,54,48,82,33,82,49,36,36,21,21,60,23,14,14,0,0],"gold":50,"neow_bonus":"RANDOM_COMMON_RELIC","is_daily":false,"chose_seed":false,"campfire_upgraded":1,"win_rate":0.0,"timestamp":1614417966,"path_taken":["M","$","M","M","M","E","R","$","T","M","M","E","R","M","R","BOSS","M","M","$","M","$","R","M","?","T","M"],"items_purchased_type":["Card","Card","Card","Card","Relic"],"build_version":"2020-12-22","purchased_purges":0,"victory":false,"max_hp_per_floor":[82,82,82,82,82,82,82,82,82,82,82,82,82,82,82,82,82,82,82,82,82,82,82,82,82,82,82,82],"card_choices":[{"not_picked":["Compile Driver","Steam"],"picked":"Defragment","floor":1},{"not_picked":["Gash","Barrage"],"picked":"Ball Lightning","floor":3},{"not_picked":["Reprogram","Aggregate"],"picked":"Self Repair","floor":4},{"not_picked":["Compile Driver","Scrape"],"picked":"Rebound","floor":5},{"not_picked":["Aggregate","Steam"],"picked":"Stack","floor":6},{"not_picked":["Go for the Eyes","Steam"],"picked":"Stack","floor":10},{"not_picked":["Reprogram","Turbo"],"picked":"Seek","floor":11},{"not_picked":["Conserve Battery","Stack"],"picked":"Beam Cell","floor":12},{"not_picked":["Coolheaded","Rebound"],"picked":"Capacitor","floor":14},{"not_picked":["Multi-Cast","All For One"],"picked":"Machine Learning","floor":16},{"not_picked":["Redo+1","Auto Shields"],"picked":"Loop+1","floor":18},{"not_picked":["Rebound","Gash"],"picked":"Beam Cell","floor":19},{"not_picked":["Beam Cell","Coolheaded"],"picked":"Barrage+1","floor":21},{"not_picked":["FTL+1","Redo"],"picked":"Conserve Battery","floor":24},{"not_picked":["Sweeping Beam","Compile Driver"],"picked":"Cold Snap+1","floor":25}],"player_experience":157308,"relics_obtained":[{"floor":6,"key":"Pocketwatch"},{"floor":9,"key":"InkBottle"},{"floor":12,"key":"Eternal Feather"},{"floor":26,"key":"Incense Burner"}],"event_choices":[],"is_beta":false,"boss_relics":[{"not_picked":["Runic Dome","Snecko Eye"],"picked":"Nuclear Battery"}],"items_purged_floors":[],"is_endless":false,"potions_floor_spawned":[1,10,11,12,14,19,24,25],"killed_by":"Centurion and Healer","ascension_level":0}}