{"host":"aukiz5jlacd3g5yc","time":1614457583,"event":{"mods":["2.2 Compatiblity","Bard","BaseMod","Bestiary","Colored Map","Colored Powertips","Downfall","GifTheSpireLib","Hubris","Minty Spire (QoL Compilation)","Permanent Neow","Quick Restart","Random Character Button","Rare Cards Sparkle","Relic Sorter","Relic Stats","StSLib","everything is the same but u backflip on backflip","slay the spire mod where everything is the same but ironclad has a cowboy hat"],"gold_per_floor":[99,113,113,263,277,312,339,339,339,372,384,396,396,396],"floor_reached":12,"language":"ENG","playtime":421,"items_purged":[],"score":88,"play_id":"7947fba1-693d-4b73-b205-1ffb630c3026","local_time":"20210227142623","is_ascension_mode":true,"campfire_choices":[{"data":"Guardian:StasisStrike","floor":1,"key":"SMITH"},{"data":"Guardian:TemporalShield","floor":8,"key":"SMITH"},{"data":"Guardian:BaubleBeam","floor":11,"key":"SMITH"}],"circlet_count":0,"master_deck":["Guardian:Strike_Guardian","Guardian:Strike_Guardian","Guardian:Strike_Guardian","Guardian:Strike_Guardian","Guardian:Defend_Guardian","Guardian:Defend_Guardian","Guardian:Defend_Guardian","Guardian:Defend_Guardian","Guardian:CurlUp","Guardian:TwinSlam","Guardian:StasisStrike+1","Guardian:ChargeUp+1","downfall:Icky","Guardian:TemporalShield+1","Guardian:BaubleBeam+1"],"relics":["Guardian:ModeShifter","hubris:Icosahedron","Blue Candle","Pen Nib","MawBank"],"acts_visited":["Exordium"],"potions_floor_usage":[],"damage_taken":[{"damage":2,"enemies":"Cultist","floor":2,"turns":5},{"damage":3,"enemies":"Small Slimes","floor":5,"turns":4},{"damage":26,"enemies":"Lagavulin","floor":6,"turns":7},{"damage":18,"enemies":"3 Sentries","floor":10,"turns":7},{"damage":13,"enemies":"Gremlin Nob","floor":12,"turns":2}],"seed_played":"5956907602787780072","potions_obtained":[{"floor":6,"key":"SpeedPotion"}],"is_trial":false,"path_per_floor":["R","M","?","?","M","E","T","R","?","E","R","E"],"character_chosen":"GUARDIAN","items_purchased":[],"campfire_rested":0,"item_purchase_floors":[],"current_hp_per_floor":[56,54,54,54,51,25,25,25,25,7,7,0,0,0],"gold":396,"neow_bonus":"THREE_RARE_CARDS","is_daily":false,"chose_seed":false,"campfire_upgraded":3,"win_rate":0.0,"timestamp":1614457583,"path_taken":["R","M","?","?","M","E","T","R","?","E","R","E"],"items_purchased_type":[],"build_version":"2020-12-22","purchased_purges":0,"victory":false,"max_hp_per_floor":[80,80,80,80,80,80,80,80,80,80,80,80,80,80],"relic_stats":{"counters":[5,25],"Blue Candle":[1],"Pen Nib":[1],"MawBank":24,"obtain_stats":[{"hubris:Icosahedron":3,"Blue Candle":6,"Guardian:ModeShifter":0,"Pen Nib":7,"MawBank":10},{"hubris:Icosahedron":1,"Blue Candle":3,"Guardian:ModeShifter":0,"Pen Nib":3,"MawBank":4},{"hubris:Icosahedron":5,"Blue Candle":16,"Guardian:ModeShifter":0,"Pen Nib":16,"MawBank":23}]},"card_choices":[{"not_picked":["Guardian:StasisField","Guardian:FastForward"],"picked":"Guardian:StasisStrike","floor":0},{"not_picked":["Guardian:RollAttack","Guardian:BodySlam"],"picked":"Guardian:ChargeUp","floor":2},{"not_picked":["Guardian:Gem_Crimson","Guardian:MultiBeam","Guardian:ShieldSpikes"],"picked":"SKIP","floor":5},{"not_picked":["Guardian:RollAttack","Guardian:TimeCapacitor"],"picked":"Guardian:TemporalShield","floor":6},{"not_picked":["Guardian:TemporalShield","Guardian:ArmoredProtocol"],"picked":"Guardian:BaubleBeam","floor":10}],"player_experience":409597,"relics_obtained":[{"floor":6,"key":"Blue Candle"},{"floor":7,"key":"Pen Nib"},{"floor":10,"key":"MawBank"}],"event_choices":[{"damage_healed":0,"gold_gain":0,"player_choice":"Grow","damage_taken":0,"max_hp_gain":0,"max_hp_loss":0,"event_name":"Living Wall","floor":9,"gold_loss":0,"cards_upgraded":["Guardian:ChargeUp"]}],"is_beta":false,"boss_relics":[],"items_purged_floors":[],"is_endless":false,"potions_floor_spawned":[6],"killed_by":"Gremlin Nob","ascension_level":1}}