{"host":"l15sdf2mmi0nobpi","time":1614406214,"event":{"mods":["ATMod(°¢èªMod)","BaseMod","Highlight Path","Minty Spire (QoL Compilation)","Quick Restart","StSLib","¡¾¹¦ÄÜMod¡¿Neow½±Àø"],"gold_per_floor":[110,110,121,140,55,87,87,103,103,103,138,138,138,148,148,219,219,255,255,255,255,60,60,60,60],"floor_reached":24,"language":"ZHS","playtime":700,"items_purged":[],"score":554,"play_id":"6515678c-7b1e-4d56-9a8a-e90181793740","local_time":"20210227141014","is_ascension_mode":true,"campfire_choices":[{"data":"AT_RightCognition","floor":7.0,"key":"SMITH"},{"floor":10.0,"key":"REST"},{"data":"Genetic Algorithm","floor":13.0,"key":"SMITH"},{"data":"AT_StudyProgram","floor":15.0,"key":"SMITH"},{"data":"Turbo","floor":23.0,"key":"SMITH"}],"circlet_count":0,"master_deck":["AscendersBane","Strike_B","Strike_B","Defend_B","Defend_B","Defend_B","Defend_B","Zap","Dualcast","AT_RightCognition+1","Seek","White Noise","Genetic Algorithm+1","Cold Snap","AT_StudyProgram+1","Hologram","Coolheaded","Creative AI","CurseOfTheBell","Turbo+1"],"relics":["Cracked Core","AT_ATBox","Ornamental Fan","Juzu Bracelet","Calling Bell","AT_MibuBalloonWealth","Gremlin Horn","Torii","Nilry\u0027s Codex","Runic Capacitor"],"acts_visited":["Exordium","TheCity"],"potions_floor_usage":[24],"damage_taken":[{"damage":7.0,"enemies":"Small Slimes","floor":1.0,"turns":3.0},{"damage":0.0,"enemies":"Cultist","floor":3.0,"turns":3.0},{"damage":3.0,"enemies":"2 Louse","floor":4.0,"turns":3.0},{"damage":32.0,"enemies":"3 Sentries","floor":6.0,"turns":8.0},{"damage":11.0,"enemies":"Large Slime","floor":8.0,"turns":4.0},{"damage":0.0,"enemies":"Lagavulin","floor":11.0,"turns":5.0},{"damage":8.0,"enemies":"Looter","floor":14.0,"turns":4.0},{"damage":0.0,"enemies":"The Guardian","floor":16.0,"turns":7.0},{"damage":10.0,"enemies":"Chosen","floor":18.0,"turns":6.0},{"damage":31,"enemies":"Slavers","floor":24,"turns":3}],"seed_played":"-1961579164425434651","potions_obtained":[{"floor":4.0,"key":"PowerPotion"},{"floor":6.0,"key":"Energy Potion"},{"floor":16.0,"key":"Ancient Potion"}],"is_trial":false,"path_per_floor":["M","?","M","M","$","E","R","M","T","R","E","?","R","M","R","B",null,"M","?","?","?","$","R","E"],"character_chosen":"DEFECT","items_purchased":["AT_StudyProgram","Runic Capacitor","Turbo"],"campfire_rested":1,"item_purchase_floors":[5,22,22],"current_hp_per_floor":[57,57,57,54,54,22,22,11,11,32,32,32,32,24,24,24,59,49,49,49,28,28,28,0,0],"gold":60,"neow_bonus":"ONE_RANDOM_RARE_CARD","is_daily":false,"chose_seed":false,"campfire_upgraded":4,"win_rate":0.0,"timestamp":1614406214,"path_taken":["M","?","M","M","$","E","R","?","T","R","E","?","R","M","R","BOSS","M","?","?","?","?","R","E"],"items_purchased_type":["Card","Relic","Card"],"build_version":"2020-12-22","purchased_purges":0,"victory":false,"max_hp_per_floor":[71,71,71,71,71,71,71,71,71,71,71,71,71,71,71,71,71,71,71,71,71,71,71,71,71],"card_choices":[{"not_picked":["Sweeping Beam","AT_RobotInSpace"],"picked":"White Noise","floor":1.0},{"not_picked":["Compile Driver","AT_ThreeBodyProblem"],"picked":"Genetic Algorithm","floor":3.0},{"not_picked":["Blizzard","Tempest"],"picked":"Cold Snap","floor":4.0},{"not_picked":["Blizzard","Rebound","Leap"],"picked":"SKIP","floor":6.0},{"not_picked":["AT_HeatAcrobatics","Leap"],"picked":"Hologram","floor":8.0},{"not_picked":["Go for the Eyes","Steam Power","Force Field"],"picked":"SKIP","floor":11.0},{"not_picked":["Chaos","Ball Lightning"],"picked":"Coolheaded","floor":14.0},{"not_picked":["Core Surge","Hyperbeam"],"picked":"Creative AI","floor":16.0},{"not_picked":["Defragment","Consume","Leap"],"picked":"SKIP","floor":18.0}],"player_experience":648028,"relics_obtained":[{"floor":6.0,"key":"Ornamental Fan"},{"floor":11.0,"key":"Juzu Bracelet"},{"floor":17.0,"key":"AT_MibuBalloonWealth"},{"floor":17.0,"key":"Gremlin Horn"},{"floor":17.0,"key":"Torii"},{"floor":21.0,"key":"Nilry\u0027s Codex"}],"event_choices":[{"cards_removed":["Strike_B"],"damage_healed":0.0,"max_hp_gain":0.0,"max_hp_loss":0.0,"gold_gain":0.0,"event_name":"Wheel of Change","player_choice":"Card Removal","floor":2.0,"gold_loss":0.0,"damage_taken":0.0},{"damage_healed":0.0,"max_hp_gain":0.0,"max_hp_loss":0.0,"gold_gain":0.0,"event_name":"Liars Game","player_choice":"Ignored","floor":12.0,"gold_loss":0.0,"damage_taken":0.0},{"damage_healed":0.0,"max_hp_gain":0.0,"max_hp_loss":0.0,"gold_gain":0.0,"event_name":"Vampires","player_choice":"Ignored","floor":19.0,"gold_loss":0.0,"damage_taken":0.0},{"cards_removed":["Strike_B"],"damage_healed":0.0,"max_hp_gain":0.0,"max_hp_loss":0.0,"gold_gain":0.0,"event_name":"Back to Basics","player_choice":"Elegance","floor":20.0,"gold_loss":0.0,"damage_taken":0.0},{"damage_healed":0.0,"max_hp_gain":0.0,"max_hp_loss":0.0,"gold_gain":0.0,"event_name":"Cursed Tome","player_choice":"Obtained Book","floor":21.0,"gold_loss":0.0,"damage_taken":21.0}],"is_beta":false,"boss_relics":[{"not_picked":["SacredBark","Tiny House"],"picked":"Calling Bell"}],"items_purged_floors":[],"is_endless":false,"potions_floor_spawned":[4,6,14,16],"killed_by":"Slavers","ascension_level":20}}