{"host":"7vsti54a9aip3o1e","time":1614444927,"event":{"mods":["AchievementEnabler","BaseMod","Colored Map","Colored Powertips","Highlight Path","Minty Spire (QoL Compilation)","Quick Restart","Rare Cards Sparkle","SuperFastMode"],"gold_per_floor":[119,119,119,119,194,194,220,220,220,245,265,282,14,27,27,101,101,115,65,79,90,90,90,90,90,90,103,103,52,62,90,90,163,163,180,180,200,216,53,53,84,84,132,147,147,177,177,127,127,127],"floor_reached":51,"language":"ENG","playtime":1474,"items_purged":["Parasite"],"score":1411,"play_id":"ed557d32-cdd9-4c74-b738-f9d819c0623f","local_time":"20210227115527","is_ascension_mode":true,"campfire_choices":[{"data":"Dualcast","floor":6,"key":"SMITH"},{"data":"Defend_B","floor":8,"key":"SMITH"},{"data":"Scrape","floor":15,"key":"SMITH"},{"data":"Beam Cell","floor":23,"key":"SMITH"},{"floor":28,"key":"REST"},{"data":"FTL","floor":32,"key":"SMITH"},{"data":"Buffer","floor":40,"key":"SMITH"},{"data":"Zap","floor":42,"key":"SMITH"},{"data":"Echo Form","floor":45,"key":"SMITH"},{"data":"Panache","floor":49,"key":"SMITH"}],"circlet_count":0,"master_deck":["AscendersBane","Strike_B+1","Strike_B+1","Defend_B","Defend_B+1","Defend_B+1","Zap+1","Dualcast+1","Scrape+1","All For One+1","FTL+1","Scrape+1","Beam Cell+1","Echo Form+1","Coolheaded+1","Conserve Battery+1","Chill+1","J.A.X.+1","Hologram+1","Steam+1","Redo+1","Streamline+1","Buffer+1","Glacier+1","Gash","Good Instincts+1","Panache+1"],"relics":["Cracked Core","NeowsBlessing","Matryoshka","Eternal Feather","Ornamental Fan","Meat on the Bone","Toxic Egg 2","Empty Cage","Bronze Scales","Shuriken","Lizard Tail","Sozu","Whetstone","Toy Ornithopter","Smiling Mask","InkBottle"],"acts_visited":["Exordium","TheCity","TheBeyond"],"potions_floor_usage":[16,16,16],"damage_taken":[{"damage":0,"enemies":"Jaw Worm","floor":1,"turns":1},{"damage":0,"enemies":"Gremlin Nob","floor":7,"turns":1},{"damage":0,"enemies":"Lagavulin","floor":10,"turns":1},{"damage":7,"enemies":"Small Slimes","floor":11,"turns":2},{"damage":0,"enemies":"Cultist","floor":12,"turns":2},{"damage":1,"enemies":"2 Fungi Beasts","floor":14,"turns":2},{"damage":14,"enemies":"Slime Boss","floor":16,"turns":6},{"damage":18,"enemies":"Shell Parasite","floor":18,"turns":4},{"damage":7,"enemies":"Spheric Guardian","floor":20,"turns":3},{"damage":16,"enemies":"3 Cultists","floor":21,"turns":5},{"damage":24,"enemies":"Snake Plant","floor":27,"turns":4},{"damage":9,"enemies":"Sentry and Sphere","floor":30,"turns":5},{"damage":3,"enemies":"Slavers","floor":31,"turns":4},{"damage":31,"enemies":"Collector","floor":33,"turns":6},{"damage":3,"enemies":"Orb Walker","floor":35,"turns":3},{"damage":0,"enemies":"3 Shapes","floor":37,"turns":5},{"damage":8,"enemies":"Writhing Mass","floor":38,"turns":5},{"damage":29,"enemies":"Giant Head","floor":41,"turns":8},{"damage":2,"enemies":"Spire Growth","floor":44,"turns":5},{"damage":5,"enemies":"Reptomancer","floor":46,"turns":5},{"damage":43,"enemies":"Awakened One","floor":50,"turns":6}],"seed_played":"-3150682895607150012","potions_obtained":[{"floor":1,"key":"EntropicBrew"},{"floor":10,"key":"Energy Potion"},{"floor":14,"key":"Dexterity Potion"},{"floor":16,"key":"Fire Potion"}],"is_trial":false,"path_per_floor":["M","?","?","?","?","R","E","R","T","E","M","M","$","M","R","B",null,"M","?","M","M","?","R","?","?","T","M","R","$","M","E","R","B",null,"M","?","M","M","$","R","E","R","T","M","R","E","?","$","R","B",null],"character_chosen":"DEFECT","items_purchased":["Toxic Egg 2","Steam+1","Whetstone"],"campfire_rested":1,"item_purchase_floors":[13,29,39],"current_hp_per_floor":[64,69,46,46,35,35,35,35,35,35,40,40,40,39,48,46,69,51,51,44,40,40,49,27,27,27,15,51,51,42,51,63,44,72,69,69,69,61,61,76,47,62,62,60,75,70,60,60,75,44],"gold":127,"neow_bonus":"THREE_ENEMY_KILL","is_daily":false,"chose_seed":false,"campfire_upgraded":9,"win_rate":0.0,"timestamp":1614444927,"path_taken":["M","?","?","?","?","R","E","R","T","E","M","M","$","M","R","BOSS","M","?","?","M","?","R","?","?","T","?","R","$","M","E","R","BOSS","M","?","M","M","$","R","E","R","T","M","R","E","?","$","R","BOSS"],"items_purchased_type":["Relic","Card","Relic"],"build_version":"2020-12-22","purchased_purges":1,"victory":true,"max_hp_per_floor":[71,76,76,76,76,76,76,76,76,76,76,76,76,76,76,76,76,76,76,76,76,76,76,81,81,81,81,81,81,81,81,81,81,81,81,81,81,81,81,81,81,81,81,81,81,81,81,78,78,78],"card_choices":[{"not_picked":["Ball Lightning","Reprogram"],"picked":"Scrape","floor":1},{"not_picked":["Hologram","Conserve Battery"],"picked":"All For One","floor":7},{"not_picked":["Static Discharge","Self Repair"],"picked":"FTL","floor":10},{"not_picked":["Skim","Beam Cell","Barrage"],"picked":"SKIP","floor":11},{"not_picked":["Turbo","Redo"],"picked":"Scrape","floor":12},{"not_picked":["Chaos+1","Capacitor"],"picked":"Beam Cell","floor":14},{"not_picked":["Amplify+1","Biased Cognition"],"picked":"Echo Form","floor":16},{"not_picked":["Undo+1","Rebound"],"picked":"Coolheaded+1","floor":18},{"not_picked":["Leap+1","Cold Snap"],"picked":"Conserve Battery+1","floor":20},{"not_picked":["Force Field+1","Self Repair"],"picked":"Chill+1","floor":21},{"not_picked":["Scrape","Melter"],"picked":"Hologram+1","floor":27},{"not_picked":["Steam+1","Genetic Algorithm+1"],"picked":"Redo+1","floor":30},{"not_picked":["Compile Driver","Beam Cell"],"picked":"Streamline+1","floor":31},{"not_picked":["Biased Cognition","Amplify+1"],"picked":"Buffer","floor":33},{"not_picked":["Beam Cell","Fusion+1","Coolheaded+1"],"picked":"SKIP","floor":35},{"not_picked":["Ball Lightning+1","Sunder"],"picked":"Glacier+1","floor":37},{"not_picked":["Coolheaded+1","Cold Snap","Glacier+1"],"picked":"SKIP","floor":38},{"not_picked":["Scrape","FTL","Biased Cognition"],"picked":"SKIP","floor":41},{"not_picked":["Blizzard","Stack+1","Steam+1"],"picked":"SKIP","floor":44},{"not_picked":["Seek+1","Storm"],"picked":"Gash","floor":46},{"not_picked":["Secret Weapon+1","Jack Of All Trades+1"],"picked":"Good Instincts+1","floor":47},{"not_picked":["Apotheosis+1","Impatience+1"],"picked":"Panache","floor":47}],"player_experience":576047,"relics_obtained":[{"floor":7,"key":"Matryoshka"},{"floor":9,"key":"Eternal Feather"},{"floor":9,"key":"Ornamental Fan"},{"floor":10,"key":"Meat on the Bone"},{"floor":26,"key":"Bronze Scales"},{"floor":26,"key":"Shuriken"},{"floor":31,"key":"Lizard Tail"},{"floor":41,"key":"Toy Ornithopter"},{"floor":43,"key":"Smiling Mask"},{"floor":46,"key":"InkBottle"}],"event_choices":[{"damage_healed":0,"gold_gain":0,"player_choice":"Donut","damage_taken":0,"max_hp_gain":5,"max_hp_loss":0,"event_name":"Big Fish","floor":2,"gold_loss":0},{"damage_healed":0,"gold_gain":0,"player_choice":"Entered Light","damage_taken":23,"max_hp_gain":0,"max_hp_loss":0,"event_name":"Shining Light","floor":3,"gold_loss":0,"cards_upgraded":["Defend_B","Strike_B"]},{"damage_healed":0,"gold_gain":0,"player_choice":"Grow","damage_taken":0,"max_hp_gain":0,"max_hp_loss":0,"event_name":"Living Wall","floor":4,"gold_loss":0,"cards_upgraded":["Scrape"]},{"damage_healed":0,"gold_gain":75,"player_choice":"Gather Gold","damage_taken":11,"max_hp_gain":0,"max_hp_loss":0,"event_name":"World of Goop","floor":5,"gold_loss":0},{"damage_healed":0,"gold_gain":0,"player_choice":"Bet on Owner","damage_taken":0,"max_hp_gain":0,"max_hp_loss":0,"event_name":"The Joust","floor":19,"gold_loss":50},{"damage_healed":0,"gold_gain":0,"player_choice":"Obtain J.A.X.","damage_taken":0,"max_hp_gain":0,"max_hp_loss":0,"event_name":"Drug Dealer","floor":22,"gold_loss":0,"cards_obtained":["J.A.X."]},{"damage_healed":0,"gold_gain":0,"player_choice":"Shed Blood","damage_taken":27,"max_hp_gain":5,"max_hp_loss":0,"event_name":"Forgotten Altar","floor":24,"gold_loss":0},{"damage_healed":0,"gold_gain":0,"player_choice":"Ignored","damage_taken":0,"max_hp_gain":0,"max_hp_loss":0,"event_name":"N\u0027loth","floor":25,"gold_loss":0},{"cards_removed":["Defend_B"],"damage_healed":0,"gold_gain":0,"player_choice":"Removed Skill","damage_taken":0,"max_hp_gain":0,"max_hp_loss":0,"event_name":"Falling","floor":36,"gold_loss":0},{"damage_healed":0,"gold_gain":0,"player_choice":"Memory 3","damage_taken":10,"max_hp_gain":0,"max_hp_loss":0,"event_name":"SensoryStone","floor":47,"gold_loss":0}],"is_beta":false,"boss_relics":[{"not_picked":["Velvet Choker","SacredBark"],"picked":"Empty Cage"},{"not_picked":["Tiny House","Fusion Hammer"],"picked":"Sozu"}],"items_purged_floors":[48],"is_endless":false,"potions_floor_spawned":[1,10,14,16,18,20,38,46],"ascension_level":16}}