{"host":"bm1qfstn98p1odmu","time":1614441968,"event":{"mods":["AchievementEnabler","BaseMod","Bestiary","Block Reminder","Colored Map","Colored Powertips","DeckTracker","Highlight Path","Minty Spire (QoL Compilation)","Relic Stats","Replay The Spire","StS++","StSLib"],"gold_per_floor":[116,128,146,159,174,174,209,209,288,318,59,74,91,120,120,222,222,242,242,341,357,282,317,317,347,347,347,347,379,391,423,435,543,555,584,596,623,682,694,738,766,813,851,863,886,912,953,976,988,1000],"floor_reached":51,"language":"ENG","playtime":3194,"items_purged":["Strike_G"],"score":882,"play_id":"15942a0d-dcf3-4804-8300-6564f5b108ad","local_time":"20210227180608","is_ascension_mode":true,"campfire_choices":[{"data":"Calculated Gamble","floor":6,"key":"SMITH"},{"data":"StSpp:PoisonousPunch","floor":8,"key":"SMITH"},{"data":"Strike_G","floor":15,"key":"PURGE"},{"data":"Envenom","floor":24,"key":"SMITH"},{"data":"StSpp:PoisonousPunch","floor":27,"key":"SMITH"},{"data":"Backstab","floor":30,"key":"SMITH"},{"floor":32,"key":"REST"},{"data":"Neutralize","floor":49,"key":"SMITH"}],"circlet_count":0,"master_deck":["Strike_G","Strike_G","Strike_G","Defend_G","Defend_G","Defend_G","Defend_G","Defend_G","Survivor","Neutralize+1","CurseOfTheBell","StSpp:PoisonousPunch+1","Calculated Gamble+1","Backstab","StSpp:PoisonousPunch+1","Deflect","Backstab+1","Envenom+1","StSpp:Dive+1","Envenom+1","Bouncing Flask+1","Bane+1","Spreading Infection","Dagger Spray+1","Prepared+1"],"relics":["Calling Bell","Pet Ghost","Garlic","StSpp:BoiledEgg","Paper Crane","Gremlin Horn","Byrd Skull","Quantum Egg","ReplayFunnel","Busted Crown","Bottled Tornado","Iron Hammer","Molten Egg 2","MawBank","Cursed Key","Mango","Bottled Flame","Replay:Bottled Eggs","Vajra","Ornamental Fan"],"acts_visited":["Exordium","TheCity","TheBeyond"],"potions_floor_usage":[10,14,16,16,16,29,33,38,38,50,50],"damage_taken":[{"damage":0,"enemies":"Cultist","floor":1,"turns":4},{"damage":0,"enemies":"2 Louse","floor":2,"turns":3},{"damage":0,"enemies":"Small Slimes","floor":3,"turns":3},{"damage":7,"enemies":"Blue Slaver","floor":4,"turns":5},{"damage":0,"enemies":"Looter","floor":5,"turns":3},{"damage":14,"enemies":"3 Sentries","floor":7,"turns":11},{"damage":13,"enemies":"Lagavulin","floor":10,"turns":4},{"damage":0,"enemies":"Red Slaver","floor":12,"turns":3},{"damage":0,"enemies":"Large Slime","floor":13,"turns":3},{"damage":1,"enemies":"Replay:BlueRogue","floor":14,"turns":5},{"damage":30,"enemies":"Fading Forest","floor":16,"turns":11},{"damage":0,"enemies":"Shell Parasite","floor":18,"turns":2},{"damage":0,"enemies":"3 Byrds","floor":21,"turns":5},{"damage":10,"enemies":"Slavers","floor":23,"turns":8},{"damage":11,"enemies":"Book of Stabbing","floor":25,"turns":5},{"damage":19,"enemies":"Gremlin Leader","floor":29,"turns":5},{"damage":0,"enemies":"Shelled Parasite and Fungi","floor":31,"turns":3},{"damage":22,"enemies":"Automaton","floor":33,"turns":9},{"damage":0,"enemies":"3 Shapes","floor":35,"turns":3},{"damage":7,"enemies":"3 Darklings","floor":37,"turns":4},{"damage":0,"enemies":"2 Orb Walkers","floor":38,"turns":4},{"damage":0,"enemies":"R_Hoarder","floor":40,"turns":5},{"damage":2,"enemies":"Maw","floor":41,"turns":6},{"damage":3,"enemies":"Reptomancer","floor":42,"turns":6},{"damage":6,"enemies":"Transient","floor":45,"turns":5},{"damage":0,"enemies":"3 Darklings","floor":46,"turns":4},{"damage":12,"enemies":"Nemesis","floor":47,"turns":5},{"damage":0,"enemies":"Sphere and 2 Shapes","floor":48,"turns":4},{"damage":35,"enemies":"Awakened One","floor":50,"turns":13}],"seed_played":"647499796670947559","potions_obtained":[{"floor":2,"key":"Fire Potion"},{"floor":4,"key":"Dexterity Potion"},{"floor":5,"key":"Poison Potion"},{"floor":12,"key":"Adrenaline Potion"},{"floor":14,"key":"Poison Potion"},{"floor":25,"key":"PowerPotion"},{"floor":29,"key":"Block Potion"},{"floor":31,"key":"SkillPotion"},{"floor":33,"key":"Milkshake"},{"floor":37,"key":"Poison Potion"},{"floor":42,"key":"Swift Potion"},{"floor":46,"key":"SpeedPotion"},{"floor":48,"key":"Adrenaline Potion"}],"is_trial":false,"path_per_floor":["M","M","M","M","M","R","E","R","T","E","$","M","M","E","R_BF","B",null,"M","?","?","M","$","E","R","E","T","R","T","E","R","M","R","B",null,"M","?","M","?","$","E","M","E","T","?","M","M","E","M","R","B",null],"character_chosen":"THE_SILENT","items_purchased":["Quantum Egg"],"campfire_rested":1,"item_purchase_floors":[11],"current_hp_per_floor":[70,70,70,63,63,63,49,49,49,36,36,36,36,35,35,30,70,70,70,70,70,70,60,60,49,49,49,49,30,30,30,51,29,70,70,63,56,70,70,70,68,65,65,65,59,59,47,47,47,12],"gold":1012,"neow_bonus":"BOSS_RELIC","is_daily":false,"chose_seed":false,"campfire_upgraded":6,"win_rate":0.0,"timestamp":1614441968,"path_taken":["M","?","M","M","M","R","E","R","T","E","?","M","M","E","R_BF","BOSS","M","?","?","M","?","E","R","E","T","R","?","E","R","M","R","BOSS","M","?","?","?","$","E","M","E","T","?","M","M","E","M","R","BOSS"],"items_purchased_type":["Relic"],"build_version":"2020-12-22","purchased_purges":1,"victory":true,"max_hp_per_floor":[70,70,70,70,70,70,70,70,70,70,70,70,70,70,70,70,70,70,70,70,70,70,70,70,70,70,70,70,70,70,70,70,70,70,70,70,70,84,84,84,84,84,84,84,84,84,84,84,84,84],"relic_stats":{"Busted Crown":34,"Gremlin Horn":[35,35],"counters":[29,151],"Ornamental Fan":[32],"MawBank":264,"Cursed Key":1,"obtain_stats":[{"ReplayFunnel":14,"Gremlin Horn":9,"Quantum Egg":11,"Vajra":43,"StSpp:BoiledEgg":0,"Mango":38,"Paper Crane":7,"Bottled Tornado":23,"MawBank":29,"Cursed Key":34,"Pet Ghost":0,"Calling Bell":0,"Bottled Flame":40,"Busted Crown":17,"Ornamental Fan":47,"Molten Egg 2":28,"Iron Hammer":25,"Garlic":0,"Replay:Bottled Eggs":42,"Byrd Skull":10,"Ring of the Snake":0},{"ReplayFunnel":10,"Gremlin Horn":6,"Quantum Egg":7,"Vajra":24,"StSpp:BoiledEgg":0,"Mango":21,"Paper Crane":6,"Bottled Tornado":14,"MawBank":16,"Cursed Key":18,"Pet Ghost":0,"Calling Bell":0,"Bottled Flame":22,"Busted Crown":11,"Ornamental Fan":27,"Molten Egg 2":15,"Iron Hammer":15,"Garlic":0,"Replay:Bottled Eggs":24,"Byrd Skull":7,"Ring of the Snake":0},{"ReplayFunnel":44,"Gremlin Horn":29,"Quantum Egg":33,"Vajra":120,"StSpp:BoiledEgg":0,"Mango":103,"Paper Crane":29,"Bottled Tornado":70,"MawBank":80,"Cursed Key":92,"Pet Ghost":0,"Calling Bell":0,"Bottled Flame":108,"Busted Crown":55,"Ornamental Fan":134,"Molten Egg 2":75,"Iron Hammer":75,"Garlic":0,"Replay:Bottled Eggs":120,"Byrd Skull":33,"Ring of the Snake":0}]},"card_choices":[{"not_picked":["Acrobatics","PiercingWail"],"picked":"StSpp:PoisonousPunch","floor":1},{"not_picked":["PiercingWail","Accuracy","Night Terror"],"picked":"SKIP","floor":2},{"not_picked":["StSpp:CorrosivePoison","StSpp:StrikeFirst"],"picked":"Calculated Gamble","floor":3},{"not_picked":["StSpp:Anticipation","Blade Dance","Backstab"],"picked":"SKIP","floor":4},{"not_picked":["StSpp:Anticipation","Blade Dance"],"picked":"Backstab","floor":4},{"not_picked":["Distraction","Flechettes"],"picked":"StSpp:PoisonousPunch","floor":5},{"not_picked":["PiercingWail","Quick Slash"],"picked":"Deflect","floor":7},{"not_picked":["Outmaneuver","StSpp:SwitchWeapon","Underhanded Strike"],"picked":"SKIP","floor":10},{"not_picked":["StSpp:CorrosivePoison","Outmaneuver","Hidden Blade"],"picked":"SKIP","floor":12},{"not_picked":["StSpp:Dive","Quick Slash","Flying Knee"],"picked":"SKIP","floor":13},{"not_picked":["StSpp:TimeParadox","ReplayTheSpireMod:The Works"],"picked":"Backstab","floor":14},{"not_picked":["Adrenaline","Venomology"],"picked":"Envenom","floor":16},{"not_picked":["StSpp:Throw"],"picked":"SKIP","floor":18},{"not_picked":["Dagger Spray+1"],"picked":"SKIP","floor":21},{"not_picked":["Well Laid Plans"],"picked":"SKIP","floor":23},{"not_picked":["Prepared"],"picked":"SKIP","floor":25},{"not_picked":[],"picked":"StSpp:Dive+1","floor":29},{"not_picked":["Prepared"],"picked":"SKIP","floor":31},{"not_picked":[],"picked":"Envenom","floor":33},{"not_picked":[],"picked":"Bouncing Flask+1","floor":35},{"not_picked":["ReplayTheSpireMod:Shiv Toss"],"picked":"SKIP","floor":37},{"not_picked":[],"picked":"Bane+1","floor":38},{"not_picked":["Backflip"],"picked":"SKIP","floor":40},{"not_picked":["Cloak And Dagger+1"],"picked":"SKIP","floor":41},{"not_picked":["Die Die Die+1"],"picked":"SKIP","floor":42},{"not_picked":["PiercingWail+1"],"picked":"SKIP","floor":45},{"not_picked":[],"picked":"Dagger Spray+1","floor":46},{"not_picked":[],"picked":"Prepared+1","floor":47},{"not_picked":["Infinite Blades"],"picked":"SKIP","floor":48}],"player_experience":74510,"relics_obtained":[{"floor":0,"key":"Pet Ghost"},{"floor":0,"key":"Garlic"},{"floor":0,"key":"StSpp:BoiledEgg"},{"floor":7,"key":"Paper Crane"},{"floor":9,"key":"Gremlin Horn"},{"floor":10,"key":"Byrd Skull"},{"floor":14,"key":"ReplayFunnel"},{"floor":23,"key":"Bottled Tornado"},{"floor":25,"key":"Iron Hammer"},{"floor":28,"key":"Molten Egg 2"},{"floor":29,"key":"MawBank"},{"floor":38,"key":"Mango"},{"floor":40,"key":"Bottled Flame"},{"floor":42,"key":"Replay:Bottled Eggs"},{"floor":43,"key":"Vajra"},{"floor":47,"key":"Ornamental Fan"}],"event_choices":[{"damage_healed":0,"gold_gain":0,"player_choice":"Ignored","damage_taken":0,"max_hp_gain":0,"max_hp_loss":0,"event_name":"Cursed Tome","floor":19,"gold_loss":0},{"damage_healed":0,"gold_gain":99,"player_choice":"Stole From Cult","damage_taken":0,"max_hp_gain":0,"max_hp_loss":0,"event_name":"Nest","floor":20,"gold_loss":0},{"damage_healed":0,"gold_gain":0,"player_choice":"Damaged","damage_taken":7,"max_hp_gain":0,"max_hp_loss":0,"event_name":"Wheel of Change","floor":36,"gold_loss":0},{"damage_healed":0,"gold_gain":0,"player_choice":"Fight","damage_taken":0,"max_hp_gain":0,"max_hp_loss":0,"event_name":"Mysterious Sphere","floor":38,"gold_loss":0},{"damage_healed":0,"gold_gain":0,"player_choice":"Ignored","damage_taken":0,"max_hp_gain":0,"max_hp_loss":0,"event_name":"SecretPortal","floor":44,"gold_loss":0}],"is_beta":false,"boss_relics":[{"not_picked":["StSpp:FireArrow","Empty Cage"],"picked":"Busted Crown"},{"not_picked":["Coffee Dripper","ReplayTheSpireMod:DimensionalGlitch"],"picked":"Cursed Key"}],"items_purged_floors":[22],"is_endless":false,"potions_floor_spawned":[2,4,5,12,14,25,29,31,33,37,42,46,48],"ascension_level":1}}