{"host":"sr8h12zimc8zi8zs","time":1614432072,"event":{"mods":["2.2 Compatiblity","AchievementEnabler","BaseMod","CapriCore","Colored Map","GifTheSpireLib","GungeonMod","Minty Spire (QoL Compilation)","Permanent Neow","StSLib","The Jungle"],"gold_per_floor":[115,135,150,170,186,186,186,186,210,223,223,286,286,334,334,460,460,480,480,480,504,127,127,127],"floor_reached":23,"language":"KOR","playtime":1588,"items_purged":[],"score":226,"play_id":"cd0a4a1c-6981-404f-86dc-849a6ea069ca","local_time":"20210227222112","is_ascension_mode":false,"campfire_choices":[{"data":"DemoMod:ManualReload","floor":6.0,"key":"SMITH"},{"floor":11.0,"key":"REST"},{"data":"DemoMod:TableSutra","floor":13.0,"key":"SMITH"},{"floor":15.0,"key":"REST"}],"circlet_count":0,"master_deck":["DemoMod:Strike_Huntress","DemoMod:Defend_Huntress","DemoMod:Defend_Huntress","DemoMod:Defend_Huntress","DemoMod:Defend_Huntress","DemoMod:Roll+1","DemoMod:ManualReload+1","DemoMod:RustySidearm+1","DemoMod:CrossBow","DemoMod:HardPowerCard","DemoMod:SuppressiveFire","DemoMod:TableSutra+1","DemoMod:StickyCrossBow","DemoMod:HardPowerCard","DemoMod:HardPowerCard","DemoMod:DarkMarker","DemoMod:Slinger","DemoMod:TripleGun","DemoMod:BulletBore","DemoMod:Purify+1","DemoMod:LifeOrb","DemoMod:FinishedGun","DemoMod:PotionOfGunFriendShip","DemoMod:Unmoved","DemoMod:SkilledReload"],"relics":["DemoMod:Dog","Golden Idol","Peace Pipe","DemoMod:Plus1Bullets","DemoMod:ElasticCartridgeClip","DemoMod:GlassGuonStoneRelic","Nloth\u0027s Gift"],"acts_visited":["Exordium","TheCity"],"potions_floor_usage":[],"damage_taken":[{"damage":6.0,"enemies":"Jaw Worm","floor":1.0,"turns":3.0},{"damage":0.0,"enemies":"Small Slimes","floor":2.0,"turns":3.0},{"damage":0.0,"enemies":"Cultist","floor":3.0,"turns":4.0},{"damage":0.0,"enemies":"2 Fungi Beasts","floor":4.0,"turns":4.0},{"damage":10.0,"enemies":"3 Louse","floor":5.0,"turns":4.0},{"damage":1.0,"enemies":"Blue Slaver","floor":10.0,"turns":4.0},{"damage":0.0,"enemies":"Lagavulin","floor":12.0,"turns":7.0},{"damage":9.0,"enemies":"Gremlin Nob","floor":14.0,"turns":5.0},{"damage":1.0,"enemies":"Hexaghost","floor":16.0,"turns":8.0},{"damage":5.0,"enemies":"2 Thieves","floor":18.0,"turns":5.0},{"damage":0,"enemies":"Chosen","floor":21,"turns":5},{"damage":0,"enemies":"Gremlin Leader","floor":23,"turns":1}],"seed_played":"1899984346107996447","potions_obtained":[{"floor":2.0,"key":"EssenceOfSteel"},{"floor":4.0,"key":"DuplicationPotion"},{"floor":10.0,"key":"PowerPotion"},{"floor":12.0,"key":"Block Potion"},{"floor":18.0,"key":"SkillPotion"}],"is_trial":false,"path_per_floor":["M","M","M","M","M","R","?","?","T","M","R","E","R","E","R","B",null,"M","?","?","M","$","E"],"character_chosen":"HUNTRESS","items_purchased":["DemoMod:LifeOrb","DemoMod:FinishedGun","DemoMod:PotionOfGunFriendShip","DemoMod:Unmoved","DemoMod:SkilledReload"],"campfire_rested":2,"item_purchase_floors":[22,22,22,22,22],"current_hp_per_floor":[43,43,43,43,33,33,16,2,2,1,22,22,22,13,34,33,70,65,65,65,65,65,65,65],"gold":127,"neow_bonus":"ONE_RARE_RELIC","is_daily":false,"chose_seed":false,"campfire_upgraded":2,"win_rate":0.0,"timestamp":1614432072,"path_taken":["M","M","M","M","M","R","?","?","T","M","R","E","R","E","R","BOSS","M","?","?","M","$","E"],"items_purchased_type":["Card","Card","Card","Card","Card"],"build_version":"2020-12-22","purchased_purges":0,"victory":false,"max_hp_per_floor":[70,70,70,70,70,70,70,70,70,70,70,70,70,70,70,70,70,70,70,70,70,70,70,70],"card_choices":[{"not_picked":["DemoMod:MachoBrace","DemoMod:DoubleSwitch"],"picked":"DemoMod:HardPowerCard","floor":1.0},{"not_picked":["DemoMod:HuntsMan","DemoMod:Rummage"],"picked":"DemoMod:SuppressiveFire","floor":2.0},{"not_picked":["DemoMod:ZorGun","DemoMod:Polaris"],"picked":"DemoMod:TableSutra","floor":3.0},{"not_picked":["DemoMod:ConditionalReflex","DemoMod:Ejector"],"picked":"DemoMod:StickyCrossBow","floor":4.0},{"not_picked":["DemoMod:HungryBullets","DemoMod:BoxingGlove"],"picked":"DemoMod:HardPowerCard","floor":5.0},{"not_picked":["DemoMod:Camera","DemoMod:LifeOrb"],"picked":"DemoMod:HardPowerCard","floor":10.0},{"not_picked":["DemoMod:Unmoved","DemoMod:DoubleSwitch","DemoMod:MachoBrace"],"picked":"SKIP","floor":12.0},{"not_picked":["DemoMod:ChanceBullets","DemoMod:HighKaliber"],"picked":"DemoMod:DarkMarker","floor":14.0},{"not_picked":["DemoMod:Eureka","DemoMod:ThirdPartyController"],"picked":"DemoMod:Slinger","floor":16.0},{"not_picked":["DemoMod:AC15","DemoMod:GunstockTap","DemoMod:BattleInHaste"],"picked":"SKIP","floor":18.0},{"not_picked":["DemoMod:Unmoved","DemoMod:TripleGun"],"picked":"DemoMod:Purify+1","floor":21}],"player_experience":174706,"relics_obtained":[{"floor":12.0,"key":"Peace Pipe"},{"floor":14.0,"key":"DemoMod:Plus1Bullets"}],"event_choices":[{"damage_healed":0.0,"max_hp_gain":0.0,"max_hp_loss":0.0,"gold_gain":0.0,"event_name":"Golden Idol","player_choice":"Take Damage","floor":7.0,"gold_loss":0.0,"damage_taken":17.0,"relics_obtained":["Golden Idol"]},{"damage_healed":0.0,"max_hp_gain":0.0,"max_hp_loss":0.0,"gold_gain":0.0,"event_name":"Shining Light","player_choice":"Entered Light","floor":8.0,"gold_loss":0.0,"damage_taken":14.0,"cards_upgraded":["DemoMod:Roll","DemoMod:RustySidearm"]},{"damage_healed":0,"gold_gain":0,"cards_transformed":["DemoMod:Strike_Huntress","DemoMod:Strike_Huntress"],"player_choice":"Became Test Subject","damage_taken":0,"max_hp_gain":0,"max_hp_loss":0,"event_name":"Drug Dealer","floor":19,"gold_loss":0,"cards_obtained":["DemoMod:TripleGun","DemoMod:BulletBore"]},{"damage_healed":0,"gold_gain":0,"player_choice":"Traded Relic","damage_taken":0,"relics_obtained":["Nloth\u0027s Gift"],"max_hp_gain":0,"max_hp_loss":0,"event_name":"N\u0027loth","floor":20,"relics_lost":["WingedGreaves"],"gold_loss":0}],"is_beta":false,"boss_relics":[{"not_picked":["Velvet Choker","Busted Crown"],"picked":"DemoMod:ElasticCartridgeClip"}],"items_purged_floors":[],"is_endless":false,"potions_floor_spawned":[2,4,10,12,18],"killed_by":"Gremlin Leader","ascension_level":0}}