{"host":"6p0attdrtjqaih7v","time":1614460059,"event":{"mods":["2.2 Compatiblity","AchievementEnabler","BaseMod","Better Skull","Better Third Choice","Better Vampires","Card Filter","Colored Powertips","Hermit","Highlight Path","Hubris","Key Reminder","Minty Spire (QoL Compilation)","Permanent Neow","Quick Restart","Random Character Button","Relic Filter","Relic Stats","Reliquary","Replay The Spire","Robot Space Explorer","StSLib","The Construct","The Hayseed","The Runesmith","The Witch"],"gold_per_floor":[109,126,51,65,65,65,65],"floor_reached":6,"language":"ENG","playtime":220,"items_purged":[],"score":72,"play_id":"c3bb43ce-6533-4ace-b2db-2e1a8394eab9","local_time":"20210227160739","is_ascension_mode":true,"campfire_choices":[],"circlet_count":0,"master_deck":["AscendersBane","Strike_G","Strike_G","Strike_G","Strike_G","Defend_G","Defend_G","Defend_G","Defend_G","Defend_G","Survivor","Neutralize","Sucker Punch","Dagger Spray"],"relics":["Ring of the Snake","ReplayTheSpireMod:Lightbulb","Darkstone Periapt"],"acts_visited":["Exordium"],"potions_floor_usage":[6],"damage_taken":[{"damage":1,"enemies":"Jaw Worm","floor":1,"turns":4},{"damage":1,"enemies":"Small Slimes","floor":2,"turns":3},{"damage":0,"enemies":"2 Louse","floor":4,"turns":4},{"damage":57,"enemies":"Lagavulin","floor":6,"turns":10}],"seed_played":"-1881757691658022899","potions_obtained":[{"floor":4,"key":"Ancient Potion"}],"is_trial":false,"path_per_floor":["M","M","?","M","T","E"],"character_chosen":"THE_SILENT","items_purchased":[],"campfire_rested":0,"item_purchase_floors":[],"current_hp_per_floor":[58,57,57,57,57,0,0],"gold":65,"neow_bonus":"RANDOM_COMMON_RELIC","is_daily":false,"chose_seed":false,"campfire_upgraded":0,"win_rate":0.0,"timestamp":1614460059,"path_taken":["M","M","?","M","?","E"],"items_purchased_type":[],"build_version":"2020-12-22","purchased_purges":0,"victory":false,"max_hp_per_floor":[66,66,66,66,66,66,66],"relic_stats":{"Darkstone Periapt":0,"counters":[4,21],"obtain_stats":[{"Darkstone Periapt":5,"ReplayTheSpireMod:Lightbulb":0,"Ring of the Snake":0},{"Darkstone Periapt":3,"ReplayTheSpireMod:Lightbulb":0,"Ring of the Snake":0},{"Darkstone Periapt":11,"ReplayTheSpireMod:Lightbulb":0,"Ring of the Snake":0}],"Ring of the Snake":[8]},"card_choices":[{"not_picked":["Deadly Poison","PiercingWail"],"picked":"Sucker Punch","floor":1},{"not_picked":["Cloak And Dagger","PiercingWail"],"picked":"Dagger Spray","floor":2},{"not_picked":["Deadly Poison","Bane","Night Terror"],"picked":"SKIP","floor":4}],"player_experience":1246228,"relics_obtained":[{"floor":5,"key":"Darkstone Periapt"}],"event_choices":[{"cards_removed":["Strike_G"],"damage_healed":0,"gold_gain":0,"player_choice":"Card Removal","damage_taken":0,"max_hp_gain":0,"max_hp_loss":0,"event_name":"The Cleric","floor":3,"gold_loss":75}],"is_beta":false,"boss_relics":[],"items_purged_floors":[],"is_endless":false,"potions_floor_spawned":[4],"killed_by":"Lagavulin","ascension_level":20}}