{"host":"i7jfea87xc8lz16p","time":1614419002,"event":{"mods":["AchievementEnabler","BaseMod","Colored Powertips","Minty Spire (QoL Compilation)","Relic Stats"],"gold_per_floor":[115,128,147,163,176,176,176,202,202,202,202,222,222,222],"floor_reached":13,"language":"ENG","playtime":508,"items_purged":[],"score":174,"play_id":"d1441a4a-f75c-49a9-8d8e-1ad638732650","local_time":"20210227104322","is_ascension_mode":true,"campfire_choices":[{"floor":6,"key":"REST"},{"data":"Predator","floor":10,"key":"SMITH"}],"circlet_count":0,"master_deck":["AscendersBane","Strike_G","Strike_G","Strike_G","Strike_G","Strike_G","Defend_G","Defend_G","Defend_G","Defend_G","Defend_G","Survivor","Neutralize","Predator+1","Infinite Blades","Dagger Spray","Masterful Stab"],"relics":["Ring of the Snake","Singing Bowl","Dead Branch","Toxic Egg 2"],"acts_visited":["Exordium"],"potions_floor_usage":[8,12,13,13],"damage_taken":[{"damage":3,"enemies":"Cultist","floor":1,"turns":5},{"damage":6,"enemies":"Small Slimes","floor":2,"turns":4},{"damage":2,"enemies":"2 Louse","floor":3,"turns":2},{"damage":14,"enemies":"Lots of Slimes","floor":4,"turns":5},{"damage":10,"enemies":"3 Louse","floor":5,"turns":4},{"damage":14,"enemies":"3 Sentries","floor":8,"turns":9},{"damage":14,"enemies":"2 Fungi Beasts","floor":12,"turns":5},{"damage":39,"enemies":"Lagavulin","floor":13,"turns":8}],"seed_played":"-3426529163439704774","potions_obtained":[{"floor":2,"key":"LiquidMemories"},{"floor":4,"key":"SkillPotion"},{"floor":8,"key":"Regen Potion"},{"floor":12,"key":"Swift Potion"}],"is_trial":false,"path_per_floor":["M","M","M","M","M","R","?","E","T","R","?","M","E"],"character_chosen":"THE_SILENT","items_purchased":[],"campfire_rested":1,"item_purchase_floors":[],"current_hp_per_floor":[62,56,54,40,30,51,51,39,39,39,28,28,0,0],"gold":222,"neow_bonus":"TEN_PERCENT_HP_BONUS","is_daily":false,"chose_seed":false,"campfire_upgraded":1,"win_rate":0.0,"timestamp":1614419002,"path_taken":["M","?","M","M","M","R","?","E","T","R","?","M","E"],"items_purchased_type":[],"build_version":"2020-12-22","purchased_purges":0,"victory":false,"max_hp_per_floor":[72,72,72,72,72,72,72,74,74,74,74,74,74,74],"relic_stats":{"Singing Bowl":2,"counters":[8,42],"Dead Branch":[8],"obtain_stats":[{"Singing Bowl":8,"Dead Branch":9,"Toxic Egg 2":11,"Ring of the Snake":0},{"Singing Bowl":6,"Dead Branch":6,"Toxic Egg 2":6,"Ring of the Snake":0},{"Singing Bowl":29,"Dead Branch":29,"Toxic Egg 2":29,"Ring of the Snake":0}],"Ring of the Snake":[16]},"card_choices":[{"not_picked":["Dodge and Roll","Backflip","Underhanded Strike"],"picked":"SKIP","floor":1},{"not_picked":["Dodge and Roll","Underhanded Strike"],"picked":"Predator","floor":2},{"not_picked":["Reflex","Backflip"],"picked":"Infinite Blades","floor":3},{"not_picked":["Flechettes","Night Terror","Slice"],"picked":"SKIP","floor":4},{"not_picked":["Bane","Cloak And Dagger"],"picked":"Dagger Spray","floor":5},{"not_picked":["Well Laid Plans","Slice","Wraith Form v2"],"picked":"Singing Bowl","floor":8},{"not_picked":["Cloak And Dagger+1","Noxious Fumes"],"picked":"Masterful Stab","floor":12}],"player_experience":1851703,"relics_obtained":[{"floor":8,"key":"Singing Bowl"},{"floor":9,"key":"Dead Branch"}],"event_choices":[{"damage_healed":0,"gold_gain":0,"player_choice":"Ignored","damage_taken":0,"max_hp_gain":0,"max_hp_loss":0,"event_name":"Liars Game","floor":7,"gold_loss":0},{"damage_healed":0,"gold_gain":0,"player_choice":"Success","damage_taken":11,"relics_obtained":["Toxic Egg 2"],"max_hp_gain":0,"max_hp_loss":0,"event_name":"Scrap Ooze","floor":11,"gold_loss":0}],"is_beta":false,"boss_relics":[],"items_purged_floors":[],"is_endless":false,"potions_floor_spawned":[2,4,8,12],"killed_by":"Lagavulin","ascension_level":20}}