{"host":"338bkdl2yirdp2ct","time":1614458134,"event":{"mods":["2.2 Compatiblity","AchievementEnabler","BaseMod","Card Forge","Challenge The Spire","Colored Powertips","Custom Start","Dark Map","DeckTracker","Highlight Path","Minty Spire (QoL Compilation)","Quick Restart","Random Character Button","Relic Sorter","Relic Stats","StSLib","Uncapped","Unceasing Turn Reminder","slay the spire mod where everything is the same but ironclad has a cowboy hat"],"gold_per_floor":[119,119,134,134,148,183,183,183,208,208,228,255,269,269,269,344,344,354,368,34,34,34,61,76,101,127,139,139,474,474,474,474,552,552,564,564,574,574,599,631,648,683,759,791,837,837,837,288,288,288,288,288,288,321,321,321],"floor_reached":55,"language":"ENG","playtime":745,"items_purged":[],"score":2441,"play_id":"147ef60c-f322-4b0c-bf48-4064c971c992","local_time":"20210227123534","is_ascension_mode":true,"campfire_choices":[{"floor":7,"key":"RECALL"},{"floor":10,"key":"REST"},{"floor":15,"key":"REST"},{"floor":28,"key":"REST"},{"floor":32,"key":"REST"},{"floor":46,"key":"REST"},{"floor":49,"key":"REST"},{"floor":52,"key":"REST"}],"circlet_count":0,"master_deck":["AscendersBane","Grand Finale+1","Grand Finale+1","Grand Finale+1","Grand Finale+1"],"relics":["Burning Blood","Anvil of the Gods","Hammer of Thor","Seething Fire","NeowsBlessing","Pen Nib","PreservedInsect","Toy Ornithopter","Black Star","Bag of Marbles","Omamori","MutagenicStrength","Necronomicon","Ancient Tea Set","Champion Belt","Letter Opener","Bottled Flame","Anchor","Old Coin","Calling Bell","Boot","Question Card","Gambling Chip","Prayer Wheel","Molten Egg 2","Happy Flower","Akabeko","Dream Catcher","Meat on the Bone","Kunai","Juzu Bracelet","StoneCalendar","Vajra","Bronze Scales","TheAbacus","Dead Branch","Orichalcum"],"acts_visited":["Exordium","TheCity","TheBeyond","TheEnding"],"potions_floor_usage":[],"damage_taken":[{"damage":14,"enemies":"Small Slimes","floor":1,"turns":3},{"damage":0,"enemies":"Cultist","floor":3,"turns":1},{"damage":0,"enemies":"2 Louse","floor":5,"turns":1},{"damage":0,"enemies":"Gremlin Nob","floor":6,"turns":1},{"damage":0,"enemies":"2 Fungi Beasts","floor":11,"turns":1},{"damage":0,"enemies":"3 Sentries","floor":12,"turns":1},{"damage":0,"enemies":"Red Slaver","floor":13,"turns":1},{"damage":3,"enemies":"The Guardian","floor":16,"turns":2},{"damage":0,"enemies":"Spheric Guardian","floor":18,"turns":1},{"damage":0,"enemies":"Chosen","floor":19,"turns":1},{"damage":0,"enemies":"Slavers","floor":23,"turns":1},{"damage":0,"enemies":"Shelled Parasite and Fungi","floor":24,"turns":1},{"damage":0,"enemies":"Book of Stabbing","floor":25,"turns":1},{"damage":0,"enemies":"Cultist and Chosen","floor":27,"turns":1},{"damage":0,"enemies":"Slavers","floor":29,"turns":1},{"damage":0,"enemies":"Automaton","floor":33,"turns":2},{"damage":0,"enemies":"3 Darklings","floor":35,"turns":1},{"damage":4,"enemies":"3 Shapes","floor":37,"turns":1},{"damage":0,"enemies":"Mind Bloom Boss Battle","floor":39,"turns":1},{"damage":0,"enemies":"Giant Head","floor":40,"turns":1},{"damage":0,"enemies":"Maw","floor":41,"turns":1},{"damage":0,"enemies":"Reptomancer","floor":42,"turns":1},{"damage":0,"enemies":"Giant Head","floor":44,"turns":1},{"damage":0,"enemies":"2 Orb Walkers","floor":45,"turns":1},{"damage":0,"enemies":"Time Eater","floor":50,"turns":2},{"damage":0,"enemies":"Shield and Spear","floor":54,"turns":1},{"damage":86,"enemies":"The Heart","floor":55,"turns":3}],"seed_played":"-5827185859961322759","potions_obtained":[{"floor":1,"key":"Dexterity Potion"},{"floor":3,"key":"Weak Potion"},{"floor":39,"key":"PowerPotion"},{"floor":54,"key":"LiquidMemories"}],"is_trial":false,"path_per_floor":["M","?","M","?","M","E","R","$","T","R","M","E","M","?","R","B",null,"M","M","$","?","?","E","M","E","T","M","R","E","?","?","R","B",null,"M","?","M","?","?","E","M","E","T","E","?","R","?","$","R","B",null,"R","$","E","B"],"character_chosen":"IRONCLAD","items_purchased":["Bag of Marbles","Omamori","Vajra","Bronze Scales","TheAbacus","BloodPotion"],"campfire_rested":7,"item_purchase_floors":[20,20,48,48,48,48],"current_hp_per_floor":[60,60,66,71,77,80,80,80,80,80,80,80,80,76,80,80,80,80,80,80,80,59,65,71,77,77,80,80,80,80,80,80,80,80,80,90,90,85,85,85,85,85,85,85,85,85,85,85,85,85,85,85,85,85,0,0],"gold":321,"neow_bonus":"THREE_ENEMY_KILL","is_daily":false,"chose_seed":false,"campfire_upgraded":0,"win_rate":0.0,"timestamp":1614458134,"path_taken":["M","?","?","?","M","E","R","$","T","R","M","E","M","?","R","BOSS","M","M","$","?","?","E","M","E","T","M","R","E","?","?","R","BOSS","M","?","?","?","?","E","M","E","T","E","?","R","?","?","R","BOSS","R","$","E","BOSS"],"items_purchased_type":["Relic","Relic","Relic","Relic","Relic","Potion"],"build_version":"2020-12-22","purchased_purges":0,"victory":false,"max_hp_per_floor":[75,75,75,80,80,80,80,80,80,80,80,80,80,80,80,80,80,80,80,80,80,80,80,80,80,80,80,80,80,80,80,80,80,80,80,90,90,85,85,85,85,85,85,85,85,85,85,85,85,85,85,85,85,85,85,85],"relic_stats":{"Happy Flower":[3],"counters":[27,34],"Dead Branch":[4],"StoneCalendar":[0],"Pen Nib":[5],"PreservedInsect":563,"Juzu Bracelet":1,"Letter Opener":[0],"Orichalcum":[6],"Boot":[0],"Question Card":14,"Burning Blood":49,"Dream Catcher":3,"TheAbacus":[18],"Gambling Chip":[1],"Bronze Scales":[33],"Prayer Wheel":1,"Black Star":7,"Necronomicon":[0],"Champion Belt":[25],"Kunai":[3],"obtain_stats":[{"Vajra":48,"StoneCalendar":45,"Hammer of Thor":0,"Juzu Bracelet":44,"Ancient Tea Set":23,"Boot":34,"Burning Blood":0,"Old Coin":29,"Dream Catcher":42,"TheAbacus":48,"Gambling Chip":34,"Prayer Wheel":39,"Necronomicon":22,"Kunai":44,"NeowsBlessing":0,"Happy Flower":40,"Dead Branch":54,"Pen Nib":6,"PreservedInsect":9,"Omamori":20,"Seething Fire":0,"Letter Opener":25,"Orichalcum":54,"Question Card":34,"Akabeko":42,"Calling Bell":34,"Bottled Flame":25,"Anchor":29,"Anvil of the Gods":0,"MutagenicStrength":21,"Bronze Scales":48,"Molten Egg 2":40,"Black Star":17,"Bag of Marbles":20,"Champion Belt":23,"Toy Ornithopter":12,"Meat on the Bone":43},{"Vajra":24,"StoneCalendar":24,"Hammer of Thor":0,"Juzu Bracelet":23,"Ancient Tea Set":11,"Boot":16,"Burning Blood":0,"Old Coin":15,"Dream Catcher":22,"TheAbacus":24,"Gambling Chip":16,"Prayer Wheel":19,"Necronomicon":10,"Kunai":23,"NeowsBlessing":0,"Happy Flower":20,"Dead Branch":26,"Pen Nib":4,"PreservedInsect":4,"Omamori":10,"Seething Fire":0,"Letter Opener":13,"Orichalcum":26,"Question Card":16,"Akabeko":22,"Calling Bell":16,"Bottled Flame":13,"Anchor":15,"Anvil of the Gods":0,"MutagenicStrength":10,"Bronze Scales":24,"Molten Egg 2":20,"Black Star":8,"Bag of Marbles":10,"Champion Belt":11,"Toy Ornithopter":6,"Meat on the Bone":22},{"Vajra":28,"StoneCalendar":28,"Hammer of Thor":0,"Juzu Bracelet":27,"Ancient Tea Set":14,"Boot":20,"Burning Blood":0,"Old Coin":18,"Dream Catcher":26,"TheAbacus":28,"Gambling Chip":20,"Prayer Wheel":23,"Necronomicon":13,"Kunai":27,"NeowsBlessing":0,"Happy Flower":24,"Dead Branch":31,"Pen Nib":6,"PreservedInsect":6,"Omamori":13,"Seething Fire":0,"Letter Opener":16,"Orichalcum":31,"Question Card":20,"Akabeko":26,"Calling Bell":20,"Bottled Flame":16,"Anchor":18,"Anvil of the Gods":0,"MutagenicStrength":13,"Bronze Scales":28,"Molten Egg 2":24,"Black Star":11,"Bag of Marbles":13,"Champion Belt":14,"Toy Ornithopter":8,"Meat on the Bone":26}],"Toy Ornithopter":0,"Meat on the Bone":0},"card_choices":[{"not_picked":["Whirlwind","Entrench","Dropkick"],"picked":"SKIP","floor":1},{"not_picked":["Headbutt","Burning Pact","Heavy Blade"],"picked":"SKIP","floor":3},{"not_picked":["Intimidate","Infernal Blade","Heavy Blade"],"picked":"SKIP","floor":5},{"not_picked":["Sword Boomerang","Anger","Dropkick"],"picked":"SKIP","floor":6},{"not_picked":["Blood for Blood","Havoc","Body Slam"],"picked":"SKIP","floor":11},{"not_picked":["Cleave","Heavy Blade","Flame Barrier"],"picked":"SKIP","floor":12},{"not_picked":["Warcry","Metallicize","Anger"],"picked":"SKIP","floor":13},{"not_picked":["Shockwave","Second Wind","Fire Breathing"],"picked":"SKIP","floor":18},{"not_picked":["Pummel","Thunderclap","Iron Wave+1"],"picked":"SKIP","floor":19},{"not_picked":["Spot Weakness","Blood for Blood+1","Entrench"],"picked":"SKIP","floor":23},{"not_picked":["Heavy Blade","Pommel Strike","Iron Wave"],"picked":"SKIP","floor":24},{"not_picked":["Ghostly Armor","True Grit","Limit Break"],"picked":"SKIP","floor":25},{"not_picked":["Clothesline","Flame Barrier","Heavy Blade+1"],"picked":"SKIP","floor":27},{"not_picked":["Inflame","Anger","Iron Wave"],"picked":"SKIP","floor":29},{"not_picked":["Flex","Havoc","Inflame+1","Flame Barrier"],"picked":"SKIP","floor":35},{"not_picked":["Shockwave","Warcry","Twin Strike","Wild Strike"],"picked":"SKIP","floor":37},{"not_picked":["Metallicize+1","Ghostly Armor","Havoc","Feed+1"],"picked":"SKIP","floor":40},{"not_picked":["Rage+1","Intimidate+1","Feel No Pain","Combust"],"picked":"SKIP","floor":41},{"not_picked":["Anger+1","Shrug It Off+1","Flame Barrier","Battle Trance"],"picked":"SKIP","floor":41},{"not_picked":["Intimidate+1","Sever Soul+1","Pommel Strike+1","Shockwave"],"picked":"SKIP","floor":42},{"not_picked":["Impervious","Headbutt+1","Flex+1","Disarm"],"picked":"SKIP","floor":44},{"not_picked":["Thunderclap+1","Headbutt+1","Hemokinesis+1","Infernal Blade+1"],"picked":"SKIP","floor":54}],"player_experience":1189180,"relics_obtained":[{"floor":6,"key":"Pen Nib"},{"floor":9,"key":"PreservedInsect"},{"floor":12,"key":"Toy Ornithopter"},{"floor":22,"key":"Necronomicon"},{"floor":23,"key":"Ancient Tea Set"},{"floor":23,"key":"Champion Belt"},{"floor":25,"key":"Letter Opener"},{"floor":25,"key":"Bottled Flame"},{"floor":29,"key":"Anchor"},{"floor":29,"key":"Old Coin"},{"floor":34,"key":"Boot"},{"floor":34,"key":"Question Card"},{"floor":34,"key":"Gambling Chip"},{"floor":39,"key":"Prayer Wheel"},{"floor":40,"key":"Molten Egg 2"},{"floor":40,"key":"Happy Flower"},{"floor":42,"key":"Akabeko"},{"floor":42,"key":"Dream Catcher"},{"floor":43,"key":"Meat on the Bone"},{"floor":44,"key":"Kunai"},{"floor":44,"key":"Juzu Bracelet"},{"floor":45,"key":"StoneCalendar"},{"floor":54,"key":"Dead Branch"},{"floor":54,"key":"Orichalcum"}],"event_choices":[{"damage_healed":0,"gold_gain":0,"player_choice":"Ignored","damage_taken":0,"max_hp_gain":0,"max_hp_loss":0,"event_name":"Upgrade Shrine","floor":2,"gold_loss":0},{"damage_healed":0,"gold_gain":0,"player_choice":"Donut","damage_taken":0,"max_hp_gain":5,"max_hp_loss":0,"event_name":"Big Fish","floor":4,"gold_loss":0},{"damage_healed":0,"gold_gain":0,"player_choice":"Bought 0 Potions","damage_taken":0,"max_hp_gain":0,"max_hp_loss":0,"event_name":"The Woman in Blue","floor":14,"gold_loss":0},{"damage_healed":0,"gold_gain":0,"player_choice":"Inject Mutagens","damage_taken":0,"relics_obtained":["MutagenicStrength"],"max_hp_gain":0,"max_hp_loss":0,"event_name":"Drug Dealer","floor":21,"gold_loss":0},{"damage_healed":0,"gold_gain":0,"player_choice":"Obtained Book","damage_taken":21,"max_hp_gain":0,"max_hp_loss":0,"event_name":"Cursed Tome","floor":22,"gold_loss":0},{"damage_healed":0,"gold_gain":0,"player_choice":"Ignored","damage_taken":0,"max_hp_gain":0,"max_hp_loss":0,"event_name":"Beggar","floor":30,"gold_loss":0},{"damage_healed":0,"gold_gain":0,"player_choice":"Ignored","damage_taken":0,"max_hp_gain":0,"max_hp_loss":0,"event_name":"Ghosts","floor":31,"gold_loss":0},{"cards_removed":["Grand Finale"],"damage_healed":0,"gold_gain":0,"player_choice":"Offered Rare","damage_taken":0,"max_hp_gain":10,"max_hp_loss":0,"event_name":"Bonfire Elementals","floor":36,"gold_loss":0},{"damage_healed":0,"gold_gain":0,"player_choice":"Max HP","damage_taken":0,"max_hp_gain":0,"max_hp_loss":5,"event_name":"Winding Halls","floor":38,"gold_loss":0},{"damage_healed":0,"gold_gain":0,"player_choice":"Fight","damage_taken":0,"max_hp_gain":0,"max_hp_loss":0,"event_name":"MindBloom","floor":39,"gold_loss":0},{"damage_healed":0,"gold_gain":0,"player_choice":"Fight","damage_taken":0,"max_hp_gain":0,"max_hp_loss":0,"event_name":"Mysterious Sphere","floor":45,"gold_loss":0},{"damage_healed":0,"gold_gain":0,"player_choice":"Memory 1","damage_taken":0,"max_hp_gain":0,"max_hp_loss":0,"event_name":"SensoryStone","floor":47,"gold_loss":0}],"is_beta":false,"boss_relics":[{"not_picked":["SlaversCollar","Busted Crown"],"picked":"Black Star"},{"not_picked":["Coffee Dripper","SacredBark"],"picked":"Calling Bell"}],"items_purged_floors":[],"is_endless":false,"potions_floor_spawned":[1,3,5,11,13,18,19,24,29,39,40,42,45,54],"killed_by":"The Heart","ascension_level":18}}