{"host":"bplbr8uekuotory4","time":1614421333,"event":{"mods":["Act Like it!","BaseMod","GungeonMod","Hermit","KinomotoSakuraMod(木之本樱)","Marisa（F雨　魔理沙）","Minty Spire (QoL Compilation)","Prisma Mod","Quick Restart","Reimu（博丽灵梦）","SOS（斯巴达之子）","Spicy Shops","StSLib","TestMod","The Blackbeard","The Cursed","The Mystic","The Saiyan","The Senshi","The Servant 0.9.4","Yuri Mod","[IsaacMod]以撒尖塔"],"gold_per_floor":[115,40,40,63,14,50,225,625,625,700,650,665,705,86,86,210,210,234,234,234,234,234],"floor_reached":21,"language":"ZHS","playtime":390,"items_purged":["Normality","Strike_Lin:ReiMu","NB:ReiMu"],"score":300,"play_id":"23af334b-e2d4-46b6-94c8-961d29f3696d","local_time":"20210227182213","is_ascension_mode":true,"campfire_choices":[{"data":"SealNeedle:ReiMu","floor":15,"key":"SMITH"}],"circlet_count":0,"master_deck":["AscendersBane","Strike_Lin:ReiMu","Strike_Lin:ReiMu","Defend_Lin:ReiMu","Defend_Lin:ReiMu","Defend_Lin:ReiMu","Stagnation:ReiMu","Conquer:ReiMu","OrbThrow:ReiMu","TightArray:ReiMu","CareerPray:ReiMu","SealNeedle:ReiMu+1","CardOfSanctity:ReiMu"],"relics":["FlyPower:ReiMu","HushsDoor","Leech","testmod-ArcanaOfDestiny","D6","Bloody Idol","Regal Pillow","DemoMod:JetPack","Juzu Bracelet","DemoMod:SerJunkan","DemoMod:MonsterBlood","Empty Cage"],"acts_visited":["Exordium","TheCity"],"potions_floor_usage":[13,16,16],"damage_taken":[{"damage":1,"enemies":"Small Slimes","floor":1,"turns":3},{"damage":0,"enemies":"Cultist","floor":4,"turns":2},{"damage":10,"enemies":"Gremlin Nob","floor":6,"turns":4},{"damage":0,"enemies":"2 Louse","floor":12,"turns":2},{"damage":5,"enemies":"3 Sentries","floor":13,"turns":5},{"damage":5,"enemies":"The Guardian","floor":16,"turns":7},{"damage":18,"enemies":"2 Thieves","floor":18,"turns":3},{"damage":0,"enemies":"Chosen","floor":21,"turns":1}],"seed_played":"2457564316692309914","potions_obtained":[{"floor":4,"key":"Swift Potion"},{"floor":12,"key":"BottledKami:ReiMu"}],"is_trial":false,"path_per_floor":["M","$","?","M","$","E","?","?","T","?","?","M","E","$","R","B",null,"M","?","?","M"],"character_chosen":"REIMU","items_purchased":["DemoMod:LeadSkinPotion","DemoMod:SerJunkan","DemoMod:MonsterBlood"],"campfire_rested":0,"item_purchase_floors":[5,14,14],"current_hp_per_floor":[61,61,45,47,47,41,41,41,41,30,30,31,31,38,38,39,64,48,48,48,48,48],"gold":234,"neow_bonus":"ONE_RARE_RELIC","is_daily":false,"chose_seed":false,"campfire_upgraded":1,"win_rate":0.0,"timestamp":1614421333,"path_taken":["M","$","?","?","?","E","?","?","T","?","?","M","E","$","R","BOSS","M","?","?","M"],"items_purchased_type":["Undefined","Relic","Relic"],"build_version":"2020-12-22","purchased_purges":3,"victory":false,"max_hp_per_floor":[65,65,65,65,65,65,65,65,65,65,65,65,65,72,72,72,72,72,72,72,72,72],"card_choices":[{"not_picked":["ShadowOfCrow2:ReiMu","OrbThrow:ReiMu"],"picked":"Conquer:ReiMu","floor":1},{"not_picked":["Enchanting:ReiMu","UniversalSpiritual:ReiMu"],"picked":"OrbThrow:ReiMu","floor":4},{"not_picked":["Amulet:ReiMu","HakureiPhantom:ReiMu"],"picked":"TightArray:ReiMu","floor":6},{"not_picked":["Conquer:ReiMu","CollectionFlower2:ReiMu"],"picked":"CareerPray:ReiMu","floor":12},{"not_picked":["AirStrike:ReiMu","TightArray:ReiMu"],"picked":"SealNeedle:ReiMu","floor":13},{"not_picked":["CleanRite:ReiMu","Shading:ReiMu"],"picked":"CardOfSanctity:ReiMu","floor":16},{"not_picked":["PhosphorusFlame:ReiMu","LearningPray:ReiMu+1","SafetyPray:ReiMu"],"picked":"SKIP","floor":18}],"player_experience":1203353,"relics_obtained":[{"floor":6,"key":"Regal Pillow"},{"floor":9,"key":"DemoMod:JetPack"},{"floor":13,"key":"Juzu Bracelet"}],"event_choices":[{"damage_healed":0,"gold_gain":0,"player_choice":"Take Damage","damage_taken":16,"relics_obtained":["Golden Idol"],"max_hp_gain":0,"max_hp_loss":0,"event_name":"Golden Idol","floor":3,"gold_loss":0},{"damage_healed":0,"gold_gain":175,"player_choice":"AGREE","damage_taken":0,"max_hp_gain":0,"max_hp_loss":0,"event_name":"Liars Game","floor":7,"gold_loss":0,"cards_obtained":["Doubt"]},{"damage_healed":0,"gold_gain":400,"player_choice":"Sell","damage_taken":0,"max_hp_gain":0,"max_hp_loss":0,"event_name":"恩洛斯的盘子","floor":8,"relics_lost":["testmod-TestBox"],"gold_loss":0},{"damage_healed":0,"gold_gain":75,"player_choice":"Gather Gold","damage_taken":11,"max_hp_gain":0,"max_hp_loss":0,"event_name":"World of Goop","floor":10,"gold_loss":0},{"cards_removed":["Doubt"],"damage_healed":0,"gold_gain":0,"player_choice":"Card Removal","damage_taken":0,"max_hp_gain":0,"max_hp_loss":0,"event_name":"The Cleric","floor":11,"gold_loss":50},{"damage_healed":0,"gold_gain":0,"player_choice":"Ignored","damage_taken":0,"max_hp_gain":0,"max_hp_loss":0,"event_name":"Vampires","floor":19,"gold_loss":0},{"damage_healed":0,"gold_gain":0,"player_choice":"Gave Idol","damage_taken":0,"relics_obtained":["Bloody Idol"],"max_hp_gain":0,"max_hp_loss":0,"event_name":"Forgotten Altar","floor":20,"relics_lost":["Golden Idol"],"gold_loss":0}],"is_beta":false,"boss_relics":[{"not_picked":["Busted Crown","testmod-PortableAltar"],"picked":"Empty Cage"},{"not_picked":[]}],"items_purged_floors":[2,14,14],"is_endless":false,"potions_floor_spawned":[4,12],"killed_by":"Chosen","ascension_level":10}}