{"host":"nwyj08ts91jkyezn","time":1614429572,"event":{"mods":["AchievementEnabler","BaseMod","Colored Map","DeckTracker","Minty Spire (QoL Compilation)","Rare Cards Sparkle","StSLib","SuperFastMode","everything is the same but u backflip on backflip"],"gold_per_floor":[115,64,80,95,95,95,95,95,176,176,217,175,196,216,216,347,347,361,17,0,19,19,19],"floor_reached":22,"language":"KOR","playtime":506,"items_purged":["Strike_B"],"score":230,"play_id":"abc3603b-c959-4d6d-b39c-bf27ed642209","local_time":"20210227213932","is_ascension_mode":true,"campfire_choices":[{"data":"Coolheaded","floor":6.0,"key":"SMITH"},{"data":"Zap","floor":8.0,"key":"SMITH"},{"data":"Dualcast","floor":10.0,"key":"SMITH"},{"floor":15,"key":"REST"}],"circlet_count":0,"master_deck":["Strike_B+1","Strike_B","Strike_B+1","Defend_B","Defend_B","Defend_B","Defend_B","Zap+1","Dualcast+1","Coolheaded+1","Self Repair","Recycle","Thunder Strike","Reboot","Chaos","Barrage","Redo"],"relics":["Cracked Core","NeowsBlessing","Strawberry","Golden Idol","Question Card","Blood Vial","Inserter","PreservedInsect"],"acts_visited":["Exordium","TheCity"],"potions_floor_usage":[16,16,21,22],"damage_taken":[{"damage":0.0,"enemies":"Small Slimes","floor":1.0,"turns":1.0},{"damage":0.0,"enemies":"Cultist","floor":3.0,"turns":1.0},{"damage":0.0,"enemies":"2 Louse","floor":4.0,"turns":1.0},{"damage":36.0,"enemies":"Gremlin Nob","floor":11.0,"turns":4.0},{"damage":4,"enemies":"2 Fungi Beasts","floor":13,"turns":5},{"damage":9,"enemies":"3 Louse","floor":14,"turns":3},{"damage":42,"enemies":"Hexaghost","floor":16,"turns":11},{"damage":25,"enemies":"Chosen","floor":18,"turns":7},{"damage":19,"enemies":"2 Thieves","floor":21,"turns":4},{"damage":38,"enemies":"3 Cultists","floor":22,"turns":3}],"seed_played":"-810623722730711999","potions_obtained":[{"floor":1.0,"key":"SteroidPotion"},{"floor":4.0,"key":"Fire Potion"},{"floor":11.0,"key":"FocusPotion"},{"floor":21,"key":"SkillPotion"}],"is_trial":false,"path_per_floor":["M","?","M","M","?","R","?","R","T","R","E","?","M","M","R","B",null,"M","$","?","M","M"],"character_chosen":"DEFECT","items_purchased":["PreservedInsect","Barrage","DuplicationPotion"],"campfire_rested":1,"item_purchase_floors":[19,19,19],"current_hp_per_floor":[75,82,82,82,76,76,61,61,61,61,32,32,37,37,59,26,64,48,48,48,31,0,0],"gold":19,"neow_bonus":"THREE_ENEMY_KILL","is_daily":false,"chose_seed":false,"campfire_upgraded":3,"win_rate":0.0,"timestamp":1614429572,"path_taken":["M","?","?","?","?","R","?","R","T","R","E","?","M","M","R","BOSS","M","$","?","M","M"],"items_purchased_type":["Relic","Card","Potion"],"build_version":"2020-12-22","purchased_purges":1,"victory":false,"max_hp_per_floor":[75,82,82,82,76,76,76,76,76,76,76,76,76,76,76,76,76,76,76,76,76,76,76],"card_choices":[{"not_picked":["Force Field","Undo","Steam Power"],"picked":"SKIP","floor":1.0},{"not_picked":["Gash","Steam"],"picked":"Coolheaded","floor":3.0},{"not_picked":["Beam Cell","Cold Snap"],"picked":"Self Repair","floor":4.0},{"not_picked":["Gash","Barrage","Blizzard","FTL"],"picked":"SKIP","floor":11.0},{"not_picked":["Gash","Barrage","Blizzard","FTL"],"picked":"SKIP","floor":11.0},{"not_picked":["Static Discharge","Steam","Gash"],"picked":"Recycle","floor":13},{"not_picked":["Go for the Eyes","Beam Cell","Tempest"],"picked":"Thunder Strike","floor":14},{"not_picked":["Core Surge","Electrodynamics","Echo Form"],"picked":"Reboot","floor":16},{"not_picked":["Hologram","Hello World","Recycle"],"picked":"Chaos","floor":18},{"not_picked":["Gash","Recycle+1","Ball Lightning"],"picked":"Redo","floor":21}],"player_experience":1071081,"relics_obtained":[{"floor":9.0,"key":"Question Card"},{"floor":11.0,"key":"Blood Vial"}],"event_choices":[{"damage_healed":0.0,"max_hp_gain":0.0,"max_hp_loss":0.0,"gold_gain":0.0,"event_name":"WeMeetAgain","player_choice":"Paid Gold","floor":2.0,"gold_loss":51.0,"damage_taken":0.0,"relics_obtained":["Strawberry"]},{"damage_healed":0.0,"max_hp_gain":0.0,"max_hp_loss":6.0,"gold_gain":0.0,"event_name":"Golden Idol","player_choice":"Lose Max HP","floor":5.0,"gold_loss":0.0,"damage_taken":0.0,"relics_obtained":["Golden Idol"]},{"damage_healed":0.0,"max_hp_gain":0.0,"max_hp_loss":0.0,"gold_gain":0.0,"event_name":"Shining Light","player_choice":"Entered Light","floor":7.0,"gold_loss":0.0,"damage_taken":15.0,"cards_upgraded":["Strike_B","Strike_B"]},{"damage_healed":0.0,"max_hp_gain":0.0,"max_hp_loss":0.0,"gold_gain":0.0,"event_name":"World of Goop","player_choice":"Left Gold","floor":12.0,"gold_loss":42.0,"damage_taken":0.0},{"damage_healed":0,"gold_gain":0,"player_choice":"Paid Fearfully","damage_taken":0,"max_hp_gain":0,"max_hp_loss":0,"event_name":"Masked Bandits","floor":20,"gold_loss":17}],"is_beta":false,"boss_relics":[{"not_picked":["Snecko Eye","Ectoplasm"],"picked":"Inserter"}],"items_purged_floors":[19],"is_endless":false,"potions_floor_spawned":[1,4,11,21],"killed_by":"3 Cultists","ascension_level":5}}