{"host":"a1urfede5pixhbtg","time":1614434606,"event":{"mods":["BaseMod","Downfall","Minty Spire (QoL Compilation)","Quick Restart","Replay The Spire","StSLib"],"gold_per_floor":[99,119,139,151,166,4,4,23,23,40,74,74,74,74,89,185,185,185,196,214,226,226,226,226,226,42,61,71,35,35,35,35],"floor_reached":30,"language":"ZHS","playtime":1557,"items_purged":["downfall:Bewildered"],"score":234,"play_id":"4c1ddd0d-e65d-4e2f-879c-6cf1f307ba66","local_time":"20210227220326","is_ascension_mode":false,"campfire_choices":[{"data":"Guardian:TwinSlam","floor":1.0,"key":"SMITH"},{"data":"Guardian:Clone","floor":9.0,"key":"SMITH"},{"floor":12.0,"key":"REST"},{"data":"Guardian:BaubleBeam","floor":18.0,"key":"SMITH"},{"data":"Guardian:ConstructionForm","floor":23.0,"key":"SMITH"}],"circlet_count":0,"master_deck":["Guardian:Strike_Guardian","Guardian:Strike_Guardian","Guardian:Strike_Guardian","Guardian:Defend_Guardian","Guardian:Defend_Guardian","Guardian:Defend_Guardian","Guardian:Defend_Guardian","Guardian:CurlUp","Guardian:TwinSlam+1","AbeCurse","Guardian:Gem_Lightblue","Guardian:DecasProtection+1","Guardian:Clone+1","Guardian:BaubleBeam+1","Guardian:ConstructionForm+1","Guardian:CrystalBeam","Guardian:Gem_Lightblue","Guardian:Clone","Guardian:Recover","Purity","Guardian:PolyBeam","Guardian:VentSteam","Guardian:PrimingBeam"],"relics":["Abe\u0027s Treasure","Pet Ghost","The Courier","Kunai","Replay:Bronze Core","Replay:WaspNest","sneckomod:BabySnecko"],"acts_visited":["Exordium","TheCity"],"potions_floor_usage":[],"damage_taken":[{"damage":6.0,"enemies":"Cultist","floor":2.0,"turns":4.0},{"damage":8.0,"enemies":"Jaw Worm","floor":3.0,"turns":3.0},{"damage":0.0,"enemies":"2 Louse","floor":4.0,"turns":2.0},{"damage":17.0,"enemies":"Exordium Thugs","floor":5.0,"turns":10.0},{"damage":8.0,"enemies":"downfall:FleeingMerchant","floor":6.0,"turns":4.0},{"damage":9.0,"enemies":"3 Louse","floor":8.0,"turns":6.0},{"damage":5.0,"enemies":"Blue Slaver","floor":10.0,"turns":4.0},{"damage":18.0,"enemies":"Replay:BlueRogue","floor":11.0,"turns":12.0},{"damage":4.0,"enemies":"Exordium Thugs","floor":15.0,"turns":6.0},{"damage":19.0,"enemies":"IC_STATUS_ARCHETYPE","floor":16.0,"turns":9.0},{"damage":0.0,"enemies":"Chosen","floor":19.0,"turns":4.0},{"damage":0.0,"enemies":"Spheric Guardian","floor":20.0,"turns":5.0},{"damage":0.0,"enemies":"Snecko","floor":21.0,"turns":6.0},{"damage":12.0,"enemies":"downfall:FleeingMerchant","floor":26.0,"turns":5.0},{"damage":14.0,"enemies":"Snake Plant","floor":27.0,"turns":6.0},{"damage":23,"enemies":"Sentry and Sphere","floor":28,"turns":5},{"damage":8,"enemies":"downfall:FleeingMerchant","floor":29,"turns":4},{"damage":0,"enemies":"Gremlin Leader","floor":30,"turns":1}],"seed_played":"758336493098873186","potions_obtained":[{"floor":3.0,"key":"SpeedPotion"},{"floor":10.0,"key":"AttackPotion"},{"floor":11.0,"key":"ColorlessPotion"},{"floor":21.0,"key":"Explosive Potion"},{"floor":27.0,"key":"ColorlessPotion"}],"is_trial":false,"path_per_floor":["R","M","M","M","M","$","T","M","R","M","E","R","?","?","M","B",null,"R","M","M","M","?","R","T","?","$","M","M","$","E"],"character_chosen":"GUARDIAN","items_purchased":["Pet Ghost","Purity","Guardian:PolyBeam","Guardian:PrimingBeam"],"campfire_rested":1,"item_purchase_floors":[6,26,26,29],"current_hp_per_floor":[80,74,66,66,49,41,41,32,32,27,9,33,33,33,29,10,80,80,80,80,80,80,80,80,80,68,54,31,23,23,23,23],"gold":35,"neow_bonus":"BOSS_RELIC","is_daily":false,"chose_seed":false,"campfire_upgraded":4,"win_rate":0.0,"timestamp":1614434606,"path_taken":["R","M","?","M","?","$","T","M","R","M","E","R","?","?","M","BOSS","R","M","M","M","?","R","T","?","$","M","M","$","E"],"items_purchased_type":["Relic","Card","Card","Card"],"build_version":"2020-12-22","purchased_purges":1,"victory":false,"max_hp_per_floor":[80,80,80,80,80,80,80,80,80,80,80,80,80,80,80,80,80,80,80,80,80,80,80,80,80,80,80,80,80,80,80,80],"card_choices":[{"not_picked":["Guardian:CrystalBeam","Guardian:Recover"],"picked":"Guardian:Gem_Cyan","floor":2.0},{"not_picked":["Guardian:PrismaticBeam","Guardian:PiercingHide"],"picked":"Guardian:Gem_Lightblue","floor":3.0},{"not_picked":["Guardian:Incinerate","Guardian:Gem_Lightblue"],"picked":"Guardian:Gem_Green","floor":4.0},{"not_picked":["Guardian:Suspension","Guardian:PrismaticBeam"],"picked":"Guardian:Gem_White","floor":5.0},{"not_picked":["Guardian:WalkerClaw","Guardian:Repulse"],"picked":"Guardian:DecasProtection","floor":6.0},{"not_picked":["Guardian:Reroute","Guardian:Suspension"],"picked":"Guardian:Clone","floor":8.0},{"not_picked":["Guardian:Incinerate","Guardian:Reroute"],"picked":"Guardian:Gem_Fragmented","floor":10.0},{"not_picked":["Guardian:PrismaticBarrier","Guardian:Emergency"],"picked":"Guardian:BaubleBeam","floor":11.0},{"not_picked":["Guardian:ArmoredProtocol","Guardian:Gem_Red","Guardian:Reroute"],"picked":"SKIP","floor":15.0},{"not_picked":["Guardian:SphericShield","Guardian:Gem_Synthetic"],"picked":"Guardian:ConstructionForm","floor":16.0},{"not_picked":["Guardian:BronzeArmor","Guardian:Incinerate"],"picked":"Guardian:CrystalBeam","floor":19.0},{"not_picked":["Guardian:Reroute","Guardian:WalkerClaw+1"],"picked":"Guardian:Gem_Lightblue","floor":20.0},{"not_picked":["Guardian:Gem_Lightblue","Guardian:WalkerClaw"],"picked":"Guardian:Clone","floor":21.0},{"not_picked":["Guardian:Orbwalk+1","Guardian:AncientConstruct"],"picked":"Guardian:Recover","floor":26.0},{"not_picked":["Guardian:Gem_Purple","Guardian:ShieldSpikes+1"],"picked":"Guardian:VentSteam","floor":27.0},{"not_picked":["Guardian:RefractedBeam","Guardian:Recover+1","Guardian:Reroute"],"picked":"SKIP","floor":28},{"not_picked":["Guardian:TemporalShield","Guardian:StasisField","Guardian:Gem_Green"],"picked":"SKIP","floor":29}],"player_experience":154137,"relics_obtained":[{"floor":7.0,"key":"The Courier"},{"floor":11.0,"key":"Kunai"},{"floor":24.0,"key":"Replay:WaspNest"}],"event_choices":[],"is_beta":false,"boss_relics":[{"not_picked":["Replay:Ancient Bell","SacredBark"],"picked":"Replay:Bronze Core"}],"items_purged_floors":[26],"is_endless":false,"potions_floor_spawned":[3,10,11,15,21,27],"killed_by":"Gremlin Leader","ascension_level":0}}