{"host":"mithrandi","time":1614420846,"event":{"mods":["BaseMod","Colored Map","Highlight Path","Minty Spire (QoL Compilation)","SuperFastMode"],"gold_per_floor":[116,127,142,59,69,69,95,113,136,136,82,82,82],"floor_reached":12,"language":"ENG","playtime":467,"items_purged":[],"score":160,"play_id":"733d0109-a1ad-4089-a6ac-63dfe2636356","local_time":"20210227121406","is_ascension_mode":true,"campfire_choices":[{"data":"Conserve Battery","floor":6,"key":"SMITH"},{"floor":10,"key":"REST"}],"circlet_count":0,"master_deck":["AscendersBane","Strike_B","Strike_B","Strike_B","Strike_B","Defend_B","Defend_B","Defend_B","Defend_B","Zap","Dualcast","Echo Form","Conserve Battery+1","Coolheaded","Sunder","Genetic Algorithm","Redo","Compile Driver"],"relics":["Cracked Core","Gremlin Horn","MealTicket"],"acts_visited":["Exordium"],"potions_floor_usage":[7,12],"damage_taken":[{"damage":4,"enemies":"2 Louse","floor":1,"turns":3},{"damage":7,"enemies":"Small Slimes","floor":2,"turns":3},{"damage":7,"enemies":"Jaw Worm","floor":3,"turns":5},{"damage":5,"enemies":"Looter","floor":5,"turns":5},{"damage":11,"enemies":"Lagavulin","floor":7,"turns":7},{"damage":20,"enemies":"Large Slime","floor":8,"turns":6},{"damage":29,"enemies":"Gremlin Nob","floor":12,"turns":3}],"seed_played":"3768949884413903823","potions_obtained":[{"floor":1,"key":"FocusPotion"},{"floor":5,"key":"ColorlessPotion"}],"is_trial":false,"path_per_floor":["M","M","M","$","M","R","E","M","T","R","?","E"],"character_chosen":"DEFECT","items_purchased":["Sunder"],"campfire_rested":1,"item_purchase_floors":[4],"current_hp_per_floor":[60,53,46,46,41,41,30,10,10,29,29,0,0],"gold":82,"neow_bonus":"THREE_RARE_CARDS","is_daily":false,"chose_seed":false,"campfire_upgraded":1,"win_rate":0.0,"timestamp":1614420846,"path_taken":["M","M","M","$","M","R","E","M","T","R","?","E"],"items_purchased_type":["Card"],"build_version":"2020-12-18","purchased_purges":0,"victory":false,"max_hp_per_floor":[64,64,64,64,64,64,64,64,64,64,64,64,64],"card_choices":[{"not_picked":["All For One","Meteor Strike"],"picked":"Echo Form","floor":0},{"not_picked":["Heatsinks","Reprogram"],"picked":"Conserve Battery","floor":1},{"not_picked":["Darkness","Lockon","Beam Cell"],"picked":"SKIP","floor":2},{"not_picked":["Undo","Gash"],"picked":"Coolheaded","floor":3},{"not_picked":["Beam Cell","Conserve Battery"],"picked":"Genetic Algorithm","floor":5},{"not_picked":["Hello World","Fusion"],"picked":"Redo","floor":7},{"not_picked":["Streamline","Barrage"],"picked":"Compile Driver","floor":8}],"player_experience":3172192,"relics_obtained":[{"floor":7,"key":"Gremlin Horn"},{"floor":9,"key":"MealTicket"}],"event_choices":[{"damage_healed":0,"gold_gain":0,"player_choice":"Left Gold","damage_taken":0,"max_hp_gain":0,"max_hp_loss":0,"event_name":"World of Goop","floor":11,"gold_loss":54}],"is_beta":true,"boss_relics":[],"items_purged_floors":[],"is_endless":false,"potions_floor_spawned":[1,5],"killed_by":"Gremlin Nob","ascension_level":20}}