{"host":"yqw1zpryoutrnocq","time":1614458306,"event":{"mods":["2.2 Compatiblity","AchievementEnabler","BaseMod","Colored Map","Custom Start","DeckTracker","Minty Spire (QoL Compilation)","StSLib","SuperFastMode"],"gold_per_floor":[111,131,151,151,161,161,194,194,194,194,212,229,248,173,173,247,247,263,263,275,290,307,307,322,322,370,383,393,393,393,393,393],"floor_reached":31,"language":"KOR","playtime":956,"items_purged":["Strike_G"],"score":401,"play_id":"5b31dd44-3703-4406-8daf-34a828480a99","local_time":"20210227143826","is_ascension_mode":true,"campfire_choices":[{"data":"Neutralize","floor":6,"key":"SMITH"},{"data":"Deadly Poison","floor":8,"key":"SMITH"},{"data":"Crippling Poison","floor":10,"key":"SMITH"},{"floor":15,"key":"REST"},{"data":"Footwork","floor":23,"key":"SMITH"},{"data":"Bouncing Flask","floor":25,"key":"SMITH"},{"data":"Bullet Time","floor":30,"key":"SMITH"}],"circlet_count":0,"master_deck":["AscendersBane","Defend_G","Defend_G","Defend_G","Defend_G","Defend_G","Survivor","Neutralize+1","Backflip","Deadly Poison+1","Crippling Poison+1","PiercingWail","Tactician","Footwork+1","Glass Knife","Prepared+1","Burst+1","After Image+1","Bouncing Flask+1","Noxious Fumes","PiercingWail","Blur","Bullet Time+1","Expertise+1","Prepared","Backflip"],"relics":["Ring of the Snake","Nunchaku","Paper Crane","Sundial","Astrolabe","Shuriken","Smiling Mask"],"acts_visited":["TheCity"],"potions_floor_usage":[5,20,24],"damage_taken":[{"damage":0,"enemies":"Cultist","floor":1,"turns":4},{"damage":0,"enemies":"2 Louse","floor":2,"turns":3},{"damage":0,"enemies":"Small Slimes","floor":3,"turns":4},{"damage":27,"enemies":"Gremlin Gang","floor":5,"turns":9},{"damage":19,"enemies":"Gremlin Nob","floor":7,"turns":5},{"damage":6,"enemies":"3 Louse","floor":11,"turns":2},{"damage":0,"enemies":"2 Fungi Beasts","floor":12,"turns":3},{"damage":0,"enemies":"Blue Slaver","floor":13,"turns":3},{"damage":22,"enemies":"Hexaghost","floor":16,"turns":11},{"damage":6,"enemies":"Spheric Guardian","floor":18,"turns":6},{"damage":4,"enemies":"Shell Parasite","floor":20,"turns":6},{"damage":9,"enemies":"Snake Plant","floor":21,"turns":6},{"damage":3,"enemies":"Sentry and Sphere","floor":22,"turns":6},{"damage":5,"enemies":"Snecko","floor":24,"turns":4},{"damage":14,"enemies":"3 Cultists","floor":27,"turns":7},{"damage":6,"enemies":"Centurion and Healer","floor":28,"turns":9},{"damage":8,"enemies":"Slavers","floor":31,"turns":3}],"seed_played":"4088759400700017933","potions_obtained":[{"floor":2,"key":"Poison Potion"},{"floor":11,"key":"Explosive Potion"},{"floor":13,"key":"Energy Potion"},{"floor":22,"key":"Poison Potion"}],"is_trial":false,"path_per_floor":["M","M","M","?","M","R","E","R","T","R","M","M","M","$","R","B",null,"M","?","M","M","M","R","M","R","T","M","M","?","R","E"],"character_chosen":"THE_SILENT","items_purchased":[],"campfire_rested":1,"item_purchase_floors":[],"current_hp_per_floor":[63,63,63,56,29,29,10,10,10,10,4,4,4,4,25,3,53,47,47,43,34,31,31,26,26,26,12,6,6,6,0,0],"gold":393,"neow_bonus":"RANDOM_COMMON_RELIC","is_daily":false,"chose_seed":false,"campfire_upgraded":6,"win_rate":0.0,"timestamp":1614458306,"path_taken":["M","M","?","?","M","R","E","R","T","R","M","M","M","$","R","BOSS","M","?","?","M","M","R","M","R","T","?","M","?","R","E"],"items_purchased_type":[],"build_version":"2020-12-22","purchased_purges":1,"victory":false,"max_hp_per_floor":[70,70,70,70,70,70,70,70,70,70,70,70,70,70,70,70,70,70,70,70,70,70,70,70,70,70,70,70,70,70,70,70],"card_choices":[{"not_picked":["Prepared","Bane"],"picked":"Backflip","floor":1},{"not_picked":["Dagger Throw","Quick Slash"],"picked":"Deadly Poison","floor":2},{"not_picked":["Deflect","Acrobatics"],"picked":"Heel Hook","floor":3},{"not_picked":["Outmaneuver","Terror"],"picked":"Crippling Poison","floor":5},{"not_picked":["Heel Hook","Deflect"],"picked":"PiercingWail","floor":7},{"not_picked":["Deflect","Slice","Cloak And Dagger"],"picked":"SKIP","floor":11},{"not_picked":["After Image","Bane"],"picked":"Tactician","floor":12},{"not_picked":["Blade Dance","Backflip"],"picked":"Footwork","floor":13},{"not_picked":["Phantasmal Killer","Bullet Time"],"picked":"Glass Knife","floor":16},{"not_picked":["Bane","Blade Dance"],"picked":"Bouncing Flask","floor":18},{"not_picked":["PiercingWail","Flying Knee"],"picked":"Noxious Fumes","floor":20},{"not_picked":["Deflect","Dagger Spray"],"picked":"Endless Agony","floor":21},{"not_picked":["Finisher","Masterful Stab"],"picked":"PiercingWail","floor":22},{"not_picked":["Riddle With Holes+1","Deadly Poison"],"picked":"Blur","floor":24},{"not_picked":["Deflect","Crippling Poison"],"picked":"Bullet Time","floor":27},{"not_picked":["Prepared","Underhanded Strike+1"],"picked":"Expertise+1","floor":28}],"player_experience":376142,"relics_obtained":[{"floor":7,"key":"Paper Crane"},{"floor":9,"key":"Sundial"},{"floor":19,"key":"Shuriken"},{"floor":26,"key":"Smiling Mask"}],"event_choices":[{"cards_removed":["Strike_G"],"damage_healed":0,"gold_gain":0,"player_choice":"Card Removal","damage_taken":7,"max_hp_gain":0,"max_hp_loss":0,"event_name":"Golden Wing","floor":4,"gold_loss":0},{"damage_healed":0,"gold_gain":0,"player_choice":"Relic","damage_taken":0,"max_hp_gain":0,"max_hp_loss":0,"event_name":"Wheel of Change","floor":19,"gold_loss":0},{"damage_healed":0,"gold_gain":0,"cards_transformed":["Heel Hook","Endless Agony"],"player_choice":"Became Test Subject","damage_taken":0,"max_hp_gain":0,"max_hp_loss":0,"event_name":"Drug Dealer","floor":29,"gold_loss":0,"cards_obtained":["Prepared","Backflip"]}],"is_beta":false,"boss_relics":[{"not_picked":["Black Star","Empty Cage"],"picked":"Astrolabe"}],"items_purged_floors":[14],"is_endless":false,"potions_floor_spawned":[2,11,13,16,18,22],"killed_by":"Slavers","ascension_level":13}}