{"host":"i2ieyndca3ivj85d","time":1614416563,"event":{"mods":["BaseMod","Library of Ruina","Library of Ruina Extra","Minty Spire (QoL Compilation)","Quick Restart","StSLib"],"gold_per_floor":[111,111,131,151,168,201,217,242,242,276,276,289,289,289],"floor_reached":13,"language":"ZHS","playtime":698,"items_purged":[],"score":118,"play_id":"bb9199ed-6b9a-406d-9ae4-f18656a42101","local_time":"20210227170243","is_ascension_mode":true,"campfire_choices":[],"circlet_count":0,"master_deck":["Dodge","LightDefense","LightAttack","LightAttack","LightAttack","LightDefense","LightDefense","LightDefense","ChargeAndCover","FocusedStrikes","AbsorbImpact","Regret","IronWall","OminousPower","RapidGashes","Suppress"],"relics":["PageOfLibrarian","Tiny Chest","Vajra","Regal Pillow","PageOfAspirationHeart","PageOfForsakenMurderer","Molten Egg 2"],"acts_visited":["Exordium"],"potions_floor_usage":[13,13],"damage_taken":[{"damage":0.0,"enemies":"Jaw Worm","floor":1.0,"turns":3.0},{"damage":3.0,"enemies":"2 Louse","floor":3.0,"turns":4.0},{"damage":4.0,"enemies":"Cultist","floor":4.0,"turns":3.0},{"damage":5.0,"enemies":"Blue Slaver","floor":5.0,"turns":5.0},{"damage":16.0,"enemies":"Lagavulin","floor":6.0,"turns":8.0},{"damage":0.0,"enemies":"Red Slaver","floor":7.0,"turns":2.0},{"damage":20.0,"enemies":"3 Sentries","floor":8.0,"turns":10.0},{"damage":8,"enemies":"Gremlin Nob","floor":10,"turns":3},{"damage":0,"enemies":"Exordium Wildlife","floor":12,"turns":2},{"damage":1,"enemies":"3 Sentries","floor":13,"turns":3}],"seed_played":"6142676657393449037","potions_obtained":[{"floor":4.0,"key":"SkillPotion"},{"floor":5.0,"key":"ColorlessPotion"},{"floor":6.0,"key":"PowerPotion"}],"is_trial":false,"path_per_floor":["M","?","M","M","M","E","M","E","T","E","?","M","E"],"character_chosen":"Librarian","items_purchased":[],"campfire_rested":0,"item_purchase_floors":[],"current_hp_per_floor":[60,60,57,53,48,32,32,12,12,4,4,4,3,3],"gold":289,"neow_bonus":"RANDOM_COMMON_RELIC","is_daily":false,"chose_seed":false,"campfire_upgraded":0,"win_rate":0.0,"timestamp":1614416563,"path_taken":["M","?","M","M","M","E","M","E","T","E","?","?","E"],"items_purchased_type":[],"build_version":"2020-12-22","purchased_purges":0,"victory":false,"max_hp_per_floor":[63,63,61,77,68,68,68,68,68,68,68,68,68,68],"card_choices":[{"not_picked":["FlashOfSunup","HighKick","PinpointShot","SnakesPrey","Rewind","StrikeDown","Ripple","Wallop_lor"],"picked":"AbsorbImpact","floor":1.0},{"not_picked":["EndlessBattle","SuppressingShot","MultiHit","Parry","SerpentineBarrier","SmokingPipe","ToOvercomeCrisis","SinglePointStab"],"picked":"IronWall","floor":3.0},{"not_picked":["TraceOfFumes","TheRedNotes","OpportunitySpotted","GuardingStance","Multislash","Overpower","DestructiveImpact","IngredientHunt","SmokingPipe"],"picked":"SKIP","floor":4.0},{"not_picked":["AutonomousRush","Pound","StrongStrike","Outburst","Parry2","SharpSwipe","SteelKnuckles","IdentifyWeakpoint"],"picked":"OminousPower","floor":5.0},{"not_picked":["StructuralAnalysis","SinglePointStab","Transpierce","WillOfThePrescript","SunsetBlade","DefenseOrder","UnavoidableGaze","Castigation"],"picked":"RapidGashes","floor":6.0},{"not_picked":["Parry2","HighKick","AssaultOrder","TendonChords","GaleKick","SharpSwipe","BladeWhirl","CumulusWall","MultiBlock"],"picked":"SKIP","floor":7.0},{"not_picked":["HiddenBlade","SunsetBlade","Parry2","Transpierce","AGoldenOpportunity","DefenseOrder","SinglePointStab","SenseQuarry"],"picked":"Suppress","floor":8.0},{"not_picked":["UpbeatPerformance+1","QuickAttack+1","DeepDrag+1","SharpSwipe+1","NightInTheBackstreets+1","BindingArms+1","RhinoRam+1","SmokingPipe","HiddenBlade+1"],"picked":"SKIP","floor":10},{"not_picked":["WillOfThePrescript","Gigigig+1","EnergyConversion+1","EnergyShield","BlindFaith","ButterflySlash+1","HardRehearsal+1","YoureTooSlow","PinpointShot+1"],"picked":"SKIP","floor":12},{"not_picked":["WillOfThePrescript","Gigigig+1","EnergyConversion+1","EnergyShield","BlindFaith","ButterflySlash+1","HardRehearsal+1","YoureTooSlow","PinpointShot+1"],"picked":"SKIP","floor":12}],"player_experience":190588,"relics_obtained":[{"floor":6.0,"key":"Regal Pillow"},{"floor":8.0,"key":"PageOfAspirationHeart"},{"floor":9.0,"key":"PageOfForsakenMurderer"},{"floor":10,"key":"Molten Egg 2"}],"event_choices":[{"damage_healed":0.0,"max_hp_gain":0.0,"max_hp_loss":0.0,"gold_gain":0.0,"event_name":"Big Fish","player_choice":"Box","floor":2.0,"gold_loss":0.0,"damage_taken":0.0,"relics_obtained":["Vajra"],"cards_obtained":["Regret"]},{"damage_healed":0,"gold_gain":0,"player_choice":"Fled","damage_taken":0,"max_hp_gain":0,"max_hp_loss":0,"event_name":"Scrap Ooze","floor":11,"gold_loss":0}],"is_beta":false,"boss_relics":[],"items_purged_floors":[],"is_endless":false,"potions_floor_spawned":[4,5,6,12],"killed_by":"3 Sentries","ascension_level":2}}