{"host":"ul3z8ex5o8l5j7mh","time":1614455130,"event":{"mods":["2.2 Compatiblity","AchievementEnabler","BaseMod","Bestiary","Colored Map","Colored Powertips","Curses Come First","DeckTracker","Highlight Path","Keyboard Shortcuts","Minty Spire (QoL Compilation)","Relic Sorter","Relic Stats","StSLib","SuperFastMode"],"gold_per_floor":[112,187,152,169,183,183,193,228,228,258,273,273,273,273,273,273,273],"floor_reached":16,"language":"ENG","playtime":807,"items_purged":[],"score":149,"play_id":"5d0cf4f9-6cfa-4eac-b313-63f6489829b2","local_time":"20210227204530","is_ascension_mode":true,"campfire_choices":[{"data":"Bash","floor":6.0,"key":"SMITH"},{"data":"Intimidate","floor":12.0,"key":"SMITH"},{"data":"Shrug It Off","floor":15.0,"key":"SMITH"}],"circlet_count":0,"master_deck":["Strike_R","Strike_R","Strike_R","Strike_R","Strike_R","Defend_R","Defend_R","Defend_R","Bash+1","Rage","Clash","Carnage","Armaments","Metallicize","Shrug It Off+1","Intimidate+1"],"relics":["Burning Blood","Pantograph","Incense Burner","Pocketwatch"],"acts_visited":["Exordium"],"potions_floor_usage":[],"damage_taken":[{"damage":8.0,"enemies":"2 Louse","floor":1.0,"turns":3.0},{"damage":6.0,"enemies":"Jaw Worm","floor":4.0,"turns":7.0},{"damage":7.0,"enemies":"Small Slimes","floor":5.0,"turns":4.0},{"damage":6.0,"enemies":"2 Fungi Beasts","floor":7.0,"turns":3.0},{"damage":35.0,"enemies":"Lagavulin","floor":8.0,"turns":6.0},{"damage":11.0,"enemies":"Gremlin Nob","floor":10.0,"turns":4.0},{"damage":3.0,"enemies":"Looter","floor":11.0,"turns":4.0},{"damage":89,"enemies":"Hexaghost","floor":16,"turns":17}],"seed_played":"1387423534246408769","potions_obtained":[{"floor":1.0,"key":"Dexterity Potion"},{"floor":5.0,"key":"Dexterity Potion"},{"floor":8.0,"key":"HeartOfIron"}],"is_trial":false,"path_per_floor":["M","?","?","M","M","R","M","E","T","E","M","R","?","?","R","B"],"character_chosen":"IRONCLAD","items_purchased":[],"campfire_rested":0,"item_purchase_floors":[],"current_hp_per_floor":[78,67,88,88,87,87,87,58,58,53,56,56,85,78,78,0,0],"gold":273,"neow_bonus":"TEN_PERCENT_HP_BONUS","is_daily":false,"chose_seed":false,"campfire_upgraded":3,"win_rate":0.0,"timestamp":1614455130,"path_taken":["M","?","?","M","M","R","M","E","T","E","M","R","?","?","R","BOSS"],"items_purchased_type":[],"build_version":"2020-12-22","purchased_purges":0,"victory":false,"max_hp_per_floor":[88,88,88,88,88,88,88,88,88,88,88,88,88,88,88,88,88],"relic_stats":{"counters":[8,48],"Pantograph":10,"obtain_stats":[{"Pantograph":8,"Incense Burner":9,"Burning Blood":0,"Pocketwatch":10},{"Pantograph":5,"Incense Burner":5,"Burning Blood":0,"Pocketwatch":6},{"Pantograph":23,"Incense Burner":23,"Burning Blood":0,"Pocketwatch":27}],"Burning Blood":42,"Pocketwatch":[42]},"card_choices":[{"not_picked":["Rampage","Heavy Blade"],"picked":"Rage","floor":1.0},{"not_picked":["Heavy Blade","Combust"],"picked":"Clash","floor":4.0},{"not_picked":["Clothesline","Armaments"],"picked":"Carnage","floor":5.0},{"not_picked":["Battle Trance","Body Slam"],"picked":"Armaments","floor":7.0},{"not_picked":["Limit Break","Pommel Strike"],"picked":"Metallicize","floor":8.0},{"not_picked":["Twin Strike","Thunderclap"],"picked":"Shrug It Off","floor":10.0},{"not_picked":["Rupture","Body Slam"],"picked":"Intimidate","floor":11.0}],"player_experience":456286,"relics_obtained":[{"floor":8.0,"key":"Pantograph"},{"floor":9.0,"key":"Incense Burner"},{"floor":10.0,"key":"Pocketwatch"}],"event_choices":[{"damage_healed":0.0,"max_hp_gain":0.0,"max_hp_loss":0.0,"gold_gain":75.0,"event_name":"World of Goop","player_choice":"Gather Gold","floor":2.0,"gold_loss":0.0,"damage_taken":11.0},{"damage_healed":22.0,"max_hp_gain":0.0,"max_hp_loss":0.0,"gold_gain":0.0,"event_name":"The Cleric","player_choice":"Healed","floor":3.0,"gold_loss":35.0,"damage_taken":0.0},{"damage_healed":29.0,"max_hp_gain":0.0,"max_hp_loss":0.0,"gold_gain":0.0,"event_name":"Big Fish","player_choice":"Banana","floor":13.0,"gold_loss":0.0,"damage_taken":0.0},{"cards_removed":["Defend_R"],"damage_healed":0.0,"max_hp_gain":0.0,"max_hp_loss":0.0,"gold_gain":0.0,"event_name":"Golden Wing","player_choice":"Card Removal","floor":14.0,"gold_loss":0.0,"damage_taken":7.0}],"is_beta":false,"boss_relics":[],"items_purged_floors":[],"is_endless":false,"potions_floor_spawned":[1,5,8],"killed_by":"Hexaghost","ascension_level":7}}