{"host":"5tir6155jnoxijqh","time":1614448297,"event":{"mods":["Act Like it!","Arknights","BaseMod","Downfall","Hermit","Library of Ruina","Library of Ruina Extra","Minty Spire (QoL Compilation)","MostiFishMod","Shop Mod","Spicy Shops","StSLib","WarShipGirlsR/’ΩΩ¢…Ÿ≈ÆR mod"],"gold_per_floor":[117,42,42,52,52,52,78,89,89,118,130,142,168,198,198,275,275,290,280,300,480,36,36,71,71,71,86,86,101,134,145,145,145,145],"floor_reached":33,"language":"ZHS","playtime":1661,"items_purged":["LightAttack","LightAttack"],"score":842,"play_id":"abe3992d-ee79-4cd8-b5db-58bf892d66ef","local_time":"20210228015137","is_ascension_mode":true,"campfire_choices":[{"data":"Suppress","floor":6.0,"key":"SMITH"},{"data":"LeRegole","floor":15,"key":"SMITH"},{"data":"Creak","floor":23,"key":"SMITH"},{"data":"Laceration","floor":25,"key":"SMITH"},{"data":"SwordOfVolition","floor":32,"key":"SMITH"}],"circlet_count":0,"master_deck":["AscendersBane","Dodge","LightDefense+1","LightDefense","LightDefense+1","ChargeAndCover","FocusedStrikes","Lock","Suppress+1","Crush","DistortedBlade","Tailoring","SwordOfVolition+1","ClassAndRespect","LeRegole+1","GutHarvesting","Observe","Laceration+1","Creak+1","SnakeSlit","UnforgettableMelody","SenseQuarry","Commandeering","ScratchThat"],"relics":["PageOfLibrarian","DaveBox","Nloth\u0027s Gift","NeowsBlessing","SynthV:TestCard","PageOfThreeBirds","Pear","Strawberry","Girya","Omamori","Sozu","ThornShield","PageOfPinocchio","Frozen Egg 2"],"acts_visited":["Exordium","TheCity"],"potions_floor_usage":[],"damage_taken":[{"damage":0.0,"enemies":"ats:Genji","floor":1.0,"turns":1.0},{"damage":0.0,"enemies":"2 Louse","floor":4.0,"turns":2.0},{"damage":0.0,"enemies":"Gremlin Nob","floor":7.0,"turns":1.0},{"damage":8.0,"enemies":"Small Slimes","floor":8.0,"turns":2.0},{"damage":10.0,"enemies":"Lagavulin","floor":10.0,"turns":4.0},{"damage":4.0,"enemies":"Looter","floor":11.0,"turns":1.0},{"damage":4.0,"enemies":"Exordium Thugs","floor":12.0,"turns":3.0},{"damage":0.0,"enemies":"Gremlin Nob","floor":13.0,"turns":1.0},{"damage":16,"enemies":"The Guardian","floor":16,"turns":7},{"damage":2,"enemies":"3 Byrds","floor":18,"turns":1},{"damage":14,"enemies":"2 Thieves","floor":20,"turns":3},{"damage":8,"enemies":"Gremlin Leader","floor":24,"turns":2},{"damage":2,"enemies":"Centurion and Healer","floor":27,"turns":5},{"damage":2,"enemies":"Cultist and Chosen","floor":29,"turns":3},{"damage":16,"enemies":"Slavers","floor":30,"turns":4},{"damage":0,"enemies":"Shelled Parasite and Fungi","floor":31,"turns":5},{"damage":43,"enemies":"RedHoodMercenary","floor":33,"turns":3}],"seed_played":"-8569876822997312804","potions_obtained":[{"floor":1.0,"key":"Energy Potion"},{"floor":8.0,"key":"Block Potion"},{"floor":11.0,"key":"AttackPotion"},{"floor":16,"key":"bronze:BurnAndBuffPotion"}],"is_trial":false,"path_per_floor":["M","$","?","M","?","R","E","M","T","E","M","M","E","?","R","B",null,"M","?","M","?","$","R","E","R","T","M","?","M","E","M","R","B"],"character_chosen":"Librarian","items_purchased":["ThornShield","Creak","SnakeSlit"],"campfire_rested":0,"item_purchase_floors":[22,22,22],"current_hp_per_floor":[54,54,33,33,26,26,26,18,28,25,21,17,17,17,17,1,66,64,64,50,31,31,31,23,23,23,21,21,19,29,29,29,0,0],"gold":145,"neow_bonus":"THREE_ENEMY_KILL","is_daily":false,"chose_seed":false,"campfire_upgraded":5,"win_rate":0.0,"timestamp":1614448297,"path_taken":["M","$","?","M","?","R","E","M","T","E","M","M","E","?","R","BOSS","M","?","?","?","?","R","E","R","T","M","?","M","E","M","R","BOSS"],"items_purchased_type":["Relic","Card","Card"],"build_version":"2020-12-22","purchased_purges":2,"victory":false,"max_hp_per_floor":[70,70,70,70,70,70,70,70,80,87,87,87,87,87,87,87,87,87,87,87,87,87,87,87,87,87,87,87,87,87,87,87,87,87],"card_choices":[{"not_picked":["StrongStrike","GreatSerpentsImpact","Parry","Riposte","GuardingStance","RhinoRam","HiddenBlade","Thrust"],"picked":"Lock","floor":1.0},{"not_picked":["PreemptiveStrike","SuanNi","Faith","GrazeTheGrass","BayonetCombat","CoordinatedAssault","Diversion","GuardingStance","Rampage_lor","TendonChords"],"picked":"Suppress","floor":4.0},{"not_picked":["EnergyBeam","FlamingDragonFist","StrongStrike","Castigation","Zzzzzap","Struggle","AsThePrescriptOrders","ChopItOff","TheRedNotes","FrontalAssault"],"picked":"Crush","floor":7.0},{"not_picked":["Execute_lor","Faith","SpearedSweep","FierceCharge","SomberProcuration","QuickSuppression","Mutilate","SmokingPipe","WaitUp","SunsetBlade"],"picked":"DistortedBlade","floor":8.0},{"not_picked":["EmotionalTurbulence","BackAttack","ForcefulGesture","TendonChords","FeelinGood","RipSpace","Guardian_lor","MindCrush","QuickAttack","FieryWaltz"],"picked":"Tailoring","floor":10.0},{"not_picked":["Reload","DistortedBlade","UpbeatPerformance","HeavyPeaks","Rewind","HiddenBlade","SpearedSweep","Zzzzzap","GrazeTheGrass","StructuralAnalysis"],"picked":"SwordOfVolition","floor":11.0},{"not_picked":["SerpentSwordTechnique","CoordinatedAssault","ScratchThat","FierceCharge","BindingArms","HandleRequest","Leap_lor","PreemptiveStrike","SpearedSweep","IdentifyWeakpoint"],"picked":"ClassAndRespect","floor":12.0},{"not_picked":["TieShanKao","CoordinatedAssault","BiAn","GoinFirst","BindingChains","YoureAHindrance","Lock","Standoff","TendonChords","FlamingDragonFist"],"picked":"LeRegole","floor":13.0},{"not_picked":["SilentNight","RepressedFlesh","ScratchThat","UnforgettableMelody"],"picked":"GutHarvesting","floor":16},{"not_picked":["EnergyShield","StartinOutLightly","FendThisOffIfYouCan","SinglePointStab","FlashingStrike","Track","BayonetCombat+1","AbsorbImpact","IdentifyWeakpoint","HighKick"],"picked":"Observe","floor":18},{"not_picked":["FieryWaltz","OminousPower","NonstopAssault","Outburst","GrazeTheGrass","BackstreetsDash","FlamingDragonFist","HighKick","CoordinatedAssault","Reload"],"picked":"Laceration","floor":20},{"not_picked":["ElectricShock","Eradication","TheWillOfTheCity","FlyingSword","Parry2","DefenseOrder","ReadyUp","SerpentineBarrier","EnergyStrike","FlamingDragonFist"],"picked":"UnforgettableMelody","floor":24},{"not_picked":["Thrust","Riposte","Endure","FlashOfSunup","GuardingStance","FrontalAssault","Marionette","AGoldenOpportunity","SnakesPrey","Tailoring","Wallop_lor"],"picked":"SKIP","floor":27},{"not_picked":["HighKick+1","BackstreetsDash","SmokingPipe","DefenseOrder","FlyingSword+1","SerpentSwordTechnique","GuidanceOfTheGears","FocusFire","Parry","PreemptiveStrike+1"],"picked":"SenseQuarry","floor":29},{"not_picked":["WillProduceFineSilk","SenseQuarry","GrazeTheGrass","SuppressingShot","FleetEdge","SnakesPrey+1","Disposal","DaringDecision","TheWillOfTheCity","YoureTooSlow"],"picked":"Commandeering","floor":30},{"not_picked":["Standoff","MultiBlock","KeepItFresh","SpearedSweep+1","GuidanceOfTheGears","StructuralAnalysis","SnakeSlit","Guardian_lor","GrazeTheGrass","Concentration"],"picked":"ScratchThat","floor":31}],"player_experience":454898,"relics_obtained":[{"floor":1.0,"key":"SynthV:TestCard"},{"floor":7.0,"key":"PageOfThreeBirds"},{"floor":9.0,"key":"Pear"},{"floor":10.0,"key":"Strawberry"},{"floor":13.0,"key":"Girya"},{"floor":24,"key":"PageOfPinocchio"},{"floor":30,"key":"Frozen Egg 2"}],"event_choices":[{"damage_healed":0.0,"max_hp_gain":0.0,"max_hp_loss":0.0,"gold_gain":0.0,"event_name":"Shining Light","player_choice":"Entered Light","floor":3.0,"gold_loss":0.0,"damage_taken":21.0,"cards_upgraded":["LightDefense","LightDefense"]},{"cards_removed":["LightAttack"],"damage_healed":0.0,"max_hp_gain":0.0,"max_hp_loss":0.0,"gold_gain":0.0,"event_name":"Golden Wing","player_choice":"Card Removal","floor":5.0,"gold_loss":0.0,"damage_taken":7.0},{"damage_healed":0,"gold_gain":30,"player_choice":"Searched \u00272\u0027 times","damage_taken":0,"relics_obtained":["Omamori"],"max_hp_gain":0,"max_hp_loss":0,"event_name":"Dead Adventurer","floor":14,"gold_loss":0},{"damage_healed":0,"gold_gain":180,"player_choice":"GOLD GOLD ","damage_taken":19,"max_hp_gain":0,"max_hp_loss":0,"event_name":"Knowing Skull","floor":21,"potions_obtained":[],"gold_loss":0,"cards_obtained":[]},{"cards_removed":["LightDefense"],"damage_healed":0,"gold_gain":0,"player_choice":"Elegance","damage_taken":0,"max_hp_gain":0,"max_hp_loss":0,"event_name":"Back to Basics","floor":28,"gold_loss":0}],"is_beta":false,"boss_relics":[{"not_picked":["BloodWine","Velvet Choker"],"picked":"Sozu"}],"items_purged_floors":[2,22],"is_endless":false,"potions_floor_spawned":[1,8,11,16,20,27,29],"killed_by":"RedHoodMercenary","ascension_level":18}}