{"host":"py7qdianp3jrm8dm","time":1614461103,"event":{"mods":["AchievementEnabler","BaseMod","Bestiary","Highlight Path","Minty Spire (QoL Compilation)","Relic Stats","StSLib"],"gold_per_floor":[112,123,143,155,174,174,202,202,251,251,251,251,269,286,286,381,381,395,395,395,378,396,396,396,396],"floor_reached":24,"language":"ENG","playtime":1337,"items_purged":[],"score":300,"play_id":"34dd1fa7-0115-457e-9b53-cfb190a8b699","local_time":"20210227212503","is_ascension_mode":true,"campfire_choices":[{"data":"TalkToTheHand","floor":6,"key":"SMITH"},{"floor":8,"key":"REST"},{"data":"TalkToTheHand","floor":12,"key":"SMITH"},{"data":"FlurryOfBlows","floor":15,"key":"SMITH"},{"floor":23,"key":"REST"}],"circlet_count":0,"master_deck":["AscendersBane","Strike_P","Strike_P","Strike_P","Defend_P","Defend_P","Defend_P","Defend_P","Eruption","Vigilance","Sanctity","TalkToTheHand+1","Meditate","FlurryOfBlows+1","Crescendo","EmptyFist","TalkToTheHand+1","SandsOfTime","Protect","Devotion","Prostrate","EmptyBody","TalkToTheHand","FlurryOfBlows"],"relics":["Philosopher\u0027s Stone","Dream Catcher","Blood Vial","VioletLotus","Pear","CultistMask"],"acts_visited":["Exordium","TheCity"],"potions_floor_usage":[5,16,18,24],"damage_taken":[{"damage":3,"enemies":"Jaw Worm","floor":1,"turns":4},{"damage":0,"enemies":"2 Louse","floor":2,"turns":3},{"damage":0,"enemies":"Cultist","floor":3,"turns":4},{"damage":4,"enemies":"Looter","floor":4,"turns":4},{"damage":21,"enemies":"Gremlin Gang","floor":5,"turns":6},{"damage":30,"enemies":"Lagavulin","floor":7,"turns":5},{"damage":0,"enemies":"Exordium Thugs","floor":13,"turns":5},{"damage":1,"enemies":"Blue Slaver","floor":14,"turns":2},{"damage":3,"enemies":"Hexaghost","floor":16,"turns":10},{"damage":36,"enemies":"3 Byrds","floor":18,"turns":6},{"damage":16,"enemies":"2 Thieves","floor":21,"turns":4},{"damage":24,"enemies":"Snake Plant","floor":22,"turns":4},{"damage":32,"enemies":"Slavers","floor":24,"turns":2}],"seed_played":"-5728750466610450258","potions_obtained":[{"floor":2,"key":"Block Potion"},{"floor":4,"key":"BlessingOfTheForge"},{"floor":16,"key":"SpeedPotion"},{"floor":22,"key":"FearPotion"}],"is_trial":false,"path_per_floor":["M","M","M","M","M","R","E","R","T","?","?","R","M","M","R","B",null,"M","T","?","M","M","R","E"],"character_chosen":"WATCHER","items_purchased":[],"campfire_rested":2,"item_purchase_floors":[],"current_hp_per_floor":[62,62,62,58,37,37,7,28,28,28,28,28,30,31,31,30,62,28,38,38,24,2,26,0,0],"gold":396,"neow_bonus":"BOSS_RELIC","is_daily":false,"chose_seed":false,"campfire_upgraded":3,"win_rate":0.0,"timestamp":1614461103,"path_taken":["M","M","M","M","M","R","E","R","T","?","?","R","M","M","R","BOSS","M","?","?","M","?","R","E"],"items_purchased_type":[],"build_version":"2020-12-22","purchased_purges":0,"victory":false,"max_hp_per_floor":[72,72,72,72,72,72,72,72,72,72,72,72,72,72,72,72,72,72,82,82,82,82,82,82,82],"relic_stats":{"Blood Vial":14,"Dream Catcher":2,"counters":[13,59],"VioletLotus":[4],"obtain_stats":[{"Blood Vial":9,"Dream Catcher":7,"Pear":19,"Philosopher\u0027s Stone":0,"VioletLotus":17,"CultistMask":20,"PureWater":0},{"Blood Vial":6,"Dream Catcher":6,"Pear":10,"Philosopher\u0027s Stone":0,"VioletLotus":9,"CultistMask":10,"PureWater":0},{"Blood Vial":26,"Dream Catcher":26,"Pear":49,"Philosopher\u0027s Stone":0,"VioletLotus":43,"CultistMask":49,"PureWater":0}]},"card_choices":[{"not_picked":["Evaluate","Crescendo"],"picked":"Sanctity","floor":1},{"not_picked":["FlyingSleeves","Prostrate"],"picked":"TalkToTheHand","floor":2},{"not_picked":["ClearTheMind","Evaluate"],"picked":"Meditate","floor":3},{"not_picked":["SashWhip","FollowUp"],"picked":"FlurryOfBlows","floor":4},{"not_picked":["FollowUp","Establishment"],"picked":"Crescendo","floor":5},{"not_picked":["WreathOfFlame","Crescendo"],"picked":"EmptyFist","floor":7},{"not_picked":["EmptyFist","FlyingSleeves"],"picked":"TalkToTheHand","floor":8},{"not_picked":["SashWhip","ClearTheMind"],"picked":"SandsOfTime","floor":13},{"not_picked":["FlyingSleeves","Wireheading"],"picked":"Protect","floor":14},{"not_picked":["Judgement","MasterReality"],"picked":"Devotion","floor":16},{"not_picked":["FearNoEvil","ReachHeaven"],"picked":"Prostrate","floor":18},{"not_picked":["PathToVictory","Nirvana"],"picked":"EmptyBody","floor":21},{"not_picked":["Worship","Prostrate"],"picked":"TalkToTheHand","floor":22},{"not_picked":["Swivel","BowlingBash"],"picked":"FlurryOfBlows","floor":23}],"player_experience":618870,"relics_obtained":[{"floor":7,"key":"Dream Catcher"},{"floor":9,"key":"Blood Vial"},{"floor":19,"key":"Pear"}],"event_choices":[{"damage_healed":0,"gold_gain":0,"player_choice":"Ignored","damage_taken":0,"max_hp_gain":0,"max_hp_loss":0,"event_name":"Shining Light","floor":10,"gold_loss":0},{"cards_removed":["Strike_P"],"damage_healed":0,"gold_gain":0,"player_choice":"Purged","damage_taken":0,"max_hp_gain":0,"max_hp_loss":0,"event_name":"Purifier","floor":11,"gold_loss":0},{"damage_healed":0,"gold_gain":0,"player_choice":"Trade","damage_taken":0,"relics_obtained":["CultistMask"],"max_hp_gain":0,"max_hp_loss":0,"event_name":"FaceTrader","floor":20,"gold_loss":0}],"is_beta":false,"boss_relics":[{"not_picked":["Velvet Choker","Tiny House"],"picked":"VioletLotus"}],"items_purged_floors":[],"is_endless":false,"potions_floor_spawned":[2,4,16,22],"killed_by":"Slavers","ascension_level":10}}