{"host":"4maeg91be5y510he","time":1614422231,"event":{"mods":["BaseMod","Colored Map","Custom Start","Friendly Minions","Gold Saver","Gremlin Skip","KOR Keyword Fix","Minty Spire (QoL Compilation)","Quick Restart","Reorder Act Four","StSLib","SuperFastMode"],"gold_per_floor":[238,238,252,265,265,279,308,328,328,347,522,522,548,246,246,342,342,362,349,359,574,592,592,622,622,646,296,325,325,358,371,371,473,473,485,497,517,531,259,259,284,296,296,296,296,307,307,322,322,322,322],"floor_reached":50,"language":"KOR","playtime":5421,"items_purged":["Doubt","Strike_P","Defend_P"],"score":614,"play_id":"629478d1-231d-46ef-af6f-e4972efa234a","local_time":"20210227193711","is_ascension_mode":true,"campfire_choices":[{"floor":12.0,"key":"RECALL"},{"data":"Establishment","floor":15.0,"key":"SMITH"},{"floor":23.0,"key":"REST"},{"data":"MasterReality","floor":25.0,"key":"SMITH"},{"floor":29.0,"key":"REST"},{"floor":32.0,"key":"REST"},{"floor":40.0,"key":"REST"},{"floor":45,"key":"REST"},{"floor":49,"key":"REST"}],"circlet_count":0,"master_deck":["Strike_P","Strike_P","Strike_P+1","Defend_P+1","Defend_P","Defend_P+1","Eruption","Vigilance","FlurryOfBlows+1","CarveReality","JustLucky","Halt","ThirdEye","Evaluate","ClearTheMind","MentalFortress","Establishment+1","FlurryOfBlows","Crescendo","MentalFortress","DeceiveReality","MasterReality+1","Crescendo","Vengeance+1","EmptyBody","Perseverance","InnerPeace","EmptyFist","Adaptation+1","Crescendo+1","Conclude+1","SandsOfTime+1"],"relics":["HolyWater","NeowsBlessing","MealTicket","Mummified Hand","Art of War","Orrery","Old Coin","FossilizedHelix","Centennial Puzzle","Matryoshka","Ancient Tea Set","Nunchaku","Philosopher\u0027s Stone","ClockworkSouvenir","Vajra","War Paint","Letter Opener"],"acts_visited":["Exordium","TheCity","TheBeyond"],"potions_floor_usage":[41,41],"damage_taken":[{"damage":0.0,"enemies":"Cultist","floor":1.0,"turns":1.0},{"damage":0.0,"enemies":"Small Slimes","floor":3.0,"turns":1.0},{"damage":0.0,"enemies":"2 Louse","floor":4.0,"turns":1.0},{"damage":0.0,"enemies":"Looter","floor":6.0,"turns":2.0},{"damage":0.0,"enemies":"Lagavulin","floor":7.0,"turns":4.0},{"damage":0.0,"enemies":"Blue Slaver","floor":8.0,"turns":2.0},{"damage":0.0,"enemies":"2 Fungi Beasts","floor":10.0,"turns":2.0},{"damage":18.0,"enemies":"Hexaghost","floor":16.0,"turns":10.0},{"damage":2.0,"enemies":"Spheric Guardian","floor":18.0,"turns":3.0},{"damage":26.0,"enemies":"2 Thieves","floor":19.0,"turns":4.0},{"damage":2.0,"enemies":"3 Cultists","floor":20.0,"turns":5.0},{"damage":5.0,"enemies":"Chosen and Byrds","floor":22.0,"turns":3.0},{"damage":4.0,"enemies":"Gremlin Leader","floor":24.0,"turns":7.0},{"damage":23.0,"enemies":"Slavers","floor":28.0,"turns":7.0},{"damage":31.0,"enemies":"Gremlin Leader","floor":30.0,"turns":9.0},{"damage":13.0,"enemies":"Cultist and Chosen","floor":31.0,"turns":8.0},{"damage":34.0,"enemies":"Collector","floor":33.0,"turns":20.0},{"damage":0.0,"enemies":"3 Shapes","floor":35.0,"turns":7.0},{"damage":9.0,"enemies":"Orb Walker","floor":36.0,"turns":5.0},{"damage":37.0,"enemies":"Sphere and 2 Shapes","floor":37.0,"turns":5.0},{"damage":5.0,"enemies":"Spire Growth","floor":38.0,"turns":4.0},{"damage":33,"enemies":"Giant Head","floor":41,"turns":9},{"damage":13,"enemies":"4 Shapes","floor":42,"turns":6},{"damage":3,"enemies":"Sphere and 2 Shapes","floor":46,"turns":4},{"damage":31,"enemies":"Spire Growth","floor":48,"turns":6},{"damage":50,"enemies":"Time Eater","floor":50,"turns":5}],"seed_played":"-766402450146192691","potions_obtained":[{"floor":3.0,"key":"EntropicBrew"},{"floor":7.0,"key":"AttackPotion"},{"floor":10.0,"key":"Ambrosia"},{"floor":20.0,"key":"DistilledChaos"},{"floor":22.0,"key":"SpeedPotion"},{"floor":28.0,"key":"Block Potion"},{"floor":30.0,"key":"Ancient Potion"},{"floor":31.0,"key":"Energy Potion"},{"floor":36.0,"key":"EssenceOfSteel"},{"floor":37.0,"key":"PowerPotion"},{"floor":41,"key":"BottledMiracle"},{"floor":46,"key":"Strength Potion"}],"is_trial":false,"path_per_floor":["M","?","M","M","?","M","E","M","T","M","?","R","T","$","R","B",null,"M","M","M","?","M","R","E","R","T","$","E","R","E","M","R","B",null,"M","M","M","M","$","R","E","M","T","?","R","M","?","M","R","B"],"character_chosen":"WATCHER","items_purchased":["MentalFortress","Orrery","Matryoshka","ClockworkSouvenir"],"campfire_rested":6,"item_purchase_floors":[14,14,27,39],"current_hp_per_floor":[72,58,58,58,46,46,46,46,46,46,46,46,46,61,61,43,72,70,44,42,42,37,58,54,54,54,69,46,67,36,23,44,10,72,72,63,26,21,36,57,24,11,11,11,32,29,63,32,50,0,0],"gold":322,"neow_bonus":"THREE_ENEMY_KILL","is_daily":false,"chose_seed":false,"campfire_upgraded":2,"win_rate":0.0,"timestamp":1614422231,"path_taken":["M","?","M","M","?","M","E","M","T","M","?","R","?","$","R","BOSS","M","M","M","?","M","R","E","R","T","$","E","R","E","M","R","BOSS","M","M","M","M","$","R","E","M","T","?","R","M","?","M","R","BOSS"],"items_purchased_type":["Card","Relic","Relic","Relic"],"build_version":"2020-12-22","purchased_purges":3,"victory":false,"max_hp_per_floor":[72,72,72,72,72,72,72,72,72,72,72,72,72,72,72,72,72,72,72,72,72,72,72,72,72,72,72,72,72,72,72,72,72,72,72,72,72,72,72,72,72,72,72,72,72,72,63,63,63,63,63],"card_choices":[{"not_picked":["BowlingBash","Pray"],"picked":"FlurryOfBlows","floor":1.0},{"not_picked":["WaveOfTheHand","Wallop"],"picked":"CarveReality","floor":3.0},{"not_picked":["DeceiveReality","Consecrate"],"picked":"JustLucky","floor":4.0},{"not_picked":["ThirdEye","WindmillStrike"],"picked":"Halt","floor":6.0},{"not_picked":["BattleHymn","Nirvana"],"picked":"ThirdEye","floor":7.0},{"not_picked":["EmptyFist","FlyingSleeves"],"picked":"Evaluate","floor":8.0},{"not_picked":["PathToVictory","SashWhip"],"picked":"ClearTheMind","floor":10.0},{"not_picked":["Meditate","FlyingSleeves"],"picked":"Establishment","floor":14.0},{"not_picked":["WaveOfTheHand","ForeignInfluence"],"picked":"FlurryOfBlows","floor":14.0},{"not_picked":["PathToVictory","ReachHeaven"],"picked":"Crescendo","floor":14.0},{"not_picked":["Wallop","PathToVictory"],"picked":"MentalFortress","floor":14.0},{"not_picked":["CrushJoints","MentalFortress"],"picked":"DeceiveReality","floor":14.0},{"not_picked":["Blasphemy","SpiritShield"],"picked":"MasterReality","floor":16.0},{"not_picked":["FlyingSleeves","Prostrate"],"picked":"Crescendo","floor":18.0},{"not_picked":["FollowUp","Perseverance"],"picked":"Vengeance+1","floor":19.0},{"not_picked":["PathToVictory","CrushJoints","Weave"],"picked":"SKIP","floor":20.0},{"not_picked":["Prostrate","ForeignInfluence"],"picked":"EmptyBody","floor":22.0},{"not_picked":["WheelKick","Adaptation","Weave"],"picked":"SKIP","floor":24.0},{"not_picked":["FollowUp+1","LessonLearned"],"picked":"Perseverance","floor":28.0},{"not_picked":["Indignation","CutThroughFate"],"picked":"InnerPeace","floor":30.0},{"not_picked":["CutThroughFate","EmptyBody"],"picked":"EmptyFist","floor":31.0},{"not_picked":["EmptyBody+1","CutThroughFate+1"],"picked":"Adaptation+1","floor":35.0},{"not_picked":["Fasting2+1","BowlingBash+1","ThirdEye"],"picked":"SKIP","floor":36.0},{"not_picked":["CrushJoints+1","CutThroughFate+1","JustLucky"],"picked":"SKIP","floor":37.0},{"not_picked":["Evaluate","Adaptation"],"picked":"Crescendo+1","floor":38.0},{"not_picked":["CutThroughFate+1","Prostrate+1","PathToVictory+1"],"picked":"SKIP","floor":41},{"not_picked":["ThirdEye","PathToVictory+1"],"picked":"Conclude+1","floor":42},{"not_picked":["FlyingSleeves+1","Sanctity+1"],"picked":"SandsOfTime+1","floor":46},{"not_picked":["Prostrate","FlyingSleeves+1","Nirvana"],"picked":"SKIP","floor":48}],"player_experience":212964,"relics_obtained":[{"floor":7.0,"key":"Mummified Hand"},{"floor":13.0,"key":"Art of War"},{"floor":24.0,"key":"FossilizedHelix"},{"floor":26.0,"key":"Centennial Puzzle"},{"floor":28.0,"key":"Ancient Tea Set"},{"floor":30.0,"key":"Nunchaku"},{"floor":41,"key":"Vajra"},{"floor":43,"key":"War Paint"},{"floor":43,"key":"Letter Opener"}],"event_choices":[{"damage_healed":0.0,"max_hp_gain":0.0,"max_hp_loss":0.0,"gold_gain":0.0,"event_name":"Shining Light","player_choice":"Entered Light","floor":2.0,"gold_loss":0.0,"damage_taken":14.0,"cards_upgraded":["Strike_P","FlurryOfBlows"]},{"damage_healed":0.0,"max_hp_gain":0.0,"max_hp_loss":0.0,"gold_gain":0.0,"event_name":"Scrap Ooze","player_choice":"Success","floor":5.0,"gold_loss":0.0,"damage_taken":12.0,"relics_obtained":["MealTicket"]},{"damage_healed":0.0,"max_hp_gain":0.0,"max_hp_loss":0.0,"gold_gain":175.0,"event_name":"Liars Game","player_choice":"AGREE","floor":11.0,"gold_loss":0.0,"damage_taken":0.0,"cards_obtained":["Doubt"]},{"damage_healed":0.0,"max_hp_gain":0.0,"max_hp_loss":0.0,"gold_gain":0.0,"event_name":"Addict","player_choice":"Obtained Relic","floor":21.0,"gold_loss":85.0,"damage_taken":0.0,"relics_obtained":["Old Coin"]},{"damage_healed":0,"gold_gain":0,"player_choice":"Ignored","damage_taken":0,"max_hp_gain":0,"max_hp_loss":0,"event_name":"Tomb of Lord Red Mask","floor":44,"gold_loss":0},{"damage_healed":63,"gold_gain":0,"player_choice":"Heal","damage_taken":0,"max_hp_gain":0,"max_hp_loss":9,"event_name":"The Moai Head","floor":47,"gold_loss":0}],"is_beta":false,"boss_relics":[{"not_picked":["Runic Dome","Astrolabe"],"picked":"HolyWater"},{"not_picked":["Pandora\u0027s Box","Calling Bell"],"picked":"Philosopher\u0027s Stone"}],"items_purged_floors":[14,27,39],"is_endless":false,"potions_floor_spawned":[3,7,10,20,22,28,30,31,36,37,41,46],"killed_by":"Time Eater","ascension_level":1}}