{"host":"yecadp3kwkksam5a","time":1614409638,"event":{"mods":["BaseMod","Minty Spire (QoL Compilation)","Replay The Spire","StSLib","SuperFastMode","The Jungle"],"gold_per_floor":[117,129,142,155,36,36,36],"floor_reached":6,"language":"KOR","playtime":420,"items_purged":[],"score":76,"play_id":"2f72295b-6092-46ff-bd7a-05de998569be","local_time":"20210227160718","is_ascension_mode":true,"campfire_choices":[],"circlet_count":0,"master_deck":["AscendersBane","Strike_R","Strike_R","Strike_R","Defend_R","Defend_R","Defend_R","Defend_R","Bash","True Grit","PiercingWail","Prostrate","Ball Lightning","Ball Lightning","Turbo","Replay:Cycle","Feel No Pain","Armaments","Purity","Corruption+1"],"relics":["Burning Blood","Prayer Wheel","Prayer Wheel","Prayer Wheel","Prayer Wheel","PrismaticShard"],"acts_visited":["Exordium"],"potions_floor_usage":[],"damage_taken":[{"damage":6,"enemies":"Jaw Worm","floor":1,"turns":5},{"damage":0,"enemies":"Cultist","floor":2,"turns":4},{"damage":1,"enemies":"Small Slimes","floor":3,"turns":3},{"damage":0,"enemies":"Blue Slaver","floor":4,"turns":5},{"damage":0,"enemies":"Lagavulin","floor":6,"turns":4}],"seed_played":"6920491830051537165","potions_obtained":[{"floor":2,"key":"Energy Potion"},{"floor":4,"key":"Dexterity Potion"}],"is_trial":false,"path_per_floor":["M","M","M","M","$","E"],"character_chosen":"IRONCLAD","items_purchased":["Corruption+1"],"campfire_rested":0,"item_purchase_floors":[5],"current_hp_per_floor":[50,56,61,67,67,67,67],"gold":36,"neow_bonus":"REMOVE_TWO","is_daily":false,"chose_seed":false,"campfire_upgraded":0,"win_rate":0.0,"timestamp":1614409638,"path_taken":["M","M","M","M","$","E"],"items_purchased_type":["Card"],"build_version":"2020-12-22","purchased_purges":0,"victory":false,"max_hp_per_floor":[75,75,75,75,75,75,75],"card_choices":[{"not_picked":["JustLucky","PiercingWail"],"picked":"True Grit","floor":1},{"not_picked":["PathToVictory","ReplayTheSpireMod:System Scan"],"picked":"PiercingWail","floor":1},{"not_picked":["Catalyst","Bouncing Flask"],"picked":"Prostrate","floor":1},{"not_picked":["Warcry","Streamline"],"picked":"Ball Lightning","floor":1},{"not_picked":["Sucker Punch","Streamline","Conserve Battery"],"picked":"SKIP","floor":1},{"not_picked":["EmptyFist","Warcry"],"picked":"Ball Lightning","floor":2},{"not_picked":["Warcry","ReplayTheSpireMod:Exploit Weakness","Setup"],"picked":"SKIP","floor":2},{"not_picked":["Bane","Quick Slash","WaveOfTheHand"],"picked":"SKIP","floor":2},{"not_picked":["Swivel","InnerPeace","Replay:ManipulateFuture"],"picked":"SKIP","floor":2},{"not_picked":["ReplayTheSpireMod:Corrosion Curse","Beam Cell","Bane"],"picked":"SKIP","floor":2},{"not_picked":["Force Field","Sadistic Nature"],"picked":"Turbo","floor":3},{"not_picked":["Deflect","BowlingBash"],"picked":"Replay:Cycle","floor":3},{"not_picked":["Blind","Headbutt"],"picked":"Feel No Pain","floor":3},{"not_picked":["Flex","Good Instincts","BootSequence"],"picked":"SKIP","floor":3},{"not_picked":["Scrape","Poisoned Stab","Quick Slash"],"picked":"SKIP","floor":3},{"not_picked":["Pommel Strike","Flex"],"picked":"Armaments","floor":4},{"not_picked":["FollowUp","Sweeping Beam"],"picked":"Purity","floor":4},{"not_picked":["Sunder","Replay:Undeath\u0027s Touch","Flechettes"],"picked":"SKIP","floor":4},{"not_picked":["Fusion","Finisher","True Grit"],"picked":"SKIP","floor":4},{"not_picked":["Outmaneuver","White Noise","Dagger Throw"],"picked":"SKIP","floor":4}],"player_experience":608633,"relics_obtained":[],"event_choices":[],"is_beta":false,"boss_relics":[],"items_purged_floors":[],"is_endless":false,"potions_floor_spawned":[2,4],"killed_by":"Lagavulin","ascension_level":20}}