{"host":"ukua5nayqgp5m5h5","time":1614449272,"event":{"mods":["BaseMod","BetterRewards","Colored Map","Minty Spire (QoL Compilation)","StSLib","SuperFastMode"],"gold_per_floor":[112,132,132,142,142,173,173,191,191,201,201,52,52,81,81,180,180,190,190,105,139,150,182,182,514,567,567,209,209,227,6,6,104,104,124,124,135,152,132,132,144,169,169,16,32,43,56,56,56,56,56,56,6,37,37,37],"floor_reached":55,"language":"ENG","playtime":1122,"items_purged":["Defend_R","Defend_R","Injury","Defend_R"],"score":920,"play_id":"67b5d43a-4bf5-462d-b035-c732dddc6d91","local_time":"20210227110752","is_ascension_mode":false,"campfire_choices":[{"floor":7,"key":"REST"},{"data":"Rage","floor":13,"key":"SMITH"},{"data":"Bash","floor":15,"key":"SMITH"},{"data":"Uppercut","floor":24,"key":"SMITH"},{"data":"Reaper","floor":27,"key":"SMITH"},{"data":"Pummel","floor":29,"key":"SMITH"},{"floor":32,"key":"RECALL"},{"data":"Strike_R","floor":40,"key":"SMITH"},{"data":"1","floor":49,"key":"LIFT"},{"data":"2","floor":52,"key":"LIFT"}],"circlet_count":0,"master_deck":["Strike_R+1","Strike_R","Strike_R","Strike_R","Strike_R","Defend_R","Bash+1","Rage+1","Pummel+1","Flex+1","Reaper+1","Uppercut+1","Flex+1","Double Tap+1","Bandage Up+1","Madness+1","Madness+1","Pommel Strike+1","Whirlwind+1","Flex+1","Pummel+1","Juggernaut+1"],"relics":["Black Blood","Lee\u0027s Waffle","Lizard Tail","Anchor","Toy Ornithopter","Gremlin Horn","Blood Vial","Toxic Egg 2","Red Skull","Cursed Key","Frozen Egg 2","Red Mask","Bottled Flame","Old Coin","Omamori","Membership Card","Girya","Bag of Marbles","CaptainsWheel","Boot"],"acts_visited":["Exordium","TheCity","TheBeyond","TheEnding"],"potions_floor_usage":[6,16,16,16,30,33,35,39,42,50,50,50,55],"damage_taken":[{"damage":0,"enemies":"Cultist","floor":1,"turns":3},{"damage":1,"enemies":"Jaw Worm","floor":2,"turns":2},{"damage":0,"enemies":"Small Slimes","floor":4,"turns":3},{"damage":53,"enemies":"Lagavulin","floor":6,"turns":7},{"damage":5,"enemies":"Blue Slaver","floor":8,"turns":3},{"damage":0,"enemies":"2 Fungi Beasts","floor":10,"turns":3},{"damage":18,"enemies":"Gremlin Nob","floor":14,"turns":4},{"damage":13,"enemies":"Hexaghost","floor":16,"turns":7},{"damage":0,"enemies":"Chosen","floor":18,"turns":3},{"damage":3,"enemies":"Masked Bandits","floor":21,"turns":4},{"damage":3,"enemies":"3 Byrds","floor":22,"turns":5},{"damage":50,"enemies":"Gremlin Leader","floor":23,"turns":4},{"damage":16,"enemies":"Book of Stabbing","floor":25,"turns":5},{"damage":1,"enemies":"3 Cultists","floor":30,"turns":4},{"damage":46,"enemies":"Champ","floor":33,"turns":8},{"damage":4,"enemies":"3 Darklings","floor":35,"turns":3},{"damage":19,"enemies":"3 Shapes","floor":37,"turns":4},{"damage":44,"enemies":"Spire Growth","floor":38,"turns":5},{"damage":46,"enemies":"Sphere and 2 Shapes","floor":41,"turns":4},{"damage":74,"enemies":"Reptomancer","floor":42,"turns":6},{"damage":2,"enemies":"4 Shapes","floor":45,"turns":1},{"damage":43,"enemies":"Maw","floor":46,"turns":6},{"damage":32,"enemies":"Spire Growth","floor":47,"turns":3},{"damage":89,"enemies":"Time Eater","floor":50,"turns":9},{"damage":55,"enemies":"Shield and Spear","floor":54,"turns":4},{"damage":203,"enemies":"The Heart","floor":55,"turns":9}],"seed_played":"-5901729241355716402","potions_obtained":[{"floor":1,"key":"DuplicationPotion"},{"floor":8,"key":"BlessingOfTheForge"},{"floor":10,"key":"Strength Potion"},{"floor":14,"key":"EssenceOfSteel"},{"floor":23,"key":"SteroidPotion"},{"floor":25,"key":"Fire Potion"},{"floor":33,"key":"AttackPotion"},{"floor":38,"key":"PowerPotion"},{"floor":39,"key":"Fruit Juice"},{"floor":42,"key":"SkillPotion"},{"floor":47,"key":"FearPotion"},{"floor":48,"key":"Swift Potion"},{"floor":54,"key":"FearPotion"}],"is_trial":false,"path_per_floor":["M","M","?","M","?","E","R","M","T","M","T","$","R","E","R","B",null,"M","?","?","?","M","E","R","E","T","R","$","R","M","$","R","B",null,"M","?","M","M","?","R","M","E","T","$","M","M","M","?","R","B",null,"R","$","E","B"],"character_chosen":"IRONCLAD","items_purchased":["Lee\u0027s Waffle","Lizard Tail","Anchor","Rage","Flex+1","Omamori","Bandage Up+1","Membership Card","CaptainsWheel","FairyPotion"],"campfire_rested":1,"item_purchase_floors":[0,0,0,0,12,28,28,31,44,53],"current_hp_per_floor":[87,87,92,92,59,17,44,45,45,53,53,53,53,43,43,53,92,92,74,74,79,90,58,58,56,56,56,56,56,97,97,97,76,97,97,85,95,65,75,75,61,38,38,38,102,82,70,70,70,37,102,102,102,74,0,0],"gold":37,"neow_bonus":"","is_daily":false,"chose_seed":false,"campfire_upgraded":6,"win_rate":0.0,"timestamp":1614449272,"path_taken":["M","?","?","M","?","E","R","M","T","M","?","$","R","E","R","BOSS","M","?","?","?","M","E","R","E","T","R","?","R","?","$","R","BOSS","M","?","M","M","?","R","?","E","T","$","M","M","M","?","R","BOSS","R","$","E","BOSS"],"items_purchased_type":["Relic","Relic","Relic","Card","Card","Relic","Card","Relic","Relic","Potion"],"build_version":"2020-12-22","purchased_purges":4,"victory":false,"max_hp_per_floor":[87,87,92,92,92,92,92,92,92,92,92,92,92,92,92,92,92,92,97,97,97,97,97,97,97,97,97,97,97,97,97,97,97,97,97,97,97,97,102,102,102,102,102,102,102,102,102,102,102,102,102,102,102,102,102,102],"card_choices":[{"not_picked":["Second Wind","Iron Wave","Rupture"],"picked":"SKIP","floor":1},{"not_picked":["Thunderclap","Clash","Anger"],"picked":"SKIP","floor":2},{"not_picked":["Armaments","Thunderclap"],"picked":"Pummel","floor":4},{"not_picked":["Metallicize","Burning Pact","True Grit"],"picked":"SKIP","floor":6},{"not_picked":["Dual Wield","Havoc","Iron Wave"],"picked":"SKIP","floor":8},{"not_picked":["Sentinel","Whirlwind","Spot Weakness"],"picked":"SKIP","floor":10},{"not_picked":["Wild Strike","Juggernaut","True Grit+1"],"picked":"SKIP","floor":14},{"not_picked":["Berserk","Immolate"],"picked":"Reaper","floor":16},{"not_picked":["Pommel Strike","Rupture"],"picked":"Uppercut","floor":18},{"not_picked":["Armaments+1","Iron Wave","Infernal Blade+1"],"picked":"SKIP","floor":22},{"not_picked":["Blood for Blood","Immolate"],"picked":"Flex+1","floor":23},{"not_picked":["Iron Wave+1","Heavy Blade"],"picked":"Double Tap+1","floor":25},{"not_picked":["Sword Boomerang","Wild Strike","Combust+1"],"picked":"SKIP","floor":30},{"not_picked":["Evolve+1","Clothesline+1","Armaments+1"],"picked":"SKIP","floor":35},{"not_picked":["Clash","Shrug It Off+1"],"picked":"Pommel Strike+1","floor":37},{"not_picked":["Clash+1","Cleave"],"picked":"Whirlwind+1","floor":38},{"not_picked":["Body Slam+1","Battle Trance+1","Evolve+1"],"picked":"SKIP","floor":41},{"not_picked":["Barricade+1","Cleave"],"picked":"Flex+1","floor":42},{"not_picked":["Combust+1","Evolve+1","Dual Wield+1"],"picked":"SKIP","floor":45},{"not_picked":["Reckless Charge+1","Feel No Pain+1"],"picked":"Pummel+1","floor":46},{"not_picked":["Pommel Strike","Havoc+1","Clothesline"],"picked":"SKIP","floor":47},{"not_picked":["Clash","Sword Boomerang+1"],"picked":"Juggernaut+1","floor":54}],"player_experience":948086,"relics_obtained":[{"floor":6,"key":"Gremlin Horn"},{"floor":9,"key":"Blood Vial"},{"floor":11,"key":"Toxic Egg 2"},{"floor":14,"key":"Red Skull"},{"floor":21,"key":"Red Mask"},{"floor":23,"key":"Bottled Flame"},{"floor":25,"key":"Old Coin"},{"floor":42,"key":"Girya"},{"floor":43,"key":"Bag of Marbles"},{"floor":54,"key":"Boot"}],"event_choices":[{"damage_healed":0,"gold_gain":0,"player_choice":"Donut","damage_taken":0,"max_hp_gain":5,"max_hp_loss":0,"event_name":"Big Fish","floor":3,"gold_loss":0},{"damage_healed":0,"gold_gain":0,"player_choice":"Success","damage_taken":33,"relics_obtained":["Toy Ornithopter"],"max_hp_gain":0,"max_hp_loss":0,"event_name":"Scrap Ooze","floor":5,"gold_loss":0},{"damage_healed":0,"gold_gain":0,"player_choice":"Shed Blood","damage_taken":23,"max_hp_gain":5,"max_hp_loss":0,"event_name":"Forgotten Altar","floor":19,"gold_loss":0},{"damage_healed":0,"gold_gain":0,"player_choice":"Obtained Relic","damage_taken":0,"relics_obtained":["Frozen Egg 2"],"max_hp_gain":0,"max_hp_loss":0,"event_name":"Addict","floor":20,"gold_loss":85},{"damage_healed":0,"gold_gain":0,"player_choice":"Fought Bandits","damage_taken":0,"max_hp_gain":0,"max_hp_loss":0,"event_name":"Masked Bandits","floor":21,"gold_loss":0},{"damage_healed":0,"gold_gain":0,"player_choice":"Embrace Madness","damage_taken":12,"max_hp_gain":0,"max_hp_loss":0,"event_name":"Winding Halls","floor":36,"gold_loss":0,"cards_obtained":["Madness","Madness"]},{"damage_healed":0,"gold_gain":0,"player_choice":"Bought 1 Potion","damage_taken":0,"max_hp_gain":0,"max_hp_loss":0,"event_name":"The Woman in Blue","floor":39,"gold_loss":0},{"damage_healed":0,"gold_gain":0,"player_choice":"Got Potions","damage_taken":0,"max_hp_gain":0,"max_hp_loss":0,"event_name":"Lab","floor":48,"gold_loss":0}],"is_beta":false,"boss_relics":[{"not_picked":["Pandora\u0027s Box","Velvet Choker"],"picked":"Cursed Key"},{"not_picked":["Busted Crown","SlaversCollar"],"picked":"Black Blood"}],"items_purged_floors":[0,12,28,31],"is_endless":false,"potions_floor_spawned":[1,8,10,14,23,25,33,38,42,47,54],"killed_by":"The Heart","ascension_level":0}}