{"host":"pke0xxyzw0teju56","time":1614454754,"event":{"mods":["BaseMod","Bestiary","Colored Powertips","Highlight Path","Minty Spire (QoL Compilation)","Relic Stats","Slay the Relics Exporter","StSLib"],"gold_per_floor":[116,132,143,162,173,173,173,208,255,255,285,303,303,25,25,105,105,119,146,146,158,182,182,208,208,208,0,0,26,108,136,136,136,136],"floor_reached":33,"language":"ENG","playtime":1862,"items_purged":["Strike_R+1"],"score":522,"play_id":"6cd5e697-f53b-4f81-b283-26d658935500","local_time":"20210227143914","is_ascension_mode":true,"campfire_choices":[{"data":"Uppercut","floor":6.0,"key":"SMITH"},{"data":"Hemokinesis","floor":10.0,"key":"SMITH"},{"data":"Cleave","floor":13,"key":"SMITH"},{"data":"Shrug It Off","floor":15,"key":"SMITH"},{"data":"Shrug It Off","floor":23,"key":"SMITH"},{"data":"Barricade","floor":25,"key":"SMITH"},{"data":"Limit Break","floor":32,"key":"SMITH"}],"circlet_count":0,"master_deck":["AscendersBane","Strike_R+1","Strike_R+1","Defend_R+1","Defend_R+1","Defend_R+1","Bash","Shrug It Off+1","Pommel Strike","Uppercut+1","Cleave+1","Hemokinesis+1","Barricade+1","Anger+1","Shrug It Off+1","Shrug It Off","PanicButton","Battle Trance","Combust+1","Limit Break+1"],"relics":["Burning Blood","Ancient Tea Set","CeramicFish","Paper Frog","Shuriken","Coffee Dripper","Question Card","Blue Candle"],"acts_visited":["Exordium","TheCity"],"potions_floor_usage":[16,24,33,33],"damage_taken":[{"damage":1.0,"enemies":"2 Louse","floor":1.0,"turns":2.0},{"damage":4.0,"enemies":"Cultist","floor":2.0,"turns":4.0},{"damage":7.0,"enemies":"Jaw Worm","floor":3.0,"turns":3.0},{"damage":7.0,"enemies":"Blue Slaver","floor":4.0,"turns":4.0},{"damage":19.0,"enemies":"Gremlin Gang","floor":5.0,"turns":6.0},{"damage":10.0,"enemies":"Gremlin Nob","floor":8.0,"turns":3.0},{"damage":26.0,"enemies":"3 Sentries","floor":11.0,"turns":7.0},{"damage":0.0,"enemies":"Large Slime","floor":12.0,"turns":4.0},{"damage":32,"enemies":"Hexaghost","floor":16,"turns":5},{"damage":23,"enemies":"2 Thieves","floor":18,"turns":3},{"damage":29,"enemies":"3 Byrds","floor":19,"turns":4},{"damage":3,"enemies":"Cultist and Chosen","floor":21,"turns":3},{"damage":9,"enemies":"3 Cultists","floor":22,"turns":4},{"damage":14,"enemies":"Snake Plant","floor":24,"turns":3},{"damage":6,"enemies":"Chosen and Byrds","floor":29,"turns":4},{"damage":0,"enemies":"Centurion and Healer","floor":31,"turns":5},{"damage":32,"enemies":"Collector","floor":33,"turns":5}],"seed_played":"-4619219692364381134","potions_obtained":[{"floor":2.0,"key":"Weak Potion"},{"floor":4.0,"key":"Regen Potion"},{"floor":5.0,"key":"AttackPotion"},{"floor":11.0,"key":"EssenceOfSteel"},{"floor":22,"key":"HeartOfIron"},{"floor":31,"key":"BlessingOfTheForge"}],"is_trial":false,"path_per_floor":["M","M","M","M","M","R","?","E","T","R","E","M","R","$","R","B",null,"M","M","?","M","M","R","M","R","T","$","?","M","T","M","R","B"],"character_chosen":"IRONCLAD","items_purchased":["Shuriken","PanicButton","Battle Trance"],"campfire_rested":0,"item_purchase_floors":[14,27,27],"current_hp_per_floor":[55,57,56,55,57,57,57,53,53,53,33,39,39,39,39,13,60,43,20,20,23,20,20,12,12,12,12,12,12,12,18,18,0,0],"gold":136,"neow_bonus":"REMOVE_TWO","is_daily":false,"chose_seed":false,"campfire_upgraded":7,"win_rate":0.0,"timestamp":1614454754,"path_taken":["M","M","M","M","M","R","?","E","T","R","E","M","R","$","R","BOSS","M","?","?","M","M","R","M","R","T","$","?","M","?","M","R","BOSS"],"items_purchased_type":["Relic","Card","Card"],"build_version":"2020-12-22","purchased_purges":1,"victory":false,"max_hp_per_floor":[75,75,75,75,75,75,75,75,75,75,75,75,75,75,75,75,75,75,75,75,75,75,75,75,75,75,75,75,75,75,75,75,75,75],"relic_stats":{"counters":[9,36],"Shuriken":[18],"CeramicFish":72,"Blue Candle":[0],"Question Card":2,"obtain_stats":[{"Shuriken":14,"CeramicFish":0,"Blue Candle":30,"Coffee Dripper":17,"Ancient Tea Set":0,"Question Card":26,"Burning Blood":0,"Paper Frog":0},{"Shuriken":0,"CeramicFish":0,"Blue Candle":7,"Coffee Dripper":1,"Ancient Tea Set":0,"Question Card":6,"Burning Blood":0,"Paper Frog":0},{"Shuriken":0,"CeramicFish":0,"Blue Candle":26,"Coffee Dripper":5,"Ancient Tea Set":0,"Question Card":22,"Burning Blood":0,"Paper Frog":0}],"Burning Blood":48},"card_choices":[{"not_picked":["Flex","Pommel Strike"],"picked":"Shrug It Off","floor":1.0},{"not_picked":["Armaments","True Grit"],"picked":"Pommel Strike","floor":2.0},{"not_picked":["Thunderclap","Clash"],"picked":"Uppercut","floor":3.0},{"not_picked":["Thunderclap","Barricade"],"picked":"Cleave","floor":4.0},{"not_picked":["Shrug It Off","Wild Strike"],"picked":"Hemokinesis","floor":5.0},{"not_picked":["Cleave","Twin Strike","Intimidate"],"picked":"SKIP","floor":8.0},{"not_picked":["Havoc","Armaments","Sever Soul"],"picked":"SKIP","floor":11.0},{"not_picked":["Havoc","Armaments","Sever Soul"],"picked":"SKIP","floor":11.0},{"not_picked":["Sever Soul","Heavy Blade","Flex"],"picked":"SKIP","floor":12.0},{"not_picked":["Exhume","Brutality"],"picked":"Barricade","floor":16},{"not_picked":["Combust","Clash","Armaments"],"picked":"SKIP","floor":18},{"not_picked":["Armaments","Heavy Blade"],"picked":"Anger+1","floor":19},{"not_picked":["Armaments","Havoc","Thunderclap"],"picked":"SKIP","floor":21},{"not_picked":["Wild Strike","Dropkick"],"picked":"Shrug It Off","floor":22},{"not_picked":["Perfected Strike","Spot Weakness"],"picked":"Shrug It Off","floor":24},{"not_picked":["Feel No Pain","Heavy Blade","Sword Boomerang"],"picked":"Combust+1","floor":29},{"not_picked":["Headbutt","Cleave","Blood for Blood"],"picked":"Limit Break","floor":31}],"player_experience":5395116,"relics_obtained":[{"floor":8.0,"key":"Ancient Tea Set"},{"floor":9.0,"key":"CeramicFish"},{"floor":11.0,"key":"Paper Frog"},{"floor":26,"key":"Question Card"},{"floor":30,"key":"Blue Candle"}],"event_choices":[{"cards_removed":["Strike_R"],"damage_healed":0.0,"max_hp_gain":0.0,"max_hp_loss":0.0,"gold_gain":0.0,"event_name":"Purifier","player_choice":"Purged","floor":7.0,"gold_loss":0.0,"damage_taken":0.0},{"damage_healed":0,"gold_gain":0,"player_choice":"Simplicity","damage_taken":0,"max_hp_gain":0,"max_hp_loss":0,"event_name":"Back to Basics","floor":20,"gold_loss":0,"cards_upgraded":["Strike_R","Strike_R","Strike_R","Defend_R","Defend_R","Defend_R"]},{"damage_healed":0,"gold_gain":0,"player_choice":"Ignored","damage_taken":0,"max_hp_gain":0,"max_hp_loss":0,"event_name":"Vampires","floor":28,"gold_loss":0}],"is_beta":false,"boss_relics":[{"not_picked":["Busted Crown","Ectoplasm"],"picked":"Coffee Dripper"}],"items_purged_floors":[27],"is_endless":false,"potions_floor_spawned":[2,4,5,11,12,22,31],"killed_by":"Collector","ascension_level":20}}