{"host":"rantoq7h0pygex6x","time":1614431316,"event":{"mods":["AchievementEnabler","BaseMod","BetterRewards","Minty Spire (QoL Compilation)","SuperFastMode"],"gold_per_floor":[115,115,115,134,145,145,176,176,176,75,75,86,99,99,99,174,174,190,190,208,51,66,98,98,116,116,216,227,259,259,285,285,285,285],"floor_reached":33,"language":"ENG","playtime":560,"items_purged":["Strike_R"],"score":635,"play_id":"1ec01455-920f-4e4d-a950-564a984214ac","local_time":"20210227210836","is_ascension_mode":true,"campfire_choices":[{"data":"Anger","floor":6.0,"key":"SMITH"},{"data":"Cleave","floor":8.0,"key":"SMITH"},{"data":"Armaments","floor":11.0,"key":"SMITH"},{"floor":15.0,"key":"REST"},{"data":"Reaper","floor":24.0,"key":"SMITH"},{"data":"Spot Weakness","floor":30.0,"key":"SMITH"},{"floor":32.0,"key":"REST"}],"circlet_count":0,"master_deck":["AscendersBane","Defend_R+1","Defend_R","Defend_R+1","Defend_R","Bash","Inflame+1","Anger+1","Iron Wave+1","Cleave+1","Armaments+1","Reaper+1","Spot Weakness+1","Bite","Bite","Bite","Bite","Bite"],"relics":["Burning Blood","Unceasing Top","Bag of Marbles","WingedGreaves","Busted Crown","Blood Vial","War Paint","Matryoshka","Torii","Mummified Hand","Frozen Egg 2","Potion Belt"],"acts_visited":["Exordium","TheCity"],"potions_floor_usage":[33],"damage_taken":[{"damage":7.0,"enemies":"Jaw Worm","floor":1.0,"turns":3.0},{"damage":9.0,"enemies":"Small Slimes","floor":4.0,"turns":4.0},{"damage":1.0,"enemies":"Cultist","floor":5.0,"turns":3.0},{"damage":20.0,"enemies":"3 Sentries","floor":7.0,"turns":6.0},{"damage":20.0,"enemies":"Exordium Wildlife","floor":12.0,"turns":3.0},{"damage":9.0,"enemies":"Exordium Thugs","floor":13.0,"turns":4.0},{"damage":53.0,"enemies":"Slime Boss","floor":16.0,"turns":10.0},{"damage":11.0,"enemies":"Chosen","floor":18.0,"turns":4.0},{"damage":27.0,"enemies":"Spheric Guardian","floor":20.0,"turns":5.0},{"damage":24.0,"enemies":"Snecko","floor":22.0,"turns":4.0},{"damage":57.0,"enemies":"Slavers","floor":23.0,"turns":5.0},{"damage":14.0,"enemies":"Centurion and Healer","floor":25.0,"turns":5.0},{"damage":36.0,"enemies":"Colosseum Slavers","floor":27.0,"turns":4.0},{"damage":22.0,"enemies":"Colosseum Nobs","floor":27.0,"turns":5.0},{"damage":13.0,"enemies":"Cultist and Chosen","floor":28.0,"turns":5.0},{"damage":41.0,"enemies":"Book of Stabbing","floor":29.0,"turns":5.0},{"damage":36.0,"enemies":"Slavers","floor":31.0,"turns":5.0},{"damage":80,"enemies":"Automaton","floor":33,"turns":8}],"seed_played":"-5957968492140127831","potions_obtained":[{"floor":1.0,"key":"EssenceOfSteel"},{"floor":4.0,"key":"ElixirPotion"},{"floor":22.0,"key":"SmokeBomb"},{"floor":23.0,"key":"SkillPotion"},{"floor":27.0,"key":"SteroidPotion"},{"floor":31.0,"key":"Explosive Potion"}],"is_trial":false,"path_per_floor":["M","?","?","M","M","R","E","R","T","$","R","M","M","?","R","B",null,"M","?","M","$","M","E","R","M","T","?","M","E","R","E","R","B"],"character_chosen":"IRONCLAD","items_purchased":["Inflame","Armaments","Blood Vial"],"campfire_rested":2,"item_purchase_floors":[0,10,21],"current_hp_per_floor":[67,62,62,59,64,64,50,50,50,50,50,36,33,33,55,8,58,60,52,44,44,38,30,30,52,52,50,52,40,40,31,46,0,0],"gold":285,"neow_bonus":"","is_daily":false,"chose_seed":false,"campfire_upgraded":5,"win_rate":0.0,"timestamp":1614431316,"path_taken":["M","?","?","M","?","R","E","R","T","$","R","M","M","?","R","BOSS","M","?","M","?","M","E","R","M","T","?","M","E","R","E","R","BOSS"],"items_purchased_type":["Card","Card","Relic"],"build_version":"2020-12-22","purchased_purges":1,"victory":false,"max_hp_per_floor":[75,75,75,75,75,75,75,75,75,75,75,75,75,75,75,75,75,75,52,52,52,52,52,52,52,52,52,52,52,52,52,52,52,52],"card_choices":[{"not_picked":["Armaments","Warcry"],"picked":"Anger","floor":1.0},{"not_picked":["Clothesline","Sentinel"],"picked":"Iron Wave","floor":4.0},{"not_picked":["Clash","Second Wind"],"picked":"Cleave","floor":5.0},{"not_picked":["Disarm","Clothesline","Fiend Fire"],"picked":"SKIP","floor":7.0},{"not_picked":["Clash","Cleave","Clothesline"],"picked":"SKIP","floor":12.0},{"not_picked":["Flex","True Grit","Anger"],"picked":"SKIP","floor":13.0},{"not_picked":["Fiend Fire","Barricade"],"picked":"Reaper","floor":16.0},{"not_picked":[],"picked":"Spot Weakness","floor":18.0},{"not_picked":["Clothesline"],"picked":"SKIP","floor":20.0},{"not_picked":["Wild Strike"],"picked":"SKIP","floor":22.0},{"not_picked":["Thunderclap"],"picked":"SKIP","floor":23.0},{"not_picked":["Pommel Strike"],"picked":"SKIP","floor":25.0},{"not_picked":["Headbutt"],"picked":"SKIP","floor":28.0},{"not_picked":["Rampage"],"picked":"SKIP","floor":29.0},{"not_picked":["Uppercut"],"picked":"SKIP","floor":31.0}],"player_experience":1015007,"relics_obtained":[{"floor":7.0,"key":"Bag of Marbles"},{"floor":9.0,"key":"WingedGreaves"},{"floor":23.0,"key":"War Paint"},{"floor":26.0,"key":"Matryoshka"},{"floor":27.0,"key":"Torii"},{"floor":27.0,"key":"Mummified Hand"},{"floor":29.0,"key":"Frozen Egg 2"},{"floor":31.0,"key":"Potion Belt"}],"event_choices":[{"damage_healed":0.0,"max_hp_gain":0.0,"max_hp_loss":0.0,"gold_gain":0.0,"event_name":"Scrap Ooze","player_choice":"Success","floor":2.0,"gold_loss":0.0,"damage_taken":5.0,"relics_obtained":["Unceasing Top"]},{"damage_healed":0.0,"max_hp_gain":0.0,"max_hp_loss":0.0,"gold_gain":0.0,"event_name":"Accursed Blacksmith","player_choice":"Forge","floor":3.0,"gold_loss":0.0,"damage_taken":0.0,"cards_upgraded":["Inflame"]},{"damage_healed":0.0,"max_hp_gain":0.0,"max_hp_loss":0.0,"gold_gain":0.0,"event_name":"Upgrade Shrine","player_choice":"Upgraded","floor":14.0,"gold_loss":0.0,"damage_taken":0.0,"cards_upgraded":["Iron Wave"]},{"damage_healed":0.0,"max_hp_gain":0.0,"max_hp_loss":23.0,"gold_gain":0.0,"event_name":"Vampires","player_choice":"Became a vampire","floor":19.0,"gold_loss":0.0,"damage_taken":0.0,"cards_obtained":["Bite","Bite","Bite","Bite","Bite"]},{"damage_healed":0.0,"max_hp_gain":0.0,"max_hp_loss":0.0,"gold_gain":0.0,"event_name":"Colosseum","player_choice":"Fight","floor":27.0,"gold_loss":0.0,"damage_taken":0.0},{"damage_healed":0.0,"max_hp_gain":0.0,"max_hp_loss":0.0,"gold_gain":0.0,"event_name":"Colosseum","player_choice":"Fought Nobs","floor":27.0,"gold_loss":0.0,"damage_taken":0.0}],"is_beta":false,"boss_relics":[{"not_picked":["Astrolabe","Runic Cube"],"picked":"Busted Crown"}],"items_purged_floors":[10],"is_endless":false,"potions_floor_spawned":[1,4,5,22,23,27,27,31],"killed_by":"Automaton","ascension_level":20}}