{"host":"h49usdrjeju7gyhi","time":1614399302,"event":{"mods":["BaseMod","Bestiary","Colored Map","Minty Spire (QoL Compilation)","StSLib","The Animator"],"gold_per_floor":[111,125,24,50,66,66,96,137,149,187,199,211,223,251,263,275,275],"floor_reached":16,"language":"ENG","playtime":893,"items_purged":["animator:Strike"],"score":224,"play_id":"1f2df821-1d0e-48a5-abe7-093d0415966a","local_time":"20210226231502","is_ascension_mode":true,"campfire_choices":[{"data":"animator:Laby","floor":6,"key":"SMITH"},{"data":"animator:Elesis","floor":12,"key":"SMITH"},{"floor":15,"key":"REST"}],"circlet_count":0,"master_deck":["AscendersBane","animator:Strike_Overlord","animator:Defend_Overlord","animator:Strike","animator:Strike","animator:Defend","animator:Defend","animator:Cocytus","animator:Demiurge","animator:Laby+1","animator:EmiyaShirou","animator:Chung","animator:KyokoSakura","animator:Rena","animator:Entoma+1","animator:Elesis+2","animator:Alexander"],"relics":["animator:LivingPicture","animator:TheMissingPiece","animator:PurgingStone","NeowsBlessing","MawBank","Paper Frog","Du-Vu Doll"],"acts_visited":["Exordium"],"potions_floor_usage":[10,14],"damage_taken":[{"damage":0,"enemies":"Cultist","floor":1,"turns":1},{"damage":0,"enemies":"2 Louse","floor":2,"turns":1},{"damage":0,"enemies":"Jaw Worm","floor":4,"turns":1},{"damage":5,"enemies":"Blue Slaver","floor":5,"turns":5},{"damage":4,"enemies":"Lagavulin","floor":7,"turns":8},{"damage":0,"enemies":"3 Louse","floor":8,"turns":4},{"damage":11,"enemies":"3 Sentries","floor":10,"turns":8},{"damage":8,"enemies":"Gremlin Gang","floor":14,"turns":4},{"damage":41,"enemies":"Slime Boss","floor":16,"turns":7}],"seed_played":"2778986763041051564","potions_obtained":[{"floor":4,"key":"Block Potion"},{"floor":5,"key":"BlessingOfTheForge"}],"is_trial":false,"path_per_floor":["M","M","$","M","M","R","E","M","T","E","?","R","$","M","R","B"],"character_chosen":"THE_ANIMATOR","items_purchased":["animator:Chung"],"campfire_rested":1,"item_purchase_floors":[3],"current_hp_per_floor":[54,54,54,54,49,49,45,45,45,34,27,27,27,21,39,0,0],"gold":275,"neow_bonus":"THREE_ENEMY_KILL","is_daily":false,"chose_seed":false,"campfire_upgraded":2,"win_rate":0.0,"timestamp":1614399302,"path_taken":["M","?","$","M","M","R","E","M","T","E","?","R","?","M","R","BOSS"],"items_purchased_type":["Card"],"build_version":"2020-12-22","purchased_purges":1,"victory":false,"max_hp_per_floor":[60,60,60,60,60,60,60,60,60,60,60,60,60,62,62,62,62],"card_choices":[{"not_picked":["animator:LizardPriest","animator:Spearman"],"picked":"animator:Laby","floor":1},{"not_picked":["animator:Ciel","animator:Melzalgald"],"picked":"animator:EmiyaShirou","floor":2},{"not_picked":["animator:Cocytus","animator:Hitei"],"picked":"animator:KyokoSakura","floor":4},{"not_picked":["animator:Raven","animator:Aisha"],"picked":"animator:Rena","floor":5},{"not_picked":["animator:GazelDwargon","animator:YachiyoNanami","animator:Shion"],"picked":"SKIP","floor":7},{"not_picked":["animator:ShinjiMatou","animator:Bozes"],"picked":"animator:Entoma","floor":8},{"not_picked":["animator:ShinjiMatou","animator:MadokaKaname"],"picked":"animator:Elesis","floor":10},{"not_picked":["animator:Caster","animator:ShinjiMatou"],"picked":"animator:Alexander","floor":14}],"player_experience":1624581,"relics_obtained":[{"floor":7,"key":"MawBank"},{"floor":9,"key":"Paper Frog"},{"floor":10,"key":"Du-Vu Doll"}],"event_choices":[{"cards_removed":["animator:Defend"],"damage_healed":0,"gold_gain":0,"player_choice":"Card Removal","damage_taken":7,"max_hp_gain":0,"max_hp_loss":0,"event_name":"Golden Wing","floor":11,"gold_loss":0}],"is_beta":false,"boss_relics":[],"items_purged_floors":[3],"is_endless":false,"potions_floor_spawned":[4,5,7,8],"killed_by":"Slime Boss","ascension_level":20}}