{"host":"mithrandi","time":1614414525,"event":{"mods":["BaseMod","Colored Map","Highlight Path","Minty Spire (QoL Compilation)","SuperFastMode"],"gold_per_floor":[111,121,132,22,22,49,49,49,49,49,74,74,109,122,122,194,194,213,226,6,21,35,65,65,91,91,91,103,103,103,121,121,121,121],"floor_reached":33,"language":"ENG","playtime":13695,"items_purged":["Strike_B"],"score":810,"play_id":"85483f9a-69ed-4ceb-ac20-be030b5fb0a6","local_time":"20210227102845","is_ascension_mode":true,"campfire_choices":[{"data":"Defragment","floor":7.0,"key":"SMITH"},{"data":"Fission","floor":12.0,"key":"SMITH"},{"data":"Consume","floor":15.0,"key":"SMITH"},{"floor":24.0,"key":"REST"},{"floor":27.0,"key":"REST"},{"floor":29.0,"key":"REST"},{"floor":32.0,"key":"REST"}],"circlet_count":0,"master_deck":["AscendersBane","Strike_B+1","Strike_B+1","Strike_B+1","Defend_B+1","Defend_B+1","Defend_B+1","Defend_B+1","Zap","Dualcast","Consume+1","Compile Driver","Compile Driver","Ball Lightning","Steam","Defragment+1","Fission+1","Sweeping Beam","Ball Lightning","Electrodynamics","Sweeping Beam","Recycle","Defragment","Doom and Gloom"],"relics":["Cracked Core","FossilizedHelix","Letter Opener","Blue Candle","Smiling Mask","Symbiotic Virus","Sundial","Fusion Hammer","Centennial Puzzle","Lantern","Tiny Chest"],"acts_visited":["Exordium","TheCity"],"potions_floor_usage":[],"damage_taken":[{"damage":5.0,"enemies":"Small Slimes","floor":1.0,"turns":3.0},{"damage":0.0,"enemies":"2 Louse","floor":2.0,"turns":2.0},{"damage":0.0,"enemies":"Cultist","floor":3.0,"turns":3.0},{"damage":10.0,"enemies":"3 Sentries","floor":6.0,"turns":6.0},{"damage":0.0,"enemies":"Gremlin Nob","floor":11.0,"turns":3.0},{"damage":0.0,"enemies":"Lagavulin","floor":13.0,"turns":5.0},{"damage":0.0,"enemies":"Exordium Wildlife","floor":14.0,"turns":2.0},{"damage":0.0,"enemies":"Slime Boss","floor":16.0,"turns":6.0},{"damage":0.0,"enemies":"2 Thieves","floor":18.0,"turns":2.0},{"damage":0.0,"enemies":"Spheric Guardian","floor":19.0,"turns":3.0},{"damage":0.0,"enemies":"Cultist and Chosen","floor":21.0,"turns":3.0},{"damage":9.0,"enemies":"Centurion and Healer","floor":22.0,"turns":4.0},{"damage":36.0,"enemies":"Book of Stabbing","floor":23.0,"turns":4.0},{"damage":29.0,"enemies":"Slavers","floor":25.0,"turns":3.0},{"damage":13.0,"enemies":"Chosen and Byrds","floor":28.0,"turns":4.0},{"damage":26.0,"enemies":"Shelled Parasite and Fungi","floor":31.0,"turns":4.0},{"damage":63,"enemies":"Collector","floor":33,"turns":6}],"seed_played":"-5521333512055729780","potions_obtained":[{"floor":1.0,"key":"Strength Potion"},{"floor":10.0,"key":"PowerPotion"},{"floor":10.0,"key":"SkillPotion"},{"floor":11.0,"key":"FocusPotion"},{"floor":13.0,"key":"LiquidBronze"},{"floor":18.0,"key":"Regen Potion"},{"floor":19.0,"key":"SmokeBomb"},{"floor":21.0,"key":"GamblersBrew"},{"floor":28.0,"key":"LiquidMemories"}],"is_trial":false,"path_per_floor":["M","M","M","$","?","E","R","?","T","?","E","R","E","M","R","B",null,"M","M","$","M","M","E","R","E","T","R","M","R","?","M","R","B"],"character_chosen":"DEFECT","items_purchased":["Ball Lightning","Steam","Defragment","Doom and Gloom"],"campfire_rested":4,"item_purchase_floors":[4,4,20,20],"current_hp_per_floor":[59,59,59,59,64,54,54,43,43,43,43,43,43,43,43,43,63,63,69,69,69,60,24,44,15,15,35,22,42,42,16,36,0,0],"gold":121,"neow_bonus":"ONE_RARE_RELIC","is_daily":false,"chose_seed":false,"campfire_upgraded":3,"win_rate":0.0,"timestamp":1614414525,"path_taken":["M","M","M","$","?","E","R","?","T","?","E","R","E","M","R","BOSS","M","M","$","M","M","E","R","E","T","R","M","R","?","M","R","BOSS"],"items_purchased_type":["Card","Card","Card","Card"],"build_version":"2020-12-18","purchased_purges":1,"victory":false,"max_hp_per_floor":[64,64,64,64,69,69,69,69,69,69,69,69,69,69,69,69,69,69,69,69,69,69,69,69,69,69,69,69,69,69,69,69,69,69],"card_choices":[{"not_picked":["Aggregate","Heatsinks"],"picked":"Consume","floor":1.0},{"not_picked":["Go for the Eyes","Barrage"],"picked":"Compile Driver","floor":2.0},{"not_picked":["Turbo","Barrage"],"picked":"Compile Driver","floor":3.0},{"not_picked":["Streamline","Gash"],"picked":"Defragment","floor":6.0},{"not_picked":["Double Energy","Lockon"],"picked":"Fission","floor":11.0},{"not_picked":["Hologram","Rip and Tear"],"picked":"Sweeping Beam","floor":13.0},{"not_picked":["Blizzard","Static Discharge"],"picked":"Ball Lightning","floor":14.0},{"not_picked":["Biased Cognition","Hyperbeam"],"picked":"Electrodynamics","floor":16.0},{"not_picked":["Tempest","Cold Snap"],"picked":"Sweeping Beam","floor":18.0},{"not_picked":["Streamline+1","Turbo"],"picked":"Recycle","floor":19.0},{"not_picked":["Rebound","Skim","Streamline"],"picked":"SKIP","floor":21.0},{"not_picked":["Recycle","Auto Shields","Stack"],"picked":"SKIP","floor":22.0},{"not_picked":["Fission","Tempest","Leap"],"picked":"SKIP","floor":23.0},{"not_picked":["Beam Cell","Cold Snap","Hologram"],"picked":"SKIP","floor":25.0},{"not_picked":["Steam","Cold Snap","Doom and Gloom"],"picked":"SKIP","floor":28.0},{"not_picked":["Turbo","Fission","Leap"],"picked":"SKIP","floor":31.0}],"player_experience":3158497,"relics_obtained":[{"floor":6.0,"key":"Letter Opener"},{"floor":9.0,"key":"Smiling Mask"},{"floor":11.0,"key":"Symbiotic Virus"},{"floor":13.0,"key":"Sundial"},{"floor":23.0,"key":"Centennial Puzzle"},{"floor":25.0,"key":"Lantern"},{"floor":26.0,"key":"Tiny Chest"}],"event_choices":[{"damage_healed":0.0,"max_hp_gain":5.0,"max_hp_loss":0.0,"gold_gain":0.0,"event_name":"Big Fish","player_choice":"Donut","floor":5.0,"gold_loss":0.0,"damage_taken":0.0},{"damage_healed":0.0,"max_hp_gain":0.0,"max_hp_loss":0.0,"gold_gain":0.0,"event_name":"Scrap Ooze","player_choice":"Success","floor":8.0,"gold_loss":0.0,"damage_taken":11.0,"relics_obtained":["Blue Candle"]},{"damage_healed":0.0,"max_hp_gain":0.0,"max_hp_loss":0.0,"gold_gain":0.0,"event_name":"Lab","player_choice":"Got Potions","floor":10.0,"gold_loss":0.0,"damage_taken":0.0},{"damage_healed":0.0,"max_hp_gain":0.0,"max_hp_loss":0.0,"gold_gain":0.0,"event_name":"Back to Basics","player_choice":"Simplicity","floor":30.0,"gold_loss":0.0,"damage_taken":0.0,"cards_upgraded":["Strike_B","Strike_B","Strike_B","Defend_B","Defend_B","Defend_B","Defend_B"]}],"is_beta":true,"boss_relics":[{"not_picked":["Philosopher\u0027s Stone","Astrolabe"],"picked":"Fusion Hammer"}],"items_purged_floors":[20],"is_endless":false,"potions_floor_spawned":[1,11,13,18,19,21,28],"killed_by":"Collector","ascension_level":20}}