{"host":"at5b10nm0iti0w4x","time":1614456721,"event":{"mods":["2.2 Compatiblity","AchievementEnabler","BaseMod","Bestiary","Block Reminder","Colored Map","Colored Powertips","Highlight Path","Keyboard Shortcuts","Minty Spire (QoL Compilation)","Quick Restart","Relic Stats","Slay the Relics Exporter","StSLib","SuperFastMode","Unknown Chances"],"gold_per_floor":[114,132,132,152,20,59,77,111,111,111,144,107,126,151,151,151,151],"floor_reached":16,"language":"ENG","playtime":588,"items_purged":[],"score":122,"play_id":"333de169-be33-4cf1-bd5d-5cd251d229d3","local_time":"20210227151201","is_ascension_mode":false,"campfire_choices":[{"data":"True Grit","floor":15,"key":"SMITH"}],"circlet_count":0,"master_deck":["Strike_R","Strike_R","Strike_R","Strike_R","Strike_R","Defend_R","Defend_R","Defend_R","Defend_R","Bash","Anger","Iron Wave","True Grit+1","Metallicize","Shrug It Off","Battle Trance","Entrench+1","Feel No Pain","Burning Pact","Power Through","Headbutt"],"relics":["Burning Blood","NeowsBlessing","Golden Idol","Anchor","Sundial","Darkstone Periapt","Mummified Hand"],"acts_visited":["Exordium"],"potions_floor_usage":[16,16,16],"damage_taken":[{"damage":0,"enemies":"2 Louse","floor":1,"turns":1},{"damage":0,"enemies":"Jaw Worm","floor":2,"turns":1},{"damage":0,"enemies":"Cultist","floor":4,"turns":1},{"damage":24,"enemies":"Gremlin Nob","floor":6,"turns":6},{"damage":0,"enemies":"Blue Slaver","floor":7,"turns":5},{"damage":10,"enemies":"3 Sentries","floor":8,"turns":10},{"damage":22,"enemies":"Lagavulin","floor":11,"turns":9},{"damage":2,"enemies":"2 Fungi Beasts","floor":13,"turns":4},{"damage":15,"enemies":"Exordium Thugs","floor":14,"turns":7},{"damage":29,"enemies":"Hexaghost","floor":16,"turns":9}],"seed_played":"-1415959500027156503","potions_obtained":[{"floor":4,"key":"ColorlessPotion"},{"floor":11,"key":"PowerPotion"}],"is_trial":false,"path_per_floor":["M","M","?","M","$","E","M","E","T","?","E","$","M","M","R","B"],"character_chosen":"IRONCLAD","items_purchased":["PowerPotion","Metallicize","Burning Pact"],"campfire_rested":0,"item_purchase_floors":[5,5,12],"current_hp_per_floor":[80,80,60,66,66,48,54,50,50,50,34,34,38,29,29,0,0],"gold":151,"neow_bonus":"THREE_ENEMY_KILL","is_daily":false,"chose_seed":false,"campfire_upgraded":1,"win_rate":0.0,"timestamp":1614456721,"path_taken":["M","M","?","M","$","E","M","E","T","?","E","$","M","?","R","BOSS"],"items_purchased_type":["Potion","Card","Card"],"build_version":"2020-12-22","purchased_purges":0,"victory":false,"max_hp_per_floor":[80,80,80,80,80,80,80,80,80,80,80,80,80,80,80,80,80],"relic_stats":{"Darkstone Periapt":0,"counters":[10,53],"Golden Idol":39,"Sundial":[4],"Mummified Hand":[8],"obtain_stats":[{"Darkstone Periapt":9,"Anchor":6,"NeowsBlessing":0,"Golden Idol":3,"Sundial":8,"Mummified Hand":11,"Burning Blood":0},{"Darkstone Periapt":6,"Anchor":4,"NeowsBlessing":0,"Golden Idol":2,"Sundial":6,"Mummified Hand":7,"Burning Blood":0},{"Darkstone Periapt":24,"Anchor":9,"NeowsBlessing":0,"Golden Idol":2,"Sundial":24,"Mummified Hand":33,"Burning Blood":0}],"Burning Blood":42},"card_choices":[{"not_picked":["Iron Wave","Infernal Blade"],"picked":"Anger","floor":1},{"not_picked":["Second Wind","Havoc"],"picked":"Iron Wave","floor":2},{"not_picked":["Headbutt","Clash"],"picked":"True Grit","floor":4},{"not_picked":["Blood for Blood","Second Wind"],"picked":"Shrug It Off","floor":6},{"not_picked":["Armaments","Flex"],"picked":"Battle Trance","floor":7},{"not_picked":["Infernal Blade","Sword Boomerang"],"picked":"Entrench","floor":8},{"not_picked":["Carnage","Entrench"],"picked":"Feel No Pain","floor":11},{"not_picked":["Entrench","Brutality"],"picked":"Power Through","floor":13},{"not_picked":["Shockwave","Havoc"],"picked":"Headbutt","floor":14}],"player_experience":136826,"relics_obtained":[{"floor":6,"key":"Anchor"},{"floor":8,"key":"Sundial"},{"floor":9,"key":"Darkstone Periapt"},{"floor":11,"key":"Mummified Hand"}],"event_choices":[{"damage_healed":0,"gold_gain":0,"player_choice":"Take Damage","damage_taken":20,"relics_obtained":["Golden Idol"],"max_hp_gain":0,"max_hp_loss":0,"event_name":"Golden Idol","floor":3,"gold_loss":0},{"damage_healed":0,"gold_gain":0,"player_choice":"Upgraded","damage_taken":0,"max_hp_gain":0,"max_hp_loss":0,"event_name":"Upgrade Shrine","floor":10,"gold_loss":0,"cards_upgraded":["Entrench"]}],"is_beta":false,"boss_relics":[],"items_purged_floors":[],"is_endless":false,"potions_floor_spawned":[4,11],"killed_by":"Hexaghost","ascension_level":0}}