{"host":"87w2793jpavfbt1o","time":1614414846,"event":{"mods":["AchievementEnabler","Aspiration","BaseMod","Better Altar","Better Match","Better Note","Better Sensory Stone","Better Skull","Better Third Choice","Better Vampires","BetterRewards","Conspire","Displayed Cursed Tome","Downfall","Energized Spire","Filter the Spire","Halation","Highlight Path","Hubris","Infinite Spire","Marked Mod","Minty Spire (QoL Compilation)","Prisma Mod","Relic Filter","Relic Sorter","Replay The Spire","Shop Mod","StSLib","TestMod","??????REMEMod"],"gold_per_floor":[117,128,139,155,330,330,363,363,363,398,429,468,479,535,535,639,639,683,700,700,615,41,67,67,83,106,118,171,171,201,201,201,201,201],"floor_reached":33,"language":"ENG","playtime":3892,"items_purged":[],"score":781,"play_id":"66cc4674-d82d-44cc-b936-0e577fa1f132","local_time":"20210227003406","is_ascension_mode":true,"campfire_choices":[{"floor":6,"key":"REST"},{"floor":8,"key":"RECALL"},{"floor":15,"key":"REST"},{"data":"Secret Technique","floor":24,"key":"SMITH"},{"floor":32,"key":"REST"}],"circlet_count":0,"master_deck":["Strike_P","Strike_P","Strike_P","Strike_P","Defend_P","Defend_P","Defend_P","Defend_P","Eruption","Vigilance","hubris:EnhanceAbility","MarkedMod:GracefulMovements","Conclude+1","SashWhip","REME_Repentance","Replay:ManipulateFuture","Doubt","Replay:ManipulateFuture","MarkedMod:SlowDance","Wish","FlyingSleeves","MarkedMod:FirstStrike","LikeWater","SpiritShield","MarkedMod:GentlePulse+1","infinitespire:UltimateForm","Secret Technique+1","Footwork","EmptyBody+1","Calculated Gamble","Replay:DivineShield","hubris:DuctTapeCard","Hidden Blade+1","Nirvana","testmod-SubstituteBySubterfuge","REME_WheelOfFate"],"relics":["PureWater","REME_ComplimentaryCards","testmod-TestBox","testmod-ThousandKnives","FossilizedHelix","REME_LimitBreaker","infinitespire:Broken Mirror","testmod-TurbochargingSystem","White Beast Statue","Bronze Scales","aspiration:SilentSkillbook","ReplayTheSpireMod:Ninjato","REME_HourglassOfDeath","aspiration:TomeofQuesting","Simple Rune","Blue Candle","hubris:DuctTape","Torii"],"acts_visited":["Exordium","TheCity"],"potions_floor_usage":[7,10,14,14,16,19,19,23,25,27,28,28,30,33],"damage_taken":[{"damage":0,"enemies":"Cultist","floor":1,"turns":2},{"damage":0,"enemies":"Small Slimes","floor":2,"turns":2},{"damage":0,"enemies":"Jaw Worm","floor":3,"turns":3},{"damage":0,"enemies":"Exordium Wildlife","floor":4,"turns":3},{"damage":0,"enemies":"Lagavulin","floor":7,"turns":6},{"damage":0,"enemies":"Gremlin Nob","floor":10,"turns":1},{"damage":0,"enemies":"conspire:MimicChest","floor":11,"turns":3},{"damage":0,"enemies":"3 Louse","floor":12,"turns":3},{"damage":0,"enemies":"Blue Slaver","floor":13,"turns":3},{"damage":40,"enemies":"Lagavulin Event","floor":14,"turns":3},{"damage":0,"enemies":"Fading Forest","floor":16,"turns":11},{"damage":0,"enemies":"Chosen","floor":18,"turns":6},{"damage":0,"enemies":"Shell Parasite","floor":19,"turns":3},{"damage":15,"enemies":"conspire:SneckoGhost","floor":23,"turns":4},{"damage":11,"enemies":"Sentry and Sphere","floor":25,"turns":4},{"damage":10,"enemies":"Snake Plant","floor":27,"turns":3},{"damage":22,"enemies":"Gremlin Leader","floor":28,"turns":6},{"damage":1,"enemies":"conspire:Head Lice","floor":30,"turns":5},{"damage":30,"enemies":"Champ","floor":33,"turns":3}],"seed_played":"3410988567012686918","potions_obtained":[{"floor":1,"key":"Fire Potion"},{"floor":4,"key":"Swift Potion"},{"floor":7,"key":"Ambrosia"},{"floor":12,"key":"Adrenaline Potion"},{"floor":13,"key":"bronze:BurnAndBuffPotion"},{"floor":14,"key":"Death Potion"},{"floor":16,"key":"DuplicationPotion"},{"floor":18,"key":"Block Potion"},{"floor":19,"key":"SkillPotion"},{"floor":23,"key":"Venom Potion"},{"floor":25,"key":"sneckomod:MuddlingPotion"},{"floor":27,"key":"ColorlessPotion"},{"floor":28,"key":"SteroidPotion"},{"floor":30,"key":"DistilledChaos"}],"is_trial":false,"path_per_floor":["M","M","M","M","?","R","E","R","T","E","?","M","M","?","R","B",null,"M","M","AVR","?","$","E","R","M","T","M","E","?","E","?","R","B"],"character_chosen":"WATCHER","items_purchased":["MarkedMod:GracefulMovements","Conclude+1","aspiration:TomeofQuesting","Simple Rune","Secret Technique","Footwork"],"campfire_rested":3,"item_purchase_floors":[0,0,22,22,22,22],"current_hp_per_floor":[45,45,45,45,45,66,66,66,66,66,66,66,66,26,47,47,66,66,66,66,66,66,51,51,40,40,30,8,8,7,7,28,0,0],"gold":201,"neow_bonus":"","is_daily":false,"chose_seed":false,"campfire_upgraded":1,"win_rate":0.0,"timestamp":1614414846,"path_taken":["M","?","M","M","?","R","E","R","T","E","?","M","M","?","R","BOSS","M","M","AVR","?","$","E","R","M","T","M","E","?","E","?","R","BOSS"],"items_purchased_type":["Card","Card","Relic","Relic","Card","Card"],"build_version":"2020-12-22","purchased_purges":0,"victory":false,"max_hp_per_floor":[72,72,72,72,72,72,72,72,72,72,72,72,72,72,72,72,72,72,72,72,72,72,72,72,72,72,72,72,72,72,72,72,72,72],"card_choices":[{"not_picked":["EmptyBody","Swivel"],"picked":"FlurryOfBlows","floor":1},{"not_picked":["REME_Repentance","ClearTheMind"],"picked":"SashWhip","floor":2},{"not_picked":["REME_MusicOfDeath","Replay:Vibes"],"picked":"REME_Repentance","floor":3},{"not_picked":["MarkedMod:Acupuncture","FlyingSleeves"],"picked":"Replay:ManipulateFuture","floor":4},{"not_picked":["Replay:Anticipation","InnerPeace"],"picked":"Replay:ManipulateFuture","floor":7},{"not_picked":["SashWhip","ClearTheMind"],"picked":"MarkedMod:SlowDance","floor":10},{"not_picked":["MarkedMod:FirstStrike","Halt"],"picked":"Wish","floor":11},{"not_picked":["BowlingBash","DeceiveReality"],"picked":"FlyingSleeves","floor":12},{"not_picked":["Replay:BluntJabs","Evaluate"],"picked":"MarkedMod:FirstStrike","floor":13},{"not_picked":["DeceiveReality","FlyingSleeves"],"picked":"LikeWater","floor":14},{"not_picked":["DeusExMachina","Replay:LoomingThreat"],"picked":"SpiritShield","floor":16},{"not_picked":["EmptyBody","REME_Repentance","Dagger Throw"],"picked":"Consecrate","floor":18},{"not_picked":["LikeWater+1","Evaluate","Acrobatics"],"picked":"MarkedMod:GentlePulse+1","floor":19},{"not_picked":["Consecrate","Skewer","Tools of the Trade"],"picked":"EmptyBody+1","floor":23},{"not_picked":["Vengeance","CrushJoints+1","Replay:BluntJabs+1"],"picked":"Calculated Gamble","floor":25},{"not_picked":["REME_EmptyShield","Tactician","FlyingSleeves+1"],"picked":"Replay:DivineShield","floor":27},{"not_picked":["FlurryOfBlows","FollowUp","SashWhip"],"picked":"Hidden Blade+1","floor":28},{"not_picked":["Deadly Poison+1","Backflip+1","Replay:BluntJabs"],"picked":"Nirvana","floor":30},{"not_picked":["testmod-Superconductor","testmod-EternalityOfKhronos","testmod-RabbitOfFibonacci"],"picked":"testmod-SubstituteBySubterfuge","floor":31},{"not_picked":["testmod-Collector","Master of Strategy","testmod-LifeRuler"],"picked":"REME_WheelOfFate","floor":31}],"player_experience":656448,"relics_obtained":[{"floor":7,"key":"REME_LimitBreaker"},{"floor":9,"key":"infinitespire:Broken Mirror"},{"floor":10,"key":"testmod-TurbochargingSystem"},{"floor":11,"key":"White Beast Statue"},{"floor":23,"key":"Blue Candle"},{"floor":28,"key":"hubris:DuctTape"},{"floor":30,"key":"Torii"}],"event_choices":[{"damage_healed":0,"gold_gain":175,"player_choice":"AGREE","damage_taken":155,"max_hp_gain":0,"max_hp_loss":0,"event_name":"betterThird:BetterSerpent","floor":5,"gold_loss":0},{"damage_healed":0,"gold_gain":0,"player_choice":"Searched \u00273\u0027 times","damage_taken":0,"relics_obtained":["Bronze Scales"],"max_hp_gain":0,"max_hp_loss":0,"event_name":"Dead Adventurer","floor":14,"gold_loss":0},{"damage_healed":0,"gold_gain":0,"player_choice":"Obtained Relic","damage_taken":0,"relics_obtained":["REME_HourglassOfDeath"],"max_hp_gain":0,"max_hp_loss":0,"event_name":"Addict","floor":21,"gold_loss":85},{"damage_healed":0,"gold_gain":0,"player_choice":"Ignored","damage_taken":0,"max_hp_gain":0,"max_hp_loss":0,"event_name":"Cursed Tome","floor":29,"gold_loss":0},{"damage_healed":0,"gold_gain":2,"player_choice":"1","damage_taken":0,"max_hp_gain":0,"max_hp_loss":0,"event_name":"betterStone:BetterStone","floor":31,"gold_loss":0}],"is_beta":false,"boss_relics":[{"not_picked":["Kintsugi","Sozu"],"picked":"aspiration:SilentSkillbook"}],"items_purged_floors":[],"is_endless":false,"potions_floor_spawned":[1,4,7,12,13,14,16,18,19,23,25,27,28,30],"killed_by":"Champ","ascension_level":8}}