{"host":"hqvh779b89tfrjxy","time":1614423631,"event":{"mods":["Act Like it!","BaseMod","Better Third Choice","Downfall","Downfall-Rebalance","Elementarium","Filter the Spire","GifTheSpireLib","Minty Spire (QoL Compilation)","Replay The Spire","Ruina","Spicy Shops","StSLib"],"gold_per_floor":[115,133,148,161,177,177,207,217,217,217,167,167,187,202,202,301,301,321,321,394,98,98,134,32,74,74,102,102,142,142,142,142,142,142],"floor_reached":33,"language":"ENG","playtime":1269,"items_purged":["Strike_G","Strike_G"],"score":461,"play_id":"f7f400a1-94b8-4817-aabd-8544ca41f029","local_time":"20210227120031","is_ascension_mode":true,"campfire_choices":[{"data":"Burst","floor":6,"key":"SMITH"},{"data":"Cloak And Dagger","floor":10,"key":"SMITH"},{"data":"Blade Dance","floor":15,"key":"SMITH"},{"floor":28,"key":"REST"},{"data":"Envenom","floor":30,"key":"SMITH"},{"floor":32,"key":"REST"}],"circlet_count":0,"master_deck":["AscendersBane","Strike_G","Strike_G","Defend_G","Defend_G","Defend_G","Defend_G","Defend_G","Survivor","Neutralize","Cloak And Dagger+1","Crippling Poison","Burst+1","Blade Dance+1","Blade Dance","Dagger Throw","Deflect","Envenom+1","Dodge and Roll","Caltrops","Caltrops","Accuracy","Caltrops","Slice","Blade Dance"],"relics":["WristBlade","Blue Candle","SlaversCollar","CeramicFish","Membership Card","Bag of Preparation","Pear","ReplayFunnel","Snake Skull","Incense Burner"],"acts_visited":["Exordium","TheCity"],"potions_floor_usage":[18,23,25,25,31],"damage_taken":[{"damage":0,"enemies":"Cultist","floor":1,"turns":5},{"damage":0,"enemies":"Jaw Worm","floor":2,"turns":4},{"damage":6,"enemies":"2 Louse","floor":3,"turns":4},{"damage":4,"enemies":"Red Slaver","floor":4,"turns":4},{"damage":6,"enemies":"Exordium Thugs","floor":5,"turns":5},{"damage":12,"enemies":"Lagavulin","floor":7,"turns":7},{"damage":0,"enemies":"Exordium Wildlife","floor":8,"turns":2},{"damage":2,"enemies":"3 Louse","floor":13,"turns":2},{"damage":0,"enemies":"2 Fungi Beasts","floor":14,"turns":1},{"damage":8,"enemies":"Slime Boss","floor":16,"turns":6},{"damage":14,"enemies":"2 Thieves","floor":18,"turns":3},{"damage":21,"enemies":"Gremlin Leader","floor":23,"turns":5},{"damage":12,"enemies":"Slavers","floor":25,"turns":4},{"damage":8,"enemies":"3 Byrds","floor":27,"turns":4},{"damage":18,"enemies":"Gremlin Leader","floor":29,"turns":6},{"damage":10,"enemies":"Snecko","floor":31,"turns":4},{"damage":37,"enemies":"Champ","floor":33,"turns":7}],"seed_played":"1645772586573165272","potions_obtained":[{"floor":2,"key":"DistilledChaos"},{"floor":7,"key":"bronze:BurnAndBuffPotion"},{"floor":8,"key":"Explosive Potion"},{"floor":18,"key":"DuplicationPotion"},{"floor":29,"key":"SmokeBomb"}],"is_trial":false,"path_per_floor":["M","M","M","M","M","R","E","M","T","R","?","?","M","M","R","B",null,"M","?","?","$","?","E","$","E","T","M","R","E","R","M","R","B"],"character_chosen":"THE_SILENT","items_purchased":["Membership Card","Caltrops","Bag of Preparation","Accuracy"],"campfire_rested":2,"item_purchase_floors":[21,21,21,24],"current_hp_per_floor":[63,63,57,53,47,47,35,35,35,35,35,40,38,38,38,30,60,46,46,46,46,46,35,35,23,23,15,39,21,21,11,35,0,0],"gold":142,"neow_bonus":"BOSS_RELIC","is_daily":false,"chose_seed":false,"campfire_upgraded":4,"win_rate":0.0,"timestamp":1614423631,"path_taken":["M","?","M","M","M","R","E","M","T","R","?","?","?","M","R","BOSS","M","?","?","$","?","E","$","E","T","M","R","E","R","M","R","BOSS"],"items_purchased_type":["Relic","Card","Relic","Card"],"build_version":"2020-12-22","purchased_purges":2,"victory":false,"max_hp_per_floor":[70,70,70,70,70,70,70,70,70,70,70,70,70,70,70,70,70,70,70,70,70,70,80,80,80,80,80,80,80,80,80,80,80,80],"card_choices":[{"not_picked":["Dagger Throw","PiercingWail"],"picked":"Cloak And Dagger","floor":1},{"not_picked":["ReplayTheSpireMod:Exploit Weakness","Well Laid Plans"],"picked":"Flying Knee","floor":2},{"not_picked":["Reflex","Quick Slash"],"picked":"Crippling Poison","floor":3},{"not_picked":["Prepared","Masterful Stab"],"picked":"Burst","floor":4},{"not_picked":["Distraction","Deflect"],"picked":"Blade Dance","floor":5},{"not_picked":["Predator","Dagger Throw"],"picked":"Blade Dance","floor":7},{"not_picked":["ReplayTheSpireMod:Tripwire","Masterful Stab"],"picked":"Dagger Throw","floor":8},{"not_picked":["Prepared","Outmaneuver","Glass Knife"],"picked":"SKIP","floor":13},{"not_picked":["Bouncing Flask","Acrobatics"],"picked":"Deflect","floor":14},{"not_picked":["A Thousand Cuts","Tools of the Trade"],"picked":"Envenom","floor":16},{"not_picked":["Skewer","Calculated Gamble","Acrobatics+1"],"picked":"SKIP","floor":18},{"not_picked":["Fluid Movement+1","Bane+1"],"picked":"Dodge and Roll","floor":20},{"not_picked":["Hidden Blade+1","Quick Slash"],"picked":"Caltrops","floor":23},{"not_picked":["Hidden Blade","ReplayTheSpireMod:Tripwire+1"],"picked":"Caltrops","floor":25},{"not_picked":["ReplayTheSpireMod:Tripwire","Riddle With Holes+1"],"picked":"Slice","floor":27},{"not_picked":["Catalyst","Eviscerate"],"picked":"Blade Dance","floor":29}],"player_experience":288492,"relics_obtained":[{"floor":7,"key":"Blue Candle"},{"floor":20,"key":"CeramicFish"},{"floor":23,"key":"Pear"},{"floor":25,"key":"ReplayFunnel"},{"floor":26,"key":"Snake Skull"},{"floor":29,"key":"Incense Burner"}],"event_choices":[{"cards_removed":["Strike_G"],"damage_healed":0,"gold_gain":0,"player_choice":"Card Removal","damage_taken":0,"max_hp_gain":0,"max_hp_loss":0,"event_name":"The Cleric","floor":11,"gold_loss":50},{"cards_removed":["Flying Knee"],"damage_healed":5,"gold_gain":0,"player_choice":"Offered Common","damage_taken":0,"max_hp_gain":0,"max_hp_loss":0,"event_name":"Bonfire Elementals","floor":12,"gold_loss":0},{"cards_removed":["Flying Knee"],"damage_healed":5,"gold_gain":0,"player_choice":"Offered Special","damage_taken":0,"max_hp_gain":0,"max_hp_loss":0,"event_name":"Bonfire Elementals","floor":12,"gold_loss":0},{"damage_healed":0,"gold_gain":0,"player_choice":"Ignored","damage_taken":0,"max_hp_gain":0,"max_hp_loss":0,"event_name":"Ghosts","floor":19,"gold_loss":0}],"is_beta":false,"boss_relics":[{"not_picked":["Calling Bell","Snecko Eye"],"picked":"SlaversCollar"}],"items_purged_floors":[21,24],"is_endless":false,"potions_floor_spawned":[2,7,8,14,16,18,29],"killed_by":"Champ","ascension_level":10}}