{"host":"g8a0qo0vjtg6u5wv","time":1614418158,"event":{"mods":["BaseMod","Colored Map","Custom Start","KOR Keyword Fix","Minty Spire (QoL Compilation)","StSLib","SuperFastMode"],"gold_per_floor":[115,290,365,380,391,391,422,422,422,440,217,231,231,241,241,241,241],"floor_reached":16,"language":"KOR","playtime":295,"items_purged":["Doubt"],"score":173,"play_id":"45d2a980-9771-432b-b841-0376fe16a829","local_time":"20210227182918","is_ascension_mode":true,"campfire_choices":[{"data":"Deadly Poison","floor":6,"key":"SMITH"},{"data":"Poisoned Stab","floor":8,"key":"SMITH"},{"floor":13,"key":"REST"},{"floor":15,"key":"REST"}],"circlet_count":0,"master_deck":["AscendersBane","Strike_G","Strike_G","Strike_G","Strike_G","Strike_G","Defend_G","Defend_G","Defend_G","Defend_G","Defend_G","Survivor","Neutralize","Poisoned Stab+1","Blade Dance","Deadly Poison+1","Glass Knife","PiercingWail","Footwork","Tactician","Deadly Poison","Glass Knife"],"relics":["Ring of the Snake","NeowsBlessing","Bird Faced Urn","WingedGreaves"],"acts_visited":["Exordium"],"potions_floor_usage":[7],"damage_taken":[{"damage":0.0,"enemies":"2 Louse","floor":1.0,"turns":1.0},{"damage":0,"enemies":"Jaw Worm","floor":4,"turns":1},{"damage":0,"enemies":"Cultist","floor":5,"turns":1},{"damage":34,"enemies":"3 Sentries","floor":7,"turns":12},{"damage":8,"enemies":"Blue Slaver","floor":10,"turns":2},{"damage":12,"enemies":"Large Slime","floor":12,"turns":6},{"damage":15,"enemies":"2 Fungi Beasts","floor":14,"turns":3},{"damage":52,"enemies":"Slime Boss","floor":16,"turns":7}],"seed_played":"8565908730371179088","potions_obtained":[{"floor":5,"key":"Regen Potion"},{"floor":12,"key":"Dexterity Potion"}],"is_trial":false,"path_per_floor":["M","?","?","M","M","R","E","R","T","M","$","M","R","M","R","B"],"character_chosen":"THE_SILENT","items_purchased":["Footwork","Tactician"],"campfire_rested":2,"item_purchase_floors":[11,11],"current_hp_per_floor":[59,59,53,53,53,53,34,34,34,26,26,16,35,20,39,0,0],"gold":241,"neow_bonus":"THREE_ENEMY_KILL","is_daily":false,"chose_seed":false,"campfire_upgraded":2,"win_rate":0.0,"timestamp":1614418158,"path_taken":["M","?","?","?","M","R","E","R","T","M","$","M","R","M","R","BOSS"],"items_purchased_type":["Card","Card"],"build_version":"2020-12-22","purchased_purges":1,"victory":false,"max_hp_per_floor":[66,66,66,66,66,66,66,66,66,66,66,66,66,66,66,66,66],"card_choices":[{"not_picked":["Bane","Cloak And Dagger"],"picked":"Poisoned Stab","floor":1.0},{"not_picked":["Infinite Blades","Dodge and Roll"],"picked":"Blade Dance","floor":4},{"not_picked":["PiercingWail","Quick Slash"],"picked":"Deadly Poison","floor":5},{"not_picked":["Night Terror","Dodge and Roll"],"picked":"Glass Knife","floor":7},{"not_picked":["Cloak And Dagger","Deflect"],"picked":"PiercingWail","floor":10},{"not_picked":["Footwork","Outmaneuver"],"picked":"Deadly Poison","floor":12},{"not_picked":["Caltrops","Deflect"],"picked":"Glass Knife","floor":14}],"player_experience":600090,"relics_obtained":[{"floor":7,"key":"Bird Faced Urn"},{"floor":9,"key":"WingedGreaves"}],"event_choices":[{"damage_healed":0.0,"max_hp_gain":0.0,"max_hp_loss":0.0,"gold_gain":175.0,"event_name":"Liars Game","player_choice":"AGREE","floor":2.0,"gold_loss":0.0,"damage_taken":0.0,"cards_obtained":["Doubt"]},{"damage_healed":0,"gold_gain":75,"player_choice":"Touch","damage_taken":6,"max_hp_gain":0,"max_hp_loss":0,"event_name":"FaceTrader","floor":3,"gold_loss":0}],"is_beta":false,"boss_relics":[],"items_purged_floors":[11],"is_endless":false,"potions_floor_spawned":[5,12],"killed_by":"Slime Boss","ascension_level":14}}