{"host":"turdyikuxcak11ni","time":1614403404,"event":{"mods":["AchievementEnabler","BaseMod","Better Altar","Better Match","Better Note","Better Sensory Stone","Better Skull","Better Third Choice","Better Vampires","Colored Map","Conspire","Downfall","Hubris","Minty Spire (QoL Compilation)","Quick Restart","Relic Stats","Replay The Spire","Spicy Shops","StSLib","SuperFastMode"],"gold_per_floor":[114,125,125,144,164,164,191,191,191,220,220,254,272,292,292,390,390,400,400,417,435,435,435],"floor_reached":22,"language":"ENG","playtime":887,"items_purged":[],"score":270,"play_id":"8137f889-3565-4f61-8f20-50334c875146","local_time":"20210226212324","is_ascension_mode":true,"campfire_choices":[{"data":"Wild Strike","floor":6.0,"key":"SMITH"},{"data":"Bash","floor":8.0,"key":"SMITH"},{"data":"Double Tap","floor":15,"key":"SMITH"}],"circlet_count":0,"master_deck":["Strike_R","Strike_R","Strike_R","Strike_R","Strike_R","Defend_R","Defend_R","Defend_R","Defend_R","Bash+1","Wild Strike+1","Cleave","Double Tap+1","Battle Trance","Bludgeon","Inflame"],"relics":["hubris:Towel","Toy Ornithopter","Blue Doll","Dream Catcher","Vajra","Ring of Chaos","Nloth\u0027s Gift"],"acts_visited":["Exordium","TheCity"],"potions_floor_usage":[16,16],"damage_taken":[{"damage":14.0,"enemies":"Jaw Worm","floor":1.0,"turns":5.0},{"damage":4.0,"enemies":"2 Louse","floor":2.0,"turns":3.0},{"damage":1.0,"enemies":"Cultist","floor":4.0,"turns":3.0},{"damage":21.0,"enemies":"Blue Slaver","floor":5.0,"turns":3.0},{"damage":30.0,"enemies":"Lagavulin","floor":7.0,"turns":6.0},{"damage":8.0,"enemies":"Gremlin Nob","floor":10.0,"turns":3.0},{"damage":25.0,"enemies":"3 Sentries","floor":12.0,"turns":5.0},{"damage":4.0,"enemies":"Red Slaver","floor":13.0,"turns":2.0},{"damage":17,"enemies":"Gremlin Gang","floor":14,"turns":4},{"damage":76,"enemies":"The Guardian","floor":16,"turns":11},{"damage":11,"enemies":"Spheric Guardian","floor":18,"turns":3},{"damage":14,"enemies":"3 Byrds","floor":20,"turns":6},{"damage":15,"enemies":"Snecko","floor":21,"turns":4},{"damage":42,"enemies":"Snake Plant","floor":22,"turns":3}],"seed_played":"5006725343299772795","potions_obtained":[{"floor":5.0,"key":"Adrenaline Potion"},{"floor":7.0,"key":"Fire Potion"},{"floor":10.0,"key":"Energy Potion"},{"floor":12.0,"key":"Adrenaline Potion"},{"floor":13,"key":"DistilledChaos"},{"floor":18,"key":"GamblersBrew"},{"floor":20,"key":"Elixir"}],"is_trial":false,"path_per_floor":["M","M","?","M","M","R","E","R","T","E","?","E","M","M","R","B",null,"M","?","M","M","M"],"character_chosen":"IRONCLAD","items_purchased":[],"campfire_rested":0,"item_purchase_floors":[],"current_hp_per_floor":[72,74,74,79,64,64,40,40,40,38,88,79,81,70,70,10,69,64,64,50,35,0,0],"gold":435,"neow_bonus":"TEN_PERCENT_HP_BONUS","is_daily":false,"chose_seed":false,"campfire_upgraded":3,"win_rate":0.0,"timestamp":1614403404,"path_taken":["M","M","?","M","M","R","E","R","T","E","?","E","?","M","R","BOSS","M","?","M","M","?"],"items_purchased_type":[],"build_version":"2020-12-22","purchased_purges":0,"victory":false,"max_hp_per_floor":[88,88,88,88,88,88,88,88,88,88,88,88,88,88,88,88,88,88,88,88,88,88,88],"relic_stats":{"Dream Catcher":0,"counters":[14,61],"Nloth\u0027s Gift":1,"obtain_stats":[{"Dream Catcher":10,"Vajra":12,"Blue Doll":9,"Ring of Chaos":17,"Nloth\u0027s Gift":19,"hubris:Towel":3,"Burning Blood":0,"Toy Ornithopter":7},{"Dream Catcher":6,"Vajra":7,"Blue Doll":5,"Ring of Chaos":10,"Nloth\u0027s Gift":11,"hubris:Towel":2,"Burning Blood":0,"Toy Ornithopter":5},{"Dream Catcher":23,"Vajra":28,"Blue Doll":20,"Ring of Chaos":45,"Nloth\u0027s Gift":48,"hubris:Towel":8,"Burning Blood":0,"Toy Ornithopter":20}],"Toy Ornithopter":20},"card_choices":[{"not_picked":["Heavy Blade","Body Slam"],"picked":"Wild Strike","floor":1.0},{"not_picked":["Rupture","Uppercut"],"picked":"Battle Trance","floor":2.0},{"not_picked":["Disarm","Defy Death","Infernal Blade"],"picked":"SKIP","floor":4.0},{"not_picked":["Dark Embrace","Clothesline"],"picked":"Cleave","floor":5.0},{"not_picked":["Dual Wield","Armaments"],"picked":"Double Tap","floor":7.0},{"not_picked":["Limit Break","Seeing Red","hubris:ReadiedAction"],"picked":"SKIP","floor":10.0},{"not_picked":["conspire:Charge","Replay:Undeath\u0027s Touch"],"picked":"Battle Trance","floor":12.0},{"not_picked":["conspire:Charge","Armaments","Havoc"],"picked":"SKIP","floor":13},{"not_picked":["Run Through","Sword Boomerang","ReplayTheSpireMod:Limb From Limb"],"picked":"SKIP","floor":14},{"not_picked":["Offering","Immolate"],"picked":"Bludgeon","floor":16},{"not_picked":["Replay:Undeath\u0027s Touch","Heavy Blade"],"picked":"Inflame","floor":18},{"not_picked":["Shockwave+1","Battle Trance","Berserk"],"picked":"SKIP","floor":20},{"not_picked":["Flame Barrier","Perfected Strike+1","Wild Strike+1"],"picked":"SKIP","floor":21}],"player_experience":254318,"relics_obtained":[{"floor":7.0,"key":"Toy Ornithopter"},{"floor":9.0,"key":"Blue Doll"},{"floor":10.0,"key":"Dream Catcher"},{"floor":12.0,"key":"Vajra"}],"event_choices":[{"cards_removed":["Battle Trance"],"damage_healed":50.0,"max_hp_gain":0.0,"max_hp_loss":0.0,"gold_gain":0.0,"event_name":"Bonfire Elementals","player_choice":"Offered Uncommon","floor":11.0,"gold_loss":0.0,"damage_taken":0.0},{"damage_healed":0,"gold_gain":0,"player_choice":"Traded Relic","damage_taken":0,"relics_obtained":["Nloth\u0027s Gift"],"max_hp_gain":0,"max_hp_loss":0,"event_name":"N\u0027loth","floor":19,"relics_lost":["Burning Blood"],"gold_loss":0}],"is_beta":false,"boss_relics":[{"not_picked":["Ectoplasm","hubris:GrandSneckoEye"],"picked":"Ring of Chaos"}],"items_purged_floors":[],"is_endless":false,"potions_floor_spawned":[5,7,10,12,13,18,20],"killed_by":"Snake Plant","ascension_level":6}}