{"host":"snggrqcauaf0m8fe","time":1614434374,"event":{"mods":["BaseMod","Minty Spire (QoL Compilation)","Quick Restart"],"gold_per_floor":[109,184,195,45,45,45,45,45,45,229,68,88,103,103,103,205,205,233,148,138,138,160,160,4,36,36,36,65,91,125,125,134,232,232,251,251,264,139,192,192,242,242,324,324,345,345,354,388,388,388],"floor_reached":51,"language":"ENG","playtime":2439,"items_purged":["Strike_B","Doubt","Defend_B"],"score":1034,"play_id":"f546acab-dd4f-403b-a775-4b4c7a8c058b","local_time":"20210227145934","is_ascension_mode":true,"campfire_choices":[{"data":"Glacier","floor":6,"key":"SMITH"},{"floor":8,"key":"REST"},{"floor":15,"key":"REST"},{"data":"Defragment","floor":23,"key":"SMITH"},{"floor":32,"key":"REST"},{"floor":40,"key":"REST"},{"data":"Blizzard","floor":42,"key":"SMITH"},{"data":"Capacitor","floor":44,"key":"SMITH"},{"data":"Chill","floor":46,"key":"SMITH"},{"data":"Barrage","floor":49,"key":"SMITH"}],"circlet_count":0,"master_deck":["Defend_B+1","Zap","Dualcast+1","Consume+1","Reboot+1","Blizzard+1","Coolheaded+1","Glacier+1","Capacitor+1","Defragment+1","Chill+1","Redo","Coolheaded","Glacier+1","Double Energy+1","Coolheaded","Defragment+1","Barrage+1"],"relics":["Astrolabe","CeramicFish","HornCleat","SacredBark","Blue Candle","Runic Capacitor","Dream Catcher","Oddly Smooth Stone","Pen Nib","Regal Pillow","Question Card","Empty Cage","Emotion Chip","Torii","Meat on the Bone","InkBottle"],"acts_visited":["Exordium","TheCity","TheBeyond"],"potions_floor_usage":[20,22,39,39,48],"damage_taken":[{"damage":5,"enemies":"2 Louse","floor":1,"turns":3},{"damage":6,"enemies":"Small Slimes","floor":3,"turns":4},{"damage":2,"enemies":"Jaw Worm","floor":12,"turns":7},{"damage":6,"enemies":"Blue Slaver","floor":13,"turns":6},{"damage":17,"enemies":"Slime Boss","floor":16,"turns":14},{"damage":14,"enemies":"3 Byrds","floor":18,"turns":7},{"damage":22,"enemies":"2 Thieves","floor":20,"turns":4},{"damage":15,"enemies":"Snake Plant","floor":22,"turns":11},{"damage":0,"enemies":"Book of Stabbing","floor":25,"turns":10},{"damage":0,"enemies":"Centurion and Healer","floor":28,"turns":12},{"damage":38,"enemies":"Gremlin Leader","floor":30,"turns":11},{"damage":0,"enemies":"Collector","floor":33,"turns":18},{"damage":19,"enemies":"3 Shapes","floor":35,"turns":9},{"damage":0,"enemies":"3 Darklings","floor":37,"turns":7},{"damage":24,"enemies":"2 Orb Walkers","floor":39,"turns":10},{"damage":0,"enemies":"Mind Bloom Boss Battle","floor":41,"turns":12},{"damage":0,"enemies":"Spire Growth","floor":45,"turns":10},{"damage":0,"enemies":"Nemesis","floor":48,"turns":17},{"damage":8,"enemies":"Donu and Deca","floor":50,"turns":12}],"seed_played":"-890014916252377363","potions_obtained":[{"floor":3,"key":"Weak Potion"},{"floor":16,"key":"LiquidMemories"},{"floor":18,"key":"Dexterity Potion"},{"floor":20,"key":"Regen Potion"},{"floor":28,"key":"LiquidBronze"},{"floor":30,"key":"Explosive Potion"},{"floor":45,"key":"Block Potion"}],"is_trial":false,"path_per_floor":["M","?","M","$","?","R","?","R","T","?","$","M","M","?","R","B",null,"M","?","M","?","M","R","$","E","T","$","M","T","E","T","R","B",null,"M","?","M","$","?","R","?","R","T","R","M","R","?","E","R","B",null],"character_chosen":"DEFECT","items_purchased":["Glacier","Capacitor","Runic Capacitor"],"campfire_rested":4,"item_purchase_floors":[4,11,24],"current_hp_per_floor":[70,59,53,53,53,53,35,57,57,57,57,55,49,34,56,39,66,52,52,30,30,70,70,70,70,70,70,70,70,32,32,69,69,74,55,55,55,55,31,67,67,67,67,67,67,67,67,67,67,59],"gold":388,"neow_bonus":"BOSS_RELIC","is_daily":false,"chose_seed":false,"campfire_upgraded":6,"win_rate":0.0,"timestamp":1614434374,"path_taken":["M","?","M","$","?","R","?","R","T","?","?","?","M","?","R","BOSS","M","?","M","?","?","R","$","E","T","?","?","?","E","?","R","BOSS","M","?","M","$","?","R","?","R","T","R","M","R","?","E","R","BOSS"],"items_purchased_type":["Card","Card","Relic"],"build_version":"2020-12-22","purchased_purges":3,"victory":true,"max_hp_per_floor":[75,75,75,75,75,75,75,75,75,75,75,75,75,75,75,75,75,75,75,75,75,75,75,75,75,75,75,75,75,75,75,75,75,75,75,71,71,71,71,71,71,71,71,71,71,71,71,71,71,71],"card_choices":[{"not_picked":["Stack","Reinforced Body"],"picked":"Blizzard","floor":1},{"not_picked":["Barrage","Streamline"],"picked":"Coolheaded","floor":3},{"not_picked":["Steam Power","Beam Cell","Conserve Battery"],"picked":"SKIP","floor":12},{"not_picked":["Biased Cognition","Rebound","Hologram"],"picked":"SKIP","floor":13},{"not_picked":["Redo","Scrape"],"picked":"Defragment","floor":18},{"not_picked":["Force Field+1","Darkness"],"picked":"Chill","floor":20},{"not_picked":["Sunder","Turbo+1"],"picked":"Redo","floor":22},{"not_picked":["Doom and Gloom","Force Field","Gash+1"],"picked":"SKIP","floor":25},{"not_picked":["Blizzard","Self Repair"],"picked":"Coolheaded","floor":28},{"not_picked":["Reboot","Stack"],"picked":"Glacier+1","floor":30},{"not_picked":["Sweeping Beam+1","Ball Lightning+1","Hologram+1"],"picked":"Double Energy+1","floor":32},{"not_picked":["Reprogram+1","Compile Driver","Force Field+1","Conserve Battery"],"picked":"SKIP","floor":35},{"not_picked":["Compile Driver","Streamline+1","Chaos","Scrape"],"picked":"SKIP","floor":37},{"not_picked":["Streamline+1","Gash","Darkness"],"picked":"Coolheaded","floor":45},{"not_picked":["Reboot","Sweeping Beam","Static Discharge"],"picked":"Barrage","floor":48}],"player_experience":829879,"relics_obtained":[{"floor":9,"key":"HornCleat"},{"floor":25,"key":"Dream Catcher"},{"floor":26,"key":"Oddly Smooth Stone"},{"floor":29,"key":"Pen Nib"},{"floor":30,"key":"Regal Pillow"},{"floor":31,"key":"Question Card"},{"floor":39,"key":"Emotion Chip"},{"floor":41,"key":"Torii"},{"floor":43,"key":"Meat on the Bone"},{"floor":48,"key":"InkBottle"}],"event_choices":[{"damage_healed":0,"gold_gain":75,"player_choice":"Gather Gold","damage_taken":11,"max_hp_gain":0,"max_hp_loss":0,"event_name":"World of Goop","floor":2,"gold_loss":0},{"damage_healed":0,"gold_gain":0,"player_choice":"Grow","damage_taken":0,"max_hp_gain":0,"max_hp_loss":0,"event_name":"Living Wall","floor":5,"gold_loss":0,"cards_upgraded":["Coolheaded"]},{"damage_healed":0,"gold_gain":0,"player_choice":"Success","damage_taken":18,"relics_obtained":["CeramicFish"],"max_hp_gain":0,"max_hp_loss":0,"event_name":"Scrap Ooze","floor":7,"gold_loss":0},{"damage_healed":0,"gold_gain":175,"player_choice":"AGREE","damage_taken":0,"max_hp_gain":0,"max_hp_loss":0,"event_name":"Liars Game","floor":10,"gold_loss":0,"cards_obtained":["Doubt"]},{"damage_healed":0,"gold_gain":0,"player_choice":"Entered Light","damage_taken":15,"max_hp_gain":0,"max_hp_loss":0,"event_name":"Shining Light","floor":14,"gold_loss":0,"cards_upgraded":["Dualcast","Defend_B"]},{"damage_healed":0,"gold_gain":0,"player_choice":"Obtained Relic","damage_taken":0,"relics_obtained":["Blue Candle"],"max_hp_gain":0,"max_hp_loss":0,"event_name":"Addict","floor":19,"gold_loss":85},{"cards_removed":["Compile Driver"],"damage_healed":0,"gold_gain":0,"player_choice":"Purged","damage_taken":0,"max_hp_gain":0,"max_hp_loss":0,"event_name":"Purifier","floor":21,"gold_loss":0},{"damage_healed":0,"gold_gain":0,"player_choice":"Max HP","damage_taken":0,"max_hp_gain":0,"max_hp_loss":4,"event_name":"Winding Halls","floor":36,"gold_loss":0},{"damage_healed":0,"gold_gain":0,"player_choice":"Fight","damage_taken":0,"max_hp_gain":0,"max_hp_loss":0,"event_name":"Mysterious Sphere","floor":39,"gold_loss":0},{"damage_healed":0,"gold_gain":0,"player_choice":"Fight","damage_taken":0,"max_hp_gain":0,"max_hp_loss":0,"event_name":"MindBloom","floor":41,"gold_loss":0},{"damage_healed":0,"gold_gain":0,"player_choice":"Copied","damage_taken":0,"max_hp_gain":0,"max_hp_loss":0,"event_name":"Duplicator","floor":47,"gold_loss":0,"cards_obtained":["Defragment"]}],"is_beta":false,"boss_relics":[{"not_picked":["Coffee Dripper","Velvet Choker"],"picked":"SacredBark"},{"not_picked":["Snecko Eye","Calling Bell"],"picked":"Empty Cage"}],"items_purged_floors":[4,11,38],"is_endless":false,"potions_floor_spawned":[3,16,18,20,28,30,45],"ascension_level":5}}