{"host":"nmjik3bzoelmmajy","time":1614398889,"event":{"mods":["BaseMod","Better Third Choice","Colored Map","DeckTracker","Minty Spire (QoL Compilation)","Quick Restart","Say the Spire","StSLib","SuperFastMode"],"gold_per_floor":[115,115,19,32,43,72,72,103,155,186,186,205,205,218,218,319,319,338,28,38,38,38,38],"floor_reached":22,"language":"KOR","playtime":754,"items_purged":[],"score":255,"play_id":"9e1f535d-49d6-4424-b1b3-451564ecf7a0","local_time":"20210227130809","is_ascension_mode":true,"campfire_choices":[{"data":"Bouncing Flask","floor":7,"key":"SMITH"},{"data":"Blade Dance","floor":11,"key":"SMITH"},{"floor":15,"key":"REST"}],"circlet_count":0,"master_deck":["Strike_G","Strike_G","Strike_G","Strike_G","Strike_G","Defend_G","Defend_G","Defend_G","Defend_G","Defend_G","Survivor","Neutralize","Sucker Punch","Prepared","Infinite Blades","Bouncing Flask+1","Blade Dance+1","Reflex","Terror","Escape Plan","Calculated Gamble","Footwork","Blur+1","Backstab"],"relics":["Ring of the Snake","NeowsBlessing","Sundial","PreservedInsect","Tiny Chest","Boot","Potion Belt","Juzu Bracelet","Philosopher\u0027s Stone","Paper Crane"],"acts_visited":["Exordium","TheCity"],"potions_floor_usage":[10,12,16],"damage_taken":[{"damage":0,"enemies":"Small Slimes","floor":1,"turns":1},{"damage":0,"enemies":"Cultist","floor":4,"turns":1},{"damage":0,"enemies":"Jaw Worm","floor":5,"turns":1},{"damage":20,"enemies":"Gremlin Nob","floor":6,"turns":4},{"damage":12,"enemies":"Lagavulin","floor":8,"turns":6},{"damage":22,"enemies":"3 Sentries","floor":10,"turns":6},{"damage":5,"enemies":"Gremlin Gang","floor":12,"turns":4},{"damage":8,"enemies":"Blue Slaver","floor":14,"turns":3},{"damage":24,"enemies":"Hexaghost","floor":16,"turns":9},{"damage":31,"enemies":"Spheric Guardian","floor":18,"turns":5},{"damage":24,"enemies":"Shell Parasite","floor":20,"turns":5},{"damage":1,"enemies":"3 Cultists","floor":22,"turns":2}],"seed_played":"2755430631909019285","potions_obtained":[{"floor":1,"key":"GhostInAJar"},{"floor":6,"key":"Regen Potion"},{"floor":10,"key":"CunningPotion"},{"floor":14,"key":"LiquidMemories"}],"is_trial":false,"path_per_floor":["M","?","$","M","M","E","R","E","T","E","R","M","T","M","R","B",null,"M","$","M","?","M"],"character_chosen":"THE_SILENT","items_purchased":["Prepared","Infinite Blades","Footwork","Paper Crane"],"campfire_rested":1,"item_purchase_floors":[3,3,19,19],"current_hp_per_floor":[70,70,70,70,70,50,50,38,38,31,31,26,26,18,39,15,56,25,25,1,1,0,0],"gold":38,"neow_bonus":"THREE_ENEMY_KILL","is_daily":false,"chose_seed":false,"campfire_upgraded":2,"win_rate":0.0,"timestamp":1614398889,"path_taken":["M","?","$","?","?","E","R","E","T","E","R","M","?","M","R","BOSS","M","$","M","?","M"],"items_purchased_type":["Card","Card","Card","Relic"],"build_version":"2020-12-22","purchased_purges":0,"victory":false,"max_hp_per_floor":[70,70,70,70,70,70,70,70,70,70,70,70,70,70,70,70,70,70,70,70,70,70,70],"card_choices":[{"not_picked":["Tactician","Dagger Throw"],"picked":"Sucker Punch","floor":1},{"not_picked":["Prepared","PiercingWail"],"picked":"Bouncing Flask","floor":4},{"not_picked":["Poisoned Stab","Dagger Throw"],"picked":"Blade Dance","floor":5},{"not_picked":["Slice","Deflect","Unload"],"picked":"SKIP","floor":6},{"not_picked":["Underhanded Strike","Deadly Poison"],"picked":"Reflex","floor":8},{"not_picked":["Quick Slash","Masterful Stab"],"picked":"Terror","floor":10},{"not_picked":["Prepared","Deadly Poison"],"picked":"Escape Plan","floor":12},{"not_picked":["Distraction","Dodge and Roll","Dagger Spray"],"picked":"SKIP","floor":14},{"not_picked":["Doppelganger","Bullet Time"],"picked":"Malaise","floor":16},{"not_picked":["Caltrops","Infinite Blades"],"picked":"Calculated Gamble","floor":18},{"not_picked":["Acrobatics","Tactician"],"picked":"Blur+1","floor":20}],"player_experience":513066,"relics_obtained":[{"floor":6,"key":"PreservedInsect"},{"floor":8,"key":"Tiny Chest"},{"floor":9,"key":"Boot"},{"floor":10,"key":"Potion Belt"},{"floor":13,"key":"Juzu Bracelet"}],"event_choices":[{"damage_healed":0,"gold_gain":0,"player_choice":"Gave Potion","damage_taken":0,"relics_obtained":["Sundial"],"max_hp_gain":0,"max_hp_loss":0,"event_name":"WeMeetAgain","floor":2,"gold_loss":0},{"damage_healed":0,"gold_gain":0,"cards_transformed":["Malaise"],"player_choice":"Transformed","damage_taken":0,"max_hp_gain":0,"max_hp_loss":0,"event_name":"Transmorgrifier","floor":21,"gold_loss":0,"cards_obtained":["Backstab"]}],"is_beta":false,"boss_relics":[{"not_picked":["Fusion Hammer","Astrolabe"],"picked":"Philosopher\u0027s Stone"}],"items_purged_floors":[],"is_endless":false,"potions_floor_spawned":[1,6,10,14],"killed_by":"3 Cultists","ascension_level":5}}