{"host":"m77rrhbqzv44va4v","time":1614407502,"event":{"mods":["AchievementEnabler","BaseMod","Colored Map","DeckTracker","Keyboard Shortcuts","Minty Spire (QoL Compilation)","StSLib","SuperFastMode","everything is the same but u backflip on backflip"],"gold_per_floor":[112,129,146,156,173,201,201,236,318,318,335,13,13,23,23,94,94,104,122,139,64,84,84,111,111,111,121,137,147,247,247,247,326,326,342,120,137,137,154,154,188,188,188,217,235,289,289,306,306,306,306],"floor_reached":50,"language":"KOR","playtime":1870,"items_purged":["Strike_B","Defend_B"],"score":954,"play_id":"c5b6a142-ea2b-4ee1-9cb0-786eb1a29899","local_time":"20210227153142","is_ascension_mode":true,"campfire_choices":[{"floor":7.0,"key":"REST"},{"data":"Echo Form","floor":10.0,"key":"SMITH"},{"data":"Consume","floor":13.0,"key":"SMITH"},{"floor":15.0,"key":"REST"},{"data":"Buffer","floor":23.0,"key":"SMITH"},{"data":"1","floor":32.0,"key":"LIFT"},{"data":"2","floor":40.0,"key":"LIFT"},{"data":"3","floor":42.0,"key":"LIFT"},{"floor":49,"key":"REST"}],"circlet_count":0,"master_deck":["AscendersBane","Strike_B","Strike_B","Strike_B","Defend_B","Defend_B","Defend_B","Zap","Dualcast","Chill","Genetic Algorithm","FTL","Compile Driver","Rip and Tear","Lockon","Echo Form+1","Consume+1","Loop","Skim","Cold Snap","Capacitor","Buffer+1","CurseOfTheBell","Glacier","Self Repair","Self Repair","Heatsinks","Capacitor","Loop","Multi-Cast","Necronomicurse","Amplify","Fusion","Ball Lightning","Storm","White Noise","Echo Form+1","Creative AI","Hologram+1"],"relics":["Cracked Core","Mummified Hand","Bottled Lightning","Mercury Hourglass","Potion Belt","Calling Bell","Happy Flower","Shuriken","Pocketwatch","Girya","Eternal Feather","Thread and Needle","Gremlin Horn","Necronomicon","Runic Pyramid","Centennial Puzzle","Dream Catcher","Meat on the Bone","Incense Burner"],"acts_visited":["Exordium","TheCity","TheBeyond"],"potions_floor_usage":[46,46,46,50],"damage_taken":[{"damage":1.0,"enemies":"Cultist","floor":1.0,"turns":3.0},{"damage":0.0,"enemies":"2 Louse","floor":2.0,"turns":2.0},{"damage":12.0,"enemies":"Small Slimes","floor":3.0,"turns":4.0},{"damage":7.0,"enemies":"Red Slaver","floor":4.0,"turns":4.0},{"damage":0.0,"enemies":"Looter","floor":5.0,"turns":3.0},{"damage":16.0,"enemies":"Gremlin Nob","floor":6.0,"turns":4.0},{"damage":14.0,"enemies":"3 Sentries","floor":8.0,"turns":4.0},{"damage":10.0,"enemies":"Large Slime","floor":11.0,"turns":4.0},{"damage":0.0,"enemies":"3 Louse","floor":14.0,"turns":3.0},{"damage":40.0,"enemies":"Slime Boss","floor":16.0,"turns":9.0},{"damage":5.0,"enemies":"Chosen","floor":18.0,"turns":4.0},{"damage":3.0,"enemies":"3 Byrds","floor":19.0,"turns":5.0},{"damage":0.0,"enemies":"Cultist and Chosen","floor":20.0,"turns":7.0},{"damage":1.0,"enemies":"Chosen and Byrds","floor":22.0,"turns":8.0},{"damage":42.0,"enemies":"Book of Stabbing","floor":24.0,"turns":11.0},{"damage":0.0,"enemies":"Snake Plant","floor":27.0,"turns":8.0},{"damage":19.0,"enemies":"Centurion and Healer","floor":28.0,"turns":8.0},{"damage":0.0,"enemies":"Chosen and Byrds","floor":29.0,"turns":8.0},{"damage":0.0,"enemies":"Colosseum Slavers","floor":30.0,"turns":5.0},{"damage":0.0,"enemies":"Colosseum Nobs","floor":30.0,"turns":5.0},{"damage":64.0,"enemies":"Automaton","floor":33.0,"turns":11.0},{"damage":14.0,"enemies":"3 Darklings","floor":35.0,"turns":7.0},{"damage":5.0,"enemies":"Orb Walker","floor":37.0,"turns":3.0},{"damage":3.0,"enemies":"Sphere and 2 Shapes","floor":39.0,"turns":5.0},{"damage":57.0,"enemies":"Reptomancer","floor":41.0,"turns":4.0},{"damage":17,"enemies":"Nemesis","floor":44,"turns":7},{"damage":48,"enemies":"Writhing Mass","floor":45,"turns":4},{"damage":30,"enemies":"2 Orb Walkers","floor":46,"turns":5},{"damage":33,"enemies":"Jaw Worm Horde","floor":48,"turns":5},{"damage":90,"enemies":"Time Eater","floor":50,"turns":10}],"seed_played":"2801047150006883180","potions_obtained":[{"floor":3.0,"key":"LiquidBronze"},{"floor":5.0,"key":"Fire Potion"},{"floor":6.0,"key":"Strength Potion"},{"floor":8.0,"key":"FocusPotion"},{"floor":16.0,"key":"Dexterity Potion"},{"floor":18.0,"key":"DuplicationPotion"},{"floor":20.0,"key":"Fire Potion"},{"floor":24.0,"key":"SneckoOil"},{"floor":27.0,"key":"ColorlessPotion"},{"floor":28.0,"key":"Energy Potion"},{"floor":41.0,"key":"Fire Potion"},{"floor":44,"key":"PotionOfCapacity"},{"floor":45,"key":"Strength Potion"},{"floor":46,"key":"Weak Potion"}],"is_trial":false,"path_per_floor":["M","M","M","M","M","E","R","E","T","R","M","$","R","M","R","B",null,"M","M","M","$","M","R","E","?","T","M","M","M","?","?","R","B",null,"M","$","M","?","M","R","E","R","T","E","M","?","?","M","R","B"],"character_chosen":"DEFECT","items_purchased":["Loop","Potion Belt","Skim","Cold Snap","Ball Lightning","Storm"],"campfire_rested":3,"item_purchase_floors":[12,12,12,12,36,36],"current_hp_per_floor":[74,74,62,55,55,39,63,49,49,49,39,39,39,39,63,23,67,62,59,59,59,58,58,23,7,7,21,30,51,79,63,81,31,73,80,80,87,87,87,87,58,79,79,76,47,43,43,43,87,0,0],"gold":306,"neow_bonus":"TEN_PERCENT_HP_BONUS","is_daily":false,"chose_seed":false,"campfire_upgraded":3,"win_rate":0.0,"timestamp":1614407502,"path_taken":["M","M","M","M","M","E","R","E","T","R","M","$","R","M","R","BOSS","M","M","M","?","M","R","E","?","T","M","M","M","?","?","R","BOSS","M","$","M","?","M","R","E","R","T","E","?","?","?","M","R","BOSS"],"items_purchased_type":["Card","Relic","Card","Card","Card","Card"],"build_version":"2020-12-22","purchased_purges":2,"victory":false,"max_hp_per_floor":[82,82,82,82,82,82,82,82,82,82,82,82,82,82,82,82,82,82,82,82,82,82,82,82,87,87,87,87,87,87,87,87,87,87,87,87,87,87,87,87,87,87,87,87,87,87,87,87,87,87,87],"card_choices":[{"not_picked":["Beam Cell","Scrape"],"picked":"Chill","floor":1.0},{"not_picked":["Rebound","Skim"],"picked":"Genetic Algorithm","floor":2.0},{"not_picked":["Doom and Gloom","Redo"],"picked":"FTL","floor":3.0},{"not_picked":["Barrage","Hologram"],"picked":"Compile Driver","floor":4.0},{"not_picked":["Doom and Gloom","Hologram"],"picked":"Rip and Tear","floor":5.0},{"not_picked":["Rainbow","Hologram"],"picked":"Lockon","floor":6.0},{"not_picked":["Barrage","Doom and Gloom"],"picked":"Echo Form","floor":8.0},{"not_picked":["Coolheaded","Steam"],"picked":"Consume","floor":11.0},{"not_picked":["Rip and Tear","Steam"],"picked":"Capacitor","floor":14.0},{"not_picked":["Hyperbeam","Reboot"],"picked":"Buffer","floor":16.0},{"not_picked":["Compile Driver","Genetic Algorithm+1","Tempest"],"picked":"SKIP","floor":18.0},{"not_picked":["Sweeping Beam","Loop"],"picked":"Glacier","floor":19.0},{"not_picked":["Hello World","Stack","Compile Driver"],"picked":"SKIP","floor":20.0},{"not_picked":["Hologram+1","Ball Lightning+1"],"picked":"Self Repair","floor":22.0},{"not_picked":["Sweeping Beam","Darkness"],"picked":"Self Repair","floor":24.0},{"not_picked":["Steam","Hologram"],"picked":"Heatsinks","floor":27.0},{"not_picked":["Conserve Battery","Stack"],"picked":"Capacitor","floor":28.0},{"not_picked":["Darkness","Conserve Battery"],"picked":"Loop","floor":29.0},{"not_picked":["Rip and Tear","Redo"],"picked":"Multi-Cast","floor":30.0},{"not_picked":["Biased Cognition","Rainbow"],"picked":"Amplify","floor":33.0},{"not_picked":["Streamline+1","Reinforced Body+1"],"picked":"Fusion","floor":35.0},{"not_picked":["Redo","Scrape"],"picked":"White Noise","floor":37.0},{"not_picked":["Heatsinks+1","Aggregate+1","Go for the Eyes+1"],"picked":"SKIP","floor":39.0},{"not_picked":["Hello World","Glacier+1","Gash+1"],"picked":"SKIP","floor":41.0},{"not_picked":["Capacitor","Leap"],"picked":"Creative AI","floor":44},{"not_picked":["Streamline","Blizzard"],"picked":"Hologram+1","floor":45},{"not_picked":["Heatsinks","FTL","BootSequence"],"picked":"SKIP","floor":48}],"player_experience":930802,"relics_obtained":[{"floor":6.0,"key":"Mummified Hand"},{"floor":8.0,"key":"Bottled Lightning"},{"floor":9.0,"key":"Mercury Hourglass"},{"floor":17.0,"key":"Happy Flower"},{"floor":17.0,"key":"Shuriken"},{"floor":17.0,"key":"Pocketwatch"},{"floor":24.0,"key":"Girya"},{"floor":26.0,"key":"Eternal Feather"},{"floor":30.0,"key":"Thread and Needle"},{"floor":30.0,"key":"Gremlin Horn"},{"floor":31.0,"key":"Necronomicon"},{"floor":41.0,"key":"Centennial Puzzle"},{"floor":43.0,"key":"Dream Catcher"},{"floor":44,"key":"Meat on the Bone"},{"floor":46,"key":"Incense Burner"}],"event_choices":[{"damage_healed":0.0,"max_hp_gain":5.0,"max_hp_loss":0.0,"gold_gain":0.0,"event_name":"Forgotten Altar","player_choice":"Shed Blood","floor":25.0,"gold_loss":0.0,"damage_taken":21.0},{"damage_healed":0.0,"max_hp_gain":0.0,"max_hp_loss":0.0,"gold_gain":0.0,"event_name":"Colosseum","player_choice":"Fight","floor":30.0,"gold_loss":0.0,"damage_taken":0.0},{"damage_healed":0.0,"max_hp_gain":0.0,"max_hp_loss":0.0,"gold_gain":0.0,"event_name":"Colosseum","player_choice":"Fled From Nobs","floor":30.0,"gold_loss":0.0,"damage_taken":0.0},{"damage_healed":0.0,"max_hp_gain":0.0,"max_hp_loss":0.0,"gold_gain":0.0,"event_name":"Colosseum","player_choice":"Fought Nobs","floor":30.0,"gold_loss":0.0,"damage_taken":0.0},{"damage_healed":0.0,"max_hp_gain":0.0,"max_hp_loss":0.0,"gold_gain":0.0,"event_name":"Cursed Tome","player_choice":"Obtained Book","floor":31.0,"gold_loss":0.0,"damage_taken":16.0},{"damage_healed":0.0,"max_hp_gain":0.0,"max_hp_loss":0.0,"gold_gain":0.0,"event_name":"Duplicator","player_choice":"Copied","floor":38.0,"gold_loss":0.0,"damage_taken":0.0,"cards_obtained":["Echo Form"]},{"damage_healed":0,"gold_gain":0,"player_choice":"Fight","damage_taken":0,"max_hp_gain":0,"max_hp_loss":0,"event_name":"Mysterious Sphere","floor":46,"gold_loss":0},{"damage_healed":0,"gold_gain":0,"player_choice":"Memory 1","damage_taken":0,"max_hp_gain":0,"max_hp_loss":0,"event_name":"SensoryStone","floor":47,"gold_loss":0}],"is_beta":false,"boss_relics":[{"not_picked":["Philosopher\u0027s Stone","Nuclear Battery"],"picked":"Calling Bell"},{"not_picked":["Velvet Choker","Busted Crown"],"picked":"Runic Pyramid"}],"items_purged_floors":[21,36],"is_endless":false,"potions_floor_spawned":[3,5,6,8,16,18,20,24,27,28,41,44,45,46],"killed_by":"Time Eater","ascension_level":13}}