{"host":"pqs17sqrgflf4eqa","time":1614386554,"event":{"mods":["AchievementEnabler","BaseMod","Bestiary","Better Altar","Better Match","Better Sensory Stone","Better Skull","Better Third Choice","BetterRewards","Block Reminder","Bossed Relics","Colored Map","Colored Powertips","Curses Come First","Dark Map","DeckTracker","Defective Defect","Displayed Cursed Tome","Emptier Cage","Googly Eyes","Highlight Path","Infinite Spire","Minty Spire (QoL Compilation)","Permanent Neow","Poor People Problems","Quick Restart","Replay The Spire","StSLib","SuperFastMode","Thieving Mod","Transform Curses","everything is the same but u backflip on backflip","slay the spire mod where everything is the same but ironclad has a cowboy hat"],"gold_per_floor":[111,127,127,0,0,0,27,46,70,96,96,108,138,152,152,252,252,270,286,304,314,325,358,370,403,453,453,368,368,368,6,6,137,137,171,198,301,523,551,551,604,632,655,655,655,655,655,669,669],"floor_reached":48,"language":"ENG","playtime":1311,"items_purged":["Magnetism","Defend_R","Clash+1"],"score":838,"play_id":"eb7e57b5-9a02-405a-84be-70f38e489e5c","local_time":"20210226194234","is_ascension_mode":true,"campfire_choices":[{"floor":6.0,"key":"REST"},{"data":"Whirlwind","floor":11.0,"key":"SMITH"},{"floor":15.0,"key":"DIG"},{"floor":27,"key":"REST"},{"floor":29,"key":"REST"},{"data":"ReplayTheSpireMod:Haul","floor":32,"key":"SMITH"},{"floor":40,"key":"REST"},{"floor":47,"key":"REST"}],"circlet_count":0,"master_deck":["Strike_R","Strike_R","Strike_R","Strike_R","Strike_R","Defend_R","Defend_R","Defend_R","Bash+1","Whirlwind+1","Armaments+1","Headbutt+1","Twin Strike","Perfected Strike+1","Limit Break","AbeCurse","Perfected Strike+1","Battle Trance","Perfected Strike+1","ReplayTheSpireMod:Haul+1","Infernal Blade+1","Offering","Perfected Strike","Warcry","Demon Form+1","Regret","Limit Break","infinitespire:Fortify","Madness","Zap","Massacre+1","Pommel Strike+1","Anger+1","Spot Weakness","Massacre+1","Inflame+1","Warcry+1","Secret Technique","Purity","infinitespire:Oblivion"],"relics":["Burning Blood","Sling","infinitespire:Lucky Rock","Torii","Red Mask","King of Hearts","Blue Doll","Vajra","Ancient Tea Set","Champion Belt","Abe\u0027s Treasure","infinitespire:Golems Mask","Gremlin Food","ReplayTheSpireMod:Lightbulb","Blue Candle","Replay:Bandana","ReplayTheSpireMod:SealedPack","Frozen Egg 2","Whetstone","ReplayTheSpireMod:ShopPack","SlaversCollar"],"acts_visited":["Exordium","TheCity","TheBeyond"],"potions_floor_usage":[20,33,35,39,41],"damage_taken":[{"damage":17.0,"enemies":"Small Slimes","floor":1.0,"turns":3.0},{"damage":9.0,"enemies":"Jaw Worm","floor":2.0,"turns":3.0},{"damage":1.0,"enemies":"Gremlin Nob","floor":7.0,"turns":3.0},{"damage":0.0,"enemies":"2 Louse","floor":8.0,"turns":2.0},{"damage":20.0,"enemies":"3 Sentries","floor":10.0,"turns":4.0},{"damage":9.0,"enemies":"Large Slime","floor":12.0,"turns":4.0},{"damage":16.0,"enemies":"Gremlin Nob","floor":13.0,"turns":3.0},{"damage":0.0,"enemies":"3 Louse","floor":14.0,"turns":3.0},{"damage":12.0,"enemies":"Slime Boss","floor":16.0,"turns":4.0},{"damage":1,"enemies":"Chosen","floor":18,"turns":2},{"damage":1,"enemies":"3 Byrds","floor":19,"turns":3},{"damage":8,"enemies":"Centurion and Healer","floor":20,"turns":5},{"damage":31,"enemies":"Snake Plant","floor":21,"turns":3},{"damage":13,"enemies":"Cultist and Chosen","floor":22,"turns":6},{"damage":25,"enemies":"Nightmare","floor":23,"turns":5},{"damage":7,"enemies":"Centurion and Healer","floor":24,"turns":3},{"damage":21,"enemies":"Gremlin Leader","floor":25,"turns":5},{"damage":43,"enemies":"Collector","floor":33,"turns":5},{"damage":13,"enemies":"3 Darklings","floor":35,"turns":5},{"damage":25,"enemies":"Orb Walker","floor":36,"turns":3},{"damage":14,"enemies":"4 Shapes","floor":39,"turns":2},{"damage":29,"enemies":"R_Hoarder","floor":41,"turns":3},{"damage":19,"enemies":"Transient","floor":42,"turns":5},{"damage":35,"enemies":"Writhing Mass","floor":48,"turns":2}],"seed_played":"4378460202876973386","potions_obtained":[{"floor":1.0,"key":"DistilledChaos"},{"floor":7.0,"key":"BloodPotion"},{"floor":12.0,"key":"HeartOfIron"},{"floor":14.0,"key":"ColorlessPotion"},{"floor":21,"key":"Reflective Coating"},{"floor":23,"key":"FearPotion"},{"floor":33,"key":"SkillPotion"}],"is_trial":false,"path_per_floor":["M","M","?","$","?","R","E","M","T","E","R","M","E","M","R_BF","B",null,"M","M","M","M","M","NM","M","E","T","R","?","R","?","$","R","B",null,"M","M","?","?","M","R","E","M","T","PTL","PTL","AVR","R","M"],"character_chosen":"IRONCLAD","items_purchased":["Sling","infinitespire:Lucky Rock","Whirlwind","Armaments","SteroidPotion","Replay:Bandana","Perfected Strike","Adrenaline Potion","Warcry"],"campfire_rested":5,"item_purchase_floors":[0,0,0,0,4,31,31,31,31],"current_hp_per_floor":[25,22,22,22,27,52,57,63,63,49,49,46,36,42,42,36,73,78,83,81,56,49,30,29,14,14,39,39,64,64,64,64,27,71,64,45,11,11,20,45,22,9,9,9,9,9,34,0,0],"gold":669,"neow_bonus":"","is_daily":false,"chose_seed":false,"campfire_upgraded":2,"win_rate":0.0,"timestamp":1614386554,"path_taken":["M","M","?","$","?","R","E","M","T","E","R","M","E","?","R_BF","BOSS","M","M","M","M","M","NM","M","E","T","R","?","R","?","$","R","BOSS","M","M","?","?","M","R","E","M","T","PTL","PTL","AVR","R","M"],"items_purchased_type":["Relic","Relic","Card","Card","Potion","Relic","Card","Potion","Card"],"build_version":"2020-12-22","purchased_purges":3,"victory":false,"max_hp_per_floor":[80,80,80,80,85,85,85,85,85,85,85,85,85,85,85,85,85,85,85,85,85,85,85,85,85,85,85,85,85,85,85,85,85,85,85,85,85,85,85,85,85,85,85,85,85,85,85,85,85],"card_choices":[{"not_picked":["Whirlwind","Power Through"],"picked":"Headbutt","floor":1.0},{"not_picked":["Evolve","ReplayTheSpireMod:Limb From Limb","Anger"],"picked":"SKIP","floor":2.0},{"not_picked":["Pummel","Reckless Charge","Flex"],"picked":"SKIP","floor":7.0},{"not_picked":["Iron Wave","Evolve","Abandon"],"picked":"SKIP","floor":8.0},{"not_picked":["Warcry","Entrench"],"picked":"Twin Strike","floor":10.0},{"not_picked":["Cleave","Replay:Undeath\u0027s Touch","Seeing Red"],"picked":"SKIP","floor":12.0},{"not_picked":["Wild Strike","Sword Boomerang","Havoc"],"picked":"SKIP","floor":13.0},{"not_picked":["Twin Strike","Clothesline"],"picked":"Perfected Strike","floor":14.0},{"not_picked":["Feed","Hemogenesis"],"picked":"Limit Break","floor":16.0},{"not_picked":["ReplayTheSpireMod:LeadingStrike+1","Wild Strike","Anger"],"picked":"SKIP","floor":18},{"not_picked":["Rage","Wild Strike+1","Seeing Red"],"picked":"SKIP","floor":19},{"not_picked":["Seeing Red","Iron Wave+1"],"picked":"Perfected Strike","floor":20},{"not_picked":["Havoc","Offering"],"picked":"Battle Trance","floor":21},{"not_picked":["True Grit","Wild Strike"],"picked":"Perfected Strike+1","floor":22},{"not_picked":["infinitespire:Fortify","infinitespire:SealOfDarkness+"],"picked":"ReplayTheSpireMod:Haul","floor":23},{"not_picked":["True Grit","Iron Wave+1"],"picked":"Infernal Blade+1","floor":23},{"not_picked":["Disarm","Dropkick+1","Headbutt+1"],"picked":"SKIP","floor":24},{"not_picked":["ReplayReversal+1","Wild Strike"],"picked":"Offering","floor":25},{"not_picked":["Corruption","Exhume"],"picked":"Demon Form","floor":33},{"not_picked":["Replay:Many Hands","Demonic Infusion"],"picked":"Limit Break","floor":34},{"not_picked":["infinitespire:DeathsTouch","infinitespire:SevenWalls"],"picked":"infinitespire:Fortify","floor":34},{"not_picked":["Flash of Steel","Mind Blast"],"picked":"Madness","floor":34},{"not_picked":["Bash","Vigilance"],"picked":"Zap","floor":34},{"not_picked":["Clothesline","Body Slam+1"],"picked":"Massacre+1","floor":35},{"not_picked":["Flex","Wild Strike"],"picked":"Pommel Strike+1","floor":36},{"not_picked":["Life Link+1","Uppercut+1"],"picked":"Anger+1","floor":37},{"not_picked":["ReplayTheSpireMod:Strike From Hell+1","Uppercut"],"picked":"Spot Weakness","floor":37},{"not_picked":["Abandon+1","Wild Strike"],"picked":"Massacre+1","floor":37},{"not_picked":["Pommel Strike","Anger","True Grit+1"],"picked":"SKIP","floor":39},{"not_picked":["Ghostly Armor","Clothesline+1"],"picked":"Inflame+1","floor":41},{"not_picked":["Clash+1","Clothesline+1"],"picked":"Warcry+1","floor":42},{"not_picked":["Blind","Bandage Up"],"picked":"Secret Technique","floor":46},{"not_picked":["ReplayTheSpireMod:Trickstab","Blind"],"picked":"Purity","floor":46}],"player_experience":221989,"relics_obtained":[{"floor":7.0,"key":"King of Hearts"},{"floor":9.0,"key":"Blue Doll"},{"floor":10.0,"key":"Vajra"},{"floor":13.0,"key":"Ancient Tea Set"},{"floor":15.0,"key":"Champion Belt"},{"floor":23,"key":"infinitespire:Golems Mask"},{"floor":25,"key":"Gremlin Food"},{"floor":26,"key":"ReplayTheSpireMod:Lightbulb"},{"floor":41,"key":"Frozen Egg 2"},{"floor":43,"key":"Whetstone"}],"event_choices":[{"damage_healed":0.0,"max_hp_gain":0.0,"max_hp_loss":0.0,"gold_gain":0.0,"event_name":"Living Wall","player_choice":"Grow","floor":3.0,"gold_loss":0.0,"damage_taken":0.0,"cards_upgraded":["Armaments"]},{"damage_healed":0.0,"max_hp_gain":5.0,"max_hp_loss":0.0,"gold_gain":0.0,"event_name":"Big Fish","player_choice":"Donut","floor":5.0,"gold_loss":0.0,"damage_taken":0.0},{"damage_healed":0,"gold_gain":0,"player_choice":"Obtained Relic","damage_taken":0,"relics_obtained":["Blue Candle"],"max_hp_gain":0,"max_hp_loss":0,"event_name":"Addict","floor":28,"gold_loss":85},{"damage_healed":0,"gold_gain":0,"player_choice":"Ignored","damage_taken":0,"max_hp_gain":0,"max_hp_loss":0,"event_name":"Ghosts","floor":30,"gold_loss":0},{"damage_healed":0,"gold_gain":222,"player_choice":"Wore Mask","damage_taken":0,"max_hp_gain":0,"max_hp_loss":0,"event_name":"Tomb of Lord Red Mask","floor":38,"gold_loss":0}],"is_beta":false,"boss_relics":[{"not_picked":["Runic Pyramid","Astrolabe"],"picked":"Abe\u0027s Treasure"},{"not_picked":["Electric Blood","Velvet Choker"],"picked":"ReplayTheSpireMod:SealedPack"}],"items_purged_floors":[4,31,46],"is_endless":true,"potions_floor_spawned":[1,7,12,14,21,23,24,33],"killed_by":"Writhing Mass","ascension_level":8}}