{"host":"i0avyit1s6jb1siw","time":1614431400,"event":{"mods":["BaseMod","DeckTracker","Dota2Spire","Minty Spire (QoL Compilation)","Quick Restart","StSLib","SuperFastMode"],"gold_per_floor":[116,128,140,152,252,252,281,163,175,175,198,198,260,160,190,203,203,280,280,280,280,280],"floor_reached":21,"language":"ENG","playtime":426,"items_purged":["Strike_P","Strike_P"],"score":424,"play_id":"432f5bc1-103c-4062-a446-7787f010d2e1","local_time":"20210227141000","is_ascension_mode":true,"campfire_choices":[{"data":"Eruption","floor":6.0,"key":"SMITH"},{"floor":12.0,"key":"REST"},{"floor":17.0,"key":"REST"},{"floor":20.0,"key":"REST"}],"circlet_count":0,"master_deck":["AscendersBane","Strike_P","Strike_P","Defend_P","Defend_P","Defend_P","Defend_P","Eruption+1","Vigilance","CarveReality","EmptyFist","CrushJoints","FearNoEvil","Wallop","CurseOfTheBell"],"relics":["PureWater","NeowsBlessing","Ginger","Frozen Egg 2","Damaru","Singing Bowl","Calling Bell","Vajra","StrikeDummy","Unceasing Top"],"acts_visited":["Exordium"],"potions_floor_usage":[],"damage_taken":[{"damage":0.0,"enemies":"Small Slimes","floor":1.0,"turns":1.0},{"damage":0.0,"enemies":"Cultist","floor":2.0,"turns":1.0},{"damage":0.0,"enemies":"Jaw Worm","floor":3.0,"turns":1.0},{"damage":40.0,"enemies":"Exordium Wildlife","floor":4.0,"turns":6.0},{"damage":0.0,"enemies":"Lagavulin","floor":7.0,"turns":4.0},{"damage":2.0,"enemies":"Exordium Thugs","floor":9.0,"turns":3.0},{"damage":0.0,"enemies":"Gremlin Nob","floor":13.0,"turns":2.0},{"damage":24.0,"enemies":"Gremlin Nob","floor":15.0,"turns":4.0},{"damage":6.0,"enemies":"Gremlin Gang","floor":16.0,"turns":3.0},{"damage":30.0,"enemies":"The Guardian","floor":18.0,"turns":10.0},{"damage":34,"enemies":"The Guardian","floor":21,"turns":9}],"seed_played":"-1895408124271963031","potions_obtained":[{"floor":3.0,"key":"Weak Potion"},{"floor":13.0,"key":"Dota2Spire:HealingSalve"},{"floor":15.0,"key":"FearPotion"}],"is_trial":false,"path_per_floor":["M","M","M","M","?","R","E","$","M","T","T","R","?","$","E","M","R","B",null,"R","B"],"character_chosen":"WATCHER","items_purchased":["FearNoEvil"],"campfire_rested":3,"item_purchase_floors":[8],"current_hp_per_floor":[61,61,61,21,21,21,21,21,19,19,19,39,41,41,19,15,37,9,9,31,0,0],"gold":280,"neow_bonus":"THREE_ENEMY_KILL","is_daily":false,"chose_seed":false,"campfire_upgraded":1,"win_rate":0.0,"timestamp":1614431400,"path_taken":["M","M","M","M","?","R","E","?","?","T","T","R","?","$","E","M","R","BOSS","R","BOSS"],"items_purchased_type":["Card"],"build_version":"2020-12-22","purchased_purges":2,"victory":false,"max_hp_per_floor":[68,68,68,68,68,68,68,68,68,68,68,68,70,70,72,74,74,76,76,76,76,76],"card_choices":[{"not_picked":["PathToVictory","TalkToTheHand"],"picked":"CarveReality","floor":1.0},{"not_picked":["BowlingBash","Evaluate"],"picked":"EmptyFist","floor":2.0},{"not_picked":["PathToVictory","Consecrate","Wireheading"],"picked":"SKIP","floor":3.0},{"not_picked":["Consecrate","Study"],"picked":"CrushJoints","floor":4.0},{"not_picked":["ThirdEye","Vengeance","DeceiveReality"],"picked":"SKIP","floor":7.0},{"not_picked":["CutThroughFate","EmptyBody"],"picked":"Wallop","floor":9.0},{"not_picked":["Evaluate","CarveReality","Conclude"],"picked":"Singing Bowl","floor":13.0},{"not_picked":["ClearTheMind","ReachHeaven","SpiritShield"],"picked":"Singing Bowl","floor":15.0},{"not_picked":["EmptyBody","Wireheading+1","BowlingBash"],"picked":"Singing Bowl","floor":16.0},{"not_picked":["ConjureBlade","Blasphemy","Omniscience"],"picked":"Singing Bowl","floor":18.0}],"player_experience":2533962,"relics_obtained":[{"floor":7.0,"key":"Ginger"},{"floor":10.0,"key":"Frozen Egg 2"},{"floor":11.0,"key":"Damaru"},{"floor":13.0,"key":"Singing Bowl"},{"floor":19.0,"key":"Vajra"},{"floor":19.0,"key":"StrikeDummy"},{"floor":19.0,"key":"Unceasing Top"}],"event_choices":[{"damage_healed":0.0,"max_hp_gain":0.0,"max_hp_loss":0.0,"gold_gain":100.0,"event_name":"Wheel of Change","player_choice":"Gold","floor":5.0,"gold_loss":0.0,"damage_taken":0.0},{"damage_healed":0.0,"max_hp_gain":0.0,"max_hp_loss":0.0,"gold_gain":30.0,"event_name":"Dead Adventurer","player_choice":"Searched \u00273\u0027 times","floor":13.0,"gold_loss":0.0,"damage_taken":0.0}],"is_beta":false,"boss_relics":[{"not_picked":["Black Star","Empty Cage"],"picked":"Calling Bell"}],"items_purged_floors":[8,14],"is_endless":false,"potions_floor_spawned":[3,13,15,18],"killed_by":"The Guardian","ascension_level":20}}