{"host":"8k64rvi83ijr822k","time":1614457015,"event":{"mods":["Bard","BaseMod","Better Third Choice","BetterRewards","Dio Mod","Downfall","Googly Eyes","Gremlin Mod","GungeonMod","Hermit","Hubris","Infinite Spire","Magitek Elite","Minty Spire (QoL Compilation)","Quick Restart","Railgun Mod","Replay The Spire","Shop Mod","Small Relic Pack","StSLib","Td1madao Mod","The Administrix","The Animator","The Bladedancer","The Bug Knight","The Construct","The Cursed","The Disciple","The Gatherer","The Judge","The Jungle","The Mystic","The Necromancer","The Poker Player","The Problem Sleuth","The Runesmith","The Saiyan","The Senshi","The Wild Card","TheHero"],"gold_per_floor":[43,43,8,8,8,35,53,53,79,79,79,111,122,136,136,232,232,258,258,269,289,289,289],"floor_reached":22,"language":"ENG","playtime":6349,"items_purged":[],"score":344,"play_id":"4473d513-75ba-474d-8da0-354d78e357c4","local_time":"20210227151655","is_ascension_mode":false,"campfire_choices":[{"floor":8,"key":"REST"},{"floor":10,"key":"REST"},{"floor":15,"key":"REST"}],"circlet_count":0,"master_deck":["animator:Strike_NoGameNoLife","animator:Defend_NoGameNoLife","animator:Strike","animator:Strike+1","animator:Strike","animator:Defend","animator:Defend","animator:Defend","animator:DolaSchwi","animator:DolaCouronne","animator:Jibril+1","animator:MaesHughes","animator:Vesta","animator:Layla","animator:RoyMustang","animator:Kyubey","animator:Sebas","animator:Layla","animator:Mitsurugi","animator:Kyubey","animator:DolaRiku","animator:ElricEdward","animator:Mitsurugi+1"],"relics":["animator:LivingPicture","animator:TheMissingPiece","animator:PurgingStone","hubris:CrystalStatue","hubris:SlimyHat","Mummified Hand","StoneCalendar","construct:ClawGrip","Blue Doll"],"acts_visited":["Exordium","Exordium"],"potions_floor_usage":[16,16,16,21,22],"damage_taken":[{"damage":10,"enemies":"Jaw Worm","floor":1,"turns":5},{"damage":51,"enemies":"Nightmare","floor":6,"turns":8},{"damage":0,"enemies":"Small Slimes","floor":7,"turns":4},{"damage":8,"enemies":"3 Sentries","floor":12,"turns":5},{"damage":0,"enemies":"2 Louse","floor":13,"turns":1},{"damage":11,"enemies":"Blue Slaver","floor":14,"turns":3},{"damage":2,"enemies":"The Guardian","floor":16,"turns":8},{"damage":30,"enemies":"theJungle:MUSHROOMGANG","floor":18,"turns":5},{"damage":0,"enemies":"theJungle:5_Spyders","floor":20,"turns":1},{"damage":22,"enemies":"theJungle:JungleHuntersEncounter","floor":21,"turns":6},{"damage":18,"enemies":"theJungle:Lyon","floor":22,"turns":3}],"seed_played":"4917961771275554684","potions_obtained":[{"floor":6,"key":"Dexterity Potion"},{"floor":13,"key":"Swift Potion"},{"floor":14,"key":"DemoMod:LeadSkinPotion"},{"floor":20,"key":"LifebloodPotion"},{"floor":21,"key":"hexamod:SoulburnPotion"}],"is_trial":false,"path_per_floor":["M","$","?","?","?","NM","M","R","T","R","T","E","M","M","R","B",null,"M","AVR","M","M","M"],"character_chosen":"THE_ANIMATOR","items_purchased":["animator:Jibril","animator:MaesHughes"],"campfire_rested":3,"item_purchase_floors":[0,0],"current_hp_per_floor":[56,56,66,53,53,2,2,21,21,40,40,32,32,21,40,38,66,36,36,36,14,0,0],"gold":289,"neow_bonus":"","is_daily":false,"chose_seed":false,"campfire_upgraded":0,"win_rate":0.0,"timestamp":1614457015,"path_taken":["M","$","?","?","?","NM","M","R","T","R","?","E","?","M","R","BOSS","M","AVR","M","M","M"],"items_purchased_type":["Card","Card"],"build_version":"2020-12-22","purchased_purges":0,"victory":false,"max_hp_per_floor":[66,66,66,66,66,66,66,66,66,66,66,66,66,66,66,66,66,66,66,66,66,66,66],"card_choices":[{"not_picked":["animator:MaesHughes","animator:UneriGinkaku"],"picked":"animator:Vesta","floor":1},{"not_picked":["animator:Demiurge","animator:YuiTsuruno"],"picked":"animator:RoyMustang","floor":6},{"not_picked":["animator:Vesta","animator:Kuribayashi"],"picked":"animator:Kyubey","floor":7},{"not_picked":["animator:Entoma","animator:PandorasActor"],"picked":"animator:Sebas","floor":12},{"not_picked":["animator:Verdia","animator:Hakurou"],"picked":"animator:Layla","floor":13},{"not_picked":["animator:Konayuki","animator:YaoHaDucy"],"picked":"animator:Mitsurugi","floor":14},{"not_picked":["animator:HomuraAkemi","animator:ChaikaTrabant"],"picked":"animator:Kyubey","floor":16},{"not_picked":["animator:Konayuki","animator:Bozes"],"picked":"animator:DolaRiku","floor":18},{"not_picked":["animator:RoyMustang","animator:Sloth"],"picked":"animator:ElricEdward","floor":20},{"not_picked":["animator:MaesHughes","animator:IrohaTamaki"],"picked":"animator:Mitsurugi+1","floor":21}],"player_experience":142651,"relics_obtained":[{"floor":6,"key":"hubris:CrystalStatue"},{"floor":9,"key":"hubris:SlimyHat"},{"floor":11,"key":"Mummified Hand"},{"floor":12,"key":"StoneCalendar"}],"event_choices":[{"damage_healed":16,"gold_gain":0,"player_choice":"Healed","damage_taken":0,"max_hp_gain":0,"max_hp_loss":0,"event_name":"The Cleric","floor":3,"gold_loss":35},{"damage_healed":66,"gold_gain":0,"player_choice":"Upgrade","damage_taken":13,"max_hp_gain":0,"max_hp_loss":66,"event_name":"betterThird:BetterShining","floor":4,"gold_loss":0,"cards_upgraded":["animator:Strike","animator:Jibril"]}],"is_beta":false,"boss_relics":[{"not_picked":["Honey Jar","bronze:MakeshiftBattery"],"picked":"construct:ClawGrip"}],"items_purged_floors":[],"is_endless":true,"potions_floor_spawned":[6,13,14,20,21],"killed_by":"theJungle:Lyon","ascension_level":0}}