{"host":"q9718omregw4er46","time":1614422870,"event":{"mods":["BaseMod","Minty Spire (QoL Compilation)","Quick Restart","Relic Stats"],"gold_per_floor":[110,260,12,12,12,47,47,60,60,60,91,110,110,129,129,205,205,215,242,242,142,158,158,192,192,247,247,266,297,297,314,314,388,388,406,422,447,447,78,78,90,90,117,142,156,189,189,218,218,218,218,218],"floor_reached":51,"language":"ENG","playtime":1715,"items_purged":["Doubt","Strike_R"],"score":1558,"play_id":"bca0ff37-6c1b-40f1-a76a-496bbc307cbc","local_time":"20210227154750","is_ascension_mode":true,"campfire_choices":[{"data":"Immolate","floor":7.0,"key":"SMITH"},{"data":"Disarm","floor":13.0,"key":"SMITH"},{"data":"Pommel Strike","floor":15.0,"key":"SMITH"},{"data":"Demon Form","floor":23,"key":"SMITH"},{"data":"Feel No Pain","floor":25,"key":"SMITH"},{"floor":30,"key":"REST"},{"floor":32,"key":"RECALL"},{"floor":40,"key":"REST"},{"floor":42,"key":"REST"},{"floor":47,"key":"REST"},{"floor":49,"key":"REST"}],"circlet_count":0,"master_deck":["AscendersBane","Strike_R+1","Strike_R","Strike_R+1","Strike_R","Defend_R","Defend_R","Defend_R","Defend_R","Bash+1","Pommel Strike+1","Immolate+1","Carnage+1","Pommel Strike+1","Disarm+1","Shrug It Off","Thunderclap","Demon Form+1","Feel No Pain+1","Shrug It Off","Sword Boomerang+1","Corruption","Ghostly Armor","Burning Pact","Feel No Pain+1","Feel No Pain","Burning Pact","Offering","Rage"],"relics":["Burning Blood","NeowsBlessing","Tiny Chest","MealTicket","HornCleat","Du-Vu Doll","Sozu","Happy Flower","Bronze Scales","Potion Belt","Fusion Hammer","PreservedInsect","DollysMirror","Centennial Puzzle","Vajra","Whetstone","Shuriken","Anchor"],"acts_visited":["Exordium","TheCity","TheBeyond"],"potions_floor_usage":[50,51],"damage_taken":[{"damage":0.0,"enemies":"Small Slimes","floor":1.0,"turns":1.0},{"damage":0.0,"enemies":"3 Sentries","floor":6.0,"turns":1.0},{"damage":0.0,"enemies":"2 Louse","floor":8.0,"turns":1.0},{"damage":0.0,"enemies":"Gremlin Nob","floor":11.0,"turns":3.0},{"damage":5.0,"enemies":"Jaw Worm","floor":12.0,"turns":3.0},{"damage":0.0,"enemies":"Blue Slaver","floor":14.0,"turns":3.0},{"damage":13.0,"enemies":"Hexaghost","floor":16.0,"turns":7.0},{"damage":0,"enemies":"Spheric Guardian","floor":18,"turns":3},{"damage":0,"enemies":"Chosen","floor":22,"turns":3},{"damage":36,"enemies":"Gremlin Leader","floor":24,"turns":8},{"damage":0,"enemies":"Snake Plant","floor":28,"turns":3},{"damage":34,"enemies":"Book of Stabbing","floor":29,"turns":5},{"damage":1,"enemies":"Centurion and Healer","floor":31,"turns":4},{"damage":23,"enemies":"Champ","floor":33,"turns":10},{"damage":26,"enemies":"3 Darklings","floor":35,"turns":6},{"damage":7,"enemies":"Orb Walker","floor":36,"turns":4},{"damage":29,"enemies":"Transient","floor":41,"turns":6},{"damage":12,"enemies":"Giant Head","floor":44,"turns":7},{"damage":0,"enemies":"Sphere and 2 Shapes","floor":45,"turns":5},{"damage":24,"enemies":"Reptomancer","floor":46,"turns":3},{"damage":13,"enemies":"Giant Head","floor":48,"turns":7},{"damage":61,"enemies":"Donu and Deca","floor":50,"turns":8},{"damage":25,"enemies":"Awakened One","floor":51,"turns":3}],"seed_played":"-2306120191025727823","potions_obtained":[{"floor":8.0,"key":"PowerPotion"},{"floor":11.0,"key":"DistilledChaos"}],"is_trial":false,"path_per_floor":["M","?","$","?","?","E","R","M","T","?","E","M","R","M","R","B",null,"M","T","?","$","M","R","E","R","T","?","M","E","R","M","R","B",null,"M","M","T","?","$","R","M","R","T","E","M","E","R","E","R","B","B"],"character_chosen":"IRONCLAD","items_purchased":["Immolate","DollysMirror","Feel No Pain","Centennial Puzzle"],"campfire_rested":5,"item_purchase_floors":[3,39,39,39],"current_hp_per_floor":[74,74,74,56,56,62,62,68,68,45,51,52,52,58,58,51,69,75,75,75,75,75,75,45,45,45,45,51,23,45,50,50,33,65,45,44,44,44,59,75,52,74,74,68,74,56,75,68,75,20,0,0],"gold":218,"neow_bonus":"THREE_ENEMY_KILL","is_daily":false,"chose_seed":false,"campfire_upgraded":5,"win_rate":0.0,"timestamp":1614422870,"path_taken":["M","?","$","?","?","E","R","M","T","?","E","?","R","M","R","BOSS","M","?","?","$","M","R","E","R","T","?","M","E","R","M","R","BOSS","M","?","?","?","$","R","M","R","T","E","M","E","R","E","R","BOSS","BOSS"],"items_purchased_type":["Card","Relic","Card","Relic"],"build_version":"2020-12-22","purchased_purges":2,"victory":false,"max_hp_per_floor":[75,75,75,75,75,75,75,75,75,75,75,75,75,75,75,75,75,75,75,75,75,75,75,75,75,75,75,75,75,75,75,75,75,75,75,75,75,75,75,75,75,75,75,75,75,75,75,75,75,75,75,75],"relic_stats":{"Sozu":5,"Centennial Puzzle":[18],"Happy Flower":[27],"counters":[23,104],"Shuriken":[8],"Bronze Scales":[195],"Tiny Chest":2,"MealTicket":15,"PreservedInsect":320,"Whetstone":["Strike_R","Sword Boomerang"],"obtain_stats":[{"Potion Belt":29,"NeowsBlessing":0,"Happy Flower":19,"Vajra":43,"PreservedInsect":37,"Whetstone":44,"Burning Blood":0,"Du-Vu Doll":11,"Sozu":17,"Centennial Puzzle":39,"Anchor":48,"HornCleat":9,"DollysMirror":39,"Shuriken":46,"Bronze Scales":24,"Tiny Chest":4,"MealTicket":6,"Fusion Hammer":34},{"Potion Belt":12,"NeowsBlessing":0,"Happy Flower":8,"Vajra":17,"PreservedInsect":16,"Whetstone":18,"Burning Blood":0,"Du-Vu Doll":4,"Sozu":7,"Centennial Puzzle":16,"Anchor":21,"HornCleat":3,"DollysMirror":16,"Shuriken":20,"Bronze Scales":10,"Tiny Chest":1,"MealTicket":2,"Fusion Hammer":14},{"Potion Belt":41,"NeowsBlessing":0,"Happy Flower":22,"Vajra":71,"PreservedInsect":65,"Whetstone":78,"Burning Blood":0,"Du-Vu Doll":6,"Sozu":19,"Centennial Puzzle":65,"Anchor":93,"HornCleat":3,"DollysMirror":65,"Shuriken":86,"Bronze Scales":33,"Tiny Chest":1,"MealTicket":2,"Fusion Hammer":55}],"Burning Blood":126},"card_choices":[{"not_picked":["Headbutt","Sword Boomerang"],"picked":"Pommel Strike","floor":1.0},{"not_picked":["Shrug It Off","Iron Wave"],"picked":"Carnage","floor":6.0},{"not_picked":["Intimidate","Flex"],"picked":"Pommel Strike","floor":8.0},{"not_picked":["Wild Strike","True Grit"],"picked":"Disarm","floor":11.0},{"not_picked":["Cleave","Perfected Strike"],"picked":"Shrug It Off","floor":12.0},{"not_picked":["Warcry","Shrug It Off"],"picked":"Thunderclap","floor":14.0},{"not_picked":["Exhume","Juggernaut"],"picked":"Demon Form","floor":16.0},{"not_picked":["Sword Boomerang","Uppercut","Clash"],"picked":"SKIP","floor":18},{"not_picked":["Iron Wave","Headbutt"],"picked":"Feel No Pain","floor":22},{"not_picked":["Reckless Charge+1","Anger","Rage"],"picked":"SKIP","floor":24},{"not_picked":["Iron Wave","Double Tap"],"picked":"Shrug It Off","floor":28},{"not_picked":["Dual Wield","Evolve","Thunderclap"],"picked":"SKIP","floor":29},{"not_picked":["Heavy Blade","Combust"],"picked":"Sword Boomerang","floor":31},{"not_picked":["Exhume","Juggernaut"],"picked":"Corruption","floor":33},{"not_picked":["Reckless Charge","Heavy Blade"],"picked":"Ghostly Armor","floor":35},{"not_picked":["Anger","Cleave"],"picked":"Burning Pact","floor":36},{"not_picked":["Carnage+1","Blood for Blood","Iron Wave"],"picked":"SKIP","floor":41},{"not_picked":["Clash+1","Cleave"],"picked":"Burning Pact","floor":44},{"not_picked":["Whirlwind+1","Sword Boomerang+1"],"picked":"Offering","floor":45},{"not_picked":["Body Slam","Heavy Blade","Armaments"],"picked":"SKIP","floor":46},{"not_picked":["Spot Weakness","Clash"],"picked":"Rage","floor":48}],"player_experience":851641,"relics_obtained":[{"floor":6.0,"key":"MealTicket"},{"floor":9.0,"key":"HornCleat"},{"floor":11.0,"key":"Du-Vu Doll"},{"floor":19,"key":"Happy Flower"},{"floor":24,"key":"Bronze Scales"},{"floor":29,"key":"Potion Belt"},{"floor":37,"key":"PreservedInsect"},{"floor":43,"key":"Vajra"},{"floor":44,"key":"Whetstone"},{"floor":46,"key":"Shuriken"},{"floor":48,"key":"Anchor"}],"event_choices":[{"damage_healed":0.0,"max_hp_gain":0.0,"max_hp_loss":0.0,"gold_gain":150.0,"event_name":"Liars Game","player_choice":"AGREE","floor":2.0,"gold_loss":0.0,"damage_taken":0.0,"cards_obtained":["Doubt"]},{"damage_healed":0.0,"max_hp_gain":0.0,"max_hp_loss":0.0,"gold_gain":0.0,"event_name":"Scrap Ooze","player_choice":"Success","floor":4.0,"gold_loss":0.0,"damage_taken":18.0,"relics_obtained":["Tiny Chest"]},{"damage_healed":0.0,"max_hp_gain":0.0,"max_hp_loss":0.0,"gold_gain":0.0,"event_name":"Living Wall","player_choice":"Grow","floor":5.0,"gold_loss":0.0,"damage_taken":0.0,"cards_upgraded":["Bash"]},{"damage_healed":0.0,"max_hp_gain":0.0,"max_hp_loss":0.0,"gold_gain":0.0,"event_name":"Shining Light","player_choice":"Entered Light","floor":10.0,"gold_loss":0.0,"damage_taken":23.0,"cards_upgraded":["Strike_R","Carnage"]},{"damage_healed":0,"gold_gain":0,"player_choice":"Ignored","damage_taken":0,"max_hp_gain":0,"max_hp_loss":0,"event_name":"The Mausoleum","floor":20,"gold_loss":0},{"damage_healed":0,"gold_gain":0,"player_choice":"Upgraded","damage_taken":0,"max_hp_gain":0,"max_hp_loss":0,"event_name":"Upgrade Shrine","floor":27,"gold_loss":0,"cards_upgraded":["Pommel Strike"]},{"damage_healed":0,"gold_gain":0,"player_choice":"Ignored","damage_taken":0,"max_hp_gain":0,"max_hp_loss":0,"event_name":"Tomb of Lord Red Mask","floor":38,"gold_loss":0}],"is_beta":false,"boss_relics":[{"not_picked":["Empty Cage","Tiny House"],"picked":"Sozu"},{"not_picked":["Calling Bell","Black Star"],"picked":"Fusion Hammer"}],"items_purged_floors":[3,21],"is_endless":false,"potions_floor_spawned":[8,11,16,18,22,36,45,48],"killed_by":"Awakened One","ascension_level":20}}