{"host":"pqs17sqrgflf4eqa","time":1614446470,"event":{"mods":["AchievementEnabler","BaseMod","Bestiary","Better Altar","Better Match","Better Sensory Stone","Better Skull","Better Third Choice","BetterRewards","Block Reminder","Bossed Relics","Colored Map","Colored Powertips","Curses Come First","Dark Map","DeckTracker","Defective Defect","Displayed Cursed Tome","Emptier Cage","Googly Eyes","Highlight Path","Infinite Spire","Minty Spire (QoL Compilation)","Permanent Neow","Poor People Problems","Quick Restart","Replay The Spire","StSLib","SuperFastMode","Thieving Mod","Transform Curses","everything is the same but u backflip on backflip","slay the spire mod where everything is the same but ironclad has a cowboy hat"],"gold_per_floor":[110,71,151,31,93,123,123,134,159,159,193,206,206,86,86,182,182,195,205,146,156,168,168,200,200,225,26,51,70,105,120,120,120,120],"floor_reached":33,"language":"ENG","playtime":854,"items_purged":[],"score":648,"play_id":"108899ff-5c35-4823-965d-da9cc7b69a29","local_time":"20210227122110","is_ascension_mode":true,"campfire_choices":[{"floor":10.0,"key":"REST"},{"data":"Terror","floor":13.0,"key":"SMITH"},{"data":"Neutralize","floor":15.0,"key":"SMITH"},{"data":"Masterful Stab","floor":23.0,"key":"SMITH"},{"floor":32.0,"key":"DIG"}],"circlet_count":0,"master_deck":["Strike_G+1","Strike_G+1","Strike_G+1","Strike_G+1","Defend_G+1","Defend_G+1","Defend_G+1","Defend_G+1","Defend_G+1","Survivor","Neutralize+1","Dagger Spray+1","Backstab+1","Outmaneuver","PiercingWail","Dagger Throw+1","Terror+1","Footwork+1","Wraith Form v2+1","Poisoned Stab","ReplayTheSpireMod:Scrap Shanks+1","Choke","Well Laid Plans+1","Masterful Stab+1","Quick Slash+1","Crippling Poison","Toxin Wave","Blade Dance","Pot Of Greed","Pot Of Greed","Pot Of Greed","Finisher","Blade Dance+1","Adrenaline"],"relics":["Ring of the Snake","Toolbox","Frozen Egg 2","Turnip","Gremlin Food","The Courier","Guide Book","Pocketwatch","Ninja Scroll","Orichalcum","Blue Candle","PreservedInsect","WristBlade","Centennial Puzzle","Vajra","Grinning Jar","infinitespire:Beetle Shell","Potion Belt"],"acts_visited":["Exordium","TheCity"],"potions_floor_usage":[33,33,33],"damage_taken":[{"damage":0.0,"enemies":"Cultist","floor":1.0,"turns":3.0},{"damage":27.0,"enemies":"Gremlin Nob","floor":6.0,"turns":5.0},{"damage":0.0,"enemies":"Jaw Worm","floor":8.0,"turns":1.0},{"damage":0.0,"enemies":"Lagavulin","floor":11.0,"turns":5.0},{"damage":0.0,"enemies":"Small Slimes","floor":12.0,"turns":1.0},{"damage":6.0,"enemies":"Fading Forest","floor":16.0,"turns":11.0},{"damage":9.0,"enemies":"3 Byrds","floor":18.0,"turns":3.0},{"damage":3.0,"enemies":"Chosen","floor":19.0,"turns":3.0},{"damage":0.0,"enemies":"Snake Plant","floor":21.0,"turns":5.0},{"damage":5.0,"enemies":"Sentry and Sphere","floor":22.0,"turns":6.0},{"damage":12.0,"enemies":"Nightmare","floor":24.0,"turns":4.0},{"damage":8.0,"enemies":"Slavers","floor":28.0,"turns":2.0},{"damage":1.0,"enemies":"Snecko","floor":29.0,"turns":3.0},{"damage":0.0,"enemies":"Book of Stabbing","floor":30.0,"turns":1.0},{"damage":16.0,"enemies":"Snake Plant","floor":31.0,"turns":2.0},{"damage":24,"enemies":"Champ","floor":33,"turns":3}],"seed_played":"-5948461004913978883","potions_obtained":[{"floor":6.0,"key":"Swift Potion"},{"floor":11.0,"key":"SkillPotion"},{"floor":16.0,"key":"SkillPotion"},{"floor":19.0,"key":"Flashbang"},{"floor":22.0,"key":"Fruit Juice"},{"floor":28.0,"key":"Languid Potion"},{"floor":30.0,"key":"PowerPotion"}],"is_trial":false,"path_per_floor":["M","$","T","$","?","E","T","M","T","R","E","M","R","$","R","B",null,"M","M","$","M","M","R","NM","?","T","$","E","M","E","M","R_BF","B"],"character_chosen":"THE_SILENT","items_purchased":["Toolbox","Frozen Egg 2","Dagger Spray","Backstab","Dagger Throw+1","Guide Book","PreservedInsect","Choke","PowerPotion","Crippling Poison","Toxin Wave","Fire Potion","Blade Dance"],"campfire_rested":1,"item_purchase_floors":[0,0,0,0,2,4,14,20,27,27,27,27,27],"current_hp_per_floor":[30,30,30,30,30,3,3,3,3,24,24,24,24,24,24,32,61,52,49,49,49,49,49,37,37,37,37,29,28,28,12,12,0,0],"gold":120,"neow_bonus":"","is_daily":false,"chose_seed":false,"campfire_upgraded":3,"win_rate":0.0,"timestamp":1614446470,"path_taken":["M","$","?","$","?","E","?","M","T","R","E","M","R","$","R","BOSS","M","M","$","M","M","R","NM","?","T","$","E","M","E","M","R_BF","BOSS"],"items_purchased_type":["Relic","Relic","Card","Card","Card","Relic","Relic","Card","Potion","Card","Card","Potion","Card"],"build_version":"2020-12-22","purchased_purges":0,"victory":false,"max_hp_per_floor":[70,70,70,70,70,70,70,70,70,70,70,70,70,70,70,70,70,70,70,70,70,75,75,75,75,75,75,75,75,75,75,75,75,75],"card_choices":[{"not_picked":["Acrobatics","Draining Mist"],"picked":"PiercingWail","floor":1.0},{"not_picked":["Acrobatics","Slice","ReplayTheSpireMod:Shiv Toss"],"picked":"SKIP","floor":6.0},{"not_picked":["Sucker Punch","Dagger Spray","Setup"],"picked":"SKIP","floor":8.0},{"not_picked":["Storm of Steel","Deflect"],"picked":"Terror","floor":11.0},{"not_picked":["Flying Knee","Acrobatics"],"picked":"Footwork+1","floor":12.0},{"not_picked":["A Thousand Cuts+1","Bullet Time"],"picked":"Wraith Form v2+1","floor":16.0},{"not_picked":["Backflip+1","Blade Dance"],"picked":"Poisoned Stab","floor":18.0},{"not_picked":["Sucker Punch+1","ReplayTheSpireMod:Speed Training"],"picked":"ReplayTheSpireMod:Scrap Shanks+1","floor":19.0},{"not_picked":["Calculated Gamble+1","Distraction"],"picked":"Well Laid Plans+1","floor":21.0},{"not_picked":["Outmaneuver","Deflect"],"picked":"Masterful Stab","floor":22.0},{"not_picked":["Sucker Punch","Prepared"],"picked":"Quick Slash+1","floor":24.0},{"not_picked":["Underhanded Strike","Expertise+1"],"picked":"Finisher","floor":28.0},{"not_picked":["ReplayTheSpireMod:Shiv Toss+1","Dagger Spray","Poisoned Stab"],"picked":"SKIP","floor":29.0},{"not_picked":["Quick Slash","Concentrate"],"picked":"Blade Dance+1","floor":30.0},{"not_picked":["Skewer","Blade Dance"],"picked":"Adrenaline","floor":31.0}],"player_experience":233434,"relics_obtained":[{"floor":3.0,"key":"The Courier"},{"floor":6.0,"key":"Pocketwatch"},{"floor":7.0,"key":"Ninja Scroll"},{"floor":9.0,"key":"Orichalcum"},{"floor":11.0,"key":"Blue Candle"},{"floor":24.0,"key":"Centennial Puzzle"},{"floor":26.0,"key":"Vajra"},{"floor":28.0,"key":"Grinning Jar"},{"floor":30.0,"key":"infinitespire:Beetle Shell"},{"floor":32.0,"key":"Potion Belt"}],"event_choices":[{"damage_healed":0.0,"max_hp_gain":0.0,"max_hp_loss":0.0,"gold_gain":62.0,"event_name":"Golden Wing","player_choice":"Gained Gold","floor":5.0,"gold_loss":0.0,"damage_taken":0.0},{"damage_healed":0.0,"max_hp_gain":0.0,"max_hp_loss":8.0,"gold_gain":0.0,"event_name":"betterThird:BetterWriting","player_choice":"Simplicity","floor":25.0,"gold_loss":0.0,"damage_taken":0.0}],"is_beta":false,"boss_relics":[{"not_picked":["Fusion Hammer","Replay:Bronze Core"],"picked":"WristBlade"}],"items_purged_floors":[],"is_endless":true,"potions_floor_spawned":[6,11,16,19,22,28,30],"killed_by":"Champ","ascension_level":8}}