{"host":"urzvr6030gsf1sd7","time":1614442645,"event":{"mods":["AchievementEnabler","BaseMod","Block Reminder","Colored Powertips","Minty Spire (QoL Compilation)","Permanent Neow","StSLib"],"gold_per_floor":[144,189,189,234,234,324,324,369,394,484,493,547,100,109,109,427,427,472,472,526,441,495,495,95,95,104,158,257,291,55,55,55,364,364,418,472,481,535,75,75,59,0,84,84,84,84,93,34,34,43],"floor_reached":51,"language":"ENG","playtime":3363,"items_purged":["Strike_B"],"score":849,"play_id":"d808e38b-8c3f-4a29-aa07-fc3422927edb","local_time":"20210227111725","daily_mods":["Cursed Run","Diverse","Midas"],"is_ascension_mode":false,"campfire_choices":[{"floor":7,"key":"REST"},{"floor":15,"key":"REST"}],"circlet_count":0,"master_deck":["Strike_B+1","Strike_B+1","Strike_B","Defend_B","Defend_B","Defend_B","Defend_B","Zap","Dualcast","Infernal Blade+1","Glacier","Protect","Footwork","A Thousand Cuts","Writhe","Dark Shackles","Blade Dance","ReachHeaven","Writhe","Injury","Melter","Wallop","Regret","Heavy Blade","Parasite","White Noise","Noxious Fumes","Shame","Whirlwind+1","Fasting2+1","Shame","Dodge and Roll+1","Ghostly Armor","Leap","Writhe","Doubt","Footwork","Pain"],"relics":["Cursed Key","Darkstone Periapt","Du-Vu Doll","Matryoshka","Blood Vial","CeramicFish","Ancient Tea Set","Shuriken","Tiny Chest","StrikeDummy","Coffee Dripper","Sundial","Pantograph","DataDisk","Cables","Potion Belt","ClockworkSouvenir","Black Star","Symbiotic Virus","Anchor","Sling","Red Mask","Bottled Lightning","Lizard Tail"],"acts_visited":["Exordium","TheCity","TheBeyond"],"potions_floor_usage":[4,16,16,18,33,38,50,50,50],"damage_taken":[{"damage":0,"enemies":"Small Slimes","floor":1,"turns":3},{"damage":0,"enemies":"Cultist","floor":2,"turns":3},{"damage":0,"enemies":"2 Louse","floor":4,"turns":2},{"damage":10,"enemies":"3 Sentries","floor":6,"turns":10},{"damage":1,"enemies":"Large Slime","floor":8,"turns":8},{"damage":20,"enemies":"Gremlin Nob","floor":10,"turns":5},{"damage":0,"enemies":"Exordium Thugs","floor":12,"turns":3},{"damage":16,"enemies":"The Guardian","floor":16,"turns":9},{"damage":10,"enemies":"Spheric Guardian","floor":18,"turns":4},{"damage":8,"enemies":"Shell Parasite","floor":20,"turns":4},{"damage":4,"enemies":"Centurion and Healer","floor":22,"turns":4},{"damage":16,"enemies":"3 Cultists","floor":27,"turns":5},{"damage":40,"enemies":"Collector","floor":33,"turns":6},{"damage":35,"enemies":"3 Darklings","floor":35,"turns":4},{"damage":23,"enemies":"3 Shapes","floor":36,"turns":4},{"damage":46,"enemies":"3 Darklings","floor":38,"turns":4},{"damage":47,"enemies":"Awakened One","floor":50,"turns":16}],"seed_played":"-2463471341485849212","potions_obtained":[{"floor":1,"key":"BlessingOfTheForge"},{"floor":4,"key":"LiquidBronze"},{"floor":6,"key":"SpeedPotion"},{"floor":20,"key":"FearPotion"},{"floor":22,"key":"FearPotion"},{"floor":35,"key":"Dexterity Potion"}],"is_trial":false,"path_per_floor":["M","M","?","M","?","E","R","M","T","E","?","M","$","T","R","B",null,"M","?","M","?","M","R","$","R","T","M","?","T","$","?","R","B",null,"M","M","T","M","$","R","$","?","T","R","?","R","T","$","R","B",null],"character_chosen":"DEFECT","items_purchased":["Shuriken","ReachHeaven","Weak Potion","Pantograph","DataDisk","White Noise","ClockworkSouvenir","Noxious Fumes","Anchor","Sling","Energy Potion","SpeedPotion","Ghostly Armor","Leap","Footwork"],"campfire_rested":2,"item_purchase_floors":[13,13,13,24,24,30,30,30,39,39,39,39,39,41,48],"current_hp_per_floor":[75,75,75,75,60,50,72,71,77,59,59,61,61,67,87,77,93,83,83,77,77,75,75,75,75,81,67,67,73,73,73,73,66,111,76,55,61,17,17,17,17,17,23,23,23,23,29,29,29,15],"gold":43,"neow_bonus":"","is_daily":true,"chose_seed":false,"campfire_upgraded":0,"win_rate":0.0,"timestamp":1614442645,"path_taken":["M","M","?","M","?","E","R","M","T","E","?","?","$","?","R","BOSS","M","?","M","?","M","R","$","R","T","M","?","?","?","?","R","BOSS","M","?","?","?","$","R","$","?","T","R","?","R","?","?","R","BOSS"],"items_purchased_type":["Relic","Card","Potion","Relic","Relic","Card","Relic","Card","Relic","Relic","Potion","Potion","Card","Card","Card"],"build_version":"2020-12-22","purchased_purges":1,"victory":true,"max_hp_per_floor":[75,75,75,75,75,75,75,75,81,81,81,81,81,87,87,93,93,93,93,93,93,93,93,93,93,99,99,99,105,105,105,105,111,111,111,111,117,117,117,117,117,117,123,123,123,123,129,129,129,135],"card_choices":[{"not_picked":["Slice","Catalyst"],"picked":"Infernal Blade","floor":1},{"not_picked":["PathToVictory","Poisoned Stab"],"picked":"Glacier","floor":2},{"not_picked":["EmptyFist","Skewer"],"picked":"Protect","floor":4},{"not_picked":["Cold Snap","Consecrate"],"picked":"Footwork","floor":6},{"not_picked":["Disarm","Turbo"],"picked":"A Thousand Cuts","floor":8},{"not_picked":["Barrage","Indignation","Hologram"],"picked":"SKIP","floor":10},{"not_picked":["Prepared","Protect"],"picked":"Blade Dance","floor":12},{"not_picked":["MasterReality","Bullet Time"],"picked":"Rainbow","floor":16},{"not_picked":["Aggregate","Study","CarveReality"],"picked":"SKIP","floor":18},{"not_picked":["DeceiveReality","Headbutt"],"picked":"Melter","floor":20},{"not_picked":["BowlingBash","Bloodletting"],"picked":"Wallop","floor":22},{"not_picked":["Steam Power+1","Flying Knee"],"picked":"Heavy Blade","floor":27},{"not_picked":["Flying Knee","Cleave+1"],"picked":"Whirlwind+1","floor":35},{"not_picked":["Cold Snap+1","Stack+1"],"picked":"Fasting2+1","floor":36},{"not_picked":["CarveReality+1","Clash+1"],"picked":"Dodge and Roll+1","floor":38}],"player_experience":328535,"relics_obtained":[{"floor":6,"key":"Matryoshka"},{"floor":9,"key":"Blood Vial"},{"floor":9,"key":"CeramicFish"},{"floor":10,"key":"Ancient Tea Set"},{"floor":14,"key":"Tiny Chest"},{"floor":14,"key":"StrikeDummy"},{"floor":26,"key":"Cables"},{"floor":29,"key":"Potion Belt"},{"floor":37,"key":"Symbiotic Virus"},{"floor":43,"key":"Bottled Lightning"},{"floor":47,"key":"Lizard Tail"}],"event_choices":[{"damage_healed":0,"gold_gain":0,"player_choice":"Grow","damage_taken":0,"max_hp_gain":0,"max_hp_loss":0,"event_name":"Living Wall","floor":3,"gold_loss":0,"cards_upgraded":["Infernal Blade"]},{"damage_healed":0,"gold_gain":0,"player_choice":"Entered Light","damage_taken":15,"max_hp_gain":0,"max_hp_loss":0,"event_name":"Shining Light","floor":5,"gold_loss":0,"cards_upgraded":["Strike_B","Strike_B"]},{"damage_healed":0,"gold_gain":0,"player_choice":"1 cards matched","damage_taken":0,"max_hp_gain":0,"max_hp_loss":0,"event_name":"Match and Keep!","floor":11,"gold_loss":0,"cards_obtained":["Dark Shackles"]},{"damage_healed":0,"gold_gain":0,"player_choice":"Ignored","damage_taken":0,"max_hp_gain":0,"max_hp_loss":0,"event_name":"Vampires","floor":19,"gold_loss":0},{"damage_healed":0,"gold_gain":0,"player_choice":"Obtained Relic","damage_taken":0,"relics_obtained":["Sundial"],"max_hp_gain":0,"max_hp_loss":0,"event_name":"Addict","floor":21,"gold_loss":85},{"damage_healed":0,"gold_gain":99,"player_choice":"Stole From Cult","damage_taken":0,"max_hp_gain":0,"max_hp_loss":0,"event_name":"Nest","floor":28,"gold_loss":0},{"cards_removed":["Rainbow"],"damage_healed":0,"gold_gain":0,"player_choice":"Purged","damage_taken":0,"max_hp_gain":0,"max_hp_loss":0,"event_name":"Purifier","floor":31,"gold_loss":0},{"damage_healed":0,"gold_gain":0,"player_choice":"Paid","damage_taken":0,"relics_obtained":["Red Mask"],"max_hp_gain":0,"max_hp_loss":0,"event_name":"Tomb of Lord Red Mask","floor":42,"gold_loss":59},{"damage_healed":0,"gold_gain":0,"player_choice":"Ignored","damage_taken":0,"max_hp_gain":0,"max_hp_loss":0,"event_name":"Mysterious Sphere","floor":45,"gold_loss":0}],"is_beta":false,"boss_relics":[{"not_picked":["Velvet Choker","Runic Dome"],"picked":"Coffee Dripper"},{"not_picked":["Runic Pyramid","Busted Crown"],"picked":"Black Star"}],"items_purged_floors":[13],"is_endless":false,"potions_floor_spawned":[1,4,6,20,22,35],"ascension_level":0}}