{"host":"8e3sp1tozjyrh64l","time":1614460341,"event":{"mods":["BaseMod","Better Altar","Better Match","Better Note","Better Sensory Stone","Better Silent Start","Better Skull","Better Third Choice","BetterRewards","Curses Come First","Defuse TimeMaze Blight","Minty Spire (QoL Compilation)","Permanent Neow","Rare Cards Sparkle","Relic Sorter","Reliquary","Shop Mod","Spicy Shops","StSLib","SuperFastMode","Wandering Minibosses"],"gold_per_floor":[118,293,293,293,35,66,66,82,153,166,180,27,59,59,59,59,59],"floor_reached":16,"language":"ENG","playtime":339,"items_purged":["Doubt"],"score":113,"play_id":"65f54915-e830-4d26-8caa-1a9d6ae1fc03","local_time":"20210227141221","is_ascension_mode":true,"campfire_choices":[{"data":"Riddle With Holes","floor":15,"key":"SMITH"}],"circlet_count":0,"master_deck":["Strike_G","Strike_G","Strike_G+1","Strike_G","Defend_G","Defend_G+1","Defend_G","Defend_G","Survivor","Neutralize","Riddle With Holes+1"],"relics":["Ring of the Snake","FossilizedHelix","Shuriken","reliquary:KillPill","Darkstone Periapt","Ornamental Fan","Thread and Needle","Regal Pillow"],"acts_visited":["Exordium"],"potions_floor_usage":[11],"damage_taken":[{"damage":0,"enemies":"2 Louse","floor":1,"turns":2},{"damage":12,"enemies":"Gremlin Nob","floor":6,"turns":5},{"damage":0,"enemies":"Small Slimes","floor":8,"turns":5},{"damage":0,"enemies":"Cultist","floor":10,"turns":5},{"damage":10,"enemies":"Large Slime","floor":11,"turns":8},{"damage":11,"enemies":"Lagavulin","floor":13,"turns":7},{"damage":8,"enemies":"The Guardian","floor":16,"turns":5}],"seed_played":"1966706495163080639","potions_obtained":[{"floor":10,"key":"Block Potion"}],"is_trial":false,"path_per_floor":["M","?","?","?","$","E","T","M","T","M","M","$","E","?","R","B"],"character_chosen":"THE_SILENT","items_purchased":["Shuriken","Thread and Needle"],"campfire_rested":0,"item_purchase_floors":[5,12],"current_hp_per_floor":[49,49,49,54,54,42,42,42,42,42,32,32,21,6,6,0,0],"gold":59,"neow_bonus":"ONE_RARE_RELIC","is_daily":false,"chose_seed":false,"campfire_upgraded":1,"win_rate":0.0,"timestamp":1614460341,"path_taken":["M","?","?","?","$","E","?","?","T","M","M","$","E","?","R","BOSS"],"items_purchased_type":["Relic","Relic"],"build_version":"2020-12-22","purchased_purges":1,"victory":false,"max_hp_per_floor":[70,70,70,75,75,75,75,75,75,75,75,75,75,75,75,75,75],"card_choices":[{"not_picked":["Dodge and Roll","Setup"],"picked":"Riddle With Holes","floor":1},{"not_picked":["Setup","Outmaneuver","Deflect"],"picked":"SKIP","floor":6},{"not_picked":["Flying Knee","Riddle With Holes","PiercingWail"],"picked":"SKIP","floor":8},{"not_picked":["Slice","Dagger Throw","Deadly Poison"],"picked":"SKIP","floor":10},{"not_picked":["Outmaneuver","Acrobatics","Night Terror"],"picked":"SKIP","floor":11},{"not_picked":["Dodge and Roll","Skewer","PiercingWail"],"picked":"SKIP","floor":13}],"player_experience":955011,"relics_obtained":[{"floor":6,"key":"reliquary:KillPill"},{"floor":7,"key":"Darkstone Periapt"},{"floor":9,"key":"Ornamental Fan"},{"floor":13,"key":"Regal Pillow"}],"event_choices":[{"damage_healed":0,"gold_gain":175,"player_choice":"AGREE","damage_taken":118,"max_hp_gain":0,"max_hp_loss":0,"event_name":"betterThird:BetterSerpent","floor":2,"gold_loss":0},{"damage_healed":0,"gold_gain":0,"player_choice":"Ignored","damage_taken":0,"max_hp_gain":0,"max_hp_loss":0,"event_name":"Golden Wing","floor":3,"gold_loss":0},{"damage_healed":0,"gold_gain":0,"player_choice":"Donut","damage_taken":0,"max_hp_gain":5,"max_hp_loss":0,"event_name":"Big Fish","floor":4,"gold_loss":0},{"damage_healed":21,"gold_gain":0,"player_choice":"Upgrade","damage_taken":15,"max_hp_gain":0,"max_hp_loss":75,"event_name":"betterThird:BetterShining","floor":14,"gold_loss":0,"cards_upgraded":["Strike_G","Defend_G"]}],"is_beta":false,"boss_relics":[],"items_purged_floors":[12],"is_endless":false,"potions_floor_spawned":[10],"killed_by":"The Guardian","ascension_level":1}}