{"host":"xp5rvh2jwe2ejyfm","time":1614454806,"event":{"mods":["2.2 Compatiblity","Aspiration","Bard","BaseMod","Beaked The Cultist","Better Altar","Better Match","Better Note","Better Sensory Stone","Better Skull","BetterRewards","Colored Powertips","Conspire","Downfall","GifTheSpireLib","Gremlin Mod","GungeonMod","Hermit","Hubris","Jorbs\u0027s Wanderer Trilogy","Mad Scientist","Minty Spire (QoL Compilation)","Potionbrewer","Quick Restart","Replay The Spire","Robot Space Explorer","Shade Mod","Somnambulant","StSLib","The Bug Knight","The Clintock","The Construct","The Cursed","The Disciple","The Forsaken","The Hierophant","The Marked","The Mystic","The Necromancer","The Runesmith","The Servant 0.9.4","The Valiant","The Witch","TheFirefly","TheVacant","thorton"],"gold_per_floor":[115,44,56,91,102,102,102],"floor_reached":6,"language":"ENG","playtime":423,"items_purged":[],"score":36,"play_id":"7f81bf21-b52e-4f38-8065-c60b1abd42a7","local_time":"20210227144006","is_ascension_mode":false,"campfire_choices":[],"circlet_count":0,"master_deck":["MadScienceMod:Strike_MadScience","MadScienceMod:Strike_MadScience","MadScienceMod:Strike_MadScience","MadScienceMod:Strike_MadScience","MadScienceMod:Defend_MadScience","MadScienceMod:Defend_MadScience","MadScienceMod:Defend_MadScience","MadScienceMod:Defend_MadScience","MadScienceMod:PoweredStrike","MadScienceMod:HideBehindJunk","MadScienceMod:AssemblyLine","Specialist","MadScienceMod:Reconstitute+1","MadScienceMod:RadioactiveSword","MadScienceMod:BandageBot","MadScienceMod:PowerArmor","MadScienceMod:Poke","MadScienceMod:FlammableWall"],"relics":["MadScienceMod:FuelTank","Dead Branch","Pocketwatch"],"acts_visited":["Exordium"],"potions_floor_usage":[4,6],"damage_taken":[{"damage":0,"enemies":"2 Louse","floor":1,"turns":3},{"damage":17,"enemies":"Jaw Worm","floor":3,"turns":6},{"damage":13,"enemies":"conspire:MimicChest","floor":4,"turns":8},{"damage":7,"enemies":"Cultist","floor":5,"turns":6},{"damage":14,"enemies":"3 Sentries","floor":6,"turns":4}],"seed_played":"3831774488748919386","potions_obtained":[{"floor":3,"key":"Weak Potion"},{"floor":4,"key":"SkillPotion"}],"is_trial":false,"path_per_floor":["M","$","M","?","M","E"],"character_chosen":"MAD_SCIENTIST","items_purchased":["MadScienceMod:AssemblyLine","Toxic Egg 2","Specialist","MadScienceMod:BandageBot"],"campfire_rested":0,"item_purchase_floors":[0,0,0,2],"current_hp_per_floor":[32,32,21,17,13,0,0],"gold":102,"neow_bonus":"","is_daily":false,"chose_seed":false,"campfire_upgraded":0,"win_rate":0.0,"timestamp":1614454806,"path_taken":["M","$","M","?","M","E"],"items_purchased_type":["Card","Relic","Card","Card"],"build_version":"2020-12-22","purchased_purges":0,"victory":false,"max_hp_per_floor":[75,75,75,75,75,75,75],"card_choices":[{"not_picked":["MadScienceMod:Sprocket","MadScienceMod:FlameCannon"],"picked":"MadScienceMod:RadioactiveSword","floor":1},{"not_picked":["MadScienceMod:RadioactiveSword","MadScienceMod:Lightbulb"],"picked":"MadScienceMod:PowerArmor","floor":3},{"not_picked":["MadScienceMod:FragmentationGrenade","MadScienceMod:FlameThrower"],"picked":"MadScienceMod:Poke","floor":4},{"not_picked":["MadScienceMod:Refuel","MadScienceMod:FlameCannon"],"picked":"MadScienceMod:FlammableWall","floor":5}],"player_experience":590565,"relics_obtained":[{"floor":4,"key":"Pocketwatch"}],"event_choices":[],"is_beta":false,"boss_relics":[],"items_purged_floors":[],"is_endless":false,"potions_floor_spawned":[3,4],"killed_by":"3 Sentries","ascension_level":0}}