{"host":"zefmhu9ryehjj4p1","time":1614429341,"event":{"mods":["100% Spire Juice","2.2 Compatiblity","Act Like it!","Aspiration","Aya Shameimaru","BaseMod","Beaked The Cultist","Better Note","CapriCore","ChefMod","Colored Powertips","Dark Map","DeckTracker","Downfall","Ekko","Elementarium","Friendly Minions","Gensokyo","Hallownest","Hermit","Highlight Path","Hubris","Infinite Spire","Koishi","LagranYue(???·?)","Library of Ruina","Library of Ruina Extra","Luminous","Marisa????????","Minty Spire (QoL Compilation)","Random Character Button","Reimu??????","Reliquary","Remilia??????","Replay The Spire","Ruina","Shade Mod","Shapeshifter Mod","StSLib","The Administrix","The Blue Laboratory","The Bug Knight","The Construct","The Cursed","The Gatherer","The Hierophant","The Immortal","The Judge","The Marked","The Mystic","The Runesmith","The Senshi","The Servant 0.9.4","The Vixen","The Wild Card","TheVacant","Wandering Minibosses"],"gold_per_floor":[119,50,65,80,27,27,40,40,64,92,92,127,147,165,165,266,266,266,266,266,266,191,191,191,191,191,191,191,191,191,191,191,191,191,191,191,191,191],"floor_reached":37,"language":"ENG","playtime":2716,"items_purged":["Strike_RM"],"score":458,"play_id":"ed926db3-8e8c-4142-8c5a-8dbaaf6646d0","local_time":"20210227133541","is_ascension_mode":false,"campfire_choices":[{"data":"TwelveNightmare","floor":6,"key":"SMITH"},{"data":"StarOfDavid","floor":8,"key":"SMITH"},{"floor":15,"key":"RECALL"},{"data":"MastersStateliness","floor":23,"key":"SMITH"},{"data":"Stigmanizer","floor":25,"key":"SMITH"},{"data":"CharismaGuard","floor":32,"key":"SMITH"}],"circlet_count":0,"master_deck":["Strike_RM","Strike_RM","Strike_RM","Defend_RM","Defend_RM","Defend_RM","Defend_RM","RedMoon","ScarletShoot","VampireKiss","TwelveNightmare+1","CharismaGuard","StarOfDavid+1","ScarletImprint","TransientEternity","VampireKiss","Stigmanizer+1","MastersStateliness+1","BombardNight","DemonKingCradle","VampirishNight","StarOfDavid","StarOfDavid","LeisurelyOfLord","BloodHunter+1","CharismaGuard+1","VampireFantasy","MiserableFate+1","CeilingFear"],"relics":["Honey Jar","reliquary:RosewoodLute","infinitespire:Lucky Rock","Ectoplasm","reliquary:PorcupineQuills","aspiration:EmptySkull"],"acts_visited":["Exordium","TheCity","TheBeyond"],"potions_floor_usage":[29],"damage_taken":[{"damage":2,"enemies":"Small Slimes","floor":1,"turns":4},{"damage":2,"enemies":"Cultist","floor":3,"turns":5},{"damage":6,"enemies":"Jaw Worm","floor":4,"turns":6},{"damage":6,"enemies":"Exordium Wildlife","floor":7,"turns":4},{"damage":0,"enemies":"Lagavulin","floor":10,"turns":6},{"damage":23,"enemies":"3 Sentries","floor":12,"turns":8},{"damage":14,"enemies":"Exordium Thugs","floor":13,"turns":1},{"damage":0,"enemies":"2 Fungi Beasts","floor":14,"turns":4},{"damage":40,"enemies":"The Guardian","floor":16,"turns":7},{"damage":0,"enemies":"Chosen","floor":18,"turns":5},{"damage":16,"enemies":"3 Byrds","floor":19,"turns":4},{"damage":18,"enemies":"Snake Plant","floor":21,"turns":5},{"damage":4,"enemies":"Snecko","floor":28,"turns":4},{"damage":0,"enemies":"3 Cultists","floor":29,"turns":5},{"damage":0,"enemies":"Centurion and Healer","floor":30,"turns":5},{"damage":4,"enemies":"Snecko","floor":31,"turns":7},{"damage":106,"enemies":"RedHoodMercenary","floor":33,"turns":6},{"damage":39,"enemies":"3 Darklings","floor":35,"turns":6},{"damage":63,"enemies":"3 Shapes","floor":37,"turns":6}],"seed_played":"370855265225868400","potions_obtained":[{"floor":1,"key":"blueLaboratory:Moonshine"},{"floor":3,"key":"BlessingOfTheForge"},{"floor":4,"key":"Energy Potion"},{"floor":18,"key":"champ:CounterPotion"},{"floor":21,"key":"blueLaboratory:HorrorPotion"},{"floor":29,"key":"Fruit Juice"},{"floor":30,"key":"blueLaboratory:PhilterOfMotion"},{"floor":33,"key":"Ancient Potion"}],"is_trial":false,"path_per_floor":["M","$","M","M","$","R","M","R","T","E","?","E","M","M","R","B",null,"M","M","T","M","$","R","?","R","T","AVR","M","M","M","M","R","B",null,"M","?","M"],"character_chosen":"REMILIA","items_purchased":["TwelveNightmare","ScarletImprint"],"campfire_rested":0,"item_purchase_floors":[2,5],"current_hp_per_floor":[75,75,73,69,69,69,64,64,64,72,72,51,37,39,39,19,75,75,59,59,52,52,52,46,46,46,46,49,67,79,80,80,8,80,49,49,0,0],"gold":191,"neow_bonus":"BOSS_RELIC","is_daily":false,"chose_seed":false,"campfire_upgraded":5,"win_rate":0.0,"timestamp":1614429341,"path_taken":["M","$","M","M","$","R","M","R","T","E","?","E","?","M","R","BOSS","M","?","?","M","$","R","?","R","T","AVR","?","M","M","M","R","BOSS","M","?","M"],"items_purchased_type":["Card","Card"],"build_version":"2020-12-22","purchased_purges":1,"victory":false,"max_hp_per_floor":[75,75,75,75,75,75,75,75,75,75,75,75,75,75,75,75,75,75,75,75,75,75,75,75,75,75,75,75,80,80,80,80,80,80,80,80,80,80],"card_choices":[{"not_picked":["CharismaGuard","Maim","UnstableMagic"],"picked":"VampireKiss","floor":1},{"not_picked":["MastersStateliness","GlobalNightmare","StarOfDavid"],"picked":"CharismaGuard","floor":3},{"not_picked":["RedMagic","ScarletDevil","UltimateOffering"],"picked":"StarOfDavid","floor":4},{"not_picked":["BlasphemousPunishment","FavorOfDestiny","Stigmanizer"],"picked":"TransientEternity","floor":7},{"not_picked":["NightDance","ScarletSymphony","ScarletDevil"],"picked":"VampireKiss","floor":10},{"not_picked":["Septette","FitfulNightmare","UnderTheZenith"],"picked":"Stigmanizer","floor":12},{"not_picked":["Maim","EternalNight","RedRainbow"],"picked":"MastersStateliness","floor":13},{"not_picked":["RedNightlessCastle","TwelveNightmare","ReincarnationDial"],"picked":"BombardNight","floor":14},{"not_picked":["ChaoticDestiny","ForecastOfChange","BatForm"],"picked":"DemonKingCradle","floor":16},{"not_picked":["UnderTheZenith","ScarletDevil+1","ScarletImprint+1"],"picked":"VampirishNight","floor":18},{"not_picked":["UnstableMagic","ReincarnationDial","VampireKiss"],"picked":"StarOfDavid","floor":18},{"not_picked":["Ultimatum","ScarletImprint","VampireKiss"],"picked":"StarOfDavid","floor":19},{"not_picked":["ScarletDream+1","Stigmanizer","EndlessAdversity"],"picked":"LeisurelyOfLord","floor":21},{"not_picked":["ScarletDevil+1","DiffusionOfMisfortune+1","VampireKiss"],"picked":"BloodHunter+1","floor":28},{"not_picked":["BlasphemousPunishment","FavorOfDestiny","BloodyHallows"],"picked":"CharismaGuard","floor":29},{"not_picked":["BadLadyScramble","CharismaGuard+1","EndlessAdversity"],"picked":"VampireFantasy","floor":30},{"not_picked":["AfternoonTea+1","MastersStateliness","VampireKiss+1"],"picked":"MiserableFate+1","floor":31},{"not_picked":["BloodyHallows","HellCatastrophe","HeartBreak"],"picked":"CeilingFear","floor":33},{"not_picked":["DiffusionOfMisfortune","ChainGang+1","MillenniumVampire","VampireSweep+1"],"picked":"SKIP","floor":35},{"not_picked":["DiffusionOfMisfortune","ChainGang+1","MillenniumVampire","VampireSweep+1"],"picked":"SKIP","floor":35}],"player_experience":222687,"relics_obtained":[{"floor":10,"key":"reliquary:RosewoodLute"},{"floor":12,"key":"infinitespire:Lucky Rock"},{"floor":20,"key":"reliquary:PorcupineQuills"},{"floor":26,"key":"aspiration:EmptySkull"}],"event_choices":[{"damage_healed":0,"gold_gain":0,"player_choice":"0 cards matched","damage_taken":0,"max_hp_gain":0,"max_hp_loss":0,"event_name":"Match and Keep!","floor":11,"gold_loss":0,"cards_obtained":[]},{"damage_healed":0,"gold_gain":0,"player_choice":"","damage_taken":6,"max_hp_gain":0,"max_hp_loss":0,"event_name":"Knowing Skull","floor":24,"potions_obtained":[],"gold_loss":0,"cards_obtained":[]},{"damage_healed":0,"gold_gain":300,"player_choice":"Gold","damage_taken":0,"max_hp_gain":0,"max_hp_loss":0,"event_name":"Wheel of Change","floor":36,"gold_loss":0}],"is_beta":false,"boss_relics":[{"not_picked":["ReplayTheSpireMod:SealedPack","infinitespire:Cupcake"],"picked":"Ectoplasm"},{"not_picked":["Pandora\u0027s Box","ReplayTheSpireMod:DimensionalGlitch","hubris:VirtuousBlindfold"]}],"items_purged_floors":[22],"is_endless":false,"potions_floor_spawned":[1,3,4,18,21,30,33],"killed_by":"3 Shapes","ascension_level":0}}