{"host":"e87rn453naquue3h","time":1614389768,"event":{"mods":["AchievementEnabler","BaseMod","Minty Spire (QoL Compilation)","StSLib"],"gold_per_floor":[20,20,20,36,49,96,130,174,198,220,220,47,47,91,91,229,229,257,286,295,295,324,324,373,402,427,427,445,445,489,523,523,658,658,688,757,799,826,97,131,131,174,174,174,174,197,197,249,249,249,249,249,39,81,81],"floor_reached":56,"language":"ENG","playtime":12231,"items_purged":["Strike_R"],"score":1550,"play_id":"e45f8943-2d71-4888-8682-a927f3b791ad","local_time":"20210226203608","is_ascension_mode":true,"campfire_choices":[{"floor":13,"key":"REST"},{"data":"Armaments","floor":15,"key":"SMITH"},{"data":"Juggernaut","floor":23,"key":"SMITH"},{"data":"Feel No Pain","floor":27,"key":"SMITH"},{"data":"Feel No Pain","floor":29,"key":"SMITH"},{"data":"Uppercut","floor":32,"key":"SMITH"},{"floor":41,"key":"REST"},{"floor":44,"key":"RECALL"},{"data":"Spot Weakness","floor":47,"key":"SMITH"},{"floor":49,"key":"REST"},{"data":"Pommel Strike","floor":52,"key":"SMITH"}],"circlet_count":0,"master_deck":["Strike_R","Strike_R","Strike_R","Defend_R","Defend_R","Defend_R","Bash","Shrug It Off","Battle Trance","Armaments+1","Corruption+1","Pommel Strike+1","Feel No Pain+1","Feel No Pain+1","Shrug It Off","Burning Pact","Juggernaut+1","Intimidate","Rage","Intimidate","Body Slam","Bloodletting+1","Pommel Strike+1","Uppercut+1","Burning Pact+1","Offering","Pommel Strike+1","Armaments+1","Spot Weakness+1","Exhume","Ghostly Armor+1","Master of Strategy","Shrug It Off","Flex+1","Feel No Pain+1","Shrug It Off+1","Shockwave","Flex+1"],"relics":["Burning Blood","Ice Cream","Golden Idol","CeramicFish","Orichalcum","Bag of Preparation","Toy Ornithopter","Philosopher\u0027s Stone","Letter Opener","Matryoshka","Happy Flower","Boot","Vajra","SlaversCollar","Prayer Wheel","Dead Branch","Anchor","PreservedInsect","Ancient Tea Set","Art of War","Darkstone Periapt","Strawberry","Ornamental Fan"],"acts_visited":["Exordium","TheCity","TheBeyond","TheEnding"],"potions_floor_usage":[6,10,16,24,25,33,38,40,53,55],"damage_taken":[{"damage":0,"enemies":"Small Slimes","floor":1,"turns":4},{"damage":0,"enemies":"2 Louse","floor":4,"turns":3},{"damage":0,"enemies":"Cultist","floor":5,"turns":4},{"damage":20,"enemies":"3 Sentries","floor":6,"turns":10},{"damage":0,"enemies":"Looter","floor":7,"turns":3},{"damage":36,"enemies":"Gremlin Nob","floor":8,"turns":5},{"damage":28,"enemies":"Exordium Thugs","floor":10,"turns":5},{"damage":1,"enemies":"Lagavulin","floor":14,"turns":7},{"damage":0,"enemies":"Slime Boss","floor":16,"turns":11},{"damage":7,"enemies":"Spheric Guardian","floor":18,"turns":4},{"damage":0,"enemies":"Chosen","floor":19,"turns":3},{"damage":12,"enemies":"Centurion and Healer","floor":22,"turns":5},{"damage":0,"enemies":"Gremlin Leader","floor":24,"turns":3},{"damage":4,"enemies":"Chosen and Byrds","floor":25,"turns":4},{"damage":15,"enemies":"Shelled Parasite and Fungi","floor":28,"turns":3},{"damage":15,"enemies":"Slavers","floor":30,"turns":4},{"damage":3,"enemies":"3 Cultists","floor":31,"turns":4},{"damage":21,"enemies":"Champ","floor":33,"turns":9},{"damage":6,"enemies":"Orb Walker","floor":35,"turns":4},{"damage":6,"enemies":"2 Orb Walkers","floor":36,"turns":4},{"damage":29,"enemies":"3 Darklings","floor":37,"turns":3},{"damage":53,"enemies":"Writhing Mass","floor":38,"turns":5},{"damage":9,"enemies":"Nemesis","floor":40,"turns":5},{"damage":12,"enemies":"Spire Growth","floor":42,"turns":2},{"damage":6,"enemies":"3 Darklings","floor":46,"turns":2},{"damage":3,"enemies":"Reptomancer","floor":48,"turns":1},{"damage":12,"enemies":"Time Eater","floor":50,"turns":2},{"damage":15,"enemies":"Shield and Spear","floor":54,"turns":2},{"damage":40,"enemies":"The Heart","floor":55,"turns":6}],"seed_played":"871189498128525474","potions_obtained":[{"floor":4,"key":"Energy Potion"},{"floor":6,"key":"BloodPotion"},{"floor":8,"key":"BlessingOfTheForge"},{"floor":16,"key":"Explosive Potion"},{"floor":18,"key":"Swift Potion"},{"floor":25,"key":"Fruit Juice"},{"floor":28,"key":"EssenceOfSteel"},{"floor":30,"key":"BloodPotion"},{"floor":36,"key":"CultistPotion"},{"floor":38,"key":"Block Potion"},{"floor":42,"key":"DuplicationPotion"}],"is_trial":false,"path_per_floor":["M","?","?","M","M","E","M","E","T","M","?","$","R","E","R","B",null,"M","M","?","T","M","R","E","M","T","R","M","R","E","M","R","B",null,"M","?","M","M","$","E","R","M","T","R","?","M","R","E","R","B",null,"R","$","E","B",null],"character_chosen":"IRONCLAD","items_purchased":["Bag of Preparation","Shrug It Off","Dead Branch","Anchor","Master of Strategy","Shrug It Off","Strawberry","Shockwave"],"campfire_rested":3,"item_purchase_floors":[12,12,39,39,39,39,53,53],"current_hp_per_floor":[80,60,60,66,72,58,64,34,34,28,28,28,52,57,57,68,80,79,80,80,80,74,74,80,80,80,80,71,71,62,65,65,55,80,80,80,57,31,31,33,57,51,51,51,51,51,51,54,78,72,80,80,92,83,54],"gold":81,"neow_bonus":"ONE_RARE_RELIC","is_daily":false,"chose_seed":false,"campfire_upgraded":7,"win_rate":0.0,"timestamp":1614389768,"path_taken":["M","?","?","?","M","E","M","E","T","M","?","?","R","E","R","BOSS","M","M","?","?","M","R","E","M","T","R","M","R","E","?","R","BOSS","M","?","M","M","$","E","R","M","T","R","?","M","R","E","R","BOSS","R","$","E","BOSS"],"items_purchased_type":["Relic","Card","Relic","Relic","Card","Card","Relic","Card"],"build_version":"2020-12-22","purchased_purges":1,"victory":true,"max_hp_per_floor":[80,80,80,80,80,80,80,80,80,80,80,80,80,80,80,80,80,80,80,80,80,80,80,80,80,80,80,80,80,80,80,80,80,80,80,80,80,80,80,80,80,80,80,80,80,80,80,80,80,80,80,80,92,92,92],"card_choices":[{"not_picked":["Heavy Blade","Rampage"],"picked":"Shrug It Off","floor":1},{"not_picked":["Clash","Infernal Blade","Headbutt"],"picked":"SKIP","floor":4},{"not_picked":["Twin Strike","Headbutt"],"picked":"Armaments","floor":5},{"not_picked":["Twin Strike","Exhume"],"picked":"Corruption","floor":6},{"not_picked":["Sword Boomerang","Seeing Red"],"picked":"Pommel Strike","floor":7},{"not_picked":["Spot Weakness","Cleave"],"picked":"Feel No Pain","floor":8},{"not_picked":["Battle Trance","Clash"],"picked":"Feel No Pain","floor":10},{"not_picked":["Armaments","Anger"],"picked":"Burning Pact","floor":14},{"not_picked":["Demon Form","Limit Break"],"picked":"Juggernaut","floor":16},{"not_picked":["Sword Boomerang","Wild Strike"],"picked":"Intimidate","floor":18},{"not_picked":["Heavy Blade+1","Twin Strike+1"],"picked":"Rage","floor":19},{"not_picked":["Headbutt","Clash+1"],"picked":"Body Slam","floor":22},{"not_picked":["Sword Boomerang","Carnage"],"picked":"Bloodletting+1","floor":24},{"not_picked":["Power Through","Rage+1"],"picked":"Pommel Strike+1","floor":25},{"not_picked":["Inflame","Searing Blow","Fire Breathing"],"picked":"SKIP","floor":28},{"not_picked":["Seeing Red","Warcry+1"],"picked":"Uppercut","floor":30},{"not_picked":["Demon Form","Headbutt"],"picked":"Burning Pact+1","floor":31},{"not_picked":["Juggernaut","Fiend Fire"],"picked":"Offering","floor":33},{"not_picked":["Headbutt","Dual Wield+1"],"picked":"Pommel Strike+1","floor":35},{"not_picked":["Combust","Entrench"],"picked":"Armaments+1","floor":36},{"not_picked":["Uppercut","Headbutt+1"],"picked":"Spot Weakness","floor":37},{"not_picked":["Pommel Strike","Wild Strike"],"picked":"Exhume","floor":37},{"not_picked":["Hemokinesis+1","Clash+1"],"picked":"Ghostly Armor+1","floor":38},{"not_picked":["Evolve","Dropkick+1","Wild Strike+1"],"picked":"SKIP","floor":38},{"not_picked":["Uppercut","Pommel Strike","Iron Wave"],"picked":"SKIP","floor":40},{"not_picked":["Clothesline","Ghostly Armor+1"],"picked":"Flex+1","floor":42},{"not_picked":["Havoc+1","Clash"],"picked":"Feel No Pain+1","floor":42},{"not_picked":["Uppercut","Twin Strike","Iron Wave+1"],"picked":"SKIP","floor":46},{"not_picked":["Bludgeon","Heavy Blade","Iron Wave+1"],"picked":"SKIP","floor":46},{"not_picked":["Twin Strike+1","Rampage"],"picked":"Shrug It Off+1","floor":48},{"not_picked":["Whirlwind","Uppercut+1"],"picked":"Flex+1","floor":54}],"player_experience":2308315,"relics_obtained":[{"floor":6,"key":"CeramicFish"},{"floor":8,"key":"Orichalcum"},{"floor":14,"key":"Toy Ornithopter"},{"floor":21,"key":"Letter Opener"},{"floor":24,"key":"Matryoshka"},{"floor":26,"key":"Happy Flower"},{"floor":26,"key":"Boot"},{"floor":30,"key":"Vajra"},{"floor":36,"key":"Prayer Wheel"},{"floor":40,"key":"PreservedInsect"},{"floor":43,"key":"Ancient Tea Set"},{"floor":43,"key":"Art of War"},{"floor":48,"key":"Darkstone Periapt"},{"floor":54,"key":"Ornamental Fan"}],"event_choices":[{"damage_healed":0,"gold_gain":0,"player_choice":"Take Damage","damage_taken":20,"relics_obtained":["Golden Idol"],"max_hp_gain":0,"max_hp_loss":0,"event_name":"Golden Idol","floor":2,"gold_loss":0},{"damage_healed":0,"gold_gain":0,"cards_transformed":["Defend_R"],"player_choice":"Transformed","damage_taken":0,"max_hp_gain":0,"max_hp_loss":0,"event_name":"Transmorgrifier","floor":3,"gold_loss":0,"cards_obtained":["Battle Trance"]},{"damage_healed":0,"gold_gain":0,"player_choice":"Upgraded","damage_taken":0,"max_hp_gain":0,"max_hp_loss":0,"event_name":"Upgrade Shrine","floor":11,"gold_loss":0,"cards_upgraded":["Corruption"]},{"damage_healed":0,"gold_gain":0,"player_choice":"Read","damage_taken":0,"max_hp_gain":0,"max_hp_loss":0,"event_name":"The Library","floor":20,"gold_loss":0,"cards_obtained":["Intimidate"]},{"damage_healed":0,"gold_gain":0,"player_choice":"Fight","damage_taken":0,"max_hp_gain":0,"max_hp_loss":0,"event_name":"Mysterious Sphere","floor":36,"gold_loss":0},{"cards_removed":["Strike_R"],"damage_healed":0,"gold_gain":0,"player_choice":"Removed Attack","damage_taken":0,"max_hp_gain":0,"max_hp_loss":0,"event_name":"Falling","floor":45,"gold_loss":0}],"is_beta":false,"boss_relics":[{"not_picked":["Velvet Choker","SacredBark"],"picked":"Philosopher\u0027s Stone"},{"not_picked":["Sozu","Snecko Eye"],"picked":"SlaversCollar"}],"items_purged_floors":[39],"is_endless":false,"potions_floor_spawned":[4,6,8,16,18,25,28,30,36,38,42,48],"ascension_level":1}}