{"host":"dm5k5rdu7cxz3rox","time":1614452717,"event":{"mods":["AchievementEnabler","BaseMod","Colored Powertips","Highlight Path","Minty Spire (QoL Compilation)","Relic Stats"],"gold_per_floor":[361,361,57,132,145,180,196,230,230,244,276,276,122,136,136,232,232,250,281,281,296,306,306,341,341,391,391,391,421,421,435,435,540,540,551,571,359,376,388,388,416,212,235,235,235,245,277,291,291,291,291],"floor_reached":50,"language":"ENG","playtime":7354,"items_purged":["Strike_G","Neutralize","Strike_G"],"score":953,"play_id":"e4085101-5d2d-46cc-b12b-565db9c750c4","local_time":"20210227140517","is_ascension_mode":true,"campfire_choices":[{"data":"Accuracy","floor":12.0,"key":"SMITH"},{"data":"Well Laid Plans","floor":15.0,"key":"SMITH"},{"floor":23.0,"key":"REST"},{"data":"Ghostly","floor":28.0,"key":"SMITH"},{"data":"Leg Sweep","floor":30.0,"key":"SMITH"},{"data":"Ghostly","floor":32.0,"key":"SMITH"},{"data":"Blade Dance","floor":40,"key":"SMITH"},{"floor":49,"key":"RECALL"}],"circlet_count":0,"master_deck":["AscendersBane","Defend_G","Defend_G","Defend_G","Defend_G","Defend_G","Survivor","Accuracy+1","Die Die Die","Masterful Stab","Leg Sweep+1","Blade Dance","Calculated Gamble","Dagger Throw","Flying Knee","Blade Dance+1","Dagger Spray+1","Well Laid Plans+1","Dodge and Roll","Wraith Form v2","CurseOfTheBell","Blur","Ghostly+1","Ghostly","Ghostly","Ghostly+1","Ghostly","Malaise","Infinite Blades","Cloak And Dagger","Phantasmal Killer","Finisher+1","Master of Strategy","Acrobatics+1","Concentrate+1","Skewer+1","Calculated Gamble","Madness","Madness","Ghostly+1","Backflip+1","Deflect+1"],"relics":["Ring of the Snake","Lantern","Meat on the Bone","White Beast Statue","Molten Egg 2","Pen Nib","Calling Bell","Smiling Mask","Blue Candle","The Specimen","Red Mask","Blood Vial","Akabeko","Lizard Tail","Centennial Puzzle","Empty Cage","Vajra","Bronze Scales"],"acts_visited":["Exordium","TheCity","TheBeyond"],"potions_floor_usage":[33,50],"damage_taken":[{"damage":9.0,"enemies":"2 Louse","floor":1.0,"turns":3.0},{"damage":0.0,"enemies":"Jaw Worm","floor":5.0,"turns":3.0},{"damage":14.0,"enemies":"3 Sentries","floor":6.0,"turns":8.0},{"damage":0.0,"enemies":"Small Slimes","floor":7.0,"turns":2.0},{"damage":0.0,"enemies":"Gremlin Nob","floor":8.0,"turns":3.0},{"damage":2.0,"enemies":"3 Louse","floor":10.0,"turns":2.0},{"damage":20.0,"enemies":"3 Sentries","floor":11.0,"turns":5.0},{"damage":0.0,"enemies":"2 Fungi Beasts","floor":14.0,"turns":2.0},{"damage":4.0,"enemies":"Hexaghost","floor":16.0,"turns":9.0},{"damage":2.0,"enemies":"Spheric Guardian","floor":18.0,"turns":4.0},{"damage":13.0,"enemies":"Masked Bandits","floor":19.0,"turns":3.0},{"damage":2.0,"enemies":"2 Thieves","floor":21.0,"turns":4.0},{"damage":8.0,"enemies":"Centurion and Healer","floor":22.0,"turns":8.0},{"damage":6.0,"enemies":"Gremlin Leader","floor":24.0,"turns":9.0},{"damage":24.0,"enemies":"Slavers","floor":29.0,"turns":9.0},{"damage":1.0,"enemies":"Chosen and Byrds","floor":31.0,"turns":6.0},{"damage":22,"enemies":"Automaton","floor":33,"turns":13},{"damage":1,"enemies":"3 Shapes","floor":35,"turns":6},{"damage":1,"enemies":"Orb Walker","floor":36,"turns":5},{"damage":1,"enemies":"Transient","floor":38,"turns":5},{"damage":2,"enemies":"Spire Growth","floor":39,"turns":5},{"damage":12,"enemies":"Giant Head","floor":41,"turns":10},{"damage":3,"enemies":"4 Shapes","floor":46,"turns":9},{"damage":10,"enemies":"Nemesis","floor":47,"turns":16},{"damage":7,"enemies":"Sphere and 2 Shapes","floor":48,"turns":5},{"damage":62,"enemies":"Awakened One","floor":50,"turns":15}],"seed_played":"1956579483492572192","potions_obtained":[{"floor":5.0,"key":"Regen Potion"},{"floor":7.0,"key":"Energy Potion"},{"floor":8.0,"key":"CultistPotion"},{"floor":10.0,"key":"LiquidMemories"},{"floor":14.0,"key":"CunningPotion"},{"floor":19.0,"key":"Explosive Potion"},{"floor":21.0,"key":"Regen Potion"},{"floor":24.0,"key":"Dexterity Potion"},{"floor":33,"key":"Energy Potion"}],"is_trial":false,"path_per_floor":["M","?","$","?","M","E","M","E","T","M","E","R","$","M","R","B",null,"M","?","?","M","M","R","E","?","T","?","R","E","R","M","R","B",null,"M","M","$","M","M","R","E","$","T","?","?","M","E","M","R","B"],"character_chosen":"THE_SILENT","items_purchased":["Lantern","Masterful Stab","Leg Sweep","Well Laid Plans","Master of Strategy","Skewer+1","Calculated Gamble","Strength Potion"],"campfire_rested":1,"item_purchase_floors":[3,3,3,13,37,42,42,42],"current_hp_per_floor":[54,54,54,43,43,29,41,41,41,39,31,31,31,43,43,39,57,55,42,31,29,21,30,24,24,24,24,24,14,14,27,27,19,28,29,30,30,30,29,29,19,19,19,15,15,26,18,25,25,0,0],"gold":291,"neow_bonus":"TWO_FIFTY_GOLD","is_daily":false,"chose_seed":false,"campfire_upgraded":6,"win_rate":0.0,"timestamp":1614452717,"path_taken":["M","?","$","?","M","E","M","E","T","M","E","R","$","M","R","BOSS","M","?","?","M","M","R","E","?","T","?","R","E","R","M","R","BOSS","M","M","$","M","M","R","E","$","T","?","?","M","E","M","R","BOSS"],"items_purchased_type":["Relic","Card","Card","Card","Card","Card","Card","Potion"],"build_version":"2020-12-22","purchased_purges":3,"victory":false,"max_hp_per_floor":[63,63,63,63,63,63,63,63,63,63,63,63,63,63,63,63,63,63,63,31,31,31,31,31,31,31,31,31,31,31,31,31,31,31,31,31,31,31,31,31,31,31,31,31,31,31,31,31,31,31,31],"relic_stats":{"Blood Vial":22,"Lizard Tail":15,"Centennial Puzzle":[33],"counters":[26,169],"Blue Candle":[0],"Bronze Scales":[102],"Pen Nib":[30],"Smiling Mask":125,"obtain_stats":[{"Lantern":3,"The Specimen":17,"Blue Candle":17,"Vajra":41,"Pen Nib":11,"Smiling Mask":17,"Empty Cage":34,"White Beast Statue":8,"Akabeko":26,"Calling Bell":17,"Blood Vial":24,"Lizard Tail":27,"Centennial Puzzle":29,"Bronze Scales":47,"Molten Egg 2":9,"Red Mask":19,"Ring of the Snake":0,"Meat on the Bone":6},{"Lantern":1,"The Specimen":9,"Blue Candle":9,"Vajra":22,"Pen Nib":7,"Smiling Mask":9,"Empty Cage":17,"White Beast Statue":5,"Akabeko":14,"Calling Bell":9,"Blood Vial":14,"Lizard Tail":14,"Centennial Puzzle":15,"Bronze Scales":24,"Molten Egg 2":5,"Red Mask":11,"Ring of the Snake":0,"Meat on the Bone":3},{"Lantern":3,"The Specimen":37,"Blue Candle":37,"Vajra":124,"Pen Nib":26,"Smiling Mask":37,"Empty Cage":93,"White Beast Statue":19,"Akabeko":65,"Calling Bell":37,"Blood Vial":65,"Lizard Tail":65,"Centennial Puzzle":74,"Bronze Scales":149,"Molten Egg 2":19,"Red Mask":44,"Ring of the Snake":0,"Meat on the Bone":14}],"Ring of the Snake":[52],"Meat on the Bone":96},"card_choices":[{"not_picked":["PiercingWail","Cloak And Dagger"],"picked":"Accuracy","floor":1.0},{"not_picked":["Deadly Poison","A Thousand Cuts"],"picked":"Blade Dance","floor":5.0},{"not_picked":["Well Laid Plans","Blade Dance"],"picked":"Calculated Gamble","floor":6.0},{"not_picked":["Underhanded Strike","Predator"],"picked":"Dagger Throw","floor":7.0},{"not_picked":["Escape Plan","Choke"],"picked":"Flying Knee","floor":8.0},{"not_picked":["Acrobatics","Deadly Poison"],"picked":"Blade Dance","floor":10.0},{"not_picked":["Slice+1","Deadly Poison"],"picked":"Dagger Spray+1","floor":11.0},{"not_picked":["Flying Knee+1","Dagger Spray+1"],"picked":"Dodge and Roll","floor":14.0},{"not_picked":["Malaise","Grand Finale+1"],"picked":"Wraith Form v2","floor":16.0},{"not_picked":["Dagger Spray+1","Sucker Punch+1","Expertise"],"picked":"SKIP","floor":18.0},{"not_picked":["Bane+1","Deadly Poison"],"picked":"Blur","floor":19.0},{"not_picked":["Prepared","Bane+1","Sucker Punch+1"],"picked":"SKIP","floor":21.0},{"not_picked":["Deadly Poison","Dash+1"],"picked":"Malaise","floor":22.0},{"not_picked":["Well Laid Plans","Prepared"],"picked":"Infinite Blades","floor":24.0},{"not_picked":["Reflex","Storm of Steel"],"picked":"Cloak And Dagger","floor":29.0},{"not_picked":["Underhanded Strike+1","Prepared+1","Dagger Throw+1"],"picked":"SKIP","floor":31.0},{"not_picked":["Malaise","Glass Knife+1"],"picked":"Phantasmal Killer","floor":33},{"not_picked":["All Out Attack+1","Dagger Spray+1","Distraction"],"picked":"SKIP","floor":35},{"not_picked":["Dagger Throw+1","Cloak And Dagger"],"picked":"Finisher+1","floor":36},{"not_picked":["PiercingWail+1","Outmaneuver"],"picked":"Acrobatics+1","floor":38},{"not_picked":["Dagger Spray+1","PiercingWail+1"],"picked":"Concentrate+1","floor":39},{"not_picked":["Dash+1","Catalyst+1","Riddle With Holes+1"],"picked":"SKIP","floor":41},{"not_picked":["Dagger Spray+1","Night Terror"],"picked":"Backflip+1","floor":46},{"not_picked":["Backstab+1","Acrobatics","Infinite Blades+1"],"picked":"SKIP","floor":47},{"not_picked":["Accuracy","PiercingWail"],"picked":"Deflect+1","floor":48}],"player_experience":367087,"relics_obtained":[{"floor":6.0,"key":"Meat on the Bone"},{"floor":8.0,"key":"White Beast Statue"},{"floor":9.0,"key":"Molten Egg 2"},{"floor":11.0,"key":"Pen Nib"},{"floor":17.0,"key":"Smiling Mask"},{"floor":17.0,"key":"Blue Candle"},{"floor":17.0,"key":"The Specimen"},{"floor":19.0,"key":"Red Mask"},{"floor":24.0,"key":"Blood Vial"},{"floor":26.0,"key":"Akabeko"},{"floor":29.0,"key":"Centennial Puzzle"},{"floor":41,"key":"Vajra"},{"floor":47,"key":"Bronze Scales"}],"event_choices":[{"damage_healed":0.0,"max_hp_gain":0.0,"max_hp_loss":0.0,"gold_gain":0.0,"cards_transformed":["Strike_G"],"event_name":"Living Wall","player_choice":"Change","floor":2.0,"gold_loss":0.0,"damage_taken":0.0,"cards_obtained":["Die Die Die"]},{"damage_healed":0.0,"max_hp_gain":0.0,"max_hp_loss":0.0,"gold_gain":75.0,"event_name":"World of Goop","player_choice":"Gather Gold","floor":4.0,"gold_loss":0.0,"damage_taken":11.0},{"damage_healed":0.0,"max_hp_gain":0.0,"max_hp_loss":0.0,"gold_gain":0.0,"event_name":"Masked Bandits","player_choice":"Fought Bandits","floor":19.0,"gold_loss":0.0,"damage_taken":0.0},{"damage_healed":0.0,"max_hp_gain":0.0,"max_hp_loss":32.0,"gold_gain":0.0,"event_name":"Ghosts","player_choice":"Became a Ghost","floor":20.0,"gold_loss":0.0,"damage_taken":0.0,"cards_obtained":["Ghostly","Ghostly","Ghostly","Ghostly","Ghostly"]},{"damage_healed":0.0,"max_hp_gain":0.0,"max_hp_loss":0.0,"gold_gain":0.0,"event_name":"Cursed Tome","player_choice":"Ignored","floor":25.0,"gold_loss":0.0,"damage_taken":0.0},{"damage_healed":0.0,"max_hp_gain":0.0,"max_hp_loss":0.0,"gold_gain":0.0,"event_name":"The Mausoleum","player_choice":"Opened","floor":27.0,"gold_loss":0.0,"damage_taken":0.0,"relics_obtained":["Lizard Tail"]},{"damage_healed":0,"gold_gain":0,"player_choice":"Embrace Madness","damage_taken":4,"max_hp_gain":0,"max_hp_loss":0,"event_name":"Winding Halls","floor":44,"gold_loss":0,"cards_obtained":["Madness","Madness"]},{"damage_healed":0,"gold_gain":0,"player_choice":"Copied","damage_taken":0,"max_hp_gain":0,"max_hp_loss":0,"event_name":"Duplicator","floor":45,"gold_loss":0,"cards_obtained":["Ghostly"]}],"is_beta":false,"boss_relics":[{"not_picked":["Runic Dome","Black Star"],"picked":"Calling Bell"},{"not_picked":["Ring of the Serpent","Philosopher\u0027s Stone"],"picked":"Empty Cage"}],"items_purged_floors":[13,37,42],"is_endless":false,"potions_floor_spawned":[5,7,8,10,11,14,16,18,19,21,22,24,29,31,33,35,36,38,39,41,46,47,48],"killed_by":"Awakened One","ascension_level":10}}