{"host":"zdx3mk58qfaqn5dx","time":1614456242,"event":{"mods":["BaseMod","Bestiary","Better Third Choice","Colored Map","Colored Powertips","Dark Map","Downfall","Hermit","Highlight Path","Minty Spire (QoL Compilation)","Quick Restart","Random Character Button","Relic Stats","StSLib","SuperFastMode"],"gold_per_floor":[112,112,130,145,145,145,179,179,206,227,402,481,481,514,514,633,633,653,653,653],"floor_reached":19,"language":"ENG","playtime":722,"items_purged":[],"score":190,"play_id":"b97757f6-15f5-4db8-ae08-49ca2721b27b","local_time":"20210227210402","is_ascension_mode":true,"campfire_choices":[{"data":"Double Energy","floor":6.0,"key":"SMITH"},{"floor":8.0,"key":"REST"},{"floor":13.0,"key":"REST"},{"floor":15.0,"key":"REST"}],"circlet_count":0,"master_deck":["Strike_B","Strike_B","Strike_B","Strike_B","Defend_B","Defend_B","Defend_B","Defend_B","Zap","Dualcast","Chaos","Doom and Gloom","Injury","Storm+1","Double Energy+1","Fission","Cold Snap","Doubt","Buffer","Sweeping Beam","Conserve Battery","Machine Learning","Loop"],"relics":["Cracked Core","Golden Idol","Orichalcum","Dream Catcher","Odd Mushroom","SlaversCollar"],"acts_visited":["Exordium","TheCity"],"potions_floor_usage":[],"damage_taken":[{"damage":1.0,"enemies":"Cultist","floor":1.0,"turns":3.0},{"damage":7.0,"enemies":"Jaw Worm","floor":3.0,"turns":3.0},{"damage":2.0,"enemies":"Small Slimes","floor":4.0,"turns":3.0},{"damage":34.0,"enemies":"3 Sentries","floor":7.0,"turns":6.0},{"damage":14.0,"enemies":"Blue Slaver","floor":10.0,"turns":4.0},{"damage":18.0,"enemies":"The Mushroom Lair","floor":14.0,"turns":4.0},{"damage":41.0,"enemies":"Hexaghost","floor":16.0,"turns":16.0},{"damage":32.0,"enemies":"Spheric Guardian","floor":18.0,"turns":6.0},{"damage":44,"enemies":"3 Byrds","floor":19,"turns":3}],"seed_played":"7843186639053804585","potions_obtained":[{"floor":1.0,"key":"BlessingOfTheForge"},{"floor":4.0,"key":"PowerPotion"},{"floor":10.0,"key":"Dexterity Potion"}],"is_trial":false,"path_per_floor":["M","?","M","M","?","R","E","R","T","M","?","T","R","?","R","B",null,"M","M"],"character_chosen":"DEFECT","items_purchased":[],"campfire_rested":3,"item_purchase_floors":[],"current_hp_per_floor":[74,74,67,65,65,65,31,53,53,39,39,39,61,43,65,24,75,43,0,0],"gold":653,"neow_bonus":"THREE_CARDS","is_daily":false,"chose_seed":false,"campfire_upgraded":1,"win_rate":0.0,"timestamp":1614456242,"path_taken":["M","?","M","M","?","R","E","R","T","?","?","?","R","?","R","BOSS","M","M"],"items_purchased_type":[],"build_version":"2020-12-22","purchased_purges":0,"victory":false,"max_hp_per_floor":[75,75,75,75,75,75,75,75,75,75,75,75,75,75,75,75,75,75,75,75],"relic_stats":{"Dream Catcher":2,"counters":[9,48],"Golden Idol":53,"Orichalcum":[48],"obtain_stats":[{"SlaversCollar":17,"Dream Catcher":9,"Golden Idol":2,"Orichalcum":7,"Odd Mushroom":14,"Cracked Core":0},{"SlaversCollar":7,"Dream Catcher":4,"Golden Idol":1,"Orichalcum":4,"Odd Mushroom":6,"Cracked Core":0},{"SlaversCollar":39,"Dream Catcher":15,"Golden Idol":3,"Orichalcum":15,"Odd Mushroom":23,"Cracked Core":0}]},"card_choices":[{"not_picked":["Streamline","Gash"],"picked":"Chaos","floor":0.0},{"not_picked":["Recycle","Skim"],"picked":"Doom and Gloom","floor":1.0},{"not_picked":["Ball Lightning","Compile Driver"],"picked":"Storm","floor":3.0},{"not_picked":["Ball Lightning","Gash"],"picked":"Double Energy","floor":4.0},{"not_picked":["Darkness","Gash"],"picked":"Fission","floor":7.0},{"not_picked":["Turbo","Genetic Algorithm"],"picked":"Cold Snap","floor":10.0},{"not_picked":["Reprogram","Scrape"],"picked":"Buffer","floor":13.0},{"not_picked":["Stack","Steam"],"picked":"Sweeping Beam","floor":14.0},{"not_picked":["Steam","Ball Lightning"],"picked":"Conserve Battery","floor":15.0},{"not_picked":["Amplify","Rainbow"],"picked":"Machine Learning","floor":16.0},{"not_picked":["Compile Driver","Auto Shields"],"picked":"Loop","floor":18.0}],"player_experience":232942,"relics_obtained":[{"floor":7.0,"key":"Orichalcum"},{"floor":9.0,"key":"Dream Catcher"},{"floor":14.0,"key":"Odd Mushroom"}],"event_choices":[{"damage_healed":0.0,"max_hp_gain":0.0,"max_hp_loss":0.0,"gold_gain":0.0,"event_name":"Golden Idol","player_choice":"Take Wound","floor":2.0,"gold_loss":0.0,"damage_taken":0.0,"relics_obtained":["Golden Idol"],"cards_obtained":["Injury"]},{"damage_healed":0.0,"max_hp_gain":0.0,"max_hp_loss":0.0,"gold_gain":0.0,"event_name":"Upgrade Shrine","player_choice":"Upgraded","floor":5.0,"gold_loss":0.0,"damage_taken":0.0,"cards_upgraded":["Storm"]},{"damage_healed":0.0,"max_hp_gain":0.0,"max_hp_loss":0.0,"gold_gain":175.0,"event_name":"betterThird:BetterSerpent","player_choice":"AGREE","floor":11.0,"gold_loss":0.0,"damage_taken":227.0},{"damage_healed":0.0,"max_hp_gain":0.0,"max_hp_loss":0.0,"gold_gain":0.0,"event_name":"Mushrooms","player_choice":"Fought Mushrooms","floor":14.0,"gold_loss":0.0,"damage_taken":0.0}],"is_beta":false,"boss_relics":[{"not_picked":["Ectoplasm","Busted Crown"],"picked":"SlaversCollar"}],"items_purged_floors":[],"is_endless":false,"potions_floor_spawned":[1,4,10],"killed_by":"3 Byrds","ascension_level":3}}