{"host":"43gh4c2f6tt319we","time":1614430385,"event":{"mods":["ATMod(∞¢Ë™Mod)","Act Like it!","Arknights","BaseMod","Gensokyo","Hallownest","KinomotoSakuraMod(ƒæ÷Æ±æ”£)","Library of Ruina","Lobotomy","Minty Spire (QoL Compilation)","Pale of the Ancients","Reimu£®≤©¿ˆ¡È√Œ£©","Relic Filter Mod","Remilia£®¿Ÿ√◊¿Ú—«£©","StSLib","The Alterego","The Animator","The Bug Knight","Yakumo Yukari mod","Youmu£®ªÍ∆«—˝√Œ£©"],"gold_per_floor":[999,1018,1029,653,664,682,682,692,692,719,731,757,849,849,951,951,1181,1181,1223,1223],"floor_reached":69,"language":"ZHS","playtime":2308,"items_purged":["LightDefense"],"score":556,"play_id":"734c5a86-a2c1-4f79-b1d9-3c29936eb292","local_time":"20210227215305","is_ascension_mode":false,"campfire_choices":[{"data":"AT_LightSaberMaster","floor":57,"key":"SMITH"},{"data":"InnerArdor","floor":64,"key":"SMITH"},{"data":"RhinoRam","floor":66,"key":"SMITH"}],"circlet_count":0,"master_deck":["Dodge","LightDefense","LightAttack","LightAttack","LightAttack+1","LightDefense","LightDefense","ChargeAndCover","FocusedStrikes","AT_FamilyPortrait","SavageMode","InnerArdor+1","AT_LightSaberMaster+1","ViolentFlame","Castigation","UnforgettableMelody","RulesOfTheBackstreets","Concentration","RhinoRam+1","EmotionalTurbulence"],"relics":["PageOfLibrarian","AT_ATBox","Nunchaku","Hallownest:DreamNailRelic","Pen Nib","AT_MibuBalloonWealth","PageOfBlackSwan"],"acts_visited":["Exordium","Exordium","Hallownest:Greenpath"],"potions_floor_usage":[55,62],"damage_taken":[{"damage":0,"enemies":"Hallownest:2_Tiktiks_and_1_Crawlid","floor":52,"turns":4},{"damage":4,"enemies":"Hallownest:monsterHuskWarrior","floor":53,"turns":3},{"damage":0,"enemies":"Hallownest:monsterHuskGuard","floor":55,"turns":4},{"damage":0,"enemies":"Hallownest:monsterMossCharger","floor":56,"turns":3},{"damage":7,"enemies":"Hallownest:1_Ooma_and_2_Uuma","floor":58,"turns":5},{"damage":7,"enemies":"Hallownest:2_Tiktiks_1_Baldur_1_Crawlid","floor":61,"turns":4},{"damage":0,"enemies":"Hallownest:eliteCrystalGuardian","floor":62,"turns":3},{"damage":0,"enemies":"Hallownest:1_Baldur_1_Crawlid_1_Warrior","floor":63,"turns":4},{"damage":0,"enemies":"Hallownest:eliteMossKnight","floor":65,"turns":5},{"damage":9,"enemies":"Hallownest:BossBrokenVessel","floor":67,"turns":6},{"damage":4,"enemies":"Gensokyo:Chomper","floor":69,"turns":3}],"seed_played":"1623529061972334252","potions_obtained":[{"floor":52,"key":"Fruit Juice"},{"floor":53,"key":"FairyPotion"},{"floor":58,"key":"Block Potion"},{"floor":65,"key":"SpeedPotion"}],"is_trial":false,"path_per_floor":["M","M","$","M","M","R","M","?","T","M","E","M","R","E","R","B",null,"M"],"character_chosen":"Librarian","items_purchased":["AT_LightSaberMaster","Nunchaku","ViolentFlame"],"campfire_rested":0,"item_purchase_floors":[54,54,54],"current_hp_per_floor":[72,72,68,68,73,73,73,66,66,66,59,59,59,59,64,64,55,118,114,114],"gold":1223,"neow_bonus":"TWENTY_PERCENT_HP_BONUS","is_daily":false,"chose_seed":false,"campfire_upgraded":3,"win_rate":0.0,"timestamp":1614430385,"path_taken":["M","M","$","?","M","R","M","?","T","?","E","M","R","E","R","BOSS","M"],"items_purchased_type":["Card","Relic","Card"],"build_version":"2020-12-22","purchased_purges":1,"victory":false,"max_hp_per_floor":[96,98,113,113,122,103,118,118,118,118,118,118,118,118,118,118,118,118,118,118],"card_choices":[{"not_picked":["FlowOfTheSword","SearingSword","CookingPrep","WildCard","TasteMyFlamingBat","DesperateStruggle","CoordinatedAssault","EnergyCycle"],"picked":"SavageMode","floor":52},{"not_picked":["LoosenUp","ClassAndRespect","SharpSwipe","Bvapour","OpportunitySpotted","Outburst","SinglePointStab","FieryWaltz"],"picked":"InnerArdor","floor":53},{"not_picked":["MultiHit","Standoff","GreatSerpentsImpact","SerpentineBarrier","SweepTheBackstreets","BackAttack","Multislash","NightInTheBackstreets"],"picked":"Castigation","floor":55},{"not_picked":["YouOnlyLiveOnce","GrazeTheGrass","CutIn","Thrust","BindingChains","Wallop_lor","SharpSwipe","Endure"],"picked":"UnforgettableMelody","floor":56},{"not_picked":["QuickSuppression","Multislash","Diversion","TendonChords","TheRedNotes","DevastatingThrash","Rewind","BiAn"],"picked":"RulesOfTheBackstreets","floor":58},{"not_picked":["Reload","GreatSerpentsImpact","HandleRequest","QuickSuppression","SharpSwipe","AsThePrescriptOrders","BackstreetsDash","SnakesPrey","CutIn"],"picked":"SKIP","floor":61},{"not_picked":["StrikeDown","FierceOnslaught","StayCalm","Faith","Standoff","SilentMist","CircusKnives","EnergyStrike"],"picked":"Concentration","floor":62},{"not_picked":["StrikeDown","Outburst","Zzzzzap","DefenseOrder","MultiBlock","FlashingStrike","SerpentSwordTechnique","QuickAttack","StartinOutLightly"],"picked":"SKIP","floor":63},{"not_picked":["Outburst","GuidanceOfTheGears","QuickAttack","InkOver","TimeForALittleTest","IllEndYou","YoureTooSlow","WillOfThePrescript"],"picked":"RhinoRam","floor":65},{"not_picked":["Deflect_lor","CleanUp"],"picked":"EmotionalTurbulence","floor":67}],"player_experience":560235,"relics_obtained":[{"floor":60,"key":"Pen Nib"},{"floor":62,"key":"AT_MibuBalloonWealth"}],"event_choices":[],"is_beta":false,"boss_relics":[{"not_picked":["Black Star","AT_TrinityForce"],"picked":"PageOfBlackSwan"}],"items_purged_floors":[54],"is_endless":false,"potions_floor_spawned":[52,53,58,65],"killed_by":"Gensokyo:Chomper","ascension_level":0}}