{"host":"f1ushweh0apu4zea","time":1614430988,"event":{"mods":["BaseMod","DeckTracker","Minty Spire (QoL Compilation)","Spire with Friends","StSLib","everything is the same but u backflip on backflip"],"gold_per_floor":[215,233,247,197,215,215,215,245,295,295,330,405,419,429,429,429,525,525,539,33,52,70,70,70,98,98,122,154,26,46,58,69,69,69,170,170,185,185,199,199,199,227,227,252,252,286,35,65,82,97,97,97,97,97,97,14,43,43,43],"floor_reached":60,"language":"KOR","playtime":3958,"items_purged":["Scrape","Sunder","Auto Shields"],"score":1469,"play_id":"bf9ed46c-37fe-4cd1-883c-9f00981de01a","local_time":"20210227220308","is_ascension_mode":true,"campfire_choices":[{"data":"Zap","floor":7,"key":"SMITH"},{"data":"Reprogram","floor":16,"key":"SMITH"},{"data":"Apotheosis","floor":24,"key":"SMITH"},{"data":"Buffer","floor":34,"key":"SMITH"},{"floor":43,"key":"RECALL"},{"data":"Buffer","floor":55,"key":"SMITH"}],"circlet_count":0,"master_deck":["Zap+1","Dualcast+1","Conserve Battery","Barrage","Turbo","Beam Cell","Compile Driver","Reprogram+1","Echo Form","All For One","Reprogram+1","Electrodynamics","Melter+1","Apotheosis+1","Self Repair","Conserve Battery","Finesse","Hologram+1","Steam","Conserve Battery","Buffer+1","Hyperbeam","Coolheaded+1","Double Energy+1","Barrage","Reinforced Body","Double Energy+1","Beam Cell+1","Buffer+1","Skim+1","Acrobatics+1","Blind+1","Seek+1","Malaise+1"],"relics":["Cracked Core","StrikeDummy","DataDisk","Mummified Hand","Pandora\u0027s Box","Membership Card","Pear","Akabeko","Smiling Mask","Tiny Chest","InkBottle","Bag of Preparation","Akabeko","Coffee Dripper","War Paint","Du-Vu Doll","Molten Egg 2","Singing Bowl","Toxic Egg 2","Chemical X","FossilizedHelix","Mummified Hand","Dead Branch"],"acts_visited":["Exordium","TheCity","TheBeyond","TheEnding"],"potions_floor_usage":[8,14,19,28,28,31,35,35,35,42,44,44,46,48,53,59,59,59],"damage_taken":[{"damage":0,"enemies":"2 Louse","floor":1,"turns":2},{"damage":0,"enemies":"Small Slimes","floor":2,"turns":3},{"damage":0,"enemies":"Cultist","floor":3,"turns":4},{"damage":4,"enemies":"Large Slime","floor":5,"turns":5},{"damage":24,"enemies":"3 Sentries","floor":8,"turns":8},{"damage":14,"enemies":"Gremlin Nob","floor":11,"turns":4},{"damage":5,"enemies":"3 Louse","floor":13,"turns":3},{"damage":5,"enemies":"Exordium Thugs","floor":14,"turns":3},{"damage":26,"enemies":"The Guardian","floor":17,"turns":10},{"damage":7,"enemies":"2 Thieves","floor":19,"turns":2},{"damage":10,"enemies":"Chosen","floor":21,"turns":2},{"damage":8,"enemies":"Snecko","floor":22,"turns":3},{"damage":24,"enemies":"Gremlin Leader","floor":25,"turns":5},{"damage":33,"enemies":"Slavers","floor":28,"turns":4},{"damage":2,"enemies":"Sentry and Sphere","floor":30,"turns":3},{"damage":6,"enemies":"Snake Plant","floor":31,"turns":3},{"damage":0,"enemies":"Cultist and Chosen","floor":32,"turns":5},{"damage":4,"enemies":"Collector","floor":35,"turns":4},{"damage":0,"enemies":"Orb Walker","floor":37,"turns":3},{"damage":0,"enemies":"3 Darklings","floor":39,"turns":1},{"damage":0,"enemies":"Nemesis","floor":42,"turns":8},{"damage":39,"enemies":"Reptomancer","floor":44,"turns":4},{"damage":7,"enemies":"Nemesis","floor":46,"turns":7},{"damage":1,"enemies":"Giant Head","floor":48,"turns":7},{"damage":0,"enemies":"4 Shapes","floor":49,"turns":2},{"damage":0,"enemies":"Sphere and 2 Shapes","floor":50,"turns":2},{"damage":0,"enemies":"Awakened One","floor":53,"turns":7},{"damage":0,"enemies":"Shield and Spear","floor":57,"turns":3},{"damage":36,"enemies":"The Heart","floor":59,"turns":9}],"seed_played":"-235885812474795392","potions_obtained":[{"floor":2,"key":"Regen Potion"},{"floor":13,"key":"ColorlessPotion"},{"floor":17,"key":"PotionOfCapacity"},{"floor":19,"key":"SmokeBomb"},{"floor":21,"key":"SpeedPotion"},{"floor":25,"key":"PotionOfCapacity"},{"floor":31,"key":"Ancient Potion"},{"floor":32,"key":"SpeedPotion"},{"floor":37,"key":"SkillPotion"},{"floor":46,"key":"Regen Potion"}],"is_trial":false,"path_per_floor":["M","M","M","?","M","T","R","E","T","?","E","?","M","M","-","R","B",null,"M","$","M","M","?","R","E","?","T","E","$","M","M","M","C","R","B",null,"M","C","M","?","?","E","R","E","T","E","$","E","M","M","C","R","B",null,"R","$","E","C","B",null],"character_chosen":"DEFECT","items_purchased":["Membership Card","Apotheosis","Self Repair","Conserve Battery","Finesse","Pear","Bag of Preparation","Toxic Egg 2","Chemical X","Blind+1","LiquidMemories"],"campfire_rested":0,"item_purchase_floors":[20,20,20,20,20,20,29,47,47,56,56],"current_hp_per_floor":[75,75,75,75,71,71,71,62,62,47,33,22,17,12,12,12,24,38,31,41,38,40,40,40,36,36,36,13,13,11,12,22,22,22,28,55,54,54,49,49,63,65,65,30,30,30,30,54,54,54,54,54,65,65,65,65,60,60,17],"gold":43,"neow_bonus":"","is_daily":false,"chose_seed":true,"campfire_upgraded":5,"win_rate":0.0,"timestamp":1614430988,"path_taken":["M","M","M","?","M","T","R","E","T","?","E","?","M","M","-","R","BOSS","M","$","M","M","?","R","E","?","T","E","$","?","M","M","C","R","BOSS","M","C","M","?","?","E","R","E","T","E","$","E","M","M","C","R","BOSS","R","$","E","C","BOSS"],"items_purchased_type":["Relic","Card","Card","Card","Card","Relic","Relic","Relic","Relic","Card","Potion"],"build_version":"2020-12-22","purchased_purges":3,"victory":true,"max_hp_per_floor":[75,75,75,75,75,75,75,75,75,75,75,75,75,75,75,75,38,38,38,48,48,48,48,48,48,48,48,48,48,48,48,48,48,48,48,55,55,55,55,55,65,65,65,65,65,65,65,65,65,65,65,65,65,65,65,65,65,65,65],"card_choices":[{"not_picked":["Rebound","Sweeping Beam"],"picked":"Conserve Battery","floor":1},{"not_picked":["Hello World","Force Field"],"picked":"Barrage","floor":2},{"not_picked":["Hologram","Auto Shields"],"picked":"Turbo","floor":3},{"not_picked":["Hello World","Turbo","Barrage"],"picked":"SKIP","floor":5},{"not_picked":["Fusion","Hologram"],"picked":"Cold Snap","floor":8},{"not_picked":["Double Energy","Amplify"],"picked":"Beam Cell","floor":11},{"not_picked":["Stack","Heatsinks"],"picked":"Compile Driver","floor":13},{"not_picked":["Force Field","Sweeping Beam"],"picked":"Reprogram","floor":14},{"not_picked":["All For One","Seek"],"picked":"Echo Form","floor":17},{"not_picked":["Redo","Hologram"],"picked":"Melter+1","floor":19},{"not_picked":["Consume","Leap","Auto Shields"],"picked":"SKIP","floor":21},{"not_picked":["Self Repair+1","Auto Shields+1"],"picked":"Hologram","floor":22},{"not_picked":["Streamline","Sunder+1"],"picked":"Steam","floor":25},{"not_picked":["Defragment+1","Sunder"],"picked":"Conserve Battery","floor":28},{"not_picked":["Defragment","Beam Cell","Loop"],"picked":"SKIP","floor":30},{"not_picked":["Leap+1","Sweeping Beam","Buffer"],"picked":"SKIP","floor":31},{"not_picked":["Leap+1","Sweeping Beam"],"picked":"Buffer","floor":31},{"not_picked":["Barrage","Leap","Beam Cell"],"picked":"SKIP","floor":32},{"not_picked":["Machine Learning","All For One"],"picked":"Hyperbeam","floor":35},{"not_picked":["Rebound+1","Gash+1"],"picked":"Coolheaded+1","floor":37},{"not_picked":["Coolheaded+1","Conserve Battery"],"picked":"Double Energy+1","floor":39},{"not_picked":["Cold Snap+1","Gash+1"],"picked":"Barrage","floor":42},{"not_picked":["Turbo","Beam Cell+1"],"picked":"Reinforced Body","floor":44},{"not_picked":["Loop+1","Streamline+1"],"picked":"Double Energy+1","floor":46},{"not_picked":["Chill+1","Rebound+1"],"picked":"Beam Cell+1","floor":48},{"not_picked":["Steam+1","Cold Snap+1"],"picked":"Buffer","floor":49},{"not_picked":["Compile Driver+1","Fusion+1"],"picked":"Skim+1","floor":50},{"not_picked":[],"picked":"Acrobatics+1","floor":51},{"not_picked":["Recycle+1","Defragment+1"],"picked":"Seek+1","floor":57},{"not_picked":[],"picked":"Malaise+1","floor":58}],"player_experience":1337807,"relics_obtained":[{"floor":8,"key":"StrikeDummy"},{"floor":9,"key":"DataDisk"},{"floor":11,"key":"Mummified Hand"},{"floor":25,"key":"Smiling Mask"},{"floor":27,"key":"Tiny Chest"},{"floor":28,"key":"InkBottle"},{"floor":33,"key":"Akabeko"},{"floor":42,"key":"War Paint"},{"floor":44,"key":"Du-Vu Doll"},{"floor":45,"key":"Molten Egg 2"},{"floor":46,"key":"Singing Bowl"},{"floor":48,"key":"FossilizedHelix"},{"floor":51,"key":"Mummified Hand"},{"floor":57,"key":"Dead Branch"}],"event_choices":[{"cards_removed":["Strike_B"],"damage_healed":0,"gold_gain":0,"player_choice":"Card Removal","damage_taken":0,"max_hp_gain":0,"max_hp_loss":0,"event_name":"The Cleric","floor":4,"gold_loss":50},{"damage_healed":0,"gold_gain":0,"player_choice":"Entered Light","damage_taken":15,"max_hp_gain":0,"max_hp_loss":0,"event_name":"Shining Light","floor":10,"gold_loss":0,"cards_upgraded":["Cold Snap","Strike_B"]},{"damage_healed":0,"gold_gain":75,"player_choice":"Gather Gold","damage_taken":11,"max_hp_gain":0,"max_hp_loss":0,"event_name":"World of Goop","floor":12,"gold_loss":0},{"damage_healed":0,"gold_gain":0,"player_choice":"Opened","damage_taken":0,"relics_obtained":["Akabeko"],"max_hp_gain":0,"max_hp_loss":0,"event_name":"The Mausoleum","floor":23,"gold_loss":0},{"damage_healed":0,"gold_gain":0,"player_choice":"Upgraded","damage_taken":0,"max_hp_gain":0,"max_hp_loss":0,"event_name":"Upgrade Shrine","floor":26,"gold_loss":0,"cards_upgraded":["Reprogram"]},{"cards_removed":["Cold Snap"],"damage_healed":0,"gold_gain":0,"player_choice":"Removed Attack","damage_taken":0,"max_hp_gain":0,"max_hp_loss":0,"event_name":"Falling","floor":40,"gold_loss":0},{"cards_removed":["Electrodynamics"],"damage_healed":6,"gold_gain":0,"player_choice":"Offered Rare","damage_taken":0,"max_hp_gain":10,"max_hp_loss":0,"event_name":"Bonfire Elementals","floor":41,"gold_loss":0}],"is_beta":false,"boss_relics":[{"not_picked":["Busted Crown","Velvet Choker"],"picked":"Pandora\u0027s Box"},{"not_picked":["Snecko Eye","Runic Dome"],"picked":"Coffee Dripper"}],"items_purged_floors":[20,29,47],"is_endless":false,"potions_floor_spawned":[2,13,17,19,21,25,31,32,37,46],"ascension_level":1}}