{"host":"y2nx07t75db4hs5p","time":1614421287,"event":{"mods":["Act Like it!","BaseMod","Gensokyo","Library of Ruina","Library of Ruina Extra","Minty Spire (QoL Compilation)","StSLib"],"gold_per_floor":[114,114,194,214,228,268,268,291,291,291,305,336,360,360,360,490,490,509,540,139,154,177,177,177,208,208,137,156,156,171,190,190,320,320,343,368,368,386,406,446,207,248,271,285,308,308,308,67,67,67,67,67,67,67,100,100],"floor_reached":57,"language":"ZHS","playtime":2289,"items_purged":[],"score":1721,"play_id":"e4b1bf8b-c907-4d74-9130-e0ef0bfd8f8b","local_time":"20210227182127","is_ascension_mode":false,"campfire_choices":[{"floor":7.0,"key":"RECALL"},{"data":"DegradedPillar","floor":10.0,"key":"SMITH"},{"data":"TheRedNotes","floor":15.0,"key":"SMITH"},{"data":"Tailoring","floor":23.0,"key":"SMITH"},{"data":"WrathOfTorment","floor":29,"key":"SMITH"},{"data":"RepressedFlesh","floor":32,"key":"SMITH"},{"floor":47,"key":"REST"},{"data":"BoundaryOfDeath","floor":49,"key":"SMITH"},{"data":"RagingStormLove","floor":53,"key":"SMITH"}],"circlet_count":0,"master_deck":["DegradedFairy","DegradedFairy","DegradedFairy","DegradedChain","DegradedChain","DegradedLock","DegradedPillar+1","DegradedPillar+1","DegradedShockwave+1","CombatPreparation","RagingStormLove+1","ToWhereThePrescriptPoints","SharpenedBlade","RepressedFlesh+1","TheRedNotes+1","Tailoring+1","BalefulBrand","FlashingStrike+1","Commandeering","WrathOfTorment+1","LeRegole","Lock","SerpentineBarrier+1","BoundaryOfDeath+1"],"relics":["PageOfLibrarian","PageOfLaetitia","Golden Idol","Omamori","Mummified Hand","Snecko Eye","Red Mask","PageOfWayBackHome","Anchor","Toy Ornithopter","Cursed Key","PageOfThreeBirds","PageOfForsakenMurderer","Smiling Mask","PageOfBloodbath","PageOfUniverseFragment","PageOfJudgementBird"],"acts_visited":["Exordium","TheCity","TheBeyond","TheEnding"],"potions_floor_usage":[56,56,56],"damage_taken":[{"damage":0.0,"enemies":"Jaw Worm","floor":1.0,"turns":1.0},{"damage":0.0,"enemies":"Small Slimes","floor":4.0,"turns":1.0},{"damage":0.0,"enemies":"2 Louse","floor":5.0,"turns":1.0},{"damage":4.0,"enemies":"Lagavulin","floor":6.0,"turns":2.0},{"damage":0.0,"enemies":"Exordium Wildlife","floor":8.0,"turns":1.0},{"damage":4.0,"enemies":"Gremlin Gang","floor":11.0,"turns":2.0},{"damage":4.0,"enemies":"Gremlin Nob","floor":12.0,"turns":2.0},{"damage":0.0,"enemies":"3 Louse","floor":13.0,"turns":1.0},{"damage":8.0,"enemies":"Slime Boss","floor":16.0,"turns":3.0},{"damage":0.0,"enemies":"Spheric Guardian","floor":18.0,"turns":1.0},{"damage":0.0,"enemies":"Masked Bandits","floor":19.0,"turns":1.0},{"damage":0.0,"enemies":"3 Byrds","floor":21.0,"turns":1.0},{"damage":4.0,"enemies":"Shelled Parasite and Fungi","floor":22.0,"turns":2.0},{"damage":4.0,"enemies":"Book of Stabbing","floor":25.0,"turns":2.0},{"damage":4.0,"enemies":"Cultist and Chosen","floor":28.0,"turns":1.0},{"damage":4,"enemies":"Sentry and Sphere","floor":30,"turns":2},{"damage":4,"enemies":"Snecko","floor":31,"turns":2},{"damage":0,"enemies":"Collector","floor":33,"turns":2},{"damage":0,"enemies":"3 Shapes","floor":35,"turns":1},{"damage":0,"enemies":"3 Darklings","floor":36,"turns":1},{"damage":0,"enemies":"Writhing Mass","floor":38,"turns":1},{"damage":8,"enemies":"Spire Growth","floor":39,"turns":2},{"damage":0,"enemies":"Reptomancer","floor":40,"turns":1},{"damage":8,"enemies":"Giant Head","floor":42,"turns":2},{"damage":12,"enemies":"Transient","floor":44,"turns":5},{"damage":4,"enemies":"Writhing Mass","floor":45,"turns":2},{"damage":8,"enemies":"Time Eater","floor":50,"turns":2},{"damage":4,"enemies":"Time Eater","floor":51,"turns":4},{"damage":0,"enemies":"Shield and Spear","floor":55,"turns":1},{"damage":19,"enemies":"The Heart","floor":56,"turns":3}],"seed_played":"-9089777069815352548","potions_obtained":[{"floor":4.0,"key":"SteroidPotion"},{"floor":6.0,"key":"Fruit Juice"},{"floor":11.0,"key":"SneckoOil"},{"floor":13.0,"key":"SteroidPotion"}],"is_trial":false,"path_per_floor":["M","?","?","M","M","E","R","M","T","R","M","E","M","?","R","B",null,"M","?","$","M","M","R","?","E","T","$","M","R","M","M","R","B",null,"M","M","?","M","M","E","$","E","T","M","M","?","R","$","R","B",null,null,"R","$","E","B",null],"character_chosen":"Librarian","items_purchased":["PageOfWayBackHome","BalefulBrand","WrathOfTorment","PageOfForsakenMurderer","PageOfUniverseFragment"],"campfire_rested":1,"item_purchase_floors":[20,20,27,41,48],"current_hp_per_floor":[60,60,60,60,60,56,56,61,61,61,57,53,53,37,37,29,80,80,80,80,80,76,76,80,76,76,76,72,72,68,64,64,64,80,80,80,80,80,72,72,72,64,64,52,48,48,72,72,72,64,60,80,80,80,80,74],"gold":100,"neow_bonus":"ONE_RARE_RELIC","is_daily":false,"chose_seed":false,"campfire_upgraded":7,"win_rate":0.0,"timestamp":1614421287,"path_taken":["M","?","?","M","M","E","R","M","T","R","M","E","M","?","R","BOSS","M","?","$","M","M","R","?","E","T","$","M","R","M","?","R","BOSS","M","M","?","M","M","E","$","E","T","M","M","?","R","$","R","BOSS","R","$","E","BOSS"],"items_purchased_type":["Relic","Card","Card","Relic","Relic"],"build_version":"2020-12-22","purchased_purges":0,"victory":true,"max_hp_per_floor":[81,75,75,75,75,75,75,80,80,80,80,80,80,80,80,80,80,80,80,80,80,80,80,80,80,80,80,80,80,80,80,80,80,80,80,80,80,80,80,80,80,80,80,80,80,80,80,80,80,80,80,80,80,80,80,80],"card_choices":[{"not_picked":["IllEndYou","FendThisOffIfYouCan","HiddenBlade","Guardian_lor","BlowItUp","DesperateStruggle","ViolentFlame","BiAn"],"picked":"FrontalAssault","floor":1.0},{"not_picked":["PreemptiveStrike","Quickness","DestructiveImpact","Parry","Punishment","FleetEdge","TimeForALittleTest","EnergyStrike"],"picked":"CombatPreparation","floor":4.0},{"not_picked":["SinglePointStab","DarkCloud","FleetFootsteps","SteelKnuckles","FlyingSword","AsThePrescriptOrders","NightInTheBackstreets","ExtractFuel","ExtremeEdge"],"picked":"SKIP","floor":5.0},{"not_picked":["SharpSwipe","DefenseOrder","Clone","Outburst","MultiBlock","FleshFillet","BindingChains","SnakesPrey"],"picked":"RagingStormLove","floor":6.0},{"not_picked":["StructuralAnalysis","Wallop_lor","SharpSwipe","Struggle","Parry","Pound","FierceOnslaught","Faith"],"picked":"ToWhereThePrescriptPoints","floor":8.0},{"not_picked":["YourShield","StrikeDown","HandleRequest","Guardian_lor","CircusKnives","GrazeTheGrass","Riposte","EndlessBattle"],"picked":"SharpenedBlade","floor":11.0},{"not_picked":["CutIn","Execute_lor","ShockingBlow","EnergyCycle","FocusFire","FleetFootsteps","SmokingPipe","ViolentFlame"],"picked":"RepressedFlesh","floor":12.0},{"not_picked":["FierceOnslaught","HandleRequest","SunsetBlade","QuickSuppression","ClassAndRespect","Faith","HighKick","SpearedSweep"],"picked":"TheRedNotes","floor":13.0},{"not_picked":["DaringDecision","Decapitation"],"picked":"Tttonst","floor":16.0},{"not_picked":["GuidanceOfTheGears","SmokingPipe","FleetFootsteps","LawAndOrder","Quickness","Rewind","SnakesPrey","FierceCharge"],"picked":"Tailoring","floor":18.0},{"not_picked":["PreemptiveStrike","GuardingStance","RulesOfTheBackstreets","StrongStrike","FrontalAssault","GreatSerpentsImpact","FlashingStrike+1","ExtractFuel","PinpointShot+1"],"picked":"SKIP","floor":21.0},{"not_picked":["SilentNight","ScatteringSlash","BlindFaith","TheArtOfRapidSteps","Multislash","DefenseOrder","FocusFire","BackAttack"],"picked":"FlashingStrike+1","floor":22.0},{"not_picked":["DimensionalRift","AlloutWar+1","SetFire","SharpSwipe","ShockRound","FeelinGood+1","RhinoRam","FervidEmotions"],"picked":"Commandeering","floor":25.0},{"not_picked":["ToWhereThePrescriptPoints","SunsetBlade","KeepItFresh","FleetEdge+1","SomberProcuration","HandleRequest","EnergyConversion","WillOfThePrescript"],"picked":"LeRegole","floor":28.0},{"not_picked":["StrikeDown","SerpentSwordTechnique","Outburst","Faith","InhaleSmoke","GuardingStance","SparkingSpear","Struggle","SwordOfVolition"],"picked":"SKIP","floor":30},{"not_picked":["BiAn+1","UpbeatPerformance+1","Outburst","GreatSerpentsImpact","StrongStrike","SerpentSwordTechnique","Laceration","SunsetBlade+1","DriedUp"],"picked":"SKIP","floor":31},{"not_picked":["ChargeUp","Suppress"],"picked":"Lock","floor":33},{"not_picked":["Parry2+1","WillOfThePrescript+1","FrontalAssault+1","ExtremeEdge+1","Ripple","CutIn+1","HighSpeedStabbing","Diversion"],"picked":"SerpentineBarrier+1","floor":35},{"not_picked":["TheArtOfRapidSteps","SunsetBlade","Leap_lor","DesperateStruggle+1","EnergyStrike","SpearedSweep","QuickAttack+1","StructuralAnalysis","UpbeatPerformance+1"],"picked":"SKIP","floor":36},{"not_picked":["Faith+1","DefenseOrder","SuppressingShot","HandlingWork","ViolentFlame+1","ExtremeEdge","GuidanceOfTheGears+1","FormingStorm","ToOvercomeCrisis+1"],"picked":"SKIP","floor":38},{"not_picked":["Unlock1+1","CircusKnives+1","Zzzzzap+1","StructuralAnalysis+1","MultiHit+1","BindingArms+1","BlindFaith","MultiBlock+1","WildCard+1"],"picked":"SKIP","floor":39},{"not_picked":["WrathOfTorment+1","SunsetBlade+1","VioletBlade","FocusFire+1","SerpentSwordTechnique+1","SerpentineBarrier+1","Rewind","FleetFootsteps+1"],"picked":"BoundaryOfDeath","floor":40},{"not_picked":["Duel_lor+1","ScratchThat","BiAn+1","NightInTheBackstreets+1","Pound+1","StrongStrike+1","Rampage_lor+1","InnerArdor","SilentNight"],"picked":"SKIP","floor":42},{"not_picked":["HighSpeedStabbing","EnergyCycle+1","Thrust","Parry2","DefenseOrder","BayonetCombat+1","SunsetBlade","HiddenBlade+1","Rewind+1"],"picked":"SKIP","floor":44},{"not_picked":["FieryWaltz","ViolentFlame+1","DarkCloud+1","FrontalAssault","FierceOnslaught+1","SharpSwipe","Parry2+1","SmokingPipe","Creak+1"],"picked":"SKIP","floor":45},{"not_picked":["StructuralAnalysis+1","HandleRequest+1","LawAndOrder","ProselytesBlade","ExtremeEdge","SerpentineBarrier+1","PuppetBlockade","Guardian_lor+1","WillOfThePrescript+1"],"picked":"SKIP","floor":55}],"player_experience":245796,"relics_obtained":[{"floor":6.0,"key":"Omamori"},{"floor":12.0,"key":"Mummified Hand"},{"floor":19.0,"key":"Red Mask"},{"floor":25.0,"key":"Anchor"},{"floor":26.0,"key":"Toy Ornithopter"},{"floor":40,"key":"PageOfThreeBirds"},{"floor":42,"key":"Smiling Mask"},{"floor":43,"key":"PageOfBloodbath"},{"floor":55,"key":"PageOfJudgementBird"}],"event_choices":[{"damage_healed":0.0,"max_hp_gain":0.0,"max_hp_loss":6.0,"gold_gain":0.0,"event_name":"Golden Idol","player_choice":"Lose Max HP","floor":2.0,"gold_loss":0.0,"damage_taken":0.0,"relics_obtained":["Golden Idol"]},{"damage_healed":0.0,"max_hp_gain":0.0,"max_hp_loss":0.0,"gold_gain":80.0,"event_name":"Golden Wing","player_choice":"Gained Gold","floor":3.0,"gold_loss":0.0,"damage_taken":0.0},{"damage_healed":0.0,"max_hp_gain":0.0,"max_hp_loss":0.0,"gold_gain":0.0,"event_name":"Shining Light","player_choice":"Entered Light","floor":14.0,"gold_loss":0.0,"damage_taken":16.0,"cards_upgraded":["DegradedPillar","DegradedShockwave"]},{"damage_healed":0.0,"max_hp_gain":0.0,"max_hp_loss":0.0,"gold_gain":0.0,"event_name":"Masked Bandits","player_choice":"Fought Bandits","floor":19.0,"gold_loss":0.0,"damage_taken":0.0},{"cards_removed":["FrontalAssault"],"damage_healed":5.0,"max_hp_gain":0.0,"max_hp_loss":0.0,"gold_gain":0.0,"event_name":"Bonfire Elementals","player_choice":"Offered Common","floor":24.0,"gold_loss":0.0,"damage_taken":0.0},{"cards_removed":["FrontalAssault"],"damage_healed":5.0,"max_hp_gain":0.0,"max_hp_loss":0.0,"gold_gain":0.0,"event_name":"Bonfire Elementals","player_choice":"Offered Special","floor":24.0,"gold_loss":0.0,"damage_taken":0.0},{"cards_removed":["Tttonst"],"damage_healed":0,"gold_gain":0,"player_choice":"Removed Skill","damage_taken":0,"max_hp_gain":0,"max_hp_loss":0,"event_name":"Falling","floor":37,"gold_loss":0},{"damage_healed":0,"gold_gain":0,"player_choice":"Memory 1","damage_taken":0,"max_hp_gain":0,"max_hp_loss":0,"event_name":"SensoryStone","floor":46,"gold_loss":0}],"is_beta":false,"boss_relics":[{"not_picked":["Ectoplasm","Sozu"],"picked":"Snecko Eye"},{"not_picked":["Astrolabe","Empty Cage"],"picked":"Cursed Key"}],"items_purged_floors":[],"is_endless":false,"potions_floor_spawned":[4,6,11,13,16,19,25,28,33,35,39,40,45],"ascension_level":0}}