{"host":"Rich","time":1614394913,"event":{"mods":["AchievementEnabler","BaseMod","Highlight Path","Minty Spire (QoL Compilation)","Relic Stats"],"gold_per_floor":[111,33,183,195,195,195,228,243,243,243,263,280,311,7,7,7,7],"floor_reached":16,"language":"ENG","playtime":352,"items_purged":["Doubt"],"score":270,"play_id":"353f06ca-d6a7-4be8-a6f6-4d36da53407c","local_time":"20210226220153","is_ascension_mode":true,"campfire_choices":[{"data":"Crippling Poison","floor":6,"key":"SMITH"},{"data":"Storm of Steel","floor":10,"key":"SMITH"},{"floor":15,"key":"REST"}],"circlet_count":0,"master_deck":["AscendersBane","Strike_G","Strike_G","Strike_G","Strike_G","Strike_G","Defend_G","Defend_G","Defend_G","Defend_G","Defend_G","Survivor","Neutralize","Dagger Spray","Crippling Poison+1","All Out Attack","Storm of Steel+1","Poisoned Stab","PiercingWail","Cloak And Dagger","Noxious Fumes"],"relics":["Ring of the Snake","NeowsBlessing","The Courier","Singing Bowl","Thread and Needle","Anchor"],"acts_visited":["Exordium"],"potions_floor_usage":[12,16],"damage_taken":[{"damage":0,"enemies":"Jaw Worm","floor":1,"turns":1},{"damage":0,"enemies":"Small Slimes","floor":4,"turns":1},{"damage":0,"enemies":"3 Sentries","floor":7,"turns":1},{"damage":3,"enemies":"2 Louse","floor":8,"turns":2},{"damage":7,"enemies":"Blue Slaver","floor":11,"turns":3},{"damage":29,"enemies":"Exordium Thugs","floor":12,"turns":4},{"damage":26,"enemies":"Gremlin Nob","floor":13,"turns":4},{"damage":24,"enemies":"Hexaghost","floor":16,"turns":11}],"seed_played":"-254057695989315753","potions_obtained":[{"floor":4,"key":"FairyPotion"},{"floor":8,"key":"Block Potion"}],"is_trial":false,"path_per_floor":["M","$","?","M","?","R","E","M","T","R","M","M","E","$","R","B"],"character_chosen":"THE_SILENT","items_purchased":["Crippling Poison","Noxious Fumes","Anchor","SpeedPotion"],"campfire_rested":1,"item_purchase_floors":[2,14,14,14],"current_hp_per_floor":[59,59,59,59,41,41,41,40,40,40,33,4,2,2,22,0,0],"gold":7,"neow_bonus":"THREE_ENEMY_KILL","is_daily":false,"chose_seed":false,"campfire_upgraded":2,"win_rate":0.0,"timestamp":1614394913,"path_taken":["M","$","?","M","?","R","E","M","T","R","M","?","E","$","R","BOSS"],"items_purchased_type":["Card","Card","Relic","Potion"],"build_version":"2020-12-18","purchased_purges":1,"victory":false,"max_hp_per_floor":[66,66,66,66,66,66,66,68,68,68,68,68,68,68,68,68,68],"relic_stats":{"Singing Bowl":2,"counters":[8,27],"obtain_stats":[{"Anchor":14,"NeowsBlessing":0,"Singing Bowl":7,"Thread and Needle":13,"The Courier":5,"Ring of the Snake":0},{"Anchor":7,"NeowsBlessing":0,"Singing Bowl":3,"Thread and Needle":7,"The Courier":2,"Ring of the Snake":0},{"Anchor":16,"NeowsBlessing":0,"Singing Bowl":3,"Thread and Needle":16,"The Courier":2,"Ring of the Snake":0}],"Ring of the Snake":[16]},"card_choices":[{"not_picked":["Dagger Throw","Caltrops"],"picked":"Dagger Spray","floor":1},{"not_picked":["Dodge and Roll","Deflect"],"picked":"All Out Attack","floor":4},{"not_picked":["Bane","Slice"],"picked":"Storm of Steel","floor":7},{"not_picked":["All Out Attack","Setup","Deadly Poison"],"picked":"Singing Bowl","floor":8},{"not_picked":["Flying Knee","Quick Slash"],"picked":"Poisoned Stab","floor":11},{"not_picked":["Underhanded Strike","Storm of Steel"],"picked":"PiercingWail","floor":12},{"not_picked":["Backflip","Setup"],"picked":"Cloak And Dagger","floor":13}],"player_experience":2033424,"relics_obtained":[{"floor":7,"key":"Singing Bowl"},{"floor":13,"key":"Thread and Needle"}],"event_choices":[{"damage_healed":0,"gold_gain":150,"player_choice":"AGREE","damage_taken":0,"max_hp_gain":0,"max_hp_loss":0,"event_name":"Liars Game","floor":3,"gold_loss":0,"cards_obtained":["Doubt"]},{"damage_healed":0,"gold_gain":0,"player_choice":"Success","damage_taken":18,"relics_obtained":["The Courier"],"max_hp_gain":0,"max_hp_loss":0,"event_name":"Scrap Ooze","floor":5,"gold_loss":0}],"is_beta":true,"boss_relics":[],"items_purged_floors":[14],"is_endless":false,"potions_floor_spawned":[4,8,11],"killed_by":"Hexaghost","ascension_level":20}}