{"host":"wik2u884rt5bbues","time":1614439979,"event":{"mods":["AchievementEnabler","BaseMod","Colored Map","Colored Powertips","DeckTracker","Googly Eyes","Minty Spire (QoL Compilation)","Permanent Neow","Quick Restart","Shop Mod","StSLib","SuperFastMode"],"gold_per_floor":[359,359,374,299,310,310,385,411,438,454,204,219,247,265,265,265,265,281,296,308,398,409,284,298,148,199,218,218,43,43,56,56,159,159,170,170,183,199,43,43],"floor_reached":39,"language":"ENG","playtime":2161,"items_purged":["Defend_R","Strike_R","Strike_R","Defend_R","Strike_R"],"score":422,"play_id":"c3811e4c-4579-42fa-aca5-cb7f7cb3198d","local_time":"20210227153259","is_ascension_mode":false,"campfire_choices":[{"data":"Shrug It Off","floor":6.0,"key":"SMITH"},{"data":"Flex","floor":15.0,"key":"SMITH"},{"data":"Limit Break","floor":32.0,"key":"SMITH"}],"circlet_count":0,"master_deck":["Strike_R","Defend_R+1","Defend_R+1","Bash","Shrug It Off+1","Heavy Blade","Flex+1","Limit Break+1","Flex+1"],"relics":["Burning Blood","War Paint","Art of War","Sundial","SlaversCollar","Bronze Scales","Philosopher\u0027s Stone","MerchantsRug"],"acts_visited":["Exordium","TheCity","TheBeyond"],"potions_floor_usage":[33],"damage_taken":[{"damage":5.0,"enemies":"Small Slimes","floor":1.0,"turns":4.0},{"damage":6.0,"enemies":"Jaw Worm","floor":3.0,"turns":3.0},{"damage":0.0,"enemies":"Cultist","floor":5.0,"turns":4.0},{"damage":20.0,"enemies":"Lagavulin","floor":8.0,"turns":7.0},{"damage":0.0,"enemies":"Exordium Wildlife","floor":10.0,"turns":4.0},{"damage":0.0,"enemies":"3 Louse","floor":12.0,"turns":3.0},{"damage":18.0,"enemies":"Gremlin Nob","floor":13.0,"turns":4.0},{"damage":0.0,"enemies":"2 Fungi Beasts","floor":14.0,"turns":4.0},{"damage":28.0,"enemies":"The Guardian","floor":16.0,"turns":10.0},{"damage":11.0,"enemies":"3 Byrds","floor":18.0,"turns":7.0},{"damage":0.0,"enemies":"Chosen","floor":19.0,"turns":3.0},{"damage":27.0,"enemies":"Shelled Parasite and Fungi","floor":20.0,"turns":6.0},{"damage":32.0,"enemies":"Snake Plant","floor":22.0,"turns":5.0},{"damage":8.0,"enemies":"Snecko","floor":24.0,"turns":3.0},{"damage":6.0,"enemies":"Chosen and Byrds","floor":27.0,"turns":4.0},{"damage":7.0,"enemies":"3 Cultists","floor":31.0,"turns":6.0},{"damage":14,"enemies":"Automaton","floor":33,"turns":6},{"damage":10,"enemies":"3 Darklings","floor":35,"turns":5},{"damage":3,"enemies":"3 Shapes","floor":37,"turns":4},{"damage":33,"enemies":"Writhing Mass","floor":38,"turns":4}],"seed_played":"2727911302464308187","potions_obtained":[{"floor":3.0,"key":"Fruit Juice"},{"floor":5.0,"key":"BlessingOfTheForge"},{"floor":10.0,"key":"Energy Potion"},{"floor":12.0,"key":"Explosive Potion"},{"floor":18.0,"key":"CultistPotion"},{"floor":24.0,"key":"Energy Potion"},{"floor":27.0,"key":"Explosive Potion"},{"floor":38,"key":"Swift Potion"}],"is_trial":false,"path_per_floor":["M","?","M","$","M","R","?","E","T","M","$","M","E","M","R","B",null,"M","M","M","?","M","$","M","$","T","M","?","$","?","M","R","B",null,"M","?","M","M","$"],"character_chosen":"IRONCLAD","items_purchased":["Art of War","MerchantsRug"],"campfire_rested":0,"item_purchase_floors":[11,39],"current_hp_per_floor":[57,50,55,55,61,61,50,36,36,42,42,48,36,42,42,20,85,80,85,64,52,26,26,24,24,24,24,52,52,36,35,35,27,90,86,85,85,58,58,58],"gold":43,"neow_bonus":"TWO_FIFTY_GOLD","is_daily":false,"chose_seed":false,"campfire_upgraded":3,"win_rate":0.0,"timestamp":1614439979,"path_taken":["M","?","M","$","M","R","?","E","T","M","$","?","E","M","R","BOSS","M","M","M","?","M","$","M","$","T","?","?","$","?","M","R","BOSS","M","?","M","M","$"],"items_purchased_type":["Relic","Relic"],"build_version":"2020-12-22","purchased_purges":5,"victory":false,"max_hp_per_floor":[80,80,85,85,85,85,85,85,85,85,85,85,85,85,85,85,85,85,85,85,85,85,85,85,85,85,85,85,85,90,90,90,90,90,90,85,85,85,85,85],"card_choices":[{"not_picked":["Headbutt","Iron Wave","Thunderclap"],"picked":"SKIP","floor":1.0},{"not_picked":["Disarm","Shockwave"],"picked":"Shrug It Off","floor":3.0},{"not_picked":["Warcry","Burning Pact","Cleave"],"picked":"SKIP","floor":5.0},{"not_picked":["Impervious","Havoc"],"picked":"Heavy Blade","floor":8.0},{"not_picked":["Wild Strike","Feel No Pain"],"picked":"Flex","floor":10.0},{"not_picked":["Sword Boomerang","Heavy Blade","Uppercut"],"picked":"SKIP","floor":12.0},{"not_picked":["Sword Boomerang","Heavy Blade","Uppercut"],"picked":"SKIP","floor":12.0},{"not_picked":["Wild Strike","Reckless Charge","Iron Wave"],"picked":"SKIP","floor":13.0},{"not_picked":["Bludgeon","True Grit","Warcry"],"picked":"SKIP","floor":14.0},{"not_picked":["Berserk","Immolate"],"picked":"Limit Break","floor":16.0},{"not_picked":["Headbutt","True Grit","Havoc"],"picked":"SKIP","floor":18.0},{"not_picked":["Headbutt","True Grit","Havoc"],"picked":"SKIP","floor":18.0},{"not_picked":["Heavy Blade+1","Shrug It Off","Wild Strike"],"picked":"SKIP","floor":19.0},{"not_picked":["Body Slam","Anger","Cleave"],"picked":"SKIP","floor":20.0},{"not_picked":["Power Through+1","True Grit","Armaments"],"picked":"SKIP","floor":22.0},{"not_picked":["Shrug It Off+1","Clothesline","Heavy Blade"],"picked":"SKIP","floor":24.0},{"not_picked":["Iron Wave","Heavy Blade","Sword Boomerang"],"picked":"SKIP","floor":27.0},{"not_picked":["Exhume","Searing Blow","Heavy Blade"],"picked":"SKIP","floor":31.0},{"not_picked":["Havoc","Whirlwind","Reckless Charge"],"picked":"SKIP","floor":35},{"not_picked":["Rupture+1","Armaments"],"picked":"Flex+1","floor":37},{"not_picked":["Headbutt","Body Slam+1","Immolate"],"picked":"SKIP","floor":38}],"player_experience":754701,"relics_obtained":[{"floor":8.0,"key":"War Paint"},{"floor":13.0,"key":"Sundial"},{"floor":26.0,"key":"Bronze Scales"}],"event_choices":[{"cards_removed":["Strike_R"],"damage_healed":0.0,"max_hp_gain":0.0,"max_hp_loss":0.0,"gold_gain":0.0,"event_name":"Golden Wing","player_choice":"Card Removal","floor":2.0,"gold_loss":0.0,"damage_taken":7.0},{"damage_healed":0.0,"max_hp_gain":0.0,"max_hp_loss":0.0,"gold_gain":75.0,"event_name":"World of Goop","player_choice":"Gather Gold","floor":7.0,"gold_loss":0.0,"damage_taken":11.0},{"damage_healed":0.0,"max_hp_gain":0.0,"max_hp_loss":0.0,"gold_gain":90.0,"event_name":"Knowing Skull","player_choice":"GOLD ","floor":21.0,"potions_obtained":[],"gold_loss":0.0,"damage_taken":12.0,"cards_obtained":[]},{"damage_healed":28.0,"max_hp_gain":0.0,"max_hp_loss":0.0,"gold_gain":0.0,"event_name":"The Library","player_choice":"Heal","floor":28.0,"gold_loss":0.0,"damage_taken":0.0},{"damage_healed":0.0,"max_hp_gain":5.0,"max_hp_loss":0.0,"gold_gain":0.0,"event_name":"Forgotten Altar","player_choice":"Shed Blood","floor":30.0,"gold_loss":0.0,"damage_taken":21.0},{"damage_healed":0,"gold_gain":0,"player_choice":"Max HP","damage_taken":0,"max_hp_gain":0,"max_hp_loss":5,"event_name":"Winding Halls","floor":36,"gold_loss":0}],"is_beta":false,"boss_relics":[{"not_picked":["Snecko Eye","Black Star"],"picked":"SlaversCollar"},{"not_picked":["Tiny House","Velvet Choker"],"picked":"Philosopher\u0027s Stone"}],"items_purged_floors":[4,11,23,25,29],"is_endless":false,"potions_floor_spawned":[3,5,10,12,18,24,27,38],"ascension_level":0}}