{"host":"aukiz5jlacd3g5yc","time":1614458040,"event":{"mods":["2.2 Compatiblity","Bard","BaseMod","Bestiary","Colored Map","Colored Powertips","Downfall","GifTheSpireLib","Hubris","Minty Spire (QoL Compilation)","Permanent Neow","Quick Restart","Random Character Button","Rare Cards Sparkle","Relic Sorter","Relic Stats","StSLib","everything is the same but u backflip on backflip","slay the spire mod where everything is the same but ironclad has a cowboy hat"],"gold_per_floor":[118,134,157,157,170,155,155,180,207,207,220,233,252,64,64,64,64],"floor_reached":16,"language":"ENG","playtime":401,"items_purged":[],"score":118,"play_id":"3b7e8c46-3585-4f3e-a4c8-a6c357fa021d","local_time":"20210227143400","is_ascension_mode":true,"campfire_choices":[{"data":"Fire Breathing","floor":7,"key":"SMITH"},{"data":"Rupture","floor":15,"key":"SMITH"}],"circlet_count":0,"master_deck":["Strike_R","Strike_R","Strike_R","Strike_R","Strike_R","Defend_R","Defend_R","Defend_R","Defend_R","Bash","Hemokinesis","Hemokinesis","Fire Breathing+1","Wild Strike","Bludgeon","Rupture+1","Rupture"],"relics":["Burning Blood","hubris:Icosahedron","Magic Flower","Dream Catcher","Tiny Chest","Centennial Puzzle","hubris:ToyBattleship","Brimstone"],"acts_visited":["Exordium"],"potions_floor_usage":[13,13,16],"damage_taken":[{"damage":9,"enemies":"Cultist","floor":1,"turns":4},{"damage":12,"enemies":"Small Slimes","floor":2,"turns":2},{"damage":7,"enemies":"2 Louse","floor":5,"turns":3},{"damage":28,"enemies":"3 Sentries","floor":6,"turns":6},{"damage":18,"enemies":"Gremlin Nob","floor":8,"turns":3},{"damage":10,"enemies":"Gremlin Gang","floor":11,"turns":2},{"damage":8,"enemies":"Exordium Wildlife","floor":12,"turns":2},{"damage":0,"enemies":"Lots of Slimes","floor":13,"turns":1},{"damage":63,"enemies":"The Guardian","floor":16,"turns":5}],"seed_played":"1580803445586710228","potions_obtained":[{"floor":5,"key":"Explosive Potion"},{"floor":11,"key":"Explosive Potion"},{"floor":12,"key":"LiquidBronze"}],"is_trial":false,"path_per_floor":["M","M","T","?","M","E","R","E","T","?","M","M","M","$","R","B"],"character_chosen":"IRONCLAD","items_purchased":["Brimstone","Rupture"],"campfire_rested":0,"item_purchase_floors":[14,14],"current_hp_per_floor":[72,69,69,69,71,52,52,43,43,43,42,43,52,52,52,0,0],"gold":64,"neow_bonus":"ONE_RARE_RELIC","is_daily":false,"chose_seed":false,"campfire_upgraded":2,"win_rate":0.0,"timestamp":1614458040,"path_taken":["M","?","?","?","M","E","R","E","T","?","M","M","?","$","R","BOSS"],"items_purchased_type":["Relic","Card"],"build_version":"2020-12-22","purchased_purges":0,"victory":false,"max_hp_per_floor":[72,72,72,72,72,72,72,72,72,72,72,72,72,72,72,72,72],"relic_stats":{"Dream Catcher":0,"Centennial Puzzle":[9],"counters":[9,28],"Magic Flower":[24],"Tiny Chest":0,"obtain_stats":[{"Dream Catcher":3,"Centennial Puzzle":8,"hubris:Icosahedron":4,"Brimstone":14,"Magic Flower":0,"Tiny Chest":6,"hubris:ToyBattleship":9,"Burning Blood":0},{"Dream Catcher":2,"Centennial Puzzle":5,"hubris:Icosahedron":2,"Brimstone":8,"Magic Flower":0,"Tiny Chest":4,"hubris:ToyBattleship":5,"Burning Blood":0},{"Dream Catcher":6,"Centennial Puzzle":18,"hubris:Icosahedron":6,"Brimstone":23,"Magic Flower":0,"Tiny Chest":15,"hubris:ToyBattleship":18,"Burning Blood":0}],"Burning Blood":72},"card_choices":[{"not_picked":["Shrug It Off","True Grit"],"picked":"Hemokinesis","floor":1},{"not_picked":["Shockwave","Flex"],"picked":"Hemokinesis","floor":2},{"not_picked":["Thunderclap","Headbutt"],"picked":"Fire Breathing","floor":5},{"not_picked":["Flex","Infernal Blade"],"picked":"Wild Strike","floor":6},{"not_picked":["Anger","Warcry"],"picked":"Bludgeon","floor":8},{"not_picked":["Heavy Blade","Burning Pact"],"picked":"Rupture","floor":11},{"not_picked":["Pummel","Pommel Strike","Flame Barrier"],"picked":"SKIP","floor":12},{"not_picked":["hubris:ReadiedAction","Cleave","True Grit"],"picked":"SKIP","floor":13}],"player_experience":410018,"relics_obtained":[{"floor":3,"key":"Dream Catcher"},{"floor":6,"key":"Tiny Chest"},{"floor":8,"key":"Centennial Puzzle"},{"floor":9,"key":"hubris:ToyBattleship"}],"event_choices":[{"damage_healed":0,"gold_gain":0,"player_choice":"0 cards matched","damage_taken":0,"max_hp_gain":0,"max_hp_loss":0,"event_name":"Match and Keep!","floor":10,"gold_loss":0,"cards_obtained":[]}],"is_beta":false,"boss_relics":[],"items_purged_floors":[],"is_endless":false,"potions_floor_spawned":[5,11,12],"killed_by":"The Guardian","ascension_level":1}}