{"host":"2haferq23ht5nrlk","time":1614427443,"event":{"mods":["ATMod(°¢èªMod)","AchievementEnabler","Alarm Clock","Aspiration","BaseMod","BetterRewards","Colored Powertips","Conspire","Dota2Spire","Faster Ascension Climbing","Infinite Spire","KomeijiMod","Library of Ruina","Library of Ruina Extra","Lobotomy","LobotomyExtend","Marked Mod","Minty Spire (QoL Compilation)","Quick Restart","Relic Filter Mod","Relic Stats","Reliquary","Replay The Spire","RumiaBox-Â¶Ã×æ«µÄÉñÃØºÐ×Ó","Spicy Shops","StSLib","TestMod","The Cursed","The Jungle","UnlockEverythingMod","¡¾ÒÅÎï¿¨ÅÆ¡¿REMEMod"],"gold_per_floor":[119,119,119,42,42,70,83,108,108,121,121,121,140,158,158,280,280,297,297,222,235,255,255,287,287,287,287,316,416,416,436,436,560,560,576,576,594,594,594,594,607,641,694,724,724,749,68,85,85,85,85,85,85,85,40,74,74],"floor_reached":58,"language":"ZHS","playtime":1792,"items_purged":["Strike_R","Defend_R"],"score":2603,"play_id":"64d9c82b-b231-45fa-8cf1-7bd5c191f334","local_time":"20210227200403","is_ascension_mode":true,"campfire_choices":[{"data":"ReplayTheSpireMod:Strike From Hell","floor":12,"key":"SMITH"},{"floor":15,"key":"DIG"},{"data":"Armaments","floor":23,"key":"SMITH"},{"data":"Bludgeon","floor":25,"key":"SMITH"},{"floor":27,"key":"RECALL"},{"data":"Limit Break","floor":32,"key":"SMITH"},{"data":"Barricade","floor":40,"key":"SMITH"},{"data":"AT_Dispersion","floor":54,"key":"SMITH"}],"circlet_count":0,"master_deck":["AscendersBane","Strike_R","Strike_R","Strike_R","Strike_R","Defend_R","Defend_R","Bash","AT_Desolate","HardRehearsal","AT_EmpoweredMortalDraw+1","AT_BodySlamDance","Twin Strike","Berserk+1","Metallicize","Bludgeon+1","ReplayTheSpireMod:Strike From Hell+1","Reaper","Hemogenesis+1","AT_IchimonjiDouble+1","ReplayTheSpireMod:Stacked","Bludgeon","Limit Break+1","Searing Blow+2","Brutality","Barricade+1","Perfected Strike","infinitespire:FinalStrike+1","Perfected Strike","Inflame+1","AT_Dispersion+1","Feed","Shockwave+1","AT_Dispersion+1","Shrug It Off","Shrug It Off","conspire:HitWhereItHurts"],"relics":["Burning Blood","AT_ATBox","REME_ComplimentaryCards","testmod-TestBox","testmod-AscensionHeart","AT_ArcaneBoots","LetterFromLob","PageOfBigBadWolf","AT_BellowingDragoncrestRing","Quantum Egg","reliquary:Stiletto","testmod-Nine","Replay:WaspNest","REME_HandOfSuture","infinitespire:CheckeredPen","testmod-Maize","White Beast Statue","EasyGame_NEW","NitorisBag","Dota2Spire:MagicBottle","Potion Belt","Omamori","testmod-AssaultLearning","HornCleat","StrikeDummy","Whetstone","testmod-Register","Mercury Hourglass"],"acts_visited":["Exordium","TheCity","TheBeyond","TheEnding"],"potions_floor_usage":[14,16,16,29,42,48,50,50,51,57,57,57],"damage_taken":[{"damage":0,"enemies":"2 Louse","floor":1,"turns":2},{"damage":0,"enemies":"3 Sentries","floor":6,"turns":1},{"damage":4,"enemies":"Small Slimes","floor":7,"turns":2},{"damage":6,"enemies":"Replay:BlueRogue","floor":8,"turns":2},{"damage":0,"enemies":"Jaw Worm","floor":10,"turns":1},{"damage":6,"enemies":"3 Louse","floor":13,"turns":2},{"damage":71,"enemies":"The Guardian","floor":16,"turns":5},{"damage":20,"enemies":"2 Thieves","floor":18,"turns":2},{"damage":6,"enemies":"3 Byrds","floor":21,"turns":3},{"damage":12,"enemies":"Snecko","floor":22,"turns":4},{"damage":0,"enemies":"Slavers","floor":24,"turns":1},{"damage":52,"enemies":"REME_1_Revenger","floor":28,"turns":4},{"damage":17,"enemies":"Colosseum Slavers","floor":29,"turns":2},{"damage":5,"enemies":"Colosseum Nobs","floor":29,"turns":2},{"damage":0,"enemies":"Snake Plant","floor":31,"turns":1},{"damage":33,"enemies":"Collector","floor":33,"turns":8},{"damage":24,"enemies":"Orb Walker","floor":35,"turns":3},{"damage":30,"enemies":"3 Darklings","floor":37,"turns":5},{"damage":7,"enemies":"Maw","floor":41,"turns":4},{"damage":0,"enemies":"Reptomancer","floor":42,"turns":2},{"damage":29,"enemies":"Nemesis","floor":44,"turns":3},{"damage":4,"enemies":"R_Hoarder","floor":46,"turns":4},{"damage":0,"enemies":"Spire Growth","floor":48,"turns":2},{"damage":94,"enemies":"LordOfAnnihilation","floor":50,"turns":15},{"damage":42,"enemies":"Replay:Hell Engine","floor":51,"turns":5},{"damage":33,"enemies":"Replay:Hell Engine","floor":52,"turns":4},{"damage":61,"enemies":"Shield and Spear","floor":56,"turns":4},{"damage":72,"enemies":"The Heart","floor":57,"turns":5}],"seed_played":"-3568828756550446451","potions_obtained":[{"floor":7,"key":"Dota2Spire:HealingSalve"},{"floor":10,"key":"Dexterity Potion"},{"floor":14,"key":"Fruit Juice"},{"floor":14,"key":"Ancient Potion"},{"floor":21,"key":"CultistPotion"},{"floor":22,"key":"SteroidPotion"},{"floor":31,"key":"EssenceOfSteel"},{"floor":33,"key":"DistilledChaos"},{"floor":42,"key":"Ancient Potion"},{"floor":44,"key":"Strength Potion"},{"floor":46,"key":"testmod-SpacePotion"},{"floor":48,"key":"Elixir"},{"floor":56,"key":"AttackPotion"}],"is_trial":false,"path_per_floor":["M","?","?","$","?","E","M","E","T","M","?","R","M","?","R","B",null,"M","?","?","M","M","R","E","R","T","R","E","?","?","M","R","B",null,"M","AVR","M","?","?","R","M","E","T","E","?","E","$","M","R","B","B",null,null,"R","$","E","B",null],"character_chosen":"IRONCLAD","items_purchased":["AT_SpeedBoots","AT_EmpoweredMortalDraw","Twin Strike","StrikeDummy","Whetstone","Shrug It Off","testmod-Register","SkillPotion"],"campfire_rested":0,"item_purchase_floors":[0,0,4,47,47,47,47,55],"current_hp_per_floor":[75,75,73,73,73,76,76,77,77,77,77,77,77,73,73,26,72,67,67,67,80,87,87,88,88,88,88,47,59,59,70,70,76,90,77,77,86,86,86,86,90,95,95,77,77,85,85,97,97,63,63,54,94,94,94,63,84],"gold":74,"neow_bonus":"","is_daily":false,"chose_seed":false,"campfire_upgraded":6,"win_rate":0.0,"timestamp":1614427443,"path_taken":["M","?","?","$","?","E","M","E","T","M","?","R","M","?","R","BOSS","M","?","?","M","M","R","E","R","T","R","E","?","?","?","R","BOSS","M","AVR","M","?","?","R","M","E","T","E","?","E","?","M","R","BOSS","BOSS","R","$","E","BOSS"],"items_purchased_type":["Relic","Card","Card","Relic","Relic","Card","Relic","Potion"],"build_version":"2020-12-22","purchased_purges":2,"victory":true,"max_hp_per_floor":[75,75,75,75,75,76,76,77,77,77,77,77,77,82,82,87,87,87,87,87,87,87,87,88,88,88,88,89,89,89,89,89,94,94,94,94,94,94,94,94,94,95,95,96,96,97,97,97,97,102,107,107,107,107,107,108,113],"relic_stats":{"counters":[28,98],"Whetstone":["Hemogenesis","Searing Blow"],"obtain_stats":[{"AT_ATBox":0,"AT_ArcaneBoots":37,"Whetstone":47,"Burning Blood":0,"Dota2Spire:MagicBottle":42,"HornCleat":46,"PageOfBigBadWolf":3,"Potion Belt":43,"testmod-Maize":29,"testmod-TestBox":0,"testmod-Register":47,"Quantum Egg":8,"Replay:WaspNest":24,"Omamori":44,"infinitespire:CheckeredPen":28,"White Beast Statue":29,"Mercury Hourglass":56,"NitorisBag":36,"AT_SpeedBoots":0,"AT_BellowingDragoncrestRing":6,"testmod-AssaultLearning":45,"reliquary:Stiletto":15,"REME_HandOfSuture":26,"LetterFromLob":1,"StrikeDummy":47,"testmod-Nine":17,"EasyGame_NEW":34,"REME_ComplimentaryCards":0},{"AT_ATBox":0,"AT_ArcaneBoots":18,"Whetstone":22,"Burning Blood":0,"Dota2Spire:MagicBottle":20,"HornCleat":22,"PageOfBigBadWolf":1,"Potion Belt":20,"testmod-Maize":14,"testmod-TestBox":0,"testmod-Register":22,"Quantum Egg":4,"Replay:WaspNest":11,"Omamori":21,"infinitespire:CheckeredPen":12,"White Beast Statue":14,"Mercury Hourglass":27,"NitorisBag":17,"AT_SpeedBoots":0,"AT_BellowingDragoncrestRing":2,"testmod-AssaultLearning":21,"reliquary:Stiletto":6,"REME_HandOfSuture":11,"LetterFromLob":1,"StrikeDummy":22,"testmod-Nine":7,"EasyGame_NEW":16,"REME_ComplimentaryCards":0},{"AT_ATBox":0,"AT_ArcaneBoots":49,"Whetstone":63,"Burning Blood":0,"Dota2Spire:MagicBottle":56,"HornCleat":63,"PageOfBigBadWolf":2,"Potion Belt":56,"testmod-Maize":33,"testmod-TestBox":0,"testmod-Register":63,"Quantum Egg":7,"Replay:WaspNest":25,"Omamori":59,"infinitespire:CheckeredPen":29,"White Beast Statue":33,"Mercury Hourglass":93,"NitorisBag":45,"AT_SpeedBoots":0,"AT_BellowingDragoncrestRing":3,"testmod-AssaultLearning":59,"reliquary:Stiletto":10,"REME_HandOfSuture":25,"LetterFromLob":2,"StrikeDummy":63,"testmod-Nine":15,"EasyGame_NEW":42,"REME_ComplimentaryCards":0}],"Burning Blood":127,"Mercury Hourglass":[12]},"card_choices":[{"not_picked":["Run Through","Defy Death"],"picked":"AT_BodySlamDance","floor":1},{"not_picked":["Fiend Fire","REME_Fury"],"picked":"Berserk","floor":6},{"not_picked":["Heavy Blade","Havoc"],"picked":"Metallicize","floor":7},{"not_picked":["conspire:HitWhereItHurts","Demonic Infusion"],"picked":"Bludgeon","floor":8},{"not_picked":["Flex","Uppercut"],"picked":"ReplayTheSpireMod:Strike From Hell","floor":10},{"not_picked":["conspire:ExplosiveBarrier","REME_SingleHolding"],"picked":"Armaments","floor":13},{"not_picked":["Sword Boomerang","Clash"],"picked":"Reaper","floor":14},{"not_picked":["Demonic Infusion","Brutality"],"picked":"Hemogenesis","floor":16},{"not_picked":["Clothesline","Heavy Blade"],"picked":"True Grit","floor":18},{"not_picked":["Clash+1","Sword Boomerang"],"picked":"AT_IchimonjiDouble","floor":21},{"not_picked":["Headbutt","Clash"],"picked":"ReplayTheSpireMod:Stacked","floor":22},{"not_picked":["Replay:Many Hands","Fiend Fire"],"picked":"Bludgeon","floor":24},{"not_picked":["Fiend Fire","Exhume"],"picked":"Limit Break","floor":28},{"not_picked":["Headbutt","AT_IchimonjiDouble"],"picked":"Searing Blow","floor":29},{"not_picked":["Armaments","Rupture"],"picked":"Brutality","floor":31},{"not_picked":["Hemogenesis","Limit Break"],"picked":"Barricade","floor":33},{"not_picked":["Battle Trance","Searing Blow"],"picked":"Perfected Strike","floor":35},{"not_picked":["Iron Wave","Run Through"],"picked":"Perfected Strike","floor":37},{"not_picked":["Infernal Blade","Entrench+1"],"picked":"Inflame","floor":41},{"not_picked":["Impervious","Hemogenesis"],"picked":"AT_Dispersion","floor":42},{"not_picked":["Fiend Fire","Bludgeon"],"picked":"Feed","floor":44},{"not_picked":["Clash","Body Slam"],"picked":"Shockwave","floor":45},{"not_picked":["Hemogenesis","REME_ACTH"],"picked":"AT_Dispersion","floor":46},{"not_picked":["Clash+1","Anger","Warcry"],"picked":"SKIP","floor":48},{"not_picked":["REME_TheLastStrike","Bludgeon"],"picked":"conspire:HitWhereItHurts","floor":56}],"player_experience":50209,"relics_obtained":[{"floor":1,"key":"LetterFromLob"},{"floor":6,"key":"AT_BellowingDragoncrestRing"},{"floor":8,"key":"Quantum Egg"},{"floor":15,"key":"reliquary:Stiletto"},{"floor":24,"key":"Replay:WaspNest"},{"floor":26,"key":"REME_HandOfSuture"},{"floor":28,"key":"infinitespire:CheckeredPen"},{"floor":29,"key":"testmod-Maize"},{"floor":29,"key":"White Beast Statue"},{"floor":42,"key":"Dota2Spire:MagicBottle"},{"floor":43,"key":"Potion Belt"},{"floor":44,"key":"Omamori"},{"floor":45,"key":"testmod-AssaultLearning"},{"floor":46,"key":"HornCleat"},{"floor":56,"key":"Mercury Hourglass"}],"event_choices":[{"damage_healed":0,"gold_gain":0,"player_choice":"Leave","damage_taken":0,"max_hp_gain":0,"max_hp_loss":0,"event_name":"The Cleric","floor":2,"gold_loss":0},{"damage_healed":0,"gold_gain":0,"player_choice":"Success","damage_taken":5,"relics_obtained":["PageOfBigBadWolf"],"max_hp_gain":0,"max_hp_loss":0,"event_name":"Scrap Ooze","floor":3,"gold_loss":0},{"damage_healed":0,"gold_gain":0,"player_choice":"Ignored","damage_taken":0,"max_hp_gain":0,"max_hp_loss":0,"event_name":"Liars Game","floor":5,"gold_loss":0},{"damage_healed":0,"gold_gain":0,"player_choice":"Ignored","damage_taken":0,"max_hp_gain":0,"max_hp_loss":0,"event_name":"Ghosts","floor":19,"gold_loss":0},{"cards_removed":["Defend_R"],"damage_healed":0,"gold_gain":0,"player_choice":"Gave Gold","damage_taken":0,"max_hp_gain":0,"max_hp_loss":0,"event_name":"Beggar","floor":20,"gold_loss":75},{"damage_healed":0,"gold_gain":0,"player_choice":"Fight","damage_taken":0,"max_hp_gain":0,"max_hp_loss":0,"event_name":"Colosseum","floor":29,"gold_loss":0},{"damage_healed":0,"gold_gain":0,"player_choice":"Fought Nobs","damage_taken":0,"max_hp_gain":0,"max_hp_loss":0,"event_name":"Colosseum","floor":29,"gold_loss":0},{"cards_removed":["True Grit"],"damage_healed":0,"gold_gain":0,"player_choice":"Removed Skill","damage_taken":0,"max_hp_gain":0,"max_hp_loss":0,"event_name":"Falling","floor":38,"gold_loss":0}],"is_beta":false,"boss_relics":[{"not_picked":["Replay:Fungal Core","Runic Pyramid"],"picked":"testmod-Nine"},{"not_picked":["testmod-BatchProcessingSystem","testmod-Prudence"],"picked":"EasyGame_NEW"}],"items_purged_floors":[0,47],"is_endless":false,"potions_floor_spawned":[7,10,13,21,22,29,31,33,35,37,41,42,44,46,48,52,56],"ascension_level":20}}