{"host":"uj9w4ppfbvfw2v3t","time":1614446479,"event":{"mods":["AchievementEnabler","BaseMod","Colored Map","Colored Powertips","Keyboard Shortcuts","Minty Spire (QoL Compilation)","Quick Restart","Say the Spire","StSLib","SuperFastMode","The Cursed","Yuri Mod"],"gold_per_floor":[118,130,145,145,145,175,175,125,125,157,174,185,196,215,215,317,317,335,67,67,87,104,137,137,156,210,239,239,253,286,298,298,397,397,409,424,474,474,486,486,486,500,526,526,539,539,555,590,590,590,590,590,50,81,81],"floor_reached":56,"language":"KOR","playtime":4465,"items_purged":["TheCursedMod:Strike_TheCursed","TheCursedMod:Strike_TheCursed"],"score":1333,"play_id":"e38de443-06d7-41b1-8014-2f6863c184f5","local_time":"20210228022119","is_ascension_mode":false,"campfire_choices":[{"data":"TheCursedMod:HellfireBreathing","floor":7.0,"key":"SMITH"},{"data":"TheCursedMod:CircleOfBlood","floor":15.0,"key":"SMITH"},{"data":"TheCursedMod:NeowsMight","floor":24.0,"key":"SMITH"},{"data":"TheCursedMod:VoidForm","floor":32,"key":"SMITH"},{"data":"TheCursedMod:OutForBlood","floor":40,"key":"SMITH"},{"data":"TheCursedMod:CircleOfBlood","floor":41,"key":"SMITH"},{"data":"TheCursedMod:CursedSpellbook","floor":44,"key":"SMITH"},{"floor":49,"key":"RECALL"},{"data":"TheCursedMod:CursedSpellbook","floor":52,"key":"SMITH"}],"circlet_count":0,"master_deck":["TheCursedMod:Defend_TheCursed","TheCursedMod:Defend_TheCursed","TheCursedMod:CursedWand","TheCursedMod:CleanUpWorkshop","TheCursedMod:Dregs","TheCursedMod:DemonSword","TheCursedMod:CursedBlade","TheCursedMod:CursedBoomerang","TheCursedMod:CursedStaff","TheCursedMod:HellfireBreathing+1","TheCursedMod:AbyssShockwave","TheCursedMod:CircleOfBlood+1","TheCursedMod:CursedAmulet","TheCursedMod:Wield","TheCursedMod:SoulReap","TheCursedMod:CircleOfBlood+1","TheCursedMod:SmokeScreen","TheCursedMod:VoidForm+1","TheCursedMod:NeowsMight+1","TheCursedMod:LuckyCharm+1","TheCursedMod:CursedSpellbook+1","TheCursedMod:CursedSpellbook+1","TheCursedMod:TroublousMinions+1","TheCursedMod:CursedAmulet","TheCursedMod:SpitefulPray","TheCursedMod:TroublousMinions+1","TheCursedMod:CircleOfCorruption+1","TheCursedMod:SmokeScreen+1","TheCursedMod:Evocation+1","TheCursedMod:RapidMovement+1","TheCursedMod:WearCloak","TheCursedMod:OutForBlood+1","TheCursedMod:VitalStrike+1","TheCursedMod:ManaBullet","TheCursedMod:CursedMace+1","TheCursedMod:RapidMovement+1","TheCursedMod:SpitefulStrike+1","TheCursedMod:FleshFromBone+1","TheCursedMod:SpitefulPray+1","TheCursedMod:CursedMace","TheCursedMod:CursedShiv+1","TheCursedMod:CursedAmulet","TheCursedMod:DemonicPact","TheCursedMod:AshesToAshes+1","TheCursedMod:TroublousMinions+1","TheCursedMod:ManaCirculation"],"relics":["TheCursedMod:BlackMagicAdvanced","Prayer Wheel","Pantograph","TheCursedMod:Tack","ClockworkSouvenir","FossilizedHelix","Pen Nib","Smiling Mask","Red Mask","Sozu","WingedGreaves","Eternal Feather","Mummified Hand","Bottled Lightning","Oddly Smooth Stone","War Paint"],"acts_visited":["Exordium","TheCity","TheBeyond","TheEnding"],"potions_floor_usage":[33,48],"damage_taken":[{"damage":0.0,"enemies":"Small Slimes","floor":1.0,"turns":3.0},{"damage":0.0,"enemies":"2 Louse","floor":2.0,"turns":3.0},{"damage":0.0,"enemies":"Cultist","floor":3.0,"turns":2.0},{"damage":20.0,"enemies":"Gremlin Nob","floor":6.0,"turns":4.0},{"damage":21.0,"enemies":"Lagavulin","floor":10.0,"turns":6.0},{"damage":2.0,"enemies":"3 Louse","floor":11.0,"turns":2.0},{"damage":5.0,"enemies":"Lots of Slimes","floor":12.0,"turns":2.0},{"damage":0.0,"enemies":"2 Fungi Beasts","floor":13.0,"turns":2.0},{"damage":8.0,"enemies":"Large Slime","floor":14.0,"turns":4.0},{"damage":52.0,"enemies":"The Guardian","floor":16.0,"turns":10.0},{"damage":22.0,"enemies":"Chosen","floor":18.0,"turns":5.0},{"damage":0.0,"enemies":"3 Byrds","floor":21.0,"turns":2.0},{"damage":21.0,"enemies":"Snake Plant","floor":22.0,"turns":4.0},{"damage":2.0,"enemies":"Gremlin Leader","floor":23.0,"turns":5.0},{"damage":0.0,"enemies":"3 Cultists","floor":25.0,"turns":3.0},{"damage":0.0,"enemies":"Book of Stabbing","floor":27.0,"turns":5.0},{"damage":6.0,"enemies":"Centurion and Healer","floor":29.0,"turns":5.0},{"damage":19.0,"enemies":"Masked Bandits","floor":30.0,"turns":4.0},{"damage":0.0,"enemies":"Sentry and Sphere","floor":31.0,"turns":2.0},{"damage":0,"enemies":"Champ","floor":33,"turns":6},{"damage":6,"enemies":"3 Darklings","floor":35,"turns":3},{"damage":10,"enemies":"3 Shapes","floor":36,"turns":5},{"damage":32,"enemies":"Mind Bloom Boss Battle","floor":37,"turns":5},{"damage":1,"enemies":"Maw","floor":39,"turns":5},{"damage":25,"enemies":"3 Darklings","floor":42,"turns":4},{"damage":0,"enemies":"Jaw Worm Horde","floor":45,"turns":3},{"damage":0,"enemies":"Spire Growth","floor":47,"turns":4},{"damage":3,"enemies":"Giant Head","floor":48,"turns":6},{"damage":30,"enemies":"Time Eater","floor":50,"turns":7},{"damage":0,"enemies":"Shield and Spear","floor":54,"turns":5},{"damage":38,"enemies":"The Heart","floor":55,"turns":8}],"seed_played":"-1547080600932078265","potions_obtained":[{"floor":2.0,"key":"Regen Potion"},{"floor":6.0,"key":"LiquidMemories"},{"floor":11.0,"key":"ColorlessPotion"},{"floor":12.0,"key":"Fire Potion"},{"floor":27.0,"key":"EntropicBrew"},{"floor":31,"key":"DuplicationPotion"}],"is_trial":false,"path_per_floor":["M","M","M","?","?","E","R","?","T","E","M","M","M","M","R","B",null,"M","$","?","M","M","E","R","M","T","E","?","M","?","M","R","B",null,"M","M","?","?","M","R","R","M","T","R","M","?","M","E","R","B",null,"R","$","E","B",null],"character_chosen":"THE_CURSED","items_purchased":["TheCursedMod:CursedSpellbook","ClockworkSouvenir","Bottled Lightning","Oddly Smooth Stone","TheCursedMod:AshesToAshes"],"campfire_rested":0,"item_purchase_floors":[19,19,53,53,53],"current_hp_per_floor":[75,75,75,75,68,48,48,48,48,36,34,29,29,32,32,19,75,68,68,68,75,66,73,73,75,75,75,75,75,58,60,60,75,75,75,71,43,43,48,48,48,36,36,36,62,62,71,72,75,53,75,75,75,75,39],"gold":81,"neow_bonus":"ONE_RANDOM_RARE_CARD","is_daily":false,"chose_seed":false,"campfire_upgraded":8,"win_rate":0.0,"timestamp":1614446479,"path_taken":["M","M","M","?","?","E","R","?","T","E","M","M","M","M","R","BOSS","M","$","?","M","M","E","R","M","T","E","?","M","?","M","R","BOSS","M","M","?","?","M","R","R","M","T","R","?","?","?","E","R","BOSS","R","$","E","BOSS"],"items_purchased_type":["Card","Relic","Relic","Relic","Card"],"build_version":"2020-12-22","purchased_purges":2,"victory":true,"max_hp_per_floor":[75,75,75,75,75,75,75,75,75,75,75,75,75,75,75,75,75,75,75,75,75,75,75,75,75,75,75,75,75,75,75,75,75,75,75,75,75,75,75,75,75,75,75,75,75,75,75,75,75,75,75,75,75,75,75],"card_choices":[{"not_picked":["TheCursedMod:SpitefulStrike","TheCursedMod:AbyssShockwave"],"picked":"TheCursedMod:CursedBlade","floor":1.0},{"not_picked":["TheCursedMod:CursedBlade","TheCursedMod:RavingStaff"],"picked":"TheCursedMod:CursedBoomerang","floor":2.0},{"not_picked":["TheCursedMod:ManaCirculation","TheCursedMod:VitalStrike"],"picked":"TheCursedMod:CursedStaff","floor":3.0},{"not_picked":["TheCursedMod:ManaBullet","TheCursedMod:SurpriseAttack"],"picked":"TheCursedMod:HellfireBreathing","floor":6.0},{"not_picked":["TheCursedMod:Stretching","TheCursedMod:BloodBarrier","TheCursedMod:Torture"],"picked":"SKIP","floor":10.0},{"not_picked":["TheCursedMod:Stretching","TheCursedMod:CircleOfWindfury"],"picked":"TheCursedMod:AbyssShockwave","floor":11.0},{"not_picked":["TheCursedMod:RapidMovement","TheCursedMod:SpitefulStrike","TheCursedMod:VitalStrike"],"picked":"SKIP","floor":11.0},{"not_picked":["TheCursedMod:Grudge","TheCursedMod:HellfireBreathing"],"picked":"TheCursedMod:CircleOfBlood","floor":12.0},{"not_picked":["TheCursedMod:CursedShiv","TheCursedMod:CursedMace"],"picked":"TheCursedMod:CursedAmulet","floor":12.0},{"not_picked":["TheCursedMod:SpitefulPray","TheCursedMod:AntiAging"],"picked":"TheCursedMod:Wield","floor":13.0},{"not_picked":["TheCursedMod:Torture","TheCursedMod:CircleOfCorruption"],"picked":"TheCursedMod:SoulReap","floor":13.0},{"not_picked":["TheCursedMod:UltimatePain","TheCursedMod:BloodBarrier"],"picked":"TheCursedMod:CircleOfBlood","floor":14.0},{"not_picked":["TheCursedMod:TacticalStrike","TheCursedMod:RapidMovement"],"picked":"TheCursedMod:SmokeScreen","floor":14.0},{"not_picked":["TheCursedMod:UltimatePain","TheCursedMod:DemonSword"],"picked":"TheCursedMod:NeowsMight","floor":16.0},{"not_picked":["TheCursedMod:Hemoplague","TheCursedMod:Stretching+1"],"picked":"TheCursedMod:LuckyCharm+1","floor":18.0},{"not_picked":["TheCursedMod:TacticalStrike","TheCursedMod:LuckyCharm+1"],"picked":"TheCursedMod:CursedSpellbook","floor":18.0},{"not_picked":["TheCursedMod:ReleasedKnowledge","TheCursedMod:CircleOfCorruption"],"picked":"TheCursedMod:CursedAmulet","floor":21.0},{"not_picked":["TheCursedMod:Obscuration","TheCursedMod:Stretching","TheCursedMod:CursedBlade"],"picked":"SKIP","floor":21.0},{"not_picked":["TheCursedMod:CursedBoomerang","TheCursedMod:CursedBlade"],"picked":"TheCursedMod:SpitefulPray","floor":22.0},{"not_picked":["TheCursedMod:SaltUponWound","TheCursedMod:CircleOfFlame","TheCursedMod:SmokeScreen+1"],"picked":"SKIP","floor":22.0},{"not_picked":["TheCursedMod:FuryStrike","TheCursedMod:CursedMace+1","TheCursedMod:DoubleShield+1"],"picked":"SKIP","floor":23.0},{"not_picked":["TheCursedMod:Wield","TheCursedMod:CircleOfFlame"],"picked":"TheCursedMod:TroublousMinions+1","floor":25.0},{"not_picked":["TheCursedMod:SurpriseAttack","TheCursedMod:TacticalStrike","TheCursedMod:Hemoplague+1"],"picked":"SKIP","floor":25.0},{"not_picked":["TheCursedMod:PrepareRite+1","TheCursedMod:CircleOfAbyss","TheCursedMod:SoulCrush+1"],"picked":"SKIP","floor":27.0},{"not_picked":["TheCursedMod:RavingStaff","TheCursedMod:SpreadPlague"],"picked":"TheCursedMod:CircleOfCorruption+1","floor":29.0},{"not_picked":["TheCursedMod:SpitefulStrike+1","TheCursedMod:FleshFromBone"],"picked":"TheCursedMod:SmokeScreen+1","floor":29.0},{"not_picked":["TheCursedMod:StingEye","TheCursedMod:EmpowerCircles"],"picked":"TheCursedMod:Evocation+1","floor":30.0},{"not_picked":["TheCursedMod:CircleOfFlame+1","TheCursedMod:CircleOfFocus"],"picked":"TheCursedMod:RapidMovement+1","floor":31},{"not_picked":["TheCursedMod:RapidMovement","TheCursedMod:SpreadPlague"],"picked":"TheCursedMod:WearCloak","floor":31},{"not_picked":["TheCursedMod:VoidForm","TheCursedMod:AntiAging"],"picked":"TheCursedMod:OutForBlood","floor":33},{"not_picked":["TheCursedMod:SoulReap","TheCursedMod:CursedAmulet"],"picked":"TheCursedMod:VitalStrike+1","floor":35},{"not_picked":["TheCursedMod:SmokeScreen","TheCursedMod:CircleOfFlame"],"picked":"TheCursedMod:ManaBullet","floor":35},{"not_picked":["TheCursedMod:CursedBlade","TheCursedMod:CursedBoomerang+1","TheCursedMod:Torture+1"],"picked":"SKIP","floor":36},{"not_picked":["TheCursedMod:CircleOfFlame+1","TheCursedMod:Torture","TheCursedMod:SmokeScreen"],"picked":"SKIP","floor":36},{"not_picked":["TheCursedMod:SurpriseAttack","TheCursedMod:CursedBlade"],"picked":"TheCursedMod:CursedMace+1","floor":37},{"not_picked":["TheCursedMod:StunningStrike","TheCursedMod:DoubleShield"],"picked":"TheCursedMod:RapidMovement+1","floor":39},{"not_picked":["TheCursedMod:FleshFromBone","TheCursedMod:CursedAmulet+1"],"picked":"TheCursedMod:SpitefulStrike+1","floor":39},{"not_picked":["TheCursedMod:TacticalStrike+1","TheCursedMod:FuryStrike+1"],"picked":"TheCursedMod:FleshFromBone+1","floor":42},{"not_picked":["TheCursedMod:AshesToAshes","TheCursedMod:CursedArmor","TheCursedMod:VitalStrike"],"picked":"SKIP","floor":42},{"not_picked":["TheCursedMod:CircleOfAmplification+1","TheCursedMod:TroublousMinions+1"],"picked":"TheCursedMod:SpitefulPray+1","floor":45},{"not_picked":["TheCursedMod:Stigma+1","TheCursedMod:StunningStrike","TheCursedMod:CursedMace"],"picked":"SKIP","floor":45},{"not_picked":["TheCursedMod:CircleOfFlame","TheCursedMod:FuryStrike"],"picked":"TheCursedMod:CursedShiv+1","floor":47},{"not_picked":["TheCursedMod:SpitefulStrike","TheCursedMod:Torture+1"],"picked":"TheCursedMod:CursedAmulet","floor":47},{"not_picked":["TheCursedMod:Stretching","TheCursedMod:CircleOfAmplification+1"],"picked":"TheCursedMod:DemonicPact","floor":48},{"not_picked":["TheCursedMod:RapidMovement","TheCursedMod:CursedBlade"],"picked":"TheCursedMod:TroublousMinions+1","floor":54}],"player_experience":273143,"relics_obtained":[{"floor":6.0,"key":"Prayer Wheel"},{"floor":9.0,"key":"Pantograph"},{"floor":10.0,"key":"TheCursedMod:Tack"},{"floor":23.0,"key":"FossilizedHelix"},{"floor":26.0,"key":"Pen Nib"},{"floor":27.0,"key":"Smiling Mask"},{"floor":30.0,"key":"Red Mask"},{"floor":37,"key":"WingedGreaves"},{"floor":48,"key":"Mummified Hand"},{"floor":54,"key":"War Paint"}],"event_choices":[{"damage_healed":0.0,"max_hp_gain":0.0,"max_hp_loss":0.0,"gold_gain":0.0,"event_name":"Liars Game","player_choice":"Ignored","floor":4.0,"gold_loss":0.0,"damage_taken":0.0},{"cards_removed":["TheCursedMod:Strike_TheCursed"],"damage_healed":0.0,"max_hp_gain":0.0,"max_hp_loss":0.0,"gold_gain":0.0,"event_name":"Golden Wing","player_choice":"Card Removal","floor":5.0,"gold_loss":0.0,"damage_taken":7.0},{"cards_removed":["TheCursedMod:Defend_TheCursed"],"damage_healed":0.0,"max_hp_gain":0.0,"max_hp_loss":0.0,"gold_gain":0.0,"event_name":"The Cleric","player_choice":"Card Removal","floor":8.0,"gold_loss":50.0,"damage_taken":0.0},{"damage_healed":0.0,"max_hp_gain":0.0,"max_hp_loss":0.0,"gold_gain":0.0,"event_name":"The Library","player_choice":"Read","floor":20.0,"gold_loss":0.0,"damage_taken":0.0,"cards_obtained":["TheCursedMod:TroublousMinions"]},{"cards_removed":["TheCursedMod:Strike_TheCursed"],"damage_healed":0.0,"max_hp_gain":0.0,"max_hp_loss":0.0,"gold_gain":0.0,"event_name":"Back to Basics","player_choice":"Elegance","floor":28.0,"gold_loss":0.0,"damage_taken":0.0},{"damage_healed":0.0,"max_hp_gain":0.0,"max_hp_loss":0.0,"gold_gain":0.0,"event_name":"Masked Bandits","player_choice":"Fought Bandits","floor":30.0,"gold_loss":0.0,"damage_taken":0.0},{"damage_healed":0,"gold_gain":0,"player_choice":"Fight","damage_taken":0,"max_hp_gain":0,"max_hp_loss":0,"event_name":"MindBloom","floor":37,"gold_loss":0},{"cards_removed":["TheCursedMod:Defend_TheCursed"],"damage_healed":0,"gold_gain":0,"player_choice":"Purged","damage_taken":0,"max_hp_gain":0,"max_hp_loss":0,"event_name":"Purifier","floor":38,"gold_loss":0},{"damage_healed":0,"gold_gain":0,"player_choice":"Gave Potion","damage_taken":0,"relics_obtained":["Eternal Feather"],"max_hp_gain":0,"max_hp_loss":0,"event_name":"WeMeetAgain","floor":46,"gold_loss":0}],"is_beta":false,"boss_relics":[{"not_picked":["Runic Pyramid","Velvet Choker"],"picked":"TheCursedMod:BlackMagicAdvanced"},{"not_picked":["Fusion Hammer","Busted Crown"],"picked":"Sozu"}],"items_purged_floors":[19,53],"is_endless":false,"potions_floor_spawned":[2,6,11,12,13,21,23,27,29,31,37,39,42,48,54],"ascension_level":0}}