{"host":"ul3z8ex5o8l5j7mh","time":1614446908,"event":{"mods":["2.2 Compatiblity","AchievementEnabler","BaseMod","Bestiary","Colored Map","Colored Powertips","Curses Come First","DeckTracker","Highlight Path","Keyboard Shortcuts","Minty Spire (QoL Compilation)","Relic Sorter","Relic Stats","StSLib","SuperFastMode"],"gold_per_floor":[117,134,59,59,71,71,100,118,118,118,118,118,118],"floor_reached":12,"language":"ENG","playtime":401,"items_purged":["Shame"],"score":105,"play_id":"ac12ea6d-10d0-4e3b-b4fb-7a11cdc9c663","local_time":"20210227182828","is_ascension_mode":true,"campfire_choices":[{"data":"Searing Blow","floor":6,"key":"SMITH"},{"floor":10,"key":"REST"}],"circlet_count":0,"master_deck":["Strike_R","Strike_R","Strike_R","Defend_R","Defend_R","Defend_R","Bash","Infernal Blade+1","Exhume","Pommel Strike","Intimidate","Searing Blow+1","Feed","Uppercut"],"relics":["Burning Blood","Dead Branch","Blue Candle"],"acts_visited":["Exordium"],"potions_floor_usage":[7],"damage_taken":[{"damage":12,"enemies":"Jaw Worm","floor":1,"turns":2},{"damage":4,"enemies":"2 Louse","floor":2,"turns":3},{"damage":5,"enemies":"Small Slimes","floor":5,"turns":3},{"damage":55,"enemies":"Lagavulin","floor":7,"turns":7},{"damage":11,"enemies":"Red Slaver","floor":8,"turns":4},{"damage":32,"enemies":"3 Sentries","floor":12,"turns":4}],"seed_played":"408970104671929745","potions_obtained":[{"floor":5,"key":"Explosive Potion"},{"floor":7,"key":"Dexterity Potion"}],"is_trial":false,"path_per_floor":["M","M","$","?","M","R","E","M","T","R","?","E"],"character_chosen":"IRONCLAD","items_purchased":[],"campfire_rested":1,"item_purchase_floors":[],"current_hp_per_floor":[66,68,68,61,62,62,13,8,8,32,32,0,0],"gold":118,"neow_bonus":"TRANSFORM_TWO_CARDS","is_daily":false,"chose_seed":false,"campfire_upgraded":1,"win_rate":0.0,"timestamp":1614446908,"path_taken":["M","M","$","?","M","R","E","M","T","R","?","E"],"items_purchased_type":[],"build_version":"2020-12-22","purchased_purges":1,"victory":false,"max_hp_per_floor":[80,80,80,80,80,80,80,80,80,80,80,80,80],"relic_stats":{"counters":[6,23],"Dead Branch":[12],"Blue Candle":[0],"obtain_stats":[{"Dead Branch":7,"Blue Candle":9,"Burning Blood":0},{"Dead Branch":4,"Blue Candle":5,"Burning Blood":0},{"Dead Branch":15,"Blue Candle":19,"Burning Blood":0}],"Burning Blood":30},"card_choices":[{"not_picked":["Twin Strike","Thunderclap"],"picked":"Pommel Strike","floor":1},{"not_picked":["Twin Strike","Sever Soul"],"picked":"Intimidate","floor":2},{"not_picked":["Body Slam","Sword Boomerang"],"picked":"Searing Blow","floor":5},{"not_picked":["Armaments","Power Through"],"picked":"Feed","floor":7},{"not_picked":["Twin Strike","Headbutt"],"picked":"Uppercut","floor":8}],"player_experience":454250,"relics_obtained":[{"floor":7,"key":"Dead Branch"},{"floor":9,"key":"Blue Candle"}],"event_choices":[{"cards_removed":["Strike_R"],"damage_healed":0,"gold_gain":0,"player_choice":"Card Removal","damage_taken":7,"max_hp_gain":0,"max_hp_loss":0,"event_name":"Golden Wing","floor":4,"gold_loss":0},{"damage_healed":0,"gold_gain":0,"player_choice":"Grow","damage_taken":0,"max_hp_gain":0,"max_hp_loss":0,"event_name":"Living Wall","floor":11,"gold_loss":0,"cards_upgraded":["Infernal Blade"]}],"is_beta":false,"boss_relics":[],"items_purged_floors":[3],"is_endless":false,"potions_floor_spawned":[5,7],"killed_by":"3 Sentries","ascension_level":7}}