{"host":"iwsrwe75wjjjfsu5","time":1614430860,"event":{"mods":["BaseMod","Minty Spire (QoL Compilation)","Replay The Spire","Shop Mod","StSLib","SuperFastMode","The Servant 0.9.4","UnlockEverythingMod","Waifu the Spire"],"gold_per_floor":[114,114,130,205,130,130,161,161,161,90,90,110,135,135,135,240,240,251,251,56,156,176,176,176,176],"floor_reached":24,"language":"ZHS","playtime":878,"items_purged":["Strike_S"],"score":227,"play_id":"6059be21-c636-41af-b57e-798fb8a74bef","local_time":"20210227210100","is_ascension_mode":false,"campfire_choices":[{"data":"SilverBlades","floor":6.0,"key":"SMITH"},{"data":"Spin","floor":8.0,"key":"SMITH"},{"floor":15.0,"key":"REST"},{"floor":23.0,"key":"REST"}],"circlet_count":0,"master_deck":["Strike_S","Strike_S","Defend_S","Defend_S","Defend_S","Defend_S","Exchange","Spin+1","Luminosity+1","SilverBlades+1","SpecialFormula","BestPractice","MoonPhase","MurderousAura+1","Unruled","RealityMarble","BottledTime","Rewind","GearUp+1"],"relics":["Uniform","NeowsBlessing","PreservedInsect","Replay:Baseball","Philosopher\u0027s Stone"],"acts_visited":["Exordium","TheCity"],"potions_floor_usage":[24],"damage_taken":[{"damage":0.0,"enemies":"Jaw Worm","floor":1.0,"turns":1.0},{"damage":0.0,"enemies":"2 Louse","floor":3.0,"turns":1.0},{"damage":0.0,"enemies":"Lagavulin","floor":7.0,"turns":2.0},{"damage":0.0,"enemies":"Cultist","floor":12.0,"turns":4.0},{"damage":20.0,"enemies":"Gremlin Nob","floor":13.0,"turns":4.0},{"damage":0.0,"enemies":"Looter","floor":14.0,"turns":1.0},{"damage":30.0,"enemies":"Slime Boss","floor":16.0,"turns":16.0},{"damage":14.0,"enemies":"Spheric Guardian","floor":18.0,"turns":9.0},{"damage":52.0,"enemies":"3 Byrds","floor":22.0,"turns":5.0},{"damage":41,"enemies":"Slavers","floor":24,"turns":4}],"seed_played":"-6383482877474144897","potions_obtained":[{"floor":1.0,"key":"SmokeBomb"},{"floor":16.0,"key":"Dexterity Potion"},{"floor":22.0,"key":"Fruit Juice"}],"is_trial":false,"path_per_floor":["M","?","M","?","$","R","E","R","T","$","?","M","E","M","R","B",null,"M","?","$","?","M","R","E"],"character_chosen":"THE_SERVANT","items_purchased":["BestPractice","Unruled","RealityMarble","BottledTime","Rewind"],"campfire_rested":2,"item_purchase_floors":[10,20,20,20,20],"current_hp_per_floor":[65,65,65,54,54,54,54,54,54,54,47,52,37,37,56,34,65,56,56,56,56,14,35,0,0],"gold":176,"neow_bonus":"THREE_ENEMY_KILL","is_daily":false,"chose_seed":false,"campfire_upgraded":2,"win_rate":0.0,"timestamp":1614430860,"path_taken":["M","?","M","?","$","R","E","R","T","?","?","M","E","M","R","BOSS","M","?","?","?","M","R","E"],"items_purchased_type":["Card","Card","Card","Card","Card"],"build_version":"2020-12-22","purchased_purges":1,"victory":false,"max_hp_per_floor":[65,65,65,65,65,65,65,65,65,65,65,65,65,65,65,65,65,65,65,65,65,70,70,70,70],"card_choices":[{"not_picked":["InstantArmor","FastForward"],"picked":"Spin","floor":1.0},{"not_picked":["Comet","Starlight"],"picked":"SilverBlades","floor":3.0},{"not_picked":["Replace","Starlight"],"picked":"SpecialFormula","floor":7.0},{"not_picked":["Unruled","Revamp"],"picked":"MoonPhase","floor":12.0},{"not_picked":["Starlight","Snipe","ShatteredReality"],"picked":"SKIP","floor":13.0},{"not_picked":["Solidify","SoulSculpture"],"picked":"MurderousAura","floor":16.0},{"not_picked":["Rewind","Starlight","DualDimension+1"],"picked":"SKIP","floor":18.0},{"not_picked":["SilverBlades","Collapse"],"picked":"GearUp+1","floor":22.0}],"player_experience":29105,"relics_obtained":[{"floor":7.0,"key":"PreservedInsect"},{"floor":13.0,"key":"Replay:Baseball"}],"event_choices":[{"damage_healed":0.0,"max_hp_gain":0.0,"max_hp_loss":0.0,"gold_gain":75.0,"event_name":"World of Goop","player_choice":"Gather Gold","floor":4.0,"gold_loss":0.0,"damage_taken":11.0},{"cards_removed":["Strike_S"],"damage_healed":0.0,"max_hp_gain":0.0,"max_hp_loss":0.0,"gold_gain":0.0,"event_name":"Golden Wing","player_choice":"Card Removal","floor":11.0,"gold_loss":0.0,"damage_taken":7.0},{"damage_healed":0.0,"max_hp_gain":0.0,"max_hp_loss":0.0,"gold_gain":0.0,"event_name":"Upgrade Shrine","player_choice":"Upgraded","floor":19.0,"gold_loss":0.0,"damage_taken":0.0,"cards_upgraded":["MurderousAura"]},{"damage_healed":0.0,"max_hp_gain":0.0,"max_hp_loss":0.0,"gold_gain":100.0,"event_name":"Golden Shrine","player_choice":"Pray","floor":21.0,"gold_loss":0.0,"damage_taken":0.0}],"is_beta":false,"boss_relics":[{"not_picked":["Fusion Hammer","Snecko Eye"],"picked":"Philosopher\u0027s Stone"}],"items_purged_floors":[5],"is_endless":false,"potions_floor_spawned":[1,16,22],"killed_by":"Slavers","ascension_level":0}}