{"host":"p5axfb00mxhraew6","time":1614411280,"event":{"mods":["100% Spire Juice","Abigail Mod","Act Like it!","BaseMod","CapriCore","Friendly Minions","GifTheSpireLib","Jedi Mod","KomeijiMod","Library of Ruina","Library of Ruina Extra","MarisaÅiñ∂âJÅ@ñÇóùçπÅj","Minty Spire (QoL Compilation)","Prisma Mod","ReimuÅiîé??öÎÅj","RemiliaÅiÂQïƒ‰ª?Åj","SOSÅiézîb?îVéqÅj","StSLib","Td1madao Mod","The Alterego","The Immortal","The Problem Sleuth","Yakumo Yukari mod"],"gold_per_floor":[210,226,27,42,42,73,73,108,108,149,161,187,214,244,256,365,377,404,416,428,451,482,494,537,549,561,607,638,5,5,30,30,135,135,152,152,163,163,175,208,208,243,243,253,282,282,317,329,329,329,329,329,72,102,102],"floor_reached":56,"language":"ENG","playtime":2971,"items_purged":["LightAttack"],"score":2153,"play_id":"a9e41d0f-ff9b-4aca-a8da-a01e24775c48","local_time":"20210227163440","is_ascension_mode":true,"campfire_choices":[{"data":"SpearedSweep","floor":7.0,"key":"SMITH"},{"data":"Rampage_lor","floor":15.0,"key":"SMITH"},{"data":"DistortedBlade","floor":23.0,"key":"SMITH"},{"data":"Duel_lor","floor":25.0,"key":"SMITH"},{"floor":30.0,"key":"RECALL"},{"data":"Zzzzzap","floor":32.0,"key":"SMITH"},{"data":"TheRedNotes","floor":41.0,"key":"SMITH"},{"data":"CrackOfDawn","floor":46.0,"key":"SMITH"},{"data":"QuickSuppression","floor":49.0,"key":"SMITH"},{"data":"FrontalAssault","floor":52,"key":"SMITH"}],"circlet_count":0,"master_deck":["Dodge","LightDefense","LightAttack","LightDefense","LightDefense","LightDefense","ChargeAndCover","FocusedStrikes","TheRedNotes+1","GuidanceOfTheGears","SpearedSweep+1","FrontalAssault+1","Parry2","Zzzzzap+1","Rampage_lor+1","WillProduceFineSilk","Unlock1","Guardian_lor","DistortedBlade+1","AsThePrescriptOrders","QuickSuppression+1","Duel_lor+1","GrazeTheGrass","Guardian_lor+1","ToOvercomeCrisis+1","Parry2","TrashDisposal","WillOfThePrescript+1","Duel_lor+1","SturdyDefense+1","SturdyDefense+1","CrackOfDawn+1","StrikeDown+1","Commandeering+1","SilentMist+1","DefenseOrder+1","TheWillOfTheCity+1"],"relics":["PageOfLibrarian","PreservedInsect","ThirstyCross","Toy Ornithopter","Shuriken","MawBank","Anchor","jedi:paperlyon","jedi:arcanewood","PageOfScarecrow","Toxic Egg 2","PageOfMercenary","ClockworkSouvenir","MealTicket","PageOfPinocchio","Busted Crown","jedi:heavyjacket","jedi:HeartOfTheCards","HoshigumaDish","Letter Opener","Dream Catcher","Mummified Hand","Oddly Smooth Stone"],"acts_visited":["Exordium","TheCity","TheBeyond","TheEnding"],"potions_floor_usage":[55],"damage_taken":[{"damage":1.0,"enemies":"2 Louse","floor":1.0,"turns":4.0},{"damage":5.0,"enemies":"Jaw Worm","floor":2.0,"turns":5.0},{"damage":3.0,"enemies":"Small Slimes","floor":4.0,"turns":3.0},{"damage":5.0,"enemies":"3 Sentries","floor":6.0,"turns":3.0},{"damage":3.0,"enemies":"Lagavulin","floor":8.0,"turns":5.0},{"damage":3.0,"enemies":"3 Sentries","floor":10.0,"turns":2.0},{"damage":0.0,"enemies":"Exordium Thugs","floor":12.0,"turns":2.0},{"damage":0.0,"enemies":"Looter","floor":13.0,"turns":2.0},{"damage":0.0,"enemies":"2 Fungi Beasts","floor":14.0,"turns":3.0},{"damage":22.0,"enemies":"Hexaghost","floor":16.0,"turns":6.0},{"damage":0.0,"enemies":"3 Byrds","floor":18.0,"turns":3.0},{"damage":0.0,"enemies":"2 Thieves","floor":21.0,"turns":3.0},{"damage":0.0,"enemies":"Centurion and Healer","floor":22.0,"turns":2.0},{"damage":0.0,"enemies":"Gremlin Leader","floor":24.0,"turns":2.0},{"damage":1.0,"enemies":"Book of Stabbing","floor":27.0,"turns":3.0},{"damage":2.0,"enemies":"Cultist and Chosen","floor":28.0,"turns":1.0},{"damage":0.0,"enemies":"Slavers","floor":31.0,"turns":3.0},{"damage":12.0,"enemies":"Automaton","floor":33.0,"turns":4.0},{"damage":0.0,"enemies":"3 Darklings","floor":35.0,"turns":1.0},{"damage":3.0,"enemies":"3 Shapes","floor":37.0,"turns":1.0},{"damage":0.0,"enemies":"Jaw Worm Horde","floor":39.0,"turns":1.0},{"damage":0.0,"enemies":"Nemesis","floor":40.0,"turns":3.0},{"damage":0.0,"enemies":"Giant Head","floor":42.0,"turns":3.0},{"damage":0.0,"enemies":"3 Darklings","floor":44.0,"turns":1.0},{"damage":0.0,"enemies":"Nemesis","floor":45.0,"turns":3.0},{"damage":6.0,"enemies":"Giant Head","floor":47.0,"turns":5.0},{"damage":0.0,"enemies":"Sphere and 2 Shapes","floor":48.0,"turns":1.0},{"damage":0.0,"enemies":"Donu and Deca","floor":50.0,"turns":7.0},{"damage":0,"enemies":"Shield and Spear","floor":54,"turns":4},{"damage":3,"enemies":"The Heart","floor":55,"turns":3}],"seed_played":"8476492203673623029","potions_obtained":[{"floor":2.0,"key":"RedTea"},{"floor":8.0,"key":"Fruit Juice"},{"floor":10.0,"key":"ColorlessPotion"},{"floor":12.0,"key":"SteroidPotion"},{"floor":16.0,"key":"jedi:StrikingPotion"},{"floor":24.0,"key":"DistilledChaos"},{"floor":27.0,"key":"Explosive Potion"},{"floor":35.0,"key":"Block Potion"},{"floor":40.0,"key":"jedi:tentaclejuice"},{"floor":54,"key":"Dexterity Potion"}],"is_trial":false,"path_per_floor":["M","M","$","M","?","E","R","E","T","E","$","M","M","M","R","B",null,"M","?","?","M","M","R","E","R","T","E","M","$","R","E","R","B",null,"M","?","M","?","M","E","R","E","T","M","E","R","E","M","R","B",null,"R","$","E","B",null],"character_chosen":"Librarian","items_purchased":["PreservedInsect","SpearedSweep","PageOfMercenary","ClockworkSouvenir","Parry2","MealTicket","Mummified Hand"],"campfire_rested":0,"item_purchase_floors":[3,3,29,29,29,29,53],"current_hp_per_floor":[53,48,48,45,45,40,40,42,42,39,39,49,49,49,49,27,76,76,58,58,58,58,58,58,58,58,67,66,66,66,76,76,76,90,90,90,87,87,91,94,94,94,94,94,94,94,94,94,94,94,94,94,94,94,94],"gold":102,"neow_bonus":"HUNDRED_GOLD","is_daily":false,"chose_seed":false,"campfire_upgraded":9,"win_rate":0.0,"timestamp":1614411280,"path_taken":["M","M","$","M","?","E","R","E","T","E","?","M","M","M","R","BOSS","M","?","?","M","M","R","E","R","T","E","M","$","R","E","R","BOSS","M","?","?","?","M","E","?","E","T","?","E","R","E","M","R","BOSS","R","$","E","BOSS"],"items_purchased_type":["Relic","Card","Relic","Relic","Card","Relic","Relic"],"build_version":"2020-12-22","purchased_purges":1,"victory":true,"max_hp_per_floor":[65,86,86,86,86,86,86,87,87,87,87,92,92,92,92,92,92,92,97,97,97,97,97,97,97,97,97,94,94,94,94,94,94,94,94,94,94,94,94,94,94,94,94,94,94,94,94,94,94,94,94,94,94,94,94],"card_choices":[{"not_picked":["EnergyShield","ElectricShock","StayCalm","GreatSerpentsImpact","RipSpace","IllEndYou","HandleRequest","DesperateStruggle"],"picked":"TheRedNotes","floor":1.0},{"not_picked":["FeatherShield","TendonChords","AsThePrescriptOrders","ReadyUp","Eject","HiddenBlade","Diversion","Rewind"],"picked":"GuidanceOfTheGears","floor":2.0},{"not_picked":["ViolentFlame","TendonChords","DesperateStruggle","ShrineToMusic","BackAttack","Guardian_lor","SharpenedBlade","BiAn"],"picked":"FrontalAssault","floor":4.0},{"not_picked":["Decapitation","SmokingPipe","Gamble","UpbeatPerformance","CutIn","ElectricShock","ShockingBlow","YourShield"],"picked":"Parry2","floor":6.0},{"not_picked":["CookingPrep","EnergyConversion","Ripple","Feast","BindingArms","BiteOff","StrikeDown","DarkCloud"],"picked":"Zzzzzap","floor":8.0},{"not_picked":["MindPrepared","GrazeTheGrass","FormingStorm","SerpentSwordTechnique","ChopItOff","BlowItUp","YouOnlyLiveOnce","ClassAndRespect"],"picked":"Rampage_lor","floor":10.0},{"not_picked":["DestructiveImpact","Pound","ToOvercomeCrisis","GuidanceOfTheGears","EnergyStrike","SpearedSweep","DimensionalRift","Wallop_lor"],"picked":"WillProduceFineSilk","floor":12.0},{"not_picked":["Quickness","DriedUp","ShockRound","ToOvercomeCrisis","GuidanceOfTheGears","DesperateStruggle","FleetFootsteps","FendThisOffIfYouCan"],"picked":"Unlock1","floor":13.0},{"not_picked":["SerpentSwordTechnique","ToOvercomeCrisis","ChargeUp","GuardingStance","GrazeTheGrass","Faith","Unlock1","VenomousFangs"],"picked":"Guardian_lor","floor":14.0},{"not_picked":["SavageMode","RipSpace"],"picked":"DistortedBlade","floor":16.0},{"not_picked":["RipSpace","Standoff+1","SnakesPrey","Leap_lor","Reload","YouOnlyLiveOnce+1","BladeWhirl","IngredientHunt"],"picked":"AsThePrescriptOrders","floor":18.0},{"not_picked":["GuidanceOfTheGears","HandleRequest","Pound","SunsetBlade","FlyingSword","CutIn","TheArtOfRapidSteps","FleetFootsteps"],"picked":"QuickSuppression","floor":21.0},{"not_picked":["LawAndOrder","BayonetCombat+1","BlowItUp","Unlock1","BizarreAttack","DarkCloud","CoordinatedAssault","HiddenBlade"],"picked":"Duel_lor","floor":22.0},{"not_picked":["Outburst","HandleRequest","UpbeatPerformance+1","Pound","UnforgettableMelody","Parry2","SpearedSweep","Juggling+1"],"picked":"GrazeTheGrass","floor":24.0},{"not_picked":["ViolentFlame","MultiBlock+1","Tailoring","LoosenUp","DriedUp+1","EndlessBattle","BladeWhirl","Quickness+1"],"picked":"Guardian_lor+1","floor":27.0},{"not_picked":["SuppressingShot+1","EnergyShield+1","Unlock1","TasteMyFlamingBat+1","EnergyCycle+1","SunsetBlade+1","UnavoidableGaze+1","Wallop_lor"],"picked":"ToOvercomeCrisis+1","floor":28.0},{"not_picked":["Gamble","Parry","Overpower","StrongStrike+1","AlloutWar+1","BizarreAttack","BurningFlash","FierceCharge+1"],"picked":"TrashDisposal","floor":31.0},{"not_picked":["SerpentSwordTechnique+1","Ripple","SearingSword","Marionette+1","Parry2","EnergyShield+1"],"picked":"WillOfThePrescript+1","floor":35.0},{"not_picked":["HandleRequest+1","ViolentFlame+1","UnavoidableGaze+1","InnerArdor+1","ExtremeEdge","SinglePointStab+1"],"picked":"BiXi+1","floor":37.0},{"not_picked":["StartinOutLightly+1","Multislash+1","SharpenedBlade+1","IllEndYou","SerpentSwordTechnique+1","Execute_lor"],"picked":"Duel_lor+1","floor":38.0},{"not_picked":["FlashingStrike+1","ViolentFlame+1","BlindFaith+1","NightInTheBackstreets","AutonomousRush","Brawl+1"],"picked":"SturdyDefense+1","floor":39.0},{"not_picked":["GaleKick","QuickSuppression+1","HandlingWork+1","ShrineToMusic+1","HiddenBlade+1","Parry2+1"],"picked":"SturdyDefense+1","floor":40.0},{"not_picked":["Rewind+1","BiAn+1","IdentifyWeakpoint+1","ViolentFlame+1","GaleKick+1","WillBeTasty"],"picked":"CrackOfDawn","floor":42.0},{"not_picked":["Diversion","RapidGashes","SnakesPrey","Guardian_lor+1","HandleRequest","ScratchThat"],"picked":"StrikeDown+1","floor":44.0},{"not_picked":["Eliminate+1","BackAttack+1","FieryWaltz+1","SavageMode","VioletBlade","PinpointShot+1"],"picked":"Commandeering+1","floor":45.0},{"not_picked":["FleetEdge","GoinFirst","FrontalAssault+1","StrongStrike+1","QuickAttack","BlindFaith+1"],"picked":"SilentMist+1","floor":47.0},{"not_picked":["SturdyDefense+1","PreemptiveStrike","ConcentratedFire","FeatherShield+1","QuickSuppression+1","Overcharge+1"],"picked":"DefenseOrder+1","floor":48.0},{"not_picked":["Faith+1","ReadyUp+1","DarkCloud+1","TendonChords","Rewind+1","CoordinatedAssault+1"],"picked":"TheWillOfTheCity+1","floor":54}],"player_experience":1285819,"relics_obtained":[{"floor":6.0,"key":"Toy Ornithopter"},{"floor":8.0,"key":"Shuriken"},{"floor":9.0,"key":"MawBank"},{"floor":10.0,"key":"Anchor"},{"floor":24.0,"key":"jedi:arcanewood"},{"floor":26.0,"key":"PageOfScarecrow"},{"floor":27.0,"key":"Toxic Egg 2"},{"floor":31.0,"key":"PageOfPinocchio"},{"floor":38.0,"key":"jedi:heavyjacket"},{"floor":40.0,"key":"jedi:HeartOfTheCards"},{"floor":42.0,"key":"HoshigumaDish"},{"floor":45.0,"key":"Letter Opener"},{"floor":47.0,"key":"Dream Catcher"},{"floor":54,"key":"Oddly Smooth Stone"}],"event_choices":[{"damage_healed":0.0,"max_hp_gain":5.0,"max_hp_loss":0.0,"gold_gain":0.0,"event_name":"Forgotten Altar","player_choice":"Shed Blood","floor":19.0,"gold_loss":0.0,"damage_taken":23.0},{"damage_healed":0.0,"max_hp_gain":0.0,"max_hp_loss":0.0,"gold_gain":0.0,"event_name":"N\u0027loth","player_choice":"Ignored","floor":20.0,"gold_loss":0.0,"damage_taken":0.0},{"cards_removed":["LightAttack"],"damage_healed":0.0,"max_hp_gain":0.0,"max_hp_loss":0.0,"gold_gain":0.0,"event_name":"Purifier","player_choice":"Purged","floor":36.0,"gold_loss":0.0,"damage_taken":0.0}],"is_beta":false,"boss_relics":[{"not_picked":["Pandora\u0027s Box","Runic Dome"],"picked":"jedi:paperlyon"},{"not_picked":["Astrolabe","SacredBark"],"picked":"Busted Crown"}],"items_purged_floors":[29],"is_endless":false,"potions_floor_spawned":[2,8,10,12,16,22,24,27,35,40,47,48,54],"ascension_level":8}}