{"host":"sr8h12zimc8zi8zs","time":1614434322,"event":{"mods":["2.2 Compatiblity","AchievementEnabler","BaseMod","CapriCore","Colored Map","GifTheSpireLib","GungeonMod","Minty Spire (QoL Compilation)","Permanent Neow","StSLib","The Jungle"],"gold_per_floor":[18,33,62,80,91,121,6,6,6,20,20,20,20,55,55,158,158,168,182,196,216,216,216,233,233,233,233,233],"floor_reached":27,"language":"KOR","playtime":1736,"items_purged":[],"score":227,"play_id":"5af6c1ee-ab54-4709-b3f9-d3f6f77c5068","local_time":"20210227225842","is_ascension_mode":false,"campfire_choices":[{"data":"DemoMod:ManualReload","floor":8,"key":"SMITH"},{"floor":13,"key":"REST"},{"data":"DemoMod:GunShield","floor":15,"key":"SMITH"},{"floor":23,"key":"RECALL"},{"data":"DemoMod:AWP","floor":25,"key":"SMITH"}],"circlet_count":0,"master_deck":["DemoMod:Strike_Huntress+1","DemoMod:Strike_Huntress+1","DemoMod:Strike_Huntress","DemoMod:Defend_Huntress","DemoMod:Defend_Huntress","DemoMod:Defend_Huntress","DemoMod:Defend_Huntress+1","DemoMod:Roll+1","DemoMod:ManualReload+1","DemoMod:RustySidearm","DemoMod:CrossBow","DemoMod:GunShield+1","DemoMod:TeaPot","DemoMod:HuntsMan","DemoMod:AWP+1","DemoMod:StickyCrossBow","DemoMod:StickyCrossBow+1","DemoMod:BulletBore+1","DemoMod:HardPowerCard+1","DemoMod:AbyssalTentacle+1","DemoMod:Eureka","DemoMod:ShadowBullets+1","DemoMod:Camera+1"],"relics":["DemoMod:Dog","Calipers","War Paint","White Beast Statue","Molten Egg 2","DemoMod:JetPack","DemoMod:Wolf","DemoMod:GlassGuonStoneRelic"],"acts_visited":["Exordium","TheCity"],"potions_floor_usage":[6,14,16,18,21,24],"damage_taken":[{"damage":2,"enemies":"2 Louse","floor":1,"turns":3},{"damage":2,"enemies":"Small Slimes","floor":2,"turns":4},{"damage":0,"enemies":"Jaw Worm","floor":3,"turns":3},{"damage":3,"enemies":"Looter","floor":4,"turns":4},{"damage":0,"enemies":"Red Slaver","floor":5,"turns":4},{"damage":6,"enemies":"Lagavulin","floor":6,"turns":7},{"damage":0,"enemies":"Exordium Wildlife","floor":10,"turns":2},{"damage":16,"enemies":"3 Sentries","floor":14,"turns":4},{"damage":29,"enemies":"The Guardian","floor":16,"turns":9},{"damage":0,"enemies":"3 Byrds","floor":18,"turns":3},{"damage":0,"enemies":"2 Thieves","floor":19,"turns":3},{"damage":0,"enemies":"Snake Plant","floor":20,"turns":2},{"damage":1,"enemies":"Snecko","floor":21,"turns":3},{"damage":14,"enemies":"Centurion and Healer","floor":24,"turns":3},{"damage":0,"enemies":"Snake Plant","floor":27,"turns":1}],"seed_played":"1690496282287405329","potions_obtained":[{"floor":2,"key":"Dexterity Potion"},{"floor":3,"key":"PowerPotion"},{"floor":4,"key":"Weak Potion"},{"floor":10,"key":"Explosive Potion"},{"floor":14,"key":"Swift Potion"},{"floor":16,"key":"Strength Potion"},{"floor":18,"key":"DuplicationPotion"},{"floor":19,"key":"DemoMod:LeadSkinPotion"},{"floor":20,"key":"LiquidBronze"},{"floor":21,"key":"Weak Potion"},{"floor":24,"key":"EssenceOfSteel"}],"is_trial":false,"path_per_floor":["M","M","M","M","M","E","$","R","T","M","?","?","R","E","R","B",null,"M","M","M","M","?","R","M","R","T","M"],"character_chosen":"HUNTRESS","items_purchased":["DemoMod:GnawedKey"],"campfire_rested":1,"item_purchase_floors":[7],"current_hp_per_floor":[68,66,66,63,63,57,57,57,57,57,45,31,52,36,36,7,70,70,70,70,69,56,56,42,42,42,42,42],"gold":233,"neow_bonus":"ONE_RARE_RELIC","is_daily":false,"chose_seed":false,"campfire_upgraded":3,"win_rate":0.0,"timestamp":1614434322,"path_taken":["M","M","M","M","M","E","$","R","T","M","?","?","R","E","R","BOSS","M","M","M","M","?","R","M","R","T","M"],"items_purchased_type":["Relic"],"build_version":"2020-12-22","purchased_purges":0,"victory":false,"max_hp_per_floor":[70,70,70,70,70,70,70,70,70,70,70,70,70,70,70,70,70,70,70,70,70,75,75,75,75,75,75,75],"card_choices":[{"not_picked":["DemoMod:SAA","DemoMod:BoxingGlove"],"picked":"DemoMod:GunShield","floor":1},{"not_picked":["DemoMod:PracticeMakesPerfect","DemoMod:PotionOfGunFriendShip"],"picked":"DemoMod:TeaPot","floor":2},{"not_picked":["DemoMod:BoxingGlove","DemoMod:SAA","DemoMod:GunShield"],"picked":"SKIP","floor":3},{"not_picked":["DemoMod:ConditionalReflex","DemoMod:HighKaliber"],"picked":"DemoMod:HuntsMan","floor":4},{"not_picked":["DemoMod:ConditionalReflex","DemoMod:ZorGun"],"picked":"DemoMod:AWP","floor":5},{"not_picked":["DemoMod:FastSwitch","DemoMod:BattleInHaste"],"picked":"DemoMod:StickyCrossBow","floor":6},{"not_picked":["DemoMod:GunstockTap","DemoMod:SAA","DemoMod:PotionOfGunFriendShip"],"picked":"SKIP","floor":10},{"not_picked":["DemoMod:SpreadAmmo","DemoMod:JK47+1"],"picked":"DemoMod:StickyCrossBow+1","floor":14},{"not_picked":["DemoMod:Behold!","DemoMod:FightSabre+1"],"picked":"DemoMod:BulletBore+1","floor":16},{"not_picked":["DemoMod:ConditionalReflex","DemoMod:AC15+1"],"picked":"DemoMod:HardPowerCard+1","floor":18},{"not_picked":["DemoMod:PotionOfGunFriendShip","DemoMod:TeaPot+1"],"picked":"DemoMod:AbyssalTentacle+1","floor":19},{"not_picked":["DemoMod:JK47+1","DemoMod:SAA+1"],"picked":"DemoMod:Eureka","floor":20},{"not_picked":["DemoMod:MachoBrace","DemoMod:HighKaliber+1"],"picked":"DemoMod:ShadowBullets+1","floor":21},{"not_picked":["DemoMod:LifeOrb+1","DemoMod:EasyReloadBullets"],"picked":"DemoMod:Camera+1","floor":24}],"player_experience":176770,"relics_obtained":[{"floor":6,"key":"War Paint"},{"floor":9,"key":"White Beast Statue"},{"floor":14,"key":"DemoMod:JetPack"}],"event_choices":[{"damage_healed":0,"gold_gain":0,"player_choice":"Success","damage_taken":12,"relics_obtained":["Molten Egg 2"],"max_hp_gain":0,"max_hp_loss":0,"event_name":"Scrap Ooze","floor":11,"gold_loss":0},{"damage_healed":0,"gold_gain":0,"player_choice":"Entered Light","damage_taken":14,"max_hp_gain":0,"max_hp_loss":0,"event_name":"Shining Light","floor":12,"gold_loss":0,"cards_upgraded":["DemoMod:Strike_Huntress","DemoMod:Strike_Huntress"]},{"damage_healed":0,"gold_gain":0,"player_choice":"Shed Blood","damage_taken":18,"max_hp_gain":5,"max_hp_loss":0,"event_name":"Forgotten Altar","floor":22,"gold_loss":0}],"is_beta":false,"boss_relics":[{"not_picked":["Tiny House","Sozu"],"picked":"DemoMod:Wolf"}],"items_purged_floors":[],"is_endless":false,"potions_floor_spawned":[2,3,4,10,14,16,18,19,20,21,24],"killed_by":"Snake Plant","ascension_level":0}}