{"host":"3l94tha3a4jgu0q4","time":1614405593,"event":{"mods":["2.2 Compatiblity","AchievementEnabler","Aspiration","BaseMod","Better Altar","Better Match","Better Note","Better Sensory Stone","Better Skull","Better Third Choice","Colored Map","Colored Powertips","Fox Events","Hermit","Highlight Path","Hubris","Humility","Minty Spire (QoL Compilation)","Monster B Gone","Permanent Neow","Relic Stats","Replay The Spire","StSLib","SuperFastMode","The IronCluck","Wandering Minibosses","slay the spire mod where everything is the same but ironclad has a cowboy hat"],"gold_per_floor":[109,185,196,121,139,139,156,156,183,161,196,196,226,243,243,343,343,358,372,297,316,332,360,360,36,60,90,108,208,221,221,221,325,325,339,339,339,48,62,62,92,92,92,92,92,122,122,132,132,132,132,132,39,66,66,66],"floor_reached":55,"language":"ENG","playtime":1664,"items_purged":["Strike_G","Dash"],"score":798,"play_id":"4abb6fe4-e1a4-45df-8bb9-581b3a134b11","local_time":"20210226215953","is_ascension_mode":false,"campfire_choices":[{"data":"Neutralize","floor":6,"key":"SMITH"},{"data":"Acrobatics","floor":8,"key":"SMITH"},{"floor":15,"key":"REST"},{"data":"ReplayTheSpireMod:Scrap Shanks","floor":24,"key":"SMITH"},{"data":"Burst","floor":32,"key":"SMITH"},{"floor":40,"key":"RECALL"},{"data":"Storm of Steel","floor":45,"key":"SMITH"},{"data":"Accuracy","floor":49,"key":"SMITH"},{"data":"Adrenaline","floor":52,"key":"SMITH"}],"circlet_count":0,"master_deck":["Defend_G","Defend_G","Defend_G","Defend_G","Defend_G","Survivor","Neutralize+1","hubris:Sniper","Blade Dance","Infinite Blades","Acrobatics+1","Prepared","Storm of Steel+1","Burst+1","Prepared","Blade Dance+1","Sucker Punch+1","Underhanded Strike+1","ReplayTheSpireMod:Scrap Shanks+1","Backflip","Forethought+1","ReplayTheSpireMod:Shiv Toss+1","Prepared","hubris:Sniper","Accuracy+1","Adrenaline+1","PiercingWail+1","Adrenaline","Madness","Madness","Choke+1","Cloak And Dagger"],"relics":["Ring of the Snake","aspiration:Nostalgia","Cracked Core","Boot","ReplayTheSpireMod:Lightbulb","InkBottle","Pen Nib","Astrolabe","aspiration:Stabinomicon","Bag of Marbles","Happy Flower","hubris:TenFootPole","Busted Crown","Tingsha","Blue Doll","Replay:Towering Pillar of Hats","aspiration:FrozenJewel"],"acts_visited":["Exordium","TheCity","TheBeyond","TheEnding"],"potions_floor_usage":[7,11,13,13,16,18,21,33,33,35,48,54,55],"damage_taken":[{"damage":7,"enemies":"Jaw Worm","floor":1,"turns":4},{"damage":3,"enemies":"2 Louse","floor":3,"turns":2},{"damage":0,"enemies":"Small Slimes","floor":5,"turns":2},{"damage":4,"enemies":"2 Fungi Beasts","floor":7,"turns":4},{"damage":31,"enemies":"Gremlin Nob","floor":11,"turns":7},{"damage":9,"enemies":"Lagavulin","floor":13,"turns":4},{"damage":2,"enemies":"Looter","floor":14,"turns":2},{"damage":19,"enemies":"The Guardian","floor":16,"turns":10},{"damage":2,"enemies":"2 Thieves","floor":18,"turns":3},{"damage":2,"enemies":"Shell Parasite","floor":19,"turns":3},{"damage":12,"enemies":"Snake Plant","floor":21,"turns":5},{"damage":0,"enemies":"Snecko","floor":22,"turns":3},{"damage":12,"enemies":"Book of Stabbing","floor":23,"turns":4},{"damage":10,"enemies":"Replay:Snechameleon","floor":27,"turns":3},{"damage":10,"enemies":"Cultist and Chosen","floor":28,"turns":3},{"damage":0,"enemies":"Snake Plant","floor":30,"turns":2},{"damage":8,"enemies":"Collector","floor":33,"turns":4},{"damage":3,"enemies":"3 Darklings","floor":35,"turns":3},{"damage":0,"enemies":"Orb Walker","floor":39,"turns":1},{"damage":0,"enemies":"Reptomancer","floor":41,"turns":2},{"damage":4,"enemies":"Giant Head","floor":46,"turns":3},{"damage":0,"enemies":"Transient","floor":48,"turns":6},{"damage":29,"enemies":"Donu and Deca","floor":50,"turns":4},{"damage":6,"enemies":"Shield and Spear","floor":54,"turns":3},{"damage":86,"enemies":"The Heart","floor":55,"turns":5}],"seed_played":"7772322784860702349","potions_obtained":[{"floor":1,"key":"Elixir"},{"floor":2,"key":"SkillPotion"},{"floor":2,"key":"Fruit Juice"},{"floor":7,"key":"Dexterity Potion"},{"floor":14,"key":"SneckoOil"},{"floor":16,"key":"Fire Potion"},{"floor":19,"key":"Block Potion"},{"floor":21,"key":"Doom Potion"},{"floor":27,"key":"LiquidBronze"},{"floor":28,"key":"AttackPotion"},{"floor":41,"key":"Poison Potion"},{"floor":54,"key":"Block Potion"}],"is_trial":false,"path_per_floor":["M","?","M","$","M","R","M","R","T","?","E","?","E","M","R","B",null,"M","M","?","M","M","E","R","$","T","E","M","?","M","?","R","B",null,"M","?","?","$","M","R","E","?","T","?","R","E","$","M","R","B",null,"R","$","E","B"],"character_chosen":"THE_SILENT","items_purchased":["Bag of Marbles","Accuracy","Tingsha","Choke+1","SpeedPotion"],"campfire_rested":1,"item_purchase_floors":[25,25,38,53,53],"current_hp_per_floor":[63,63,60,60,60,60,61,61,61,61,30,30,21,19,41,22,75,73,71,71,59,59,47,47,47,47,37,27,27,27,85,85,77,85,82,82,82,82,82,82,82,77,77,85,85,81,81,81,81,52,85,85,85,79,0,0],"gold":66,"neow_bonus":"NOSTALGIA","is_daily":false,"chose_seed":false,"campfire_upgraded":7,"win_rate":0.0,"timestamp":1614405593,"path_taken":["M","?","M","$","M","R","M","R","T","?","E","?","E","M","R","BOSS","M","M","?","M","M","E","R","$","T","E","M","?","M","?","R","BOSS","M","?","?","?","M","R","E","?","T","?","R","E","$","M","R","BOSS","R","$","E","BOSS"],"items_purchased_type":["Relic","Card","Relic","Card","Potion"],"build_version":"2020-12-22","purchased_purges":2,"victory":false,"max_hp_per_floor":[70,70,70,70,70,70,75,75,75,75,75,75,75,75,75,75,75,75,75,75,75,75,75,75,75,75,75,75,75,75,85,85,85,85,85,85,85,85,85,85,85,85,85,85,85,85,85,85,85,85,85,85,85,85,85,85],"relic_stats":{"Busted Crown":16,"Happy Flower":[13],"counters":[25,92],"Astrolabe":["Blade Dance","Sucker Punch","Underhanded Strike"],"Tingsha":[331],"Pen Nib":[31],"Boot":[87],"obtain_stats":[{"Happy Flower":26,"Replay:Towering Pillar of Hats":46,"aspiration:Nostalgia":0,"Astrolabe":17,"Tingsha":38,"Blue Doll":41,"Pen Nib":13,"aspiration:Stabinomicon":23,"Boot":2,"aspiration:FrozenJewel":54,"Busted Crown":34,"Bag of Marbles":25,"hubris:TenFootPole":27,"Cracked Core":0,"ReplayTheSpireMod:Lightbulb":9,"InkBottle":11,"Ring of the Snake":0},{"Happy Flower":13,"Replay:Towering Pillar of Hats":21,"aspiration:Nostalgia":0,"Astrolabe":8,"Tingsha":18,"Blue Doll":20,"Pen Nib":6,"aspiration:Stabinomicon":13,"Boot":1,"aspiration:FrozenJewel":24,"Busted Crown":17,"Bag of Marbles":13,"hubris:TenFootPole":14,"Cracked Core":0,"ReplayTheSpireMod:Lightbulb":4,"InkBottle":5,"Ring of the Snake":0},{"Happy Flower":53,"Replay:Towering Pillar of Hats":74,"aspiration:Nostalgia":0,"Astrolabe":35,"Tingsha":68,"Blue Doll":71,"Pen Nib":23,"aspiration:Stabinomicon":53,"Boot":4,"aspiration:FrozenJewel":87,"Busted Crown":65,"Bag of Marbles":53,"hubris:TenFootPole":56,"Cracked Core":0,"ReplayTheSpireMod:Lightbulb":12,"InkBottle":19,"Ring of the Snake":0}],"InkBottle":[61],"Ring of the Snake":[50]},"card_choices":[{"not_picked":["Flechettes","ReplayTheSpireMod:Exploit Weakness"],"picked":"hubris:Sniper","floor":1},{"not_picked":["Sucker Punch","Deadly Poison"],"picked":"Blade Dance","floor":2},{"not_picked":["Sucker Punch","Blade Dance"],"picked":"Dash","floor":3},{"not_picked":["Backflip","Outmaneuver"],"picked":"Infinite Blades","floor":5},{"not_picked":["hubris:SlightOfHand","Bouncing Flask"],"picked":"Acrobatics","floor":7},{"not_picked":["Dagger Throw","Replay:Poison Smokescreen"],"picked":"Prepared","floor":11},{"not_picked":["Deflect","Slice"],"picked":"Burst","floor":13},{"not_picked":["Flechettes","Underhanded Strike"],"picked":"Prepared","floor":14},{"not_picked":["aspiration:Lunge","Grand Finale"],"picked":"Phantasmal Killer","floor":16},{"not_picked":["Distraction+1","Slice"],"picked":"ReplayTheSpireMod:Scrap Shanks","floor":18},{"not_picked":["Deflect+1","Draining Mist+1"],"picked":"Backflip","floor":19},{"not_picked":["Survey Options+1","ReplayTheSpireMod:Trickstab+1"],"picked":"Forethought+1","floor":20},{"not_picked":["Outmaneuver+1","Deflect+1"],"picked":"ReplayTheSpireMod:Shiv Toss+1","floor":21},{"not_picked":["Dagger Spray","hubris:SlightOfHand+1"],"picked":"Prepared","floor":22},{"not_picked":["Crippling Poison","ReplayTheSpireMod:Scrap Shanks"],"picked":"hubris:Sniper","floor":23},{"not_picked":["Deadly Poison","Blade Dance"],"picked":"Adrenaline","floor":27},{"not_picked":["Toxin Wave","Heel Hook","Dagger Throw"],"picked":"SKIP","floor":28},{"not_picked":["hubris:SlightOfHand+1","Blade Dance"],"picked":"PiercingWail+1","floor":30},{"not_picked":["Glass Knife","Grand Finale"],"picked":"Adrenaline","floor":33},{"not_picked":["Outmaneuver"],"picked":"SKIP","floor":35},{"not_picked":["hubris:SlightOfHand+1"],"picked":"SKIP","floor":39},{"not_picked":["ReplayTheSpireMod:The Works"],"picked":"SKIP","floor":41},{"not_picked":["hubris:Counter"],"picked":"SKIP","floor":46},{"not_picked":["Deadly Poison+1"],"picked":"SKIP","floor":48},{"not_picked":[],"picked":"Cloak And Dagger","floor":54}],"player_experience":2000549,"relics_obtained":[{"floor":2,"key":"Boot"},{"floor":9,"key":"ReplayTheSpireMod:Lightbulb"},{"floor":11,"key":"InkBottle"},{"floor":13,"key":"Pen Nib"},{"floor":23,"key":"aspiration:Stabinomicon"},{"floor":26,"key":"Happy Flower"},{"floor":27,"key":"hubris:TenFootPole"},{"floor":41,"key":"Blue Doll"},{"floor":46,"key":"Replay:Towering Pillar of Hats"},{"floor":54,"key":"aspiration:FrozenJewel"}],"event_choices":[{"damage_healed":0,"gold_gain":0,"player_choice":"Left","damage_taken":0,"max_hp_gain":0,"max_hp_loss":0,"event_name":"betterThird:BetterGoop","floor":10,"gold_loss":22},{"damage_healed":0,"gold_gain":0,"cards_transformed":["Strike_G"],"player_choice":"Change","damage_taken":0,"max_hp_gain":0,"max_hp_loss":0,"event_name":"Living Wall","floor":12,"gold_loss":0,"cards_obtained":["Storm of Steel"]},{"damage_healed":0,"gold_gain":0,"player_choice":"2","damage_taken":0,"max_hp_gain":0,"max_hp_loss":0,"event_name":"betterMatch:BetterMatch","floor":20,"gold_loss":0,"cards_obtained":["betterMatch:ColorlessUncommonCard"]},{"damage_healed":0,"gold_gain":100,"player_choice":"Pray","damage_taken":0,"max_hp_gain":0,"max_hp_loss":0,"event_name":"Golden Shrine","floor":29,"gold_loss":0},{"cards_removed":["Phantasmal Killer"],"damage_healed":48,"gold_gain":0,"player_choice":"Offered Rare","damage_taken":0,"max_hp_gain":10,"max_hp_loss":0,"event_name":"Bonfire Elementals","floor":31,"gold_loss":0},{"damage_healed":0,"gold_gain":3,"player_choice":"1","damage_taken":0,"max_hp_gain":0,"max_hp_loss":0,"event_name":"betterStone:BetterStone","floor":37,"gold_loss":0},{"damage_healed":0,"gold_gain":0,"player_choice":"Embrace Madness","damage_taken":11,"max_hp_gain":0,"max_hp_loss":0,"event_name":"Winding Halls","floor":42,"gold_loss":0,"cards_obtained":["Madness","Madness"]}],"is_beta":false,"boss_relics":[{"not_picked":["Painkiller Herb","Black Star"],"picked":"Astrolabe"},{"not_picked":["hubris:BlackHole","hubris:HollowSoul"],"picked":"Busted Crown"}],"items_purged_floors":[4,25],"is_endless":false,"potions_floor_spawned":[1,7,14,16,19,21,27,28,41,54],"killed_by":"The Heart","ascension_level":0,"is_humility":true}}