{"host":"5f8yr5jxnqok2jdo","time":1614450172,"event":{"mods":["AchievementEnabler","BaseMod","Beaked The Cultist","Better Altar","Better Match","Better Note","Better Skull","Better Third Choice","BetterRewards","Block Reminder","Bossed Relics","Colored Map","Colored Powertips","DeckTracker","Displayed Cursed Tome","Downfall","Friendly Minions","Googly Eyes","Highlight Path","Key Reminder","Minty Spire (QoL Compilation)","Quick Restart","Random Character Button","Rare Cards Sparkle","Relic Sorter","Relic Stats","Replay The Spire","Spire Arcade","Spire Birthday Party","StSLib","SuperFastMode","Unceasing Turn Reminder","Weighted Paths"],"gold_per_floor":[115,164,164,181,193,193,219,219,219,219,257,284,77,77,77,187,187,187,187,187],"floor_reached":18,"language":"ENG","playtime":723,"items_purged":["downfall:Bewildered"],"score":168,"play_id":"7be9c045-1d58-42c9-a34c-35a13a89ca37","local_time":"20210227192252","is_ascension_mode":false,"campfire_choices":[{"data":"sneckomod:Nope","floor":6,"key":"SMITH"},{"data":"sneckomod:SerpentMind","floor":8,"key":"SMITH"},{"data":"sneckomod:SnekBite","floor":10,"key":"SMITH"},{"data":"sneckomod:UnendingSupply","floor":15,"key":"SMITH"}],"circlet_count":0,"master_deck":["sneckomod:Strike","sneckomod:Strike","sneckomod:Strike","sneckomod:Defend","sneckomod:Defend","sneckomod:Defend","sneckomod:TailWhip","sneckomod:SnekBite+1","sneckomod:Unknown+1","sneckomod:Unknown+1","sneckomod:ImprovisedAttack","sneckomod:Nope+1","sneckomod:SlitherStrike","sneckomod:DiceCrush","sneckomod:SerpentMind+1","sneckomod:ImprovisedGuard","sneckomod:QuickMove","sneckomod:Unknown1Cost","sneckomod:UnendingSupply+1","sneckomod:UnknownRareAttack"],"relics":["sneckomod:SneckoSoul","Boot","Ginger","Singing Bowl","Replay:Bottled Eggs","CeramicFish","Membership Card","Pocketwatch","Sozu"],"acts_visited":["Exordium","TheCity"],"potions_floor_usage":[],"damage_taken":[{"damage":0,"enemies":"Small Slimes","floor":1,"turns":3},{"damage":6,"enemies":"Jaw Worm","floor":4,"turns":3},{"damage":3,"enemies":"Cultist","floor":5,"turns":4},{"damage":5,"enemies":"Replay:BlueRogue","floor":7,"turns":5},{"damage":31,"enemies":"Lagavulin","floor":11,"turns":5},{"damage":11,"enemies":"Looter","floor":12,"turns":3},{"damage":35,"enemies":"Fading Forest","floor":16,"turns":11},{"damage":0,"enemies":"3 Byrds","floor":18,"turns":2}],"seed_played":"-4320342009894017283","potions_obtained":[{"floor":2,"key":"sneckomod:MuddlingPotion"},{"floor":5,"key":"Explosive Potion"},{"floor":7,"key":"sneckomod:OffclassReductionPotion"}],"is_trial":false,"path_per_floor":["M","?","?","M","M","R","E","R","T","R","E","M","$","T","R","B",null,"M"],"character_chosen":"THE_SNECKO","items_purchased":["Membership Card","sneckomod:Unknown1Cost","sneckomod:UnendingSupply"],"campfire_rested":0,"item_purchase_floors":[13,13,13],"current_hp_per_floor":[99,99,99,93,90,90,85,85,85,85,54,43,43,43,43,28,99,99,99,99],"gold":187,"neow_bonus":"TEN_PERCENT_HP_BONUS","is_daily":false,"chose_seed":false,"campfire_upgraded":4,"win_rate":0.0,"timestamp":1614450172,"path_taken":["M","?","?","M","M","R","E","R","T","R","E","M","$","?","R","BOSS","M"],"items_purchased_type":["Relic","Card","Card"],"build_version":"2020-12-22","purchased_purges":1,"victory":false,"max_hp_per_floor":[99,99,99,99,99,99,99,99,99,99,99,99,99,99,99,99,99,99,99,99],"relic_stats":{"Sozu":0,"Singing Bowl":0,"counters":[8,36],"CeramicFish":45,"Ginger":[4],"Boot":[24],"obtain_stats":[{"Sozu":17,"Singing Bowl":7,"CeramicFish":11,"Ginger":3,"Membership Card":13,"Replay:Bottled Eggs":9,"sneckomod:SneckoSoul":0,"Boot":2,"Pocketwatch":14},{"Sozu":7,"Singing Bowl":4,"CeramicFish":5,"Ginger":1,"Membership Card":6,"Replay:Bottled Eggs":4,"sneckomod:SneckoSoul":0,"Boot":1,"Pocketwatch":6},{"Sozu":34,"Singing Bowl":15,"CeramicFish":20,"Ginger":3,"Membership Card":23,"Replay:Bottled Eggs":15,"sneckomod:SneckoSoul":0,"Boot":3,"Pocketwatch":23}],"Pocketwatch":[6]},"card_choices":[{"not_picked":["sneckomod:WideSting","sneckomod:SoulDraw"],"picked":"sneckomod:ImprovisedAttack","floor":1},{"not_picked":["sneckomod:RainOfDice","sneckomod:QuickMove"],"picked":"sneckomod:Nope","floor":2},{"not_picked":["sneckomod:UnknownUncommonPower","sneckomod:Nope"],"picked":"sneckomod:SlitherStrike","floor":4},{"not_picked":["sneckomod:UnknownBlock","sneckomod:DiceBlock"],"picked":"sneckomod:DiceCrush","floor":5},{"not_picked":["sneckomod:SoulDraw","sneckomod:Cheat"],"picked":"sneckomod:SerpentMind","floor":7},{"not_picked":["sneckomod:RainOfDice","sneckomod:DiceBlock"],"picked":"sneckomod:ImprovisedGuard","floor":11},{"not_picked":["sneckomod:RainOfDice","sneckomod:UnknownCommonAttack"],"picked":"sneckomod:QuickMove","floor":12},{"not_picked":["sneckomod:UnknownBoss","sneckomod:Restock"],"picked":"sneckomod:UnknownRareAttack","floor":16}],"player_experience":389859,"relics_obtained":[{"floor":2,"key":"Boot"},{"floor":7,"key":"Singing Bowl"},{"floor":9,"key":"Replay:Bottled Eggs"},{"floor":11,"key":"CeramicFish"},{"floor":14,"key":"Pocketwatch"}],"event_choices":[],"is_beta":false,"boss_relics":[{"not_picked":["Replay:Wanted Poster","Coffee Dripper"],"picked":"Sozu"}],"items_purged_floors":[13],"is_endless":false,"potions_floor_spawned":[5,7,11],"killed_by":"3 Byrds","ascension_level":0}}