{"host":"iyj530209nkhhjuz","time":1614448728,"event":{"mods":["AchievementEnabler","BaseMod","Better Match","Better Note","Better Third Choice","BetterRewards","Colored Map","Colored Powertips","Dark Map","Fox Events","Highlight Path","Minty Spire (QoL Compilation)","Permanent Neow","Random Character Button","Rare Cards Sparkle","Relic Stats","StSLib","Waifu the Spire"],"gold_per_floor":[110,110,124,124,137,137,137],"floor_reached":6,"language":"ENG","playtime":301,"items_purged":[],"score":65,"play_id":"eccf1370-f201-4b09-bde7-6dfe55be49cf","local_time":"20210227185848","is_ascension_mode":true,"campfire_choices":[],"circlet_count":0,"master_deck":["AscendersBane","Strike_B","Strike_B","Strike_B","Defend_B","Defend_B","Defend_B","Defend_B","Zap","Dualcast","Panache","Gash","Static Discharge+1","White Noise"],"relics":["Cracked Core","Pantograph","Runic Capacitor","Frozen Egg 2","Membership Card","Letter Opener"],"acts_visited":["Exordium"],"potions_floor_usage":[5,6],"damage_taken":[{"damage":0,"enemies":"Small Slimes","floor":1,"turns":2},{"damage":9,"enemies":"Jaw Worm","floor":3,"turns":3},{"damage":1,"enemies":"Cultist","floor":5,"turns":3},{"damage":31,"enemies":"Gremlin Nob","floor":6,"turns":3}],"seed_played":"-7481899455844229113","potions_obtained":[{"floor":1,"key":"LiquidMemories"},{"floor":3,"key":"Regen Potion"}],"is_trial":false,"path_per_floor":["M","?","M","?","M","E"],"character_chosen":"DEFECT","items_purchased":["Pantograph","Runic Capacitor","Panache","Gash","Frozen Egg 2","Static Discharge+1","Membership Card","Letter Opener"],"campfire_rested":0,"item_purchase_floors":[0,0,0,0,0,0,0,0],"current_hp_per_floor":[36,36,27,20,28,0,0],"gold":137,"neow_bonus":"","is_daily":false,"chose_seed":false,"campfire_upgraded":0,"win_rate":0.0,"timestamp":1614448728,"path_taken":["M","?","M","?","?","E"],"items_purchased_type":["Relic","Relic","Card","Card","Relic","Card","Relic","Relic"],"build_version":"2020-12-22","purchased_purges":0,"victory":false,"max_hp_per_floor":[71,71,71,71,71,71,71],"relic_stats":{"counters":[249,1040],"Pantograph":0,"Letter Opener":[5],"obtain_stats":[{"Ginger":17,"Whetstone":54,"Bottled Tornado":45,"Boot":2,"Blood Vial":0,"Sundial":46,"MealTicket":37,"HandDrill":0,"Kunai":26,"Pear":53,"Blue Candle":26,"Eternal Feather":42,"Pen Nib":8,"Akabeko":0,"Cables":30,"SlaversCollar":17,"Bird Faced Urn":23,"MutagenicStrength":29,"Pandora\u0027s Box":17,"StrikeDummy":43,"Unceasing Top":48,"Regal Pillow":23,"Lantern":0,"Torii":27,"Singing Bowl":34,"StoneCalendar":38,"Bag of Preparation":0,"Ancient Tea Set":29,"Smiling Mask":9,"Matryoshka":24,"WingedGreaves":0,"Chemical X":37,"InkBottle":9,"Potion Belt":14,"Lee\u0027s Waffle":0,"Inserter":34,"Golden Idol":11,"Thread and Needle":21,"The Courier":9,"PreservedInsect":47,"Omamori":27,"Frozen Egg 2":0,"Nuclear Battery":34,"Ornamental Fan":31,"betterThird:SlimedRelic":4,"Orrery":0,"Turnip":6,"Art of War":2,"Bottled Lightning":26,"Toy Ornithopter":0,"Tiny House":34,"Calipers":36,"Gremlin Horn":48,"CeramicFish":40,"Vajra":43,"Runic Capacitor":36,"Sozu":34,"Lizard Tail":40,"Centennial Puzzle":41,"HornCleat":12,"DollysMirror":45,"Strawberry":0,"Prayer Wheel":46,"Toxic Egg 2":43,"Happy Flower":42,"Astrolabe":34,"Oddly Smooth Stone":38,"Letter Opener":41,"War Paint":23,"Question Card":6,"Du-Vu Doll":46,"OrangePellets":14,"Bottled Flame":40,"Shuriken":40,"Bronze Scales":7,"Molten Egg 2":17,"foxEvents:LuckyCharm":2,"Black Star":17,"Symbiotic Virus":54,"Pocketwatch":28,"Darkstone Periapt":25,"SacredBark":34,"Mango":29,"Juzu Bracelet":6,"Incense Burner":54,"Nunchaku":41,"Mummified Hand":31,"Pantograph":24,"Gambling Chip":3,"Tiny Chest":17,"Red Mask":41,"Cracked Core":0,"Orichalcum":9,"Medical Kit":48,"White Beast Statue":6,"Mercury Hourglass":48,"Calling Bell":17,"Peace Pipe":0,"DataDisk":26,"Anchor":54,"Coffee Dripper":17,"Bag of Marbles":0,"Membership Card":0,"FossilizedHelix":0},{"Ginger":14,"Whetstone":113,"Bottled Tornado":216,"Boot":144,"Blood Vial":88,"Sundial":83,"MealTicket":162,"HandDrill":196,"Kunai":44,"Pear":58,"Blue Candle":19,"Eternal Feather":28,"Pen Nib":36,"Akabeko":5,"Cables":103,"SlaversCollar":179,"Bird Faced Urn":18,"MutagenicStrength":209,"Pandora\u0027s Box":227,"StrikeDummy":214,"Unceasing Top":218,"Regal Pillow":73,"Lantern":114,"Torii":74,"Singing Bowl":132,"StoneCalendar":135,"Bag of Preparation":168,"Ancient Tea Set":45,"Smiling Mask":225,"Matryoshka":232,"WingedGreaves":60,"Chemical X":106,"InkBottle":119,"Potion Belt":13,"Lee\u0027s Waffle":143,"Inserter":104,"Golden Idol":37,"Thread and Needle":16,"The Courier":10,"PreservedInsect":31,"Omamori":74,"Frozen Egg 2":32,"Nuclear Battery":211,"Ornamental Fan":210,"betterThird:SlimedRelic":1,"Orrery":114,"Turnip":3,"Art of War":1,"Bottled Lightning":128,"Toy Ornithopter":32,"Tiny House":48,"Calipers":134,"Gremlin Horn":140,"CeramicFish":80,"Vajra":28,"Runic Capacitor":24,"Sozu":76,"Lizard Tail":80,"Centennial Puzzle":81,"HornCleat":11,"DollysMirror":110,"Strawberry":60,"Prayer Wheel":30,"Toxic Egg 2":81,"Happy Flower":109,"Astrolabe":23,"Oddly Smooth Stone":135,"Letter Opener":81,"War Paint":73,"Question Card":35,"Du-Vu Doll":55,"OrangePellets":68,"Bottled Flame":27,"Shuriken":240,"Bronze Scales":10,"Molten Egg 2":14,"foxEvents:LuckyCharm":7,"Black Star":69,"Symbiotic Virus":59,"Pocketwatch":101,"Darkstone Periapt":19,"SacredBark":237,"Mango":75,"Juzu Bracelet":147,"Incense Burner":195,"Nunchaku":136,"Mummified Hand":159,"Pantograph":44,"Gambling Chip":115,"Tiny Chest":14,"Red Mask":240,"Cracked Core":0,"Orichalcum":93,"Medical Kit":31,"White Beast Statue":172,"Mercury Hourglass":85,"Calling Bell":14,"Peace Pipe":196,"DataDisk":73,"Anchor":87,"Coffee Dripper":96,"Bag of Marbles":196,"Membership Card":60,"FossilizedHelix":114},{"Ginger":41,"Whetstone":535,"Bottled Tornado":904,"Boot":600,"Blood Vial":428,"Sundial":399,"MealTicket":679,"HandDrill":848,"Kunai":168,"Pear":276,"Blue Candle":61,"Eternal Feather":100,"Pen Nib":133,"Akabeko":16,"Cables":489,"SlaversCollar":756,"Bird Faced Urn":56,"MutagenicStrength":888,"Pandora\u0027s Box":949,"StrikeDummy":902,"Unceasing Top":909,"Regal Pillow":347,"Lantern":544,"Torii":352,"Singing Bowl":580,"StoneCalendar":585,"Bag of Preparation":708,"Ancient Tea Set":173,"Smiling Mask":930,"Matryoshka":965,"WingedGreaves":288,"Chemical X":502,"InkBottle":555,"Potion Belt":35,"Lee\u0027s Waffle":598,"Inserter":496,"Golden Idol":136,"Thread and Needle":49,"The Courier":26,"PreservedInsect":109,"Omamori":352,"Frozen Egg 2":120,"Nuclear Battery":896,"Ornamental Fan":892,"betterThird:SlimedRelic":2,"Orrery":544,"Turnip":10,"Art of War":2,"Bottled Lightning":574,"Toy Ornithopter":120,"Tiny House":197,"Calipers":584,"Gremlin Horn":592,"CeramicFish":382,"Vajra":100,"Runic Capacitor":85,"Sozu":367,"Lizard Tail":382,"Centennial Puzzle":389,"HornCleat":28,"DollysMirror":521,"Strawberry":288,"Prayer Wheel":105,"Toxic Egg 2":389,"Happy Flower":516,"Astrolabe":83,"Oddly Smooth Stone":585,"Letter Opener":389,"War Paint":347,"Question Card":130,"Du-Vu Doll":249,"OrangePellets":320,"Bottled Flame":97,"Shuriken":997,"Bronze Scales":26,"Molten Egg 2":41,"foxEvents:LuckyCharm":21,"Black Star":331,"Symbiotic Virus":283,"Pocketwatch":481,"Darkstone Periapt":61,"SacredBark":987,"Mango":357,"Juzu Bracelet":609,"Incense Burner":842,"Nunchaku":587,"Mummified Hand":669,"Pantograph":168,"Gambling Chip":546,"Tiny Chest":41,"Red Mask":997,"Cracked Core":0,"Orichalcum":450,"Medical Kit":109,"White Beast Statue":722,"Mercury Hourglass":411,"Calling Bell":41,"Peace Pipe":848,"DataDisk":347,"Anchor":420,"Coffee Dripper":465,"Bag of Marbles":848,"Membership Card":288,"FossilizedHelix":544}]},"card_choices":[{"not_picked":["Sweeping Beam","Steam","Reinforced Body"],"picked":"SKIP","floor":1},{"not_picked":["Cold Snap","Redo","Compile Driver"],"picked":"SKIP","floor":3},{"not_picked":["Stack","Heatsinks+1"],"picked":"White Noise","floor":5}],"player_experience":562573,"relics_obtained":[],"event_choices":[{"damage_healed":36,"gold_gain":0,"player_choice":"Leave","damage_taken":0,"max_hp_gain":0,"max_hp_loss":71,"event_name":"betterThird:BetterShining","floor":2,"gold_loss":0},{"cards_removed":["Strike_B"],"damage_healed":0,"gold_gain":0,"player_choice":"Card Removal","damage_taken":7,"max_hp_gain":0,"max_hp_loss":0,"event_name":"Golden Wing","floor":4,"gold_loss":0}],"is_beta":false,"boss_relics":[],"items_purged_floors":[],"is_endless":false,"potions_floor_spawned":[1,3],"killed_by":"Gremlin Nob","ascension_level":16}}