{"host":"mithrandi","time":1614428174,"event":{"mods":["BaseMod","Colored Map","Highlight Path","Minty Spire (QoL Compilation)","SuperFastMode"],"gold_per_floor":[109,122,139,152,19,19,50,50,50,70,70,70,80,105,105,105,105],"floor_reached":16,"language":"ENG","playtime":750,"items_purged":["Strike_B"],"score":224,"play_id":"de079457-dd3f-4fc6-b2c7-9e94f6888ef7","local_time":"20210227141614","is_ascension_mode":true,"campfire_choices":[{"data":"Go for the Eyes","floor":6,"key":"SMITH"},{"floor":12,"key":"REST"},{"data":"Fission","floor":15,"key":"SMITH"}],"circlet_count":0,"master_deck":["AscendersBane","Strike_B","Strike_B","Strike_B","Defend_B","Defend_B","Defend_B","Defend_B","Zap","Dualcast","Seek+1","Compile Driver","Conserve Battery","Glacier","Go for the Eyes+1","Compile Driver","Ball Lightning","Loop","Reinforced Body","Fission+1"],"relics":["Cracked Core","Juzu Bracelet","Cables","Incense Burner"],"acts_visited":["Exordium"],"potions_floor_usage":[14,16,16],"damage_taken":[{"damage":11,"enemies":"Small Slimes","floor":1,"turns":3},{"damage":2,"enemies":"Jaw Worm","floor":2,"turns":4},{"damage":0,"enemies":"2 Louse","floor":3,"turns":2},{"damage":2,"enemies":"Exordium Wildlife","floor":4,"turns":5},{"damage":18,"enemies":"Gremlin Nob","floor":7,"turns":5},{"damage":0,"enemies":"3 Louse","floor":10,"turns":3},{"damage":0,"enemies":"Blue Slaver","floor":13,"turns":4},{"damage":5,"enemies":"3 Sentries","floor":14,"turns":5},{"damage":33,"enemies":"Slime Boss","floor":16,"turns":10}],"seed_played":"7433198059544928855","potions_obtained":[{"floor":7,"key":"FocusPotion"},{"floor":10,"key":"Block Potion"},{"floor":14,"key":"Fire Potion"}],"is_trial":false,"path_per_floor":["M","M","M","M","$","R","E","?","T","M","?","R","M","E","R","B"],"character_chosen":"DEFECT","items_purchased":["Compile Driver"],"campfire_rested":1,"item_purchase_floors":[5],"current_hp_per_floor":[35,33,33,31,31,31,13,13,13,13,13,34,34,29,29,0,0],"gold":105,"neow_bonus":"THREE_RARE_CARDS","is_daily":false,"chose_seed":false,"campfire_upgraded":2,"win_rate":0.0,"timestamp":1614428174,"path_taken":["M","M","M","M","$","R","E","?","T","M","?","R","M","E","R","BOSS"],"items_purchased_type":["Card"],"build_version":"2020-12-18","purchased_purges":1,"victory":false,"max_hp_per_floor":[71,71,71,71,71,71,71,71,71,71,71,71,71,71,71,71,71],"card_choices":[{"not_picked":["Creative AI","Multi-Cast"],"picked":"Seek","floor":0},{"not_picked":["Go for the Eyes","Hologram"],"picked":"Compile Driver","floor":1},{"not_picked":["Lockon","Multi-Cast"],"picked":"Conserve Battery","floor":2},{"not_picked":["Reprogram","Reinforced Body"],"picked":"Glacier","floor":3},{"not_picked":["Redo","Cold Snap"],"picked":"Go for the Eyes","floor":4},{"not_picked":["Streamline","Leap"],"picked":"Ball Lightning","floor":7},{"not_picked":["Undo","Redo"],"picked":"Loop","floor":10},{"not_picked":["Recycle","Steam"],"picked":"Reinforced Body","floor":13},{"not_picked":["Conserve Battery","Rebound"],"picked":"Fission","floor":14}],"player_experience":3175344,"relics_obtained":[{"floor":7,"key":"Juzu Bracelet"},{"floor":9,"key":"Cables"},{"floor":14,"key":"Incense Burner"}],"event_choices":[{"damage_healed":0,"gold_gain":0,"player_choice":"Grow","damage_taken":0,"max_hp_gain":0,"max_hp_loss":0,"event_name":"Living Wall","floor":8,"gold_loss":0,"cards_upgraded":["Seek"]},{"damage_healed":0,"gold_gain":0,"player_choice":"Ignored","damage_taken":0,"max_hp_gain":0,"max_hp_loss":0,"event_name":"Golden Wing","floor":11,"gold_loss":0}],"is_beta":true,"boss_relics":[],"items_purged_floors":[5],"is_endless":false,"potions_floor_spawned":[7,10,13,14],"killed_by":"Slime Boss","ascension_level":20}}