{"host":"iodn1af76021fjto","time":1614410452,"event":{"mods":["AchievementEnabler","BaseMod","BetterRewards","Colored Map","Downfall","Hermit","Infinite Spire","Jorbs\u0027s Wanderer Trilogy","Minty Spire (QoL Compilation)","Quick Restart","StSLib","SuperFastMode","The Cursed","The Hierophant","The Jungle","The Runesmith","The Servant 0.9.4"],"gold_per_floor":[10,20,38,38,53,87,87,119,119,119,138,154,195,235,235,354,354,372,385,400,415,438,472,496,406,406,421,421,440,480,520,520,520,520],"floor_reached":33,"language":"ENG","playtime":1414,"items_purged":[],"score":442,"play_id":"6d270ef4-652e-4ecc-9062-98718f548801","local_time":"20210227022052","is_ascension_mode":true,"campfire_choices":[{"data":"Infinite Blades","floor":7,"key":"SMITH"},{"data":"Phantasmal Killer","floor":15,"key":"SMITH"},{"data":"Burst","floor":32,"key":"SMITH"}],"circlet_count":0,"master_deck":["Strike_G+1","Strike_G","Strike_G","Strike_G","Defend_G","Defend_G","Defend_G","Defend_G","Defend_G","Survivor","Neutralize","Sucker Punch","Deflect","Infinite Blades+1","Dagger Spray","Dash","All Out Attack","Backstab","Phantasmal Killer+1","PiercingWail","Doppelganger","Flying Knee+1","Infinite Blades","Tools of the Trade","Dagger Spray+1","Blade Dance","Cloak And Dagger+1","Burst+1"],"relics":["Ring of the Snake","WingedGreaves","MealTicket","Gremlin Horn","infinitespire:FocusingShard","Golden Idol","infinitespire:PuzzleCube","Vajra","Philosopher\u0027s Stone","Blue Candle","infinitespire:CursedDice","CeramicFish","infinitespire:BottledMercury"],"acts_visited":["Exordium","TheCity"],"potions_floor_usage":[8,8,16,23,23,30,33],"damage_taken":[{"damage":2,"enemies":"2 Louse","floor":1,"turns":3},{"damage":0,"enemies":"Small Slimes","floor":2,"turns":4},{"damage":0,"enemies":"Jaw Worm","floor":3,"turns":4},{"damage":9,"enemies":"Red Slaver","floor":5,"turns":4},{"damage":28,"enemies":"3 Sentries","floor":6,"turns":8},{"damage":7,"enemies":"Gremlin Nob","floor":8,"turns":5},{"damage":0,"enemies":"Looter","floor":11,"turns":3},{"damage":1,"enemies":"Exordium Wildlife","floor":12,"turns":3},{"damage":10,"enemies":"3 Sentries","floor":13,"turns":7},{"damage":6,"enemies":"Lagavulin","floor":14,"turns":5},{"damage":13,"enemies":"The Guardian","floor":16,"turns":12},{"damage":0,"enemies":"Spheric Guardian","floor":18,"turns":3},{"damage":0,"enemies":"Chosen","floor":19,"turns":4},{"damage":27,"enemies":"Snake Plant","floor":20,"turns":5},{"damage":4,"enemies":"Centurion and Healer","floor":21,"turns":5},{"damage":10,"enemies":"Chosen and Byrds","floor":22,"turns":4},{"damage":8,"enemies":"Slavers","floor":23,"turns":3},{"damage":15,"enemies":"Snake Plant","floor":24,"turns":4},{"damage":9,"enemies":"Centurion and Healer","floor":27,"turns":4},{"damage":3,"enemies":"3 Cultists","floor":29,"turns":4},{"damage":12,"enemies":"Book of Stabbing","floor":30,"turns":4},{"damage":0,"enemies":"Gremlin Leader","floor":31,"turns":4},{"damage":47,"enemies":"Champ","floor":33,"turns":8}],"seed_played":"-5721312104440457064","potions_obtained":[{"floor":1,"key":"Regen Potion"},{"floor":3,"key":"Guardian:BlockOnCardUsePotion"},{"floor":8,"key":"ColorlessPotion"},{"floor":13,"key":"DuplicationPotion"},{"floor":14,"key":"BlessingOfTheForge"},{"floor":16,"key":"Explosive Potion"},{"floor":22,"key":"Block Potion"},{"floor":23,"key":"Explosive Potion"},{"floor":24,"key":"hexamod:SoulburnPotion"},{"floor":27,"key":"Block Potion"},{"floor":31,"key":"FearPotion"}],"is_trial":false,"path_per_floor":["M","M","M","?","M","E","R","E","T","?","M","M","E","E","R","B",null,"M","M","M","M","M","E","M","?","T","M","?","M","E","E","R","B"],"character_chosen":"THE_SILENT","items_purchased":[],"campfire_rested":0,"item_purchase_floors":[],"current_hp_per_floor":[68,68,68,68,59,31,31,38,38,38,38,37,27,21,21,8,65,65,65,38,34,24,16,1,1,1,39,39,36,24,24,24,0,0],"gold":520,"neow_bonus":"ONE_RARE_RELIC","is_daily":false,"chose_seed":false,"campfire_upgraded":3,"win_rate":0.0,"timestamp":1614410452,"path_taken":["M","M","M","?","M","E","R","E","T","?","M","M","E","E","R","BOSS","M","M","M","M","M","E","M","?","T","?","?","?","E","E","R","BOSS"],"items_purchased_type":[],"build_version":"2020-12-22","purchased_purges":0,"victory":false,"max_hp_per_floor":[70,70,70,70,70,70,70,70,70,65,65,65,65,65,65,65,65,65,65,65,65,65,65,65,65,65,65,65,65,65,65,65,65,65],"card_choices":[{"not_picked":["PiercingWail","Prepared"],"picked":"Sucker Punch","floor":1},{"not_picked":["Choke","Tactician"],"picked":"Deflect","floor":2},{"not_picked":["Dodge and Roll","Underhanded Strike"],"picked":"Infinite Blades","floor":3},{"not_picked":["Calculated Gamble","Concentrate"],"picked":"Dagger Spray","floor":5},{"not_picked":["Underhanded Strike","Calculated Gamble"],"picked":"Dash","floor":6},{"not_picked":["Flying Knee","Dagger Spray"],"picked":"All Out Attack","floor":8},{"not_picked":["Dagger Throw","Backflip"],"picked":"Backstab","floor":11},{"not_picked":["Noxious Fumes","Acrobatics"],"picked":"Phantasmal Killer","floor":12},{"not_picked":["Underhanded Strike","Calculated Gamble"],"picked":"PiercingWail","floor":13},{"not_picked":["Dodge and Roll","Predator"],"picked":"Doppelganger","floor":14},{"not_picked":["infinitespire:Neurotoxin","Unload"],"picked":"Storm of Steel","floor":16},{"not_picked":["Slice","Dagger Spray"],"picked":"Flying Knee+1","floor":18},{"not_picked":["Escape Plan","Flying Knee","Tactician"],"picked":"SKIP","floor":19},{"not_picked":["Poisoned Stab","Backflip"],"picked":"Infinite Blades","floor":20},{"not_picked":["Bane","Outmaneuver+1"],"picked":"Tools of the Trade","floor":21},{"not_picked":["Poisoned Stab","Backstab"],"picked":"Dagger Spray+1","floor":22},{"not_picked":["Outmaneuver","Blur"],"picked":"Blade Dance","floor":23},{"not_picked":["Dagger Throw","Tools of the Trade","Slice+1"],"picked":"SKIP","floor":24},{"not_picked":["Outmaneuver","Dagger Throw","Heel Hook"],"picked":"SKIP","floor":27},{"not_picked":["Bane","Blade Dance"],"picked":"Cloak And Dagger+1","floor":29},{"not_picked":["Dodge and Roll","Leg Sweep"],"picked":"Burst","floor":30},{"not_picked":["Terror","Calculated Gamble","Catalyst+1"],"picked":"SKIP","floor":31}],"player_experience":294882,"relics_obtained":[{"floor":6,"key":"MealTicket"},{"floor":8,"key":"Gremlin Horn"},{"floor":9,"key":"infinitespire:FocusingShard"},{"floor":13,"key":"infinitespire:PuzzleCube"},{"floor":14,"key":"Vajra"},{"floor":23,"key":"Blue Candle"},{"floor":26,"key":"infinitespire:CursedDice"},{"floor":30,"key":"CeramicFish"},{"floor":31,"key":"infinitespire:BottledMercury"}],"event_choices":[{"damage_healed":0,"gold_gain":0,"player_choice":"Ignored","damage_taken":0,"max_hp_gain":0,"max_hp_loss":0,"event_name":"Liars Game","floor":4,"gold_loss":0},{"damage_healed":0,"gold_gain":0,"player_choice":"Lose Max HP","damage_taken":0,"relics_obtained":["Golden Idol"],"max_hp_gain":0,"max_hp_loss":5,"event_name":"Golden Idol","floor":10,"gold_loss":0},{"cards_removed":["Strike_G"],"damage_healed":0,"gold_gain":0,"player_choice":"Upgrade and Remove","damage_taken":0,"max_hp_gain":0,"max_hp_loss":0,"event_name":"Designer","floor":25,"gold_loss":90,"cards_upgraded":["Strike_G"]},{"cards_removed":["Storm of Steel"],"damage_healed":0,"gold_gain":0,"player_choice":"Purged","damage_taken":0,"max_hp_gain":0,"max_hp_loss":0,"event_name":"Purifier","floor":28,"gold_loss":0}],"is_beta":false,"boss_relics":[{"not_picked":["Sozu","Runic Dome"],"picked":"Philosopher\u0027s Stone"}],"items_purged_floors":[],"is_endless":false,"potions_floor_spawned":[1,3,8,13,14,16,22,23,24,27,31],"killed_by":"Champ","ascension_level":4}}