{"host":"89iuq2p5kwriuwfq","time":1614440766,"event":{"mods":["BaseMod","Curses Come First","Custom Start","Minty Spire (QoL Compilation)","Permanent Neow","StSLib"],"gold_per_floor":[109,109,122,122,122,147,147,158,212,232,131,162,175,201,201,201,201],"floor_reached":16,"language":"ENG","playtime":735,"items_purged":["Strike_R"],"score":216,"play_id":"19f9177e-64b2-475a-8295-27669eb6d0f9","local_time":"20210227154606","is_ascension_mode":true,"campfire_choices":[{"floor":7,"key":"REST"},{"data":"Limit Break","floor":15,"key":"SMITH"}],"circlet_count":0,"master_deck":["AscendersBane","Strike_R","Strike_R","Strike_R","Defend_R","Defend_R+1","Defend_R+1","Bash","Spot Weakness","Shrug It Off","Spot Weakness","Headbutt","Twin Strike","Cleave","Warcry","Anger","Disarm","Limit Break+1"],"relics":["Burning Blood","PreservedInsect","Pen Nib","Tiny Chest","Bottled Flame"],"acts_visited":["Exordium"],"potions_floor_usage":[6,14],"damage_taken":[{"damage":0.0,"enemies":"Small Slimes","floor":1.0,"turns":3.0},{"damage":4.0,"enemies":"2 Louse","floor":3.0,"turns":4.0},{"damage":34,"enemies":"Gremlin Nob","floor":6,"turns":4},{"damage":0,"enemies":"Jaw Worm","floor":8,"turns":4},{"damage":0,"enemies":"Exordium Wildlife","floor":10,"turns":4},{"damage":7,"enemies":"3 Sentries","floor":12,"turns":3},{"damage":17,"enemies":"Exordium Thugs","floor":13,"turns":4},{"damage":2,"enemies":"Lagavulin","floor":14,"turns":5},{"damage":56,"enemies":"Slime Boss","floor":16,"turns":5}],"seed_played":"-6378811259490525524","potions_obtained":[{"floor":1.0,"key":"FearPotion"},{"floor":8,"key":"Weak Potion"},{"floor":12,"key":"ElixirPotion"},{"floor":13,"key":"DistilledChaos"}],"is_trial":false,"path_per_floor":["M","?","M","?","?","E","R","M","T","M","$","E","M","E","R","B"],"character_chosen":"IRONCLAD","items_purchased":["Warcry"],"campfire_rested":1,"item_purchase_floors":[11],"current_hp_per_floor":[74,74,75,75,52,24,46,52,52,58,58,57,46,50,50,0,0],"gold":201,"neow_bonus":"TRANSFORM_CARD","is_daily":false,"chose_seed":false,"campfire_upgraded":1,"win_rate":0.0,"timestamp":1614440766,"path_taken":["M","?","M","?","?","E","R","M","T","M","?","E","M","E","R","BOSS"],"items_purchased_type":["Card"],"build_version":"2020-12-22","purchased_purges":1,"victory":false,"max_hp_per_floor":[75,75,75,75,75,75,75,75,75,75,75,75,75,75,75,75,75],"card_choices":[{"not_picked":["Fire Breathing","Body Slam"],"picked":"Shrug It Off","floor":1.0},{"not_picked":["Body Slam","Havoc","Intimidate"],"picked":"SKIP","floor":3.0},{"not_picked":["Entrench","Armaments"],"picked":"Headbutt","floor":6},{"not_picked":["Carnage","Body Slam"],"picked":"Twin Strike","floor":8},{"not_picked":["Dropkick","Evolve"],"picked":"Cleave","floor":10},{"not_picked":["Wild Strike","Seeing Red"],"picked":"Anger","floor":12},{"not_picked":["Uppercut","Cleave"],"picked":"Disarm","floor":13},{"not_picked":["Hemokinesis","Limit Break","Sever Soul"],"picked":"SKIP","floor":14},{"not_picked":["Hemokinesis","Sever Soul"],"picked":"Limit Break","floor":14}],"player_experience":804097,"relics_obtained":[{"floor":6,"key":"PreservedInsect"},{"floor":9,"key":"Pen Nib"},{"floor":12,"key":"Tiny Chest"},{"floor":14,"key":"Bottled Flame"}],"event_choices":[{"damage_healed":0.0,"max_hp_gain":0.0,"max_hp_loss":0.0,"gold_gain":0.0,"event_name":"Liars Game","player_choice":"Ignored","floor":2.0,"gold_loss":0.0,"damage_taken":0.0},{"damage_healed":0.0,"max_hp_gain":0.0,"max_hp_loss":0.0,"gold_gain":0.0,"cards_transformed":["Defend_R"],"event_name":"Living Wall","player_choice":"Change","floor":4.0,"gold_loss":0.0,"damage_taken":0.0,"cards_obtained":["Spot Weakness"]},{"damage_healed":0.0,"max_hp_gain":0.0,"max_hp_loss":0.0,"gold_gain":0.0,"event_name":"Shining Light","player_choice":"Entered Light","floor":5.0,"gold_loss":0.0,"damage_taken":23.0,"cards_upgraded":["Defend_R","Defend_R"]}],"is_beta":false,"boss_relics":[],"items_purged_floors":[11],"is_endless":false,"potions_floor_spawned":[1,8,12,13],"killed_by":"Slime Boss","ascension_level":16}}