{"host":"k0cm6nn9mnmji9h1","time":1614448640,"event":{"mods":["2.2 Compatiblity","AchievementEnabler","Act Like it!","BaseMod","Colored Map","DeckTracker","Gremlin Skip","Highlight Path","Minty Spire (QoL Compilation)","Permanent Neow","Ruina","StSLib","Waifu the Spire"],"gold_per_floor":[112,128,147,158,172,206,206,206,206,206,234,83,83,95,95,95,95],"floor_reached":16,"language":"KOR","playtime":674,"items_purged":[],"score":112,"play_id":"405a7620-bb98-42e0-a8b1-927d9b580c93","local_time":"20210228025720","is_ascension_mode":false,"campfire_choices":[{"floor":10,"key":"REST"},{"floor":13,"key":"REST"},{"data":"Chaos","floor":15,"key":"SMITH"}],"circlet_count":0,"master_deck":["Strike_B","Strike_B","Strike_B","Strike_B","Defend_B","Defend_B","Defend_B","Zap","Dualcast","Chaos+1","Gash","Sweeping Beam","Redo","Rebound","Leap","Sunder+1"],"relics":["Cracked Core","Molten Egg 2","Matryoshka","Anchor","Strawberry"],"acts_visited":["Exordium"],"potions_floor_usage":[],"damage_taken":[{"damage":1,"enemies":"Jaw Worm","floor":1,"turns":3},{"damage":3,"enemies":"Small Slimes","floor":2,"turns":3},{"damage":0,"enemies":"Cultist","floor":3,"turns":3},{"damage":18,"enemies":"Exordium Thugs","floor":4,"turns":4},{"damage":17,"enemies":"Large Slime","floor":5,"turns":6},{"damage":18,"enemies":"Lagavulin","floor":6,"turns":5},{"damage":18,"enemies":"3 Sentries","floor":11,"turns":6},{"damage":0,"enemies":"Red Slaver","floor":14,"turns":2},{"damage":65,"enemies":"Hexaghost","floor":16,"turns":9}],"seed_played":"440073454778753234","potions_obtained":[{"floor":2,"key":"SmokeBomb"},{"floor":3,"key":"CultistPotion"}],"is_trial":false,"path_per_floor":["M","M","M","M","M","E","?","?","T","R","E","$","R","M","R","B"],"character_chosen":"DEFECT","items_purchased":["Strawberry"],"campfire_rested":2,"item_purchase_floors":[12],"current_hp_per_floor":[74,71,71,53,36,18,18,23,23,47,29,36,62,62,62,0,0],"gold":95,"neow_bonus":"REMOVE_CARD","is_daily":false,"chose_seed":false,"campfire_upgraded":1,"win_rate":0.0,"timestamp":1614448640,"path_taken":["M","M","M","M","M","E","?","?","T","R","E","?","R","M","R","BOSS"],"items_purchased_type":["Relic"],"build_version":"2020-12-22","purchased_purges":0,"victory":false,"max_hp_per_floor":[75,75,75,75,75,75,75,80,80,80,80,87,87,87,87,87,87],"card_choices":[{"not_picked":["Coolheaded","Turbo"],"picked":"Chaos","floor":1},{"not_picked":["Leap","Ball Lightning"],"picked":"Gash","floor":2},{"not_picked":["Steam","Ball Lightning"],"picked":"Sweeping Beam","floor":3},{"not_picked":["All For One","Cold Snap"],"picked":"Redo","floor":4},{"not_picked":["Sweeping Beam","FTL"],"picked":"Rebound","floor":5},{"not_picked":["Turbo","Redo"],"picked":"Leap","floor":6},{"not_picked":["Barrage+1","Beam Cell+1","Steam Power"],"picked":"SKIP","floor":11},{"not_picked":["Force Field","Skim"],"picked":"Sunder+1","floor":14}],"player_experience":536050,"relics_obtained":[{"floor":6,"key":"Molten Egg 2"},{"floor":9,"key":"Matryoshka"},{"floor":11,"key":"Anchor"}],"event_choices":[{"damage_healed":0,"gold_gain":0,"player_choice":"Fled","damage_taken":0,"max_hp_gain":0,"max_hp_loss":0,"event_name":"Scrap Ooze","floor":7,"gold_loss":0},{"damage_healed":0,"gold_gain":0,"player_choice":"Donut","damage_taken":0,"max_hp_gain":5,"max_hp_loss":0,"event_name":"Big Fish","floor":8,"gold_loss":0}],"is_beta":false,"boss_relics":[],"items_purged_floors":[],"is_endless":false,"potions_floor_spawned":[2,3],"killed_by":"Hexaghost","ascension_level":0}}