{"host":"mithrandi","time":1614435626,"event":{"mods":["BaseMod","Colored Map","Highlight Path","Minty Spire (QoL Compilation)","SuperFastMode"],"gold_per_floor":[110,35,55,55,55,91,112,153,153,176,204,249,249,263,263,263,263],"floor_reached":16,"language":"ENG","playtime":567,"items_purged":["Strike_B"],"score":344,"play_id":"19ca8c12-af34-40e9-a7b3-6edbc31f941b","local_time":"20210227162026","is_ascension_mode":true,"campfire_choices":[{"data":"Streamline","floor":15,"key":"SMITH"}],"circlet_count":0,"master_deck":["AscendersBane","Strike_B","Strike_B","Defend_B","Defend_B","Defend_B","Defend_B","Zap","Dualcast","Streamline+1","Conserve Battery","Conserve Battery","Cold Snap","Coolheaded","Sweeping Beam","Doom and Gloom","Coolheaded"],"relics":["Cracked Core","NeowsBlessing","Golden Idol","Blood Vial","Kunai","CeramicFish","Orichalcum"],"acts_visited":["Exordium"],"potions_floor_usage":[8,8],"damage_taken":[{"damage":0,"enemies":"Small Slimes","floor":1,"turns":1},{"damage":0,"enemies":"2 Louse","floor":3,"turns":1},{"damage":0,"enemies":"Gremlin Nob","floor":6,"turns":1},{"damage":0,"enemies":"Jaw Worm","floor":7,"turns":4},{"damage":0,"enemies":"3 Sentries","floor":8,"turns":4},{"damage":5,"enemies":"Exordium Wildlife","floor":10,"turns":4},{"damage":15,"enemies":"Gremlin Gang","floor":11,"turns":4},{"damage":7,"enemies":"Lagavulin","floor":12,"turns":7},{"damage":0,"enemies":"2 Fungi Beasts","floor":14,"turns":3},{"damage":20,"enemies":"Hexaghost","floor":16,"turns":11}],"seed_played":"5946984685652722632","potions_obtained":[{"floor":1,"key":"ColorlessPotion"},{"floor":6,"key":"Explosive Potion"}],"is_trial":false,"path_per_floor":["M","$","M","?","?","E","M","E","T","M","M","E","?","M","R","B"],"character_chosen":"DEFECT","items_purchased":[],"campfire_rested":0,"item_purchase_floors":[],"current_hp_per_floor":[64,64,64,57,33,33,35,37,37,34,21,16,16,18,18,0,0],"gold":263,"neow_bonus":"THREE_ENEMY_KILL","is_daily":false,"chose_seed":false,"campfire_upgraded":1,"win_rate":0.0,"timestamp":1614435626,"path_taken":["M","$","M","?","?","E","M","E","T","M","M","E","?","M","R","BOSS"],"items_purchased_type":[],"build_version":"2020-12-18","purchased_purges":1,"victory":false,"max_hp_per_floor":[71,71,71,71,71,71,71,71,71,71,71,71,71,71,71,71,71],"card_choices":[{"not_picked":["Melter","Chill"],"picked":"Streamline","floor":1},{"not_picked":["Turbo","Aggregate"],"picked":"Conserve Battery","floor":3},{"not_picked":["Force Field","Gash"],"picked":"Conserve Battery","floor":6},{"not_picked":["Redo","Leap"],"picked":"Cold Snap","floor":7},{"not_picked":["Amplify","Hologram"],"picked":"Coolheaded","floor":8},{"not_picked":["Gash","Redo"],"picked":"Sweeping Beam","floor":10},{"not_picked":["Sweeping Beam","Lockon"],"picked":"Doom and Gloom","floor":11},{"not_picked":["Steam Power","Go for the Eyes"],"picked":"Coolheaded","floor":12},{"not_picked":["Beam Cell","Storm","Turbo"],"picked":"SKIP","floor":14}],"player_experience":3178014,"relics_obtained":[{"floor":6,"key":"Blood Vial"},{"floor":8,"key":"Kunai"},{"floor":9,"key":"CeramicFish"},{"floor":12,"key":"Orichalcum"}],"event_choices":[{"cards_removed":["Strike_B"],"damage_healed":0,"gold_gain":0,"player_choice":"Card Removal","damage_taken":7,"max_hp_gain":0,"max_hp_loss":0,"event_name":"Golden Wing","floor":4,"gold_loss":0},{"damage_healed":0,"gold_gain":0,"player_choice":"Take Damage","damage_taken":24,"relics_obtained":["Golden Idol"],"max_hp_gain":0,"max_hp_loss":0,"event_name":"Golden Idol","floor":5,"gold_loss":0},{"damage_healed":0,"gold_gain":0,"player_choice":"Ignored","damage_taken":0,"max_hp_gain":0,"max_hp_loss":0,"event_name":"Liars Game","floor":13,"gold_loss":0}],"is_beta":true,"boss_relics":[],"items_purged_floors":[2],"is_endless":false,"potions_floor_spawned":[1,6,7],"killed_by":"Hexaghost","ascension_level":20}}