{"host":"Bilverbakes","time":1614399884,"event":{"mods":["2.2 Compatiblity","AchievementEnabler","BaseMod","Bestiary","Colored Map","Minty Spire (QoL Compilation)","Relic Stats","StSLib","ojb\u0027s Info Mod"],"gold_per_floor":[115,115,9,27,42,42,76,76,158,177,177,211,211,223,223,294,294,308,308,320,337,337,337,372,385,385,385,785,785,785,785,785,857,857,872,892,453,498,518,557,582,596,605,628,638,638,651,676,676,676,676,676,676,114,148,148],"floor_reached":57,"language":"ENG","playtime":2820,"items_purged":["Strike_B","Strike_B"],"score":2722,"play_id":"e5426e71-47eb-4cbd-9f64-0dc630b81152","local_time":"20210226222444","is_ascension_mode":true,"campfire_choices":[{"data":"Barrage","floor":6.0,"key":"SMITH"},{"data":"Darkness","floor":8.0,"key":"SMITH"},{"data":"Reinforced Body","floor":11.0,"key":"SMITH"},{"data":"Zap","floor":13.0,"key":"SMITH"},{"data":"Ball Lightning","floor":15.0,"key":"SMITH"},{"data":"Sunder","floor":23.0,"key":"SMITH"},{"data":"Doom and Gloom","floor":27.0,"key":"SMITH"},{"data":"Biased Cognition","floor":32.0,"key":"SMITH"},{"data":"Hologram","floor":46,"key":"SMITH"},{"floor":49,"key":"RECALL"},{"data":"Coolheaded","floor":53,"key":"SMITH"}],"circlet_count":0,"master_deck":["AscendersBane","Defend_B","Defend_B","Defend_B","Zap+1","Dualcast","Reinforced Body+1","Glacier","Darkness+1","Chill","Compile Driver","Barrage+1","Ball Lightning+1","Biased Cognition+1","Doom and Gloom+1","Hyperbeam","Sunder+1","Defragment+1","Self Repair+1","Biased Cognition+1","Hologram+1","Compile Driver+1","Defragment+1","Static Discharge+1","Multi-Cast","Reinforced Body","Clumsy","Coolheaded+1","Aggregate+1","Static Discharge+1","Skim"],"relics":["Cracked Core","PreservedInsect","Cables","Pen Nib","Coffee Dripper","Frozen Egg 2","Emotion Chip","Old Coin","InkBottle","Cursed Key","Frozen Eye","Ice Cream","CeramicFish","ClockworkSouvenir","Toy Ornithopter","Ornamental Fan"],"acts_visited":["Exordium","TheCity","TheBeyond","TheEnding"],"potions_floor_usage":[45,48,56,56],"damage_taken":[{"damage":1.0,"enemies":"2 Louse","floor":1.0,"turns":2.0},{"damage":0.0,"enemies":"Cultist","floor":4.0,"turns":3.0},{"damage":7.0,"enemies":"Jaw Worm","floor":5.0,"turns":3.0},{"damage":6.0,"enemies":"3 Sentries","floor":7.0,"turns":7.0},{"damage":0.0,"enemies":"Lots of Slimes","floor":10.0,"turns":5.0},{"damage":5.0,"enemies":"Lagavulin","floor":12.0,"turns":5.0},{"damage":0.0,"enemies":"Large Slime","floor":14.0,"turns":5.0},{"damage":2.0,"enemies":"Hexaghost","floor":16.0,"turns":8.0},{"damage":0.0,"enemies":"Shell Parasite","floor":18.0,"turns":4.0},{"damage":0.0,"enemies":"3 Byrds","floor":20.0,"turns":1.0},{"damage":3.0,"enemies":"Snake Plant","floor":21.0,"turns":3.0},{"damage":0.0,"enemies":"Gremlin Leader","floor":24.0,"turns":3.0},{"damage":0.0,"enemies":"Centurion and Healer","floor":25.0,"turns":4.0},{"damage":5.0,"enemies":"Colosseum Slavers","floor":28.0,"turns":4.0},{"damage":0.0,"enemies":"Colosseum Nobs","floor":28.0,"turns":1.0},{"damage":0.0,"enemies":"Slavers","floor":31.0,"turns":1.0},{"damage":43.0,"enemies":"Automaton","floor":33.0,"turns":9.0},{"damage":11.0,"enemies":"3 Darklings","floor":35.0,"turns":2.0},{"damage":6.0,"enemies":"3 Shapes","floor":36.0,"turns":3.0},{"damage":29.0,"enemies":"2 Orb Walkers","floor":38.0,"turns":2.0},{"damage":0.0,"enemies":"Transient","floor":39.0,"turns":6.0},{"damage":10.0,"enemies":"Nemesis","floor":40.0,"turns":3.0},{"damage":8,"enemies":"Sphere and 2 Shapes","floor":41,"turns":5},{"damage":7,"enemies":"3 Darklings","floor":42,"turns":4},{"damage":0,"enemies":"Transient","floor":44,"turns":6},{"damage":0,"enemies":"Writhing Mass","floor":45,"turns":3},{"damage":0,"enemies":"4 Shapes","floor":47,"turns":5},{"damage":17,"enemies":"Jaw Worm Horde","floor":48,"turns":3},{"damage":17,"enemies":"Time Eater","floor":50,"turns":7},{"damage":9,"enemies":"Donu and Deca","floor":51,"turns":4},{"damage":23,"enemies":"Shield and Spear","floor":55,"turns":5},{"damage":26,"enemies":"The Heart","floor":56,"turns":11}],"seed_played":"7589437207604975344","potions_obtained":[{"floor":1.0,"key":"SkillPotion"},{"floor":5.0,"key":"SteroidPotion"},{"floor":16.0,"key":"DistilledChaos"},{"floor":18.0,"key":"ColorlessPotion"},{"floor":28.0,"key":"SmokeBomb"},{"floor":33.0,"key":"AttackPotion"},{"floor":39.0,"key":"Ancient Potion"},{"floor":41,"key":"Block Potion"},{"floor":45,"key":"Explosive Potion"}],"is_trial":false,"path_per_floor":["M","?","$","M","M","R","E","R","T","M","R","E","R","M","R","B",null,"M","?","M","M","?","R","E","M","T","R","?","?","?","E","R","B",null,"M","M","$","?","M","E","M","M","T","M","M","R","M","M","R","B","B",null,"R","$","E","B",null],"character_chosen":"DEFECT","items_purchased":["Compile Driver","Barrage","Defragment+1","PowerPotion","Weak Potion","Frozen Eye","ClockworkSouvenir","PowerPotion","Static Discharge+1","Toy Ornithopter"],"campfire_rested":0,"item_purchase_floors":[3,3,37,37,37,37,54,54,54,54],"current_hp_per_floor":[63,63,63,63,56,56,50,50,50,50,50,45,45,45,45,43,59,59,59,59,56,39,39,39,39,39,39,34,34,34,44,44,1,52,51,45,45,26,36,26,28,31,31,41,41,41,51,34,34,27,18,56,56,56,43,37],"gold":148,"neow_bonus":"TRANSFORM_TWO_CARDS","is_daily":false,"chose_seed":false,"campfire_upgraded":10,"win_rate":0.0,"timestamp":1614399884,"path_taken":["M","?","$","M","?","R","E","R","T","M","R","E","R","M","R","BOSS","M","?","M","?","?","R","E","M","T","R","?","?","?","E","R","BOSS","M","M","$","?","M","E","M","M","T","M","M","R","M","M","R","BOSS","BOSS","R","$","E","BOSS"],"items_purchased_type":["Card","Card","Card","Potion","Potion","Relic","Relic","Potion","Card","Relic"],"build_version":"2020-12-18","purchased_purges":2,"victory":true,"max_hp_per_floor":[64,64,64,64,64,64,64,64,64,64,64,64,64,64,64,64,64,64,64,64,64,69,69,69,69,69,69,69,69,69,69,69,69,69,69,69,69,69,69,69,69,69,69,69,69,69,69,69,69,69,69,69,69,69,69,69],"relic_stats":{"Emotion Chip":[42,20,13,9,0],"counters":[32,137],"Ornamental Fan":[8],"CeramicFish":63,"PreservedInsect":278,"Pen Nib":[12],"Cursed Key":1,"obtain_stats":[{"Ice Cream":38,"CeramicFish":40,"PreservedInsect":7,"Pen Nib":12,"Frozen Egg 2":24,"Cursed Key":34,"Cables":9,"Old Coin":28,"ClockworkSouvenir":54,"Frozen Eye":37,"Emotion Chip":26,"Ornamental Fan":55,"Coffee Dripper":17,"Cracked Core":0,"InkBottle":28,"Toy Ornithopter":54},{"Ice Cream":20,"CeramicFish":22,"PreservedInsect":4,"Pen Nib":6,"Frozen Egg 2":12,"Cursed Key":17,"Cables":4,"Old Coin":15,"ClockworkSouvenir":30,"Frozen Eye":19,"Emotion Chip":13,"Ornamental Fan":31,"Coffee Dripper":8,"Cracked Core":0,"InkBottle":15,"Toy Ornithopter":30},{"Ice Cream":75,"CeramicFish":84,"PreservedInsect":15,"Pen Nib":25,"Frozen Egg 2":49,"Cursed Key":68,"Cables":15,"Old Coin":58,"ClockworkSouvenir":121,"Frozen Eye":73,"Emotion Chip":53,"Ornamental Fan":126,"Coffee Dripper":38,"Cracked Core":0,"InkBottle":58,"Toy Ornithopter":121}],"InkBottle":[27],"Toy Ornithopter":10,"Cables":[114,44,43,27,0]},"card_choices":[{"not_picked":["Sweeping Beam","Leap"],"picked":"Darkness","floor":1.0},{"not_picked":["Heatsinks","Beam Cell"],"picked":"Ball Lightning","floor":4.0},{"not_picked":["Barrage","Beam Cell","Turbo"],"picked":"SKIP","floor":5.0},{"not_picked":["Leap","Steam Power","Rip and Tear"],"picked":"SKIP","floor":7.0},{"not_picked":["Skim","White Noise","Turbo"],"picked":"SKIP","floor":10.0},{"not_picked":["Recycle","Redo","Streamline"],"picked":"SKIP","floor":12.0},{"not_picked":["Double Energy","Auto Shields","White Noise"],"picked":"SKIP","floor":14.0},{"not_picked":["Seek","Core Surge"],"picked":"Biased Cognition","floor":16.0},{"not_picked":["Go for the Eyes","Leap"],"picked":"Doom and Gloom","floor":18.0},{"not_picked":["Conserve Battery","Double Energy","Rebound"],"picked":"SKIP","floor":20.0},{"not_picked":["Rebound","Undo"],"picked":"Sunder","floor":21.0},{"not_picked":["Rebound","Barrage","Ball Lightning"],"picked":"SKIP","floor":24.0},{"not_picked":["Chaos","Conserve Battery"],"picked":"Defragment+1","floor":25.0},{"not_picked":["Streamline","Rip and Tear"],"picked":"Self Repair+1","floor":28.0},{"not_picked":["Fission","All For One"],"picked":"Biased Cognition+1","floor":33.0},{"not_picked":["Gash+1","Compile Driver"],"picked":"Hologram","floor":35.0},{"not_picked":["Hello World+1","Conserve Battery"],"picked":"Compile Driver+1","floor":36.0},{"not_picked":["Sweeping Beam+1","Scrape"],"picked":"Static Discharge+1","floor":38.0},{"not_picked":["Lockon","Conserve Battery","Reinforced Body"],"picked":"SKIP","floor":39.0},{"not_picked":["Sweeping Beam","Stack"],"picked":"Multi-Cast","floor":40.0},{"not_picked":["Conserve Battery","Steam"],"picked":"Reinforced Body","floor":41},{"not_picked":["Streamline","Rebound","Rip and Tear"],"picked":"SKIP","floor":42},{"not_picked":["Steam+1","Hologram"],"picked":"Coolheaded","floor":44},{"not_picked":["Amplify","Stack","Leap+1"],"picked":"SKIP","floor":45},{"not_picked":["Sweeping Beam","Fusion","Steam"],"picked":"SKIP","floor":47},{"not_picked":["Static Discharge+1","Gash"],"picked":"Aggregate+1","floor":48},{"not_picked":["Tempest","Stack+1"],"picked":"Skim","floor":55}],"player_experience":1017886,"relics_obtained":[{"floor":7.0,"key":"PreservedInsect"},{"floor":9.0,"key":"Cables"},{"floor":12.0,"key":"Pen Nib"},{"floor":24.0,"key":"Frozen Egg 2"},{"floor":26.0,"key":"Emotion Chip"},{"floor":28.0,"key":"Old Coin"},{"floor":28.0,"key":"InkBottle"},{"floor":38.0,"key":"Ice Cream"},{"floor":40.0,"key":"CeramicFish"},{"floor":55,"key":"Ornamental Fan"}],"event_choices":[{"damage_healed":0.0,"max_hp_gain":0.0,"max_hp_loss":0.0,"gold_gain":0.0,"event_name":"Match and Keep!","player_choice":"1 cards matched","floor":2.0,"gold_loss":0.0,"damage_taken":0.0,"cards_obtained":["Chill"]},{"damage_healed":0.0,"max_hp_gain":0.0,"max_hp_loss":0.0,"gold_gain":0.0,"cards_transformed":["Strike_B"],"event_name":"Transmorgrifier","player_choice":"Transformed","floor":19.0,"gold_loss":0.0,"damage_taken":0.0,"cards_obtained":["Hyperbeam"]},{"damage_healed":0.0,"max_hp_gain":5.0,"max_hp_loss":0.0,"gold_gain":0.0,"event_name":"Forgotten Altar","player_choice":"Shed Blood","floor":22.0,"gold_loss":0.0,"damage_taken":22.0},{"damage_healed":0.0,"max_hp_gain":0.0,"max_hp_loss":0.0,"gold_gain":0.0,"event_name":"Colosseum","player_choice":"Fight","floor":28.0,"gold_loss":0.0,"damage_taken":0.0},{"damage_healed":0.0,"max_hp_gain":0.0,"max_hp_loss":0.0,"gold_gain":0.0,"event_name":"Colosseum","player_choice":"Fought Nobs","floor":28.0,"gold_loss":0.0,"damage_taken":0.0},{"damage_healed":0.0,"max_hp_gain":0.0,"max_hp_loss":0.0,"gold_gain":0.0,"event_name":"The Mausoleum","player_choice":"Ignored","floor":29.0,"gold_loss":0.0,"damage_taken":0.0},{"damage_healed":0.0,"max_hp_gain":0.0,"max_hp_loss":0.0,"gold_gain":0.0,"event_name":"Ghosts","player_choice":"Ignored","floor":30.0,"gold_loss":0.0,"damage_taken":0.0},{"damage_healed":0.0,"max_hp_gain":0.0,"max_hp_loss":0.0,"gold_gain":0.0,"event_name":"Mysterious Sphere","player_choice":"Fight","floor":38.0,"gold_loss":0.0,"damage_taken":0.0}],"is_beta":true,"boss_relics":[{"not_picked":["Tiny House","Black Star"],"picked":"Coffee Dripper"},{"not_picked":["Sozu","SacredBark"],"picked":"Cursed Key"}],"items_purged_floors":[37,54],"is_endless":false,"potions_floor_spawned":[1,5,16,18,28,28,31,33,39,41,42,45],"ascension_level":20}}