{"host":"l4r9l8cq5shl803l","time":1614386463,"event":{"mods":["AchievementEnabler","Act Like it!","Aspiration","BaseMod","Colored Map","Colored Powertips","Downfall","Hallownest","Hermit","Hubris","Minty Spire (QoL Compilation)","Rare Cards Sparkle","Reliquary","Replay The Spire","Ruina","StSLib","The Bug Knight","The Construct","The Cursed","The Necromancer","everything is the same but u backflip on backflip"],"gold_per_floor":[110,110,110,123,123,152,171,198,273,35,35,67,101,101,101,272,272,299,680,714,714,714,775,804,804,804],"floor_reached":25,"language":"ENG","playtime":2544,"items_purged":[],"score":273,"play_id":"5e5e906a-85f7-406e-b951-741188a44891","local_time":"20210226174103","is_ascension_mode":true,"campfire_choices":[{"data":"Hallownest:skillLeafShield","floor":11,"key":"SMITH"},{"data":"hermit:Strike_Hermit","floor":15,"key":"PURGE"}],"circlet_count":0,"master_deck":["hermit:Strike_Hermit","hermit:Snapshot","hermit:Covet","hermit:TrackingShot","hermit:Feint","hermit:LuckOfTheDraw","Hallownest:skillLeafShield+1","Hallownest:skillLeafShield","Hallownest:skillLeafShield","Hallownest:skillLeafShield","Hallownest:skillLeafShield","hermit:BodyArmor","hermit:Quickdraw","hermit:Quickdraw","hermit:DeadOrAlive","HollowMod:CycloneSlash","hermit:Manifest","hermit:BlackWind","hermit:EyeOfTheStorm","hermit:Headshot","hermit:SprayPray","hermit:TrackingShot"],"relics":["hermit:Momento","HollowMod:StagPassRelic","Tiny Chest","hubris:DisguiseKit","Hallownest:DreamNailRelic","Philosopher\u0027s Stone","Hallownest:WatcherSealRelic","hubris:Zylophone","MealTicket"],"acts_visited":["Hallownest:Greenpath","Hallownest:CityofTears"],"potions_floor_usage":[24,25,25],"damage_taken":[{"damage":0,"enemies":"Hallownest:monsterHuskWarrior","floor":1,"turns":2},{"damage":0,"enemies":"Hallownest:2_MossCreeps","floor":4,"turns":4},{"damage":0,"enemies":"Hallownest:monsterMarmu","floor":5,"turns":5},{"damage":15,"enemies":"Hallownest:eliteCrystalGuardian","floor":6,"turns":6},{"damage":0,"enemies":"Hallownest:2_Baldur","floor":7,"turns":4},{"damage":5,"enemies":"Hallownest:eliteVengeflyKing","floor":8,"turns":7},{"damage":1,"enemies":"Hallownest:eliteMossKnight","floor":12,"turns":8},{"damage":0,"enemies":"Hallownest:1_Ooma_and_2_Uuma","floor":13,"turns":4},{"damage":53,"enemies":"Hallownest:BossBrokenVessel","floor":16,"turns":12},{"damage":6,"enemies":"Hallownest:Flukemon_and_Top","floor":18,"turns":4},{"damage":10,"enemies":"Hallownest:Guard_and_Sentry","floor":20,"turns":6},{"damage":6,"enemies":"Hallownest:eliteSoulWarrior","floor":23,"turns":9},{"damage":14,"enemies":"Hallownest:monsterMisterMushroom","floor":24,"turns":8},{"damage":41,"enemies":"Hallownest:eliteWatcherKnight","floor":25,"turns":10}],"seed_played":"-3924777775270698733","potions_obtained":[{"floor":12,"key":"hermit:Tonic"},{"floor":18,"key":"LiquidBronze"},{"floor":20,"key":"SkillPotion"}],"is_trial":false,"path_per_floor":["M","?","?","M","?","E","M","E","T","$","R","E","M","?","R_BF","B",null,"M","?","M","?","T","E","M","E"],"character_chosen":"HERMIT","items_purchased":["hubris:DisguiseKit"],"campfire_rested":0,"item_purchase_floors":[10],"current_hp_per_floor":[68,68,76,76,76,61,61,56,56,56,56,55,55,55,55,2,76,70,70,60,60,60,54,40,0,0],"gold":804,"neow_bonus":"TRANSFORM_TWO_CARDS","is_daily":false,"chose_seed":false,"campfire_upgraded":1,"win_rate":0.0,"timestamp":1614386463,"path_taken":["M","?","?","?","?","E","M","E","T","$","R","E","M","?","R_BF","BOSS","M","?","M","?","?","E","?","E"],"items_purchased_type":["Relic"],"build_version":"2020-12-22","purchased_purges":0,"victory":false,"max_hp_per_floor":[68,68,76,76,76,76,76,76,76,76,76,76,76,76,76,76,76,76,76,76,76,76,76,76,76,76],"card_choices":[{"not_picked":["hermit:HoleUp","hermit:TrackingShot"],"picked":"hermit:LuckOfTheDraw","floor":1},{"not_picked":["hermit:Headshot","hermit:Misfire"],"picked":"hermit:BodyArmor","floor":4},{"not_picked":["hermit:WideOpen","hermit:Desperado"],"picked":"hermit:Quickdraw","floor":6},{"not_picked":["hermit:HoleUp","hermit:HighCaliber"],"picked":"hermit:Quickdraw","floor":7},{"not_picked":["hermit:GhostlyPresence","hermit:CalledShot"],"picked":"hermit:DeadOrAlive","floor":8},{"not_picked":["hermit:Showdown","hermit:Snipe","hermit:Magnum"],"picked":"HollowMod:CycloneSlash","floor":12},{"not_picked":["hermit:HoleUp","hermit:BodyArmor","HollowMod:GoodIntentions"],"picked":"hermit:Manifest","floor":13},{"not_picked":["hermit:EternalForm","hermit:Magnum","HollowMod:ZotesMagnificence"],"picked":"hermit:BlackWind","floor":16},{"not_picked":["hermit:WideOpen","hermit:LowProfile","HollowMod:HornetsHelp"],"picked":"hermit:EyeOfTheStorm","floor":18},{"not_picked":["hermit:Midnight+1","hermit:Ricochet","HollowMod:DoubleDash"],"picked":"hermit:Headshot","floor":20},{"not_picked":["hermit:Gestalt","hermit:HighCaliber","HollowMod:WraithStrike"],"picked":"hermit:SprayPray","floor":23},{"not_picked":["hermit:Feint","hermit:Roulette","HollowMod:InfectionAssault"],"picked":"hermit:TrackingShot","floor":24}],"player_experience":122437,"relics_obtained":[{"floor":6,"key":"HollowMod:StagPassRelic"},{"floor":8,"key":"Tiny Chest"},{"floor":12,"key":"Mercury Hourglass"},{"floor":22,"key":"hubris:Zylophone"},{"floor":23,"key":"MealTicket"}],"event_choices":[],"is_beta":false,"boss_relics":[{"not_picked":["ReplayTheSpireMod:DimensionalGlitch","hermit:DentedPlate"],"picked":"Philosopher\u0027s Stone"}],"items_purged_floors":[],"is_endless":false,"potions_floor_spawned":[5,12,18,20],"killed_by":"Hallownest:eliteWatcherKnight","ascension_level":1}}