{"host":"t4313i2190y6fz3q","time":1614386866,"event":{"mods":["2.2 Compatiblity","AchievementEnabler","Act Like it!","BaseMod","Colored Powertips","Minty Spire (QoL Compilation)","Permanent Neow","Quick Restart","Rare Cards Sparkle","StSLib"],"gold_per_floor":[113,124,0,0,0,0,0,0,0,28,40,72,84,84,84,155,155,172,186,201,201,218,218,268,268,268,227,255,308,342,267,267,343,343,357,26,26,0,12,12,38,38,65,65,95,95,109,109,109,109],"floor_reached":51,"language":"ENG","playtime":1996,"items_purged":["Dualcast"],"score":1458,"play_id":"2c6d02fb-0afa-41fd-a708-e3fd20b0711f","local_time":"20210226164746","is_ascension_mode":true,"campfire_choices":[{"data":"Reprogram","floor":6.0,"key":"SMITH"},{"data":"Genetic Algorithm","floor":8.0,"key":"SMITH"},{"data":"Scrape","floor":15.0,"key":"SMITH"},{"floor":23.0,"key":"REST"},{"data":"Go for the Eyes","floor":25.0,"key":"SMITH"},{"floor":32.0,"key":"REST"},{"data":"1","floor":40.0,"key":"LIFT"},{"data":"2","floor":44.0,"key":"LIFT"},{"data":"Beam Cell","floor":46.0,"key":"SMITH"},{"floor":49.0,"key":"REST"}],"circlet_count":0,"master_deck":["AscendersBane","Strike_B+1","Strike_B+1","Strike_B+1","Strike_B+1","Defend_B+1","Defend_B+1","Defend_B+1","Rip and Tear","Gash","Reprogram+1","Scrape+1","Genetic Algorithm+1","Hologram+1","Steam","Skim","Conserve Battery","Echo Form","Go for the Eyes+1","FTL","Undo","Sweeping Beam","Machine Learning","Beam Cell+1","Blind","Rip and Tear+1","Reinforced Body+1"],"relics":["Cracked Core","Omamori","WarpedTongs","Oddly Smooth Stone","Happy Flower","Pear","Sozu","Lantern","Darkstone Periapt","PreservedInsect","Sundial","Girya","Red Mask","Blood Vial","Art of War","Toy Ornithopter"],"acts_visited":["Exordium","TheCity","TheBeyond"],"potions_floor_usage":[],"damage_taken":[{"damage":5.0,"enemies":"2 Louse","floor":1.0,"turns":3.0},{"damage":1.0,"enemies":"Cultist","floor":2.0,"turns":3.0},{"damage":30.0,"enemies":"3 Sentries","floor":10.0,"turns":8.0},{"damage":0.0,"enemies":"Small Slimes","floor":11.0,"turns":4.0},{"damage":18.0,"enemies":"Gremlin Nob","floor":12.0,"turns":4.0},{"damage":1.0,"enemies":"Red Slaver","floor":13.0,"turns":3.0},{"damage":6.0,"enemies":"Hexaghost","floor":16.0,"turns":9.0},{"damage":13.0,"enemies":"Spheric Guardian","floor":18.0,"turns":4.0},{"damage":16.0,"enemies":"Shell Parasite","floor":19.0,"turns":5.0},{"damage":11.0,"enemies":"Snake Plant","floor":20.0,"turns":6.0},{"damage":2.0,"enemies":"Sentry and Sphere","floor":22.0,"turns":4.0},{"damage":21.0,"enemies":"Slavers","floor":28.0,"turns":8.0},{"damage":0.0,"enemies":"Book of Stabbing","floor":30.0,"turns":4.0},{"damage":13.0,"enemies":"Champ","floor":33.0,"turns":11.0},{"damage":9.0,"enemies":"Orb Walker","floor":35.0,"turns":4.0},{"damage":0.0,"enemies":"3 Darklings","floor":39.0,"turns":5.0},{"damage":11.0,"enemies":"Nemesis","floor":41.0,"turns":5.0},{"damage":15.0,"enemies":"Reptomancer","floor":45.0,"turns":6.0},{"damage":16.0,"enemies":"4 Shapes","floor":47.0,"turns":6.0},{"damage":35,"enemies":"Awakened One","floor":50,"turns":12}],"seed_played":"-3329700191496716049","potions_obtained":[{"floor":1.0,"key":"SpeedPotion"},{"floor":16.0,"key":"EssenceOfSteel"}],"is_trial":false,"path_per_floor":["M","M","$","?","$","R","?","R","T","E","M","E","M","?","R","B",null,"M","M","M","?","M","R","?","R","T","$","E","T","E","$","R","B",null,"M","$","?","?","M","R","E","?","T","R","E","R","M","?","R","B",null],"character_chosen":"DEFECT","items_purchased":["Reprogram","Scrape","Undo","Girya"],"campfire_rested":3,"item_purchase_floors":[3,3,27,36],"current_hp_per_floor":[59,58,58,58,58,58,58,58,58,28,28,20,19,19,19,13,64,51,35,24,24,22,46,46,46,46,46,25,25,25,25,49,36,70,61,61,61,61,61,61,50,50,50,50,37,37,23,23,47,14],"gold":109,"neow_bonus":"RANDOM_COMMON_RELIC","is_daily":false,"chose_seed":false,"campfire_upgraded":5,"win_rate":0.0,"timestamp":1614386866,"path_taken":["M","M","$","?","?","R","?","R","T","E","M","E","?","?","R","BOSS","M","M","M","?","M","R","?","R","T","$","E","?","E","?","R","BOSS","M","$","?","?","M","R","E","?","T","R","E","R","?","?","R","BOSS"],"items_purchased_type":["Card","Card","Card","Relic"],"build_version":"2020-12-22","purchased_purges":1,"victory":true,"max_hp_per_floor":[71,71,71,71,71,71,71,71,71,71,71,81,81,81,81,81,81,81,81,81,81,81,81,81,81,81,81,81,81,81,81,81,81,81,81,81,81,81,81,81,81,81,81,81,81,81,81,81,81,81],"card_choices":[{"not_picked":["Redo","Reinforced Body"],"picked":"Rip and Tear","floor":1.0},{"not_picked":["Tempest","Darkness"],"picked":"Gash","floor":2.0},{"not_picked":["Reprogram","Stack"],"picked":"Hologram","floor":10.0},{"not_picked":["Compile Driver","Cold Snap"],"picked":"Steam","floor":11.0},{"not_picked":["Cold Snap","Storm"],"picked":"Skim","floor":12.0},{"not_picked":["Coolheaded","White Noise"],"picked":"Conserve Battery","floor":13.0},{"not_picked":["Rainbow","Biased Cognition"],"picked":"Echo Form","floor":16.0},{"not_picked":["Hologram","Undo"],"picked":"Go for the Eyes","floor":18.0},{"not_picked":["Blizzard","Steam Power"],"picked":"FTL","floor":19.0},{"not_picked":["Streamline","Reprogram","Ball Lightning"],"picked":"SKIP","floor":20.0},{"not_picked":["Barrage","Conserve Battery","Ball Lightning"],"picked":"SKIP","floor":22.0},{"not_picked":["White Noise","Turbo"],"picked":"Sweeping Beam","floor":28.0},{"not_picked":["Heatsinks+1","BootSequence","Coolheaded"],"picked":"SKIP","floor":30.0},{"not_picked":["Meteor Strike","Rainbow"],"picked":"Machine Learning","floor":33.0},{"not_picked":["Turbo","Compile Driver"],"picked":"Beam Cell","floor":35.0},{"not_picked":["Dramatic Entrance","Mind Blast"],"picked":"Blind","floor":37.0},{"not_picked":["Barrage","Force Field+1"],"picked":"Rip and Tear+1","floor":39.0},{"not_picked":["Coolheaded+1","Defragment","Melter"],"picked":"SKIP","floor":41.0},{"not_picked":["Melter","Tempest"],"picked":"Reinforced Body+1","floor":45.0},{"not_picked":["Rebound","Consume","Rip and Tear+1"],"picked":"SKIP","floor":47.0}],"player_experience":194127,"relics_obtained":[{"floor":9.0,"key":"Oddly Smooth Stone"},{"floor":10.0,"key":"Happy Flower"},{"floor":12.0,"key":"Pear"},{"floor":26.0,"key":"Lantern"},{"floor":28.0,"key":"Darkstone Periapt"},{"floor":29.0,"key":"PreservedInsect"},{"floor":30.0,"key":"Sundial"},{"floor":41.0,"key":"Blood Vial"},{"floor":43.0,"key":"Art of War"},{"floor":45.0,"key":"Toy Ornithopter"}],"event_choices":[{"damage_healed":0.0,"max_hp_gain":0.0,"max_hp_loss":0.0,"gold_gain":0.0,"event_name":"Accursed Blacksmith","player_choice":"Rummage","floor":4.0,"gold_loss":0.0,"damage_taken":0.0,"relics_obtained":["WarpedTongs"],"cards_obtained":["Pain"]},{"damage_healed":0.0,"max_hp_gain":0.0,"max_hp_loss":0.0,"gold_gain":0.0,"cards_transformed":["Zap"],"event_name":"Transmorgrifier","player_choice":"Transformed","floor":7.0,"gold_loss":0.0,"damage_taken":0.0,"cards_obtained":["Genetic Algorithm"]},{"damage_healed":0.0,"max_hp_gain":0.0,"max_hp_loss":0.0,"gold_gain":0.0,"event_name":"Living Wall","player_choice":"Grow","floor":14.0,"gold_loss":0.0,"damage_taken":0.0,"cards_upgraded":["Hologram"]},{"damage_healed":0.0,"max_hp_gain":0.0,"max_hp_loss":0.0,"gold_gain":0.0,"event_name":"Back to Basics","player_choice":"Simplicity","floor":21.0,"gold_loss":0.0,"damage_taken":0.0,"cards_upgraded":["Strike_B","Strike_B","Strike_B","Strike_B","Defend_B","Defend_B","Defend_B","Defend_B"]},{"damage_healed":0.0,"max_hp_gain":0.0,"max_hp_loss":0.0,"gold_gain":50.0,"event_name":"Nest","player_choice":"Stole From Cult","floor":24.0,"gold_loss":0.0,"damage_taken":0.0},{"damage_healed":0.0,"max_hp_gain":0.0,"max_hp_loss":0.0,"gold_gain":0.0,"event_name":"SensoryStone","player_choice":"Memory 1","floor":37.0,"gold_loss":0.0,"damage_taken":0.0},{"damage_healed":0.0,"max_hp_gain":0.0,"max_hp_loss":0.0,"gold_gain":0.0,"event_name":"Tomb of Lord Red Mask","player_choice":"Paid","floor":38.0,"gold_loss":26.0,"damage_taken":0.0,"relics_obtained":["Red Mask"]},{"damage_healed":0.0,"max_hp_gain":0.0,"max_hp_loss":0.0,"gold_gain":0.0,"event_name":"Lab","player_choice":"Got Potions","floor":42.0,"gold_loss":0.0,"damage_taken":0.0},{"cards_removed":["Defend_B"],"damage_healed":0.0,"max_hp_gain":0.0,"max_hp_loss":0.0,"gold_gain":0.0,"event_name":"Falling","player_choice":"Removed Skill","floor":48.0,"gold_loss":0.0,"damage_taken":0.0}],"is_beta":false,"boss_relics":[{"not_picked":["Snecko Eye","Velvet Choker"],"picked":"Sozu"},{"not_picked":["Runic Dome","Astrolabe","Pandora\u0027s Box"]}],"items_purged_floors":[31],"is_endless":false,"potions_floor_spawned":[1,16,18,19,28,33,39,41],"ascension_level":19}}