{"host":"wshey5htrz8rni6u","time":1614387170,"event":{"mods":["2.2 Compatiblity","BaseMod","Block Reminder","Colored Map","Colored Powertips","Current Relic Mod","Curses Come First","Dark Map","Key Reminder","Keyboard Shortcuts","Minty Spire (QoL Compilation)","Potion Indicator Mod","Quick Restart","Random Character Button","Relic Sorter","Relic Stats","StSLib","SuperFastMode","Unceasing Turn Reminder","UnlockEverythingMod","Weighted Paths"],"gold_per_floor":[117,137,49,63,83,83,115,115,115,115,115,265,265,281,281,358,358,368,124,124,135,135,135],"floor_reached":22,"language":"ENG","playtime":698,"items_purged":["Doubt"],"score":359,"play_id":"dc494a14-1c8d-45d8-8ed9-d1bfd4ff8b6c","local_time":"20210226165250","is_ascension_mode":true,"campfire_choices":[{"data":"Phantasmal Killer","floor":6,"key":"SMITH"},{"floor":8,"key":"REST"},{"floor":11,"key":"REST"},{"floor":13,"key":"REST"},{"data":"Neutralize","floor":15,"key":"SMITH"}],"circlet_count":0,"master_deck":["AscendersBane","Strike_G","Strike_G","Strike_G+1","Strike_G","Strike_G+1","Defend_G","Defend_G","Defend_G","Defend_G+1","Defend_G","Survivor+1","Neutralize+1","Bouncing Flask","Bane","Phantasmal Killer+1","Backstab","Caltrops","Slice","Dodge and Roll","Tools of the Trade","Decay"],"relics":["Ring of the Snake","War Paint","Pantograph","Matryoshka","Velvet Choker","PreservedInsect"],"acts_visited":["Exordium","TheCity"],"potions_floor_usage":[5,16,21],"damage_taken":[{"damage":7,"enemies":"Cultist","floor":1,"turns":5},{"damage":0,"enemies":"2 Louse","floor":2,"turns":3},{"damage":3,"enemies":"Small Slimes","floor":4,"turns":3},{"damage":6,"enemies":"Exordium Wildlife","floor":5,"turns":4},{"damage":40,"enemies":"3 Sentries","floor":7,"turns":11},{"damage":3,"enemies":"Lots of Slimes","floor":14,"turns":4},{"damage":49,"enemies":"Hexaghost","floor":16,"turns":11},{"damage":11,"enemies":"Spheric Guardian","floor":18,"turns":3},{"damage":12,"enemies":"3 Byrds","floor":21,"turns":3},{"damage":22,"enemies":"Shelled Parasite and Fungi","floor":22,"turns":4}],"seed_played":"-1196046965460633616","potions_obtained":[{"floor":4,"key":"Explosive Potion"},{"floor":5,"key":"Ancient Potion"},{"floor":7,"key":"Dexterity Potion"},{"floor":14,"key":"SkillPotion"},{"floor":18,"key":"Energy Potion"}],"is_trial":false,"path_per_floor":["M","M","$","M","M","R","E","R","T","?","R","?","R","M","R","B",null,"M","$","?","M","M"],"character_chosen":"THE_SILENT","items_purchased":["Phantasmal Killer","PreservedInsect"],"campfire_rested":3,"item_purchase_floors":[3,19],"current_hp_per_floor":[52,52,52,49,43,43,3,22,22,2,21,21,40,37,37,13,53,42,42,42,30,8,8],"gold":135,"neow_bonus":"RANDOM_COMMON_RELIC","is_daily":false,"chose_seed":false,"campfire_upgraded":2,"win_rate":0.0,"timestamp":1614387170,"path_taken":["M","?","$","M","M","R","E","R","T","?","R","?","R","M","R","BOSS","M","$","?","M","?"],"items_purchased_type":["Card","Relic"],"build_version":"2020-12-13","purchased_purges":1,"victory":false,"max_hp_per_floor":[66,66,66,66,66,66,66,66,66,66,66,66,66,66,66,66,66,66,66,66,66,66,66],"relic_stats":{"counters":[10,51],"Pantograph":25,"PreservedInsect":0,"War Paint":["Survivor","Defend_G"],"obtain_stats":[{"Matryoshka":9,"Pantograph":7,"Velvet Choker":17,"PreservedInsect":19,"War Paint":0,"Ring of the Snake":0},{"Matryoshka":5,"Pantograph":5,"Velvet Choker":7,"PreservedInsect":8,"War Paint":0,"Ring of the Snake":0},{"Matryoshka":26,"Pantograph":26,"Velvet Choker":41,"PreservedInsect":44,"War Paint":0,"Ring of the Snake":0}],"Ring of the Snake":[20]},"card_choices":[{"not_picked":["Prepared","Dagger Spray"],"picked":"Bouncing Flask","floor":1},{"not_picked":["Quick Slash","Eviscerate"],"picked":"Bane","floor":2},{"not_picked":["Escape Plan","Deadly Poison"],"picked":"Backstab","floor":4},{"not_picked":["Flechettes","Sucker Punch"],"picked":"Caltrops","floor":5},{"not_picked":["Setup","Underhanded Strike"],"picked":"Slice","floor":7},{"not_picked":["Prepared","Eviscerate"],"picked":"Dodge and Roll","floor":14},{"not_picked":["Unload","Wraith Form v2"],"picked":"Tools of the Trade","floor":16},{"not_picked":["Expertise","Bane","Sucker Punch"],"picked":"SKIP","floor":18},{"not_picked":["Slice","Bane","Dagger Throw"],"picked":"SKIP","floor":21}],"player_experience":227755,"relics_obtained":[{"floor":7,"key":"Pantograph"},{"floor":9,"key":"Matryoshka"}],"event_choices":[{"damage_healed":0,"gold_gain":0,"player_choice":"Entered Light","damage_taken":20,"max_hp_gain":0,"max_hp_loss":0,"event_name":"Shining Light","floor":10,"gold_loss":0,"cards_upgraded":["Strike_G","Strike_G"]},{"damage_healed":0,"gold_gain":150,"player_choice":"AGREE","damage_taken":0,"max_hp_gain":0,"max_hp_loss":0,"event_name":"Liars Game","floor":12,"gold_loss":0,"cards_obtained":["Doubt"]},{"damage_healed":0,"gold_gain":0,"player_choice":"Cursed","damage_taken":0,"max_hp_gain":0,"max_hp_loss":0,"event_name":"Wheel of Change","floor":20,"gold_loss":0,"cards_obtained":["Decay"]}],"is_beta":false,"boss_relics":[{"not_picked":["Calling Bell","WristBlade"],"picked":"Velvet Choker"}],"items_purged_floors":[19],"is_endless":false,"potions_floor_spawned":[4,5,7,14,18],"killed_by":"Shelled Parasite and Fungi","ascension_level":19}}