{"host":"94b9qghhxjd69c4t","time":1614428809,"event":{"mods":["BaseMod","Colored Powertips","Minty Spire (QoL Compilation)","StSLib"],"gold_per_floor":[116,116,131,131,145,177,177,177,250,260,260,112,130,78,78,175,175,195,206,225,150,160,160,160],"floor_reached":23,"language":"ENG","playtime":952,"items_purged":["Strike_R"],"score":251,"play_id":"db1cd2a1-044a-4f6d-9dd5-3573c3174139","local_time":"20210227132649","is_ascension_mode":true,"campfire_choices":[{"floor":7,"key":"REST"},{"data":"Shrug It Off","floor":15,"key":"SMITH"}],"circlet_count":0,"master_deck":["Strike_R","Strike_R","Strike_R","Defend_R","Defend_R","Defend_R","Bash","Offering","Thunderclap","Shrug It Off+1","Sword Boomerang","Flame Barrier","Sword Boomerang","Cleave","Flex","Juggernaut","Shrug It Off","Iron Wave+1","Pommel Strike"],"relics":["Burning Blood","Happy Flower","Juzu Bracelet","Paper Frog","Prayer Wheel","Philosopher\u0027s Stone"],"acts_visited":["Exordium","TheCity"],"potions_floor_usage":[16,23],"damage_taken":[{"damage":16,"enemies":"Small Slimes","floor":1,"turns":5},{"damage":6,"enemies":"Cultist","floor":3,"turns":2},{"damage":8,"enemies":"Jaw Worm","floor":5,"turns":3},{"damage":38,"enemies":"3 Sentries","floor":6,"turns":8},{"damage":0,"enemies":"Lots of Slimes","floor":10,"turns":3},{"damage":6,"enemies":"Looter","floor":13,"turns":2},{"damage":45,"enemies":"Hexaghost","floor":16,"turns":9},{"damage":21,"enemies":"Shell Parasite","floor":18,"turns":5},{"damage":16,"enemies":"Spheric Guardian","floor":19,"turns":4},{"damage":24,"enemies":"Shelled Parasite and Fungi","floor":20,"turns":5},{"damage":7,"enemies":"Snake Plant","floor":22,"turns":4},{"damage":23,"enemies":"Gremlin Leader","floor":23,"turns":2}],"seed_played":"-7548429940171090616","potions_obtained":[{"floor":1,"key":"Dexterity Potion"},{"floor":6,"key":"FearPotion"},{"floor":16,"key":"LiquidMemories"},{"floor":22,"key":"BlessingOfTheForge"}],"is_trial":false,"path_per_floor":["M","?","M","?","M","E","R","?","T","M","?","$","M","$","R","B",null,"M","M","M","?","M","E"],"character_chosen":"IRONCLAD","items_purchased":["Flame Barrier","Flex"],"campfire_rested":1,"item_purchase_floors":[12,14],"current_hp_per_floor":[41,41,41,41,39,7,31,57,57,63,63,63,63,63,63,24,66,51,41,23,23,22,0,0],"gold":160,"neow_bonus":"THREE_RARE_CARDS","is_daily":false,"chose_seed":false,"campfire_upgraded":1,"win_rate":0.0,"timestamp":1614428809,"path_taken":["M","?","?","?","M","E","R","?","T","M","?","?","M","$","R","BOSS","M","M","M","?","M","E"],"items_purchased_type":["Card","Card"],"build_version":"2020-12-22","purchased_purges":1,"victory":false,"max_hp_per_floor":[80,80,80,80,80,80,80,80,80,80,80,80,80,80,80,80,80,80,80,80,80,80,80,80],"card_choices":[{"not_picked":["Corruption","Limit Break"],"picked":"Offering","floor":0},{"not_picked":["Whirlwind","Disarm"],"picked":"Thunderclap","floor":1},{"not_picked":["Warcry","Disarm"],"picked":"Shrug It Off","floor":3},{"not_picked":["Perfected Strike","Armaments"],"picked":"Sword Boomerang","floor":5},{"not_picked":["Heavy Blade","Anger","Perfected Strike"],"picked":"SKIP","floor":6},{"not_picked":["Perfected Strike","Anger","Body Slam"],"picked":"SKIP","floor":10},{"not_picked":["Brutality","Thunderclap"],"picked":"Sword Boomerang","floor":13},{"not_picked":["True Grit","Sword Boomerang"],"picked":"Cleave","floor":13},{"not_picked":["Bludgeon","Exhume"],"picked":"Juggernaut","floor":16},{"not_picked":["Disarm","Wild Strike+1"],"picked":"Shrug It Off","floor":18},{"not_picked":["Wild Strike+1","Ghostly Armor","Flex"],"picked":"SKIP","floor":18},{"not_picked":["Battle Trance","Intimidate+1","Anger"],"picked":"SKIP","floor":19},{"not_picked":["Clash","Cleave","Disarm"],"picked":"SKIP","floor":19},{"not_picked":["Headbutt","Entrench+1"],"picked":"Iron Wave+1","floor":20},{"not_picked":["Clothesline","Headbutt"],"picked":"Pommel Strike","floor":20},{"not_picked":["Anger+1","Armaments","Searing Blow"],"picked":"SKIP","floor":22},{"not_picked":["Body Slam","Anger","Juggernaut"],"picked":"SKIP","floor":22}],"player_experience":562554,"relics_obtained":[{"floor":6,"key":"Juzu Bracelet"},{"floor":9,"key":"Paper Frog"}],"event_choices":[{"cards_removed":["Defend_R"],"damage_healed":0,"gold_gain":0,"player_choice":"Offered Basic","damage_taken":0,"max_hp_gain":0,"max_hp_loss":0,"event_name":"Bonfire Elementals","floor":2,"gold_loss":0},{"damage_healed":0,"gold_gain":0,"player_choice":"Gave Potion","damage_taken":0,"relics_obtained":["Happy Flower"],"max_hp_gain":0,"max_hp_loss":0,"event_name":"WeMeetAgain","floor":4,"gold_loss":0},{"damage_healed":26,"gold_gain":0,"player_choice":"Banana","damage_taken":0,"max_hp_gain":0,"max_hp_loss":0,"event_name":"Big Fish","floor":8,"gold_loss":0},{"damage_healed":0,"gold_gain":0,"player_choice":"Searched \u00271\u0027 times","damage_taken":0,"relics_obtained":["Prayer Wheel"],"max_hp_gain":0,"max_hp_loss":0,"event_name":"Dead Adventurer","floor":11,"gold_loss":0},{"cards_removed":["Strike_R"],"damage_healed":0,"gold_gain":0,"player_choice":"Gave Gold","damage_taken":0,"max_hp_gain":0,"max_hp_loss":0,"event_name":"Beggar","floor":21,"gold_loss":75}],"is_beta":false,"boss_relics":[{"not_picked":["Runic Pyramid","Astrolabe"],"picked":"Philosopher\u0027s Stone"}],"items_purged_floors":[12],"is_endless":false,"potions_floor_spawned":[1,6,16,22],"killed_by":"Gremlin Leader","ascension_level":6}}