{"host":"IMPacifista","time":1614441828,"event":{"mods":["BaseMod","Minty Spire (QoL Compilation)"],"gold_per_floor":[114,114,189,189,189,189,225,225,225,266,287,320,320,340,340,459,459,473,69,90,108,128,128,166,166,166,66,86,86,86,110,110,234,234,247,176,176,189,212,212,212],"floor_reached":40,"language":"ENG","playtime":1888,"items_purged":["Parasite","Decay"],"score":739,"play_id":"b34f97ee-cc5a-497f-89aa-d067b30db7c6","local_time":"20210227080348","is_ascension_mode":true,"campfire_choices":[{"floor":6.0,"key":"REST"},{"floor":13.0,"key":"REST"},{"data":"Armaments","floor":15.0,"key":"SMITH"},{"floor":23.0,"key":"REST"},{"floor":30.0,"key":"REST"},{"floor":32.0,"key":"REST"}],"circlet_count":0,"master_deck":["AscendersBane","Strike_R","Strike_R","Strike_R","Strike_R","Strike_R","Defend_R","Defend_R","Defend_R","Defend_R","Bash","Iron Wave","Armaments+1","Inflame","Twin Strike","Immolate","Thunderclap","Shockwave","Pommel Strike+1","Rampage","Feed","Carnage","Feed","Blood for Blood","Spot Weakness","Spot Weakness+1"],"relics":["Burning Blood","NeowsBlessing","Golden Idol","Mango","Eternal Feather","Pantograph","Potion Belt","Snecko Eye","Pear","Sundial","Shuriken","Mark of Pain"],"acts_visited":["Exordium","TheCity","TheBeyond"],"potions_floor_usage":[],"damage_taken":[{"damage":0.0,"enemies":"Jaw Worm","floor":1.0,"turns":1.0},{"damage":0.0,"enemies":"Lagavulin","floor":7.0,"turns":1.0},{"damage":0.0,"enemies":"Gremlin Nob","floor":10.0,"turns":1.0},{"damage":0.0,"enemies":"Small Slimes","floor":11.0,"turns":3.0},{"damage":71.0,"enemies":"Lagavulin","floor":12.0,"turns":7.0},{"damage":5.0,"enemies":"Cultist","floor":14.0,"turns":4.0},{"damage":84.0,"enemies":"Hexaghost","floor":16.0,"turns":10.0},{"damage":16.0,"enemies":"2 Thieves","floor":18.0,"turns":5.0},{"damage":7.0,"enemies":"Chosen","floor":20.0,"turns":4.0},{"damage":7.0,"enemies":"3 Cultists","floor":21.0,"turns":4.0},{"damage":18.0,"enemies":"Snake Plant","floor":22.0,"turns":3.0},{"damage":48.0,"enemies":"Book of Stabbing","floor":24.0,"turns":5.0},{"damage":22.0,"enemies":"Snecko","floor":28.0,"turns":4.0},{"damage":0.0,"enemies":"3 Cultists","floor":29.0,"turns":2.0},{"damage":45.0,"enemies":"Shelled Parasite and Fungi","floor":31.0,"turns":5.0},{"damage":90.0,"enemies":"Champ","floor":33.0,"turns":10.0},{"damage":31,"enemies":"3 Shapes","floor":35,"turns":4},{"damage":18,"enemies":"Orb Walker","floor":38,"turns":4},{"damage":46,"enemies":"Maw","floor":39,"turns":6},{"damage":20,"enemies":"Reptomancer","floor":40,"turns":2}],"seed_played":"-8195766615508794974","potions_obtained":[{"floor":7.0,"key":"SmokeBomb"},{"floor":14.0,"key":"Strength Potion"},{"floor":21.0,"key":"Ancient Potion"},{"floor":28.0,"key":"PowerPotion"},{"floor":31.0,"key":"AttackPotion"},{"floor":33.0,"key":"SpeedPotion"},{"floor":38,"key":"ElixirPotion"}],"is_trial":false,"path_per_floor":["M","$","?","?","?","R","E","?","T","E","M","E","R","M","R","B",null,"M","$","M","M","M","R","E","?","T","$","M","M","R","M","R","B",null,"M","$","?","M","M","E"],"character_chosen":"IRONCLAD","items_purchased":["Shockwave","Pear","Spot Weakness"],"campfire_rested":5,"item_purchase_floors":[19,19,36],"current_hp_per_floor":[78,78,67,67,67,74,88,88,88,88,88,23,58,59,68,10,69,59,69,68,67,55,95,53,53,53,53,37,43,83,47,88,14,77,58,58,63,51,14,0,0],"gold":212,"neow_bonus":"THREE_ENEMY_KILL","is_daily":false,"chose_seed":false,"campfire_upgraded":1,"win_rate":0.0,"timestamp":1614441828,"path_taken":["M","$","?","?","?","R","E","?","T","E","M","E","R","M","R","BOSS","M","$","M","M","M","R","E","?","T","$","M","M","R","?","R","BOSS","M","$","?","M","M","E"],"items_purchased_type":["Card","Relic","Card"],"build_version":"2020-12-18","purchased_purges":2,"victory":false,"max_hp_per_floor":[80,80,80,80,74,74,88,88,88,88,88,88,88,88,88,88,88,88,95,95,95,95,95,95,95,95,95,95,95,95,98,98,98,98,104,104,104,104,107,107,107],"card_choices":[{"not_picked":["True Grit","Heavy Blade"],"picked":"Iron Wave","floor":1.0},{"not_picked":["Searing Blow","Rage","Warcry"],"picked":"SKIP","floor":7.0},{"not_picked":["Reckless Charge","Perfected Strike"],"picked":"Armaments","floor":10.0},{"not_picked":["Havoc","Flex","Body Slam"],"picked":"SKIP","floor":11.0},{"not_picked":["Limit Break","Anger"],"picked":"Inflame","floor":12.0},{"not_picked":["Havoc","Sever Soul"],"picked":"Twin Strike","floor":14.0},{"not_picked":["Demon Form","Exhume"],"picked":"Immolate","floor":16.0},{"not_picked":["Twin Strike","Flex"],"picked":"Thunderclap","floor":18.0},{"not_picked":["Hemokinesis+1","Anger+1"],"picked":"Pommel Strike+1","floor":20.0},{"not_picked":["Sentinel+1","Armaments"],"picked":"Body Slam","floor":21.0},{"not_picked":["Searing Blow","Armaments"],"picked":"Rampage","floor":22.0},{"not_picked":["Flex+1","Pommel Strike"],"picked":"Feed","floor":24.0},{"not_picked":["Inflame","Body Slam"],"picked":"Carnage","floor":28.0},{"not_picked":["Headbutt","Thunderclap","Iron Wave"],"picked":"SKIP","floor":31.0},{"not_picked":["Offering","Double Tap"],"picked":"Feed","floor":33.0},{"not_picked":["Sever Soul+1","Warcry+1"],"picked":"Blood for Blood","floor":35},{"not_picked":["Warcry","Rupture+1"],"picked":"Spot Weakness+1","floor":38},{"not_picked":["Hemokinesis","True Grit+1","Flex"],"picked":"SKIP","floor":39}],"player_experience":356987,"relics_obtained":[{"floor":7.0,"key":"Mango"},{"floor":9.0,"key":"Eternal Feather"},{"floor":10.0,"key":"Pantograph"},{"floor":12.0,"key":"Potion Belt"},{"floor":24.0,"key":"Sundial"},{"floor":26.0,"key":"Shuriken"}],"event_choices":[{"damage_healed":0.0,"max_hp_gain":0.0,"max_hp_loss":0.0,"gold_gain":75.0,"event_name":"World of Goop","player_choice":"Gather Gold","floor":3.0,"gold_loss":0.0,"damage_taken":11.0},{"damage_healed":0.0,"max_hp_gain":0.0,"max_hp_loss":0.0,"gold_gain":0.0,"event_name":"Liars Game","player_choice":"Ignored","floor":4.0,"gold_loss":0.0,"damage_taken":0.0},{"damage_healed":0.0,"max_hp_gain":0.0,"max_hp_loss":6.0,"gold_gain":0.0,"event_name":"Golden Idol","player_choice":"Lose Max HP","floor":5.0,"gold_loss":0.0,"damage_taken":0.0,"relics_obtained":["Golden Idol"]},{"damage_healed":22.0,"max_hp_gain":0.0,"max_hp_loss":0.0,"gold_gain":0.0,"event_name":"Mushrooms","player_choice":"Healed and dodged fight","floor":8.0,"gold_loss":0.0,"damage_taken":0.0,"cards_obtained":["Parasite"]},{"damage_healed":0.0,"max_hp_gain":0.0,"max_hp_loss":0.0,"gold_gain":0.0,"event_name":"Wheel of Change","player_choice":"Cursed","floor":25.0,"gold_loss":0.0,"damage_taken":0.0,"cards_obtained":["Decay"]},{"cards_removed":["Body Slam"],"damage_healed":5,"gold_gain":0,"player_choice":"Offered Common","damage_taken":0,"max_hp_gain":0,"max_hp_loss":0,"event_name":"Bonfire Elementals","floor":37,"gold_loss":0},{"cards_removed":["Body Slam"],"damage_healed":5,"gold_gain":0,"player_choice":"Offered Special","damage_taken":0,"max_hp_gain":0,"max_hp_loss":0,"event_name":"Bonfire Elementals","floor":37,"gold_loss":0}],"is_beta":true,"boss_relics":[{"not_picked":["SacredBark","Empty Cage"],"picked":"Snecko Eye"},{"not_picked":["Black Blood","Tiny House"],"picked":"Mark of Pain"}],"items_purged_floors":[19,27],"is_endless":false,"potions_floor_spawned":[7,14,21,28,29,31,33,38],"killed_by":"Reptomancer","ascension_level":10}}