{"host":"3wucmrsmney0jioo","time":1614430418,"event":{"mods":["100% Spire Juice","BaseMod","Library of Ruina","Minty Spire (QoL Compilation)","MostiFishMod","Prisma Mod","Reliquary","Replay The Spire","Spicy Shops","StSLib","¡¾ÒÅÎï¿¨ÅÆ¡¿REMEMod"],"gold_per_floor":[114,12,30,50,70,70,89,105,105,125,143,198,213,109,109,207,87,120,120,134,152,172,201,201,227,302,302,302,302,107,118,118,218,218,232,252,99,117,132,158,158,177,200,200,200,96,122,140,140,140,140],"floor_reached":50,"language":"ZHS","playtime":2194,"items_purged":["Doubt","Pain"],"score":619,"play_id":"50bceeca-4acc-4bd4-85a7-c605774c79ab","local_time":"20210227205338","is_ascension_mode":false,"campfire_choices":[{"data":"Moonworks:AccelHyper","floor":6.0,"key":"SMITH"},{"data":"Moonworks:BackdoorTrade","floor":15.0,"key":"SMITH"},{"data":"Moonworks:ExtendedPhotonRifle","floor":24,"key":"SMITH"},{"data":"Moonworks:EvilSpyWorkPreparation","floor":28,"key":"SMITH"},{"data":"Moonworks:Wanted","floor":32,"key":"SMITH"},{"floor":41,"key":"RECALL"},{"data":"Moonworks:AnotherUltimateWeapon","floor":45,"key":"SMITH"},{"data":"Moonworks:IndiscriminateFireSupport","floor":49,"key":"SMITH"}],"circlet_count":0,"master_deck":["Moonworks:Strike","Moonworks:Strike","Moonworks:Strike","Moonworks:Defend","Moonworks:Ambush","Moonworks:LongDistanceShot","Moonworks:MiracleRedBeanIceCream","Moonworks:BigMagnum","Moonworks:StiffCrystal","Moonworks:EvilSpyWorkPreparation+1","Moonworks:AccelHyper+1","Moonworks:BackdoorTrade+1","Moonworks:MiracleRedBeanIceCream","Moonworks:DeployBits","Moonworks:ExtendedPhotonRifle+1","Moonworks:LuckyCharm","Moonworks:IndiscriminateFireSupport+1","Moonworks:SubspaceTunnel+1","Moonworks:RedAndBlue+1","Moonworks:IntelligenceOfficer+1","Moonworks:RedAndBlue","Moonworks:LuckyCharm","Moonworks:Assault","Moonworks:SakisCookie","Moonworks:Dash+1","Moonworks:Gamble","Moonworks:Encore","Moonworks:AnotherUltimateWeapon+1","Moonworks:ImOnFire","Moonworks:ImmovableObject+1","Replay:Battleflow+1","Writhe","Double Energy","Replay:ManipulateFuture+1"],"relics":["Moonworks:BrokenBomb","Moonworks:Homemark","DaveBox","REME_ComplimentaryCards","RhineSuit","Anchor","SynthV:TestCard","PageOfApocalypseBird","Astrolabe","MutagenicStrength","reliquary:TridentHead","Thread and Needle","PageOfScarecrow","TakeMeEscape","Coffee Dripper","PrismaticShard","Vajra","ReplayTheSpireMod:CursedCoin","Pet Ghost","CaptainsWheel"],"acts_visited":["Exordium","TheCity","TheBeyond"],"potions_floor_usage":[23,31,39,48,50],"damage_taken":[{"damage":0.0,"enemies":"Small Slimes","floor":1.0,"turns":2.0},{"damage":0.0,"enemies":"Jaw Worm","floor":2.0,"turns":2.0},{"damage":0.0,"enemies":"2 Louse","floor":3.0,"turns":2.0},{"damage":0.0,"enemies":"Large Slime","floor":4.0,"turns":2.0},{"damage":0.0,"enemies":"Lots of Slimes","floor":5.0,"turns":4.0},{"damage":0.0,"enemies":"Exordium Thugs","floor":7.0,"turns":3.0},{"damage":0.0,"enemies":"Gremlin Gang","floor":8.0,"turns":3.0},{"damage":0.0,"enemies":"Looter","floor":10.0,"turns":1.0},{"damage":0.0,"enemies":"Exordium Thugs","floor":11.0,"turns":3.0},{"damage":0.0,"enemies":"Blue Slaver","floor":13.0,"turns":2.0},{"damage":0.0,"enemies":"Large Slime","floor":14.0,"turns":3.0},{"damage":32.0,"enemies":"The Guardian","floor":16.0,"turns":5.0},{"damage":0.0,"enemies":"2 Thieves","floor":18.0,"turns":3.0},{"damage":0.0,"enemies":"Chosen","floor":20.0,"turns":2.0},{"damage":0.0,"enemies":"3 Cultists","floor":21.0,"turns":4.0},{"damage":0,"enemies":"Cultist and Chosen","floor":22,"turns":2},{"damage":9,"enemies":"Slavers","floor":23,"turns":3},{"damage":13,"enemies":"Gremlin Leader","floor":25,"turns":4},{"damage":5,"enemies":"Sentry and Sphere","floor":31,"turns":1},{"damage":16,"enemies":"Pondfish","floor":33,"turns":3},{"damage":0,"enemies":"Orb Walker","floor":35,"turns":2},{"damage":0,"enemies":"3 Darklings","floor":36,"turns":2},{"damage":15,"enemies":"4 Shapes","floor":38,"turns":2},{"damage":0,"enemies":"Jaw Worm Horde","floor":39,"turns":2},{"damage":2,"enemies":"Giant Head","floor":40,"turns":5},{"damage":6,"enemies":"Transient","floor":42,"turns":2},{"damage":25,"enemies":"R_Hoarder","floor":47,"turns":5},{"damage":0,"enemies":"3 Darklings","floor":48,"turns":1},{"damage":2020,"enemies":"Replay:Hell Engine","floor":50,"turns":3}],"seed_played":"9023503537223352458","potions_obtained":[{"floor":1.0,"key":"FearPotion"},{"floor":2.0,"key":"Ancient Potion"},{"floor":3.0,"key":"Languid Potion"},{"floor":13.0,"key":"Fire Potion"},{"floor":18.0,"key":"AttackPotion"},{"floor":22,"key":"Explosive Potion"},{"floor":25,"key":"SteroidPotion"},{"floor":31,"key":"REME_GoldPotion"},{"floor":33,"key":"Block Potion"},{"floor":39,"key":"Fruit Juice"},{"floor":47,"key":"DuplicationPotion"},{"floor":48,"key":"LifebloodPotion"}],"is_trial":false,"path_per_floor":["M","M","M","M","M","R","M","M","T","M","M","?","M","M","R","B",null,"M","?","M","M","M","E","R","E","T","?","R","?","$","M","R","B",null,"M","M","$","M","M","E","R","M","T","?","R","$","E","M","R","B"],"character_chosen":"THE_STARBREAKER","items_purchased":["TakeMeEscape","PrismaticShard","ReplayTheSpireMod:CursedCoin","Pet Ghost"],"campfire_rested":0,"item_purchase_floors":[30,37,46,46],"current_hp_per_floor":[60,60,60,60,60,60,60,60,60,60,60,60,60,60,60,33,60,60,60,60,60,60,51,51,48,48,48,48,48,48,43,43,34,60,60,60,60,45,50,58,58,54,54,75,75,75,55,55,55,0,0],"gold":140,"neow_bonus":"RANDOM_COMMON_RELIC","is_daily":false,"chose_seed":false,"campfire_upgraded":7,"win_rate":0.0,"timestamp":1614430418,"path_taken":["M","M","M","M","M","R","M","M","T","M","M","?","M","M","R","BOSS","M","?","M","M","M","E","R","E","T","?","R","?","$","?","R","BOSS","M","M","$","M","M","E","R","M","T","?","R","$","E","?","R","BOSS"],"items_purchased_type":["Relic","Relic","Relic","Relic"],"build_version":"2020-12-22","purchased_purges":2,"victory":false,"max_hp_per_floor":[60,60,60,60,60,60,60,60,60,60,60,60,60,60,60,60,60,60,60,60,60,60,60,60,60,60,60,60,60,60,60,60,60,60,60,60,60,60,65,65,65,65,65,75,75,75,75,75,75,75,75],"card_choices":[{"not_picked":["Moonworks:TreasureThief","Moonworks:TacticalRetreat"],"picked":"Moonworks:BigMagnum","floor":1.0},{"not_picked":["Moonworks:CloudOfSeagulls","Moonworks:SakisCookie","Moonworks:AwakeningOfTalent","Moonworks:DevilHand"],"picked":"Moonworks:StiffCrystal","floor":2.0},{"not_picked":["Moonworks:BigMagnum","Moonworks:BindingChains","Moonworks:Assault","Moonworks:CloudOfSeagulls"],"picked":"Moonworks:EvilSpyWorkPreparation","floor":3.0},{"not_picked":["Moonworks:SweetBattle","Moonworks:Assault","Moonworks:SakisCookie","Moonworks:Bloodlust"],"picked":"Moonworks:AccelHyper","floor":4.0},{"not_picked":["Moonworks:CloudOfSeagulls","Moonworks:MixPhenomenon","Moonworks:DeployBits","Moonworks:Assault"],"picked":"Moonworks:BackdoorTrade","floor":5.0},{"not_picked":["Moonworks:LulusLuckyEgg","Moonworks:DeployBits","Moonworks:SelfDestruct","Moonworks:CookingTime"],"picked":"Moonworks:MiracleRedBeanIceCream","floor":7.0},{"not_picked":["Moonworks:Assault","Moonworks:Dash","Moonworks:ReproductionOfRecords","Moonworks:BigMagnum"],"picked":"Moonworks:DeployBits","floor":8.0},{"not_picked":["Moonworks:NicePresent","Moonworks:SelfDestruct","Moonworks:ScrambledEve","Moonworks:LulusLuckyEgg"],"picked":"Moonworks:ExtendedPhotonRifle","floor":10.0},{"not_picked":["Moonworks:BigMagnum","Moonworks:JonathanRush","Moonworks:FinalBattle","Moonworks:DeployBits"],"picked":"Moonworks:LuckyCharm","floor":11.0},{"not_picked":["Moonworks:NicePresent","Moonworks:BindingChains","Moonworks:JonathanRush","Moonworks:ImmovableObject","Moonworks:SakisCookie"],"picked":"SKIP","floor":13.0},{"not_picked":["Moonworks:UnluckyCharm","Moonworks:Assault","Moonworks:StiffCrystal","Moonworks:BigMagnum"],"picked":"Moonworks:IndiscriminateFireSupport","floor":14.0},{"not_picked":["Moonworks:AccelHyper","Moonworks:ReflectiveShell","Moonworks:StarBlastingFuse","Moonworks:Accelerator"],"picked":"Moonworks:Wanted","floor":16.0},{"not_picked":["Moonworks:IndiscriminateFireSupport+1","Moonworks:BindingChains","Moonworks:CloudOfSeagulls","Moonworks:DeployBits"],"picked":"Moonworks:RedAndBlue","floor":18.0},{"not_picked":["Moonworks:ForcedRevival","Moonworks:IndiscriminateFireSupport","Moonworks:ImOnFire+1","Moonworks:WindyEnchantment"],"picked":"Moonworks:LuckyCharm","floor":20.0},{"not_picked":["Moonworks:EvilSpyWorkPreparation","Moonworks:BindingChains","Moonworks:LulusLuckyEgg+1","Moonworks:IndiscriminateFireSupport","Moonworks:NicePresent"],"picked":"SKIP","floor":21.0},{"not_picked":["Moonworks:ExtendedPhotonRifle","Moonworks:IndiscriminateFireSupport","Moonworks:NicePresent","Moonworks:ReproductionOfRecords"],"picked":"Moonworks:Assault","floor":22},{"not_picked":["Moonworks:ImmovableObject","Moonworks:BigMagnum+1","Moonworks:CompletionReward","Moonworks:JonathanRush+1"],"picked":"Moonworks:SakisCookie","floor":23},{"not_picked":["Moonworks:ExtendedPhotonRifle","Moonworks:IndiscriminateFireSupport","Moonworks:EvilSpyWorkPreparation","Moonworks:BackdoorTrade"],"picked":"Moonworks:Dash+1","floor":25},{"not_picked":["Moonworks:IndiscriminateFireSupport","Moonworks:CloudOfSeagulls+1","Moonworks:BindingChains+1","Moonworks:DevilHand"],"picked":"Moonworks:Encore","floor":31},{"not_picked":["Moonworks:Blazing","Moonworks:PlushieMaster","Moonworks:WeAreWaruda","Moonworks:SubspaceTunnel"],"picked":"Moonworks:AnotherUltimateWeapon","floor":33},{"not_picked":["Moonworks:SakisCookie","Moonworks:SelfDestruct+1","Moonworks:Dinner+1","Moonworks:JonathanRush"],"picked":"Moonworks:ImOnFire","floor":35},{"not_picked":["Moonworks:RedAndBlue+1","Moonworks:BigMagnum+1","Moonworks:SweetBattle","Moonworks:IndiscriminateFireSupport"],"picked":"Moonworks:ImmovableObject+1","floor":36},{"not_picked":["PrismaMod:ChloeDiscardRecovery","DestructiveImpact","CutThroughFate+1","Dodge and Roll+1"],"picked":"Replay:Battleflow+1","floor":38},{"not_picked":["PrismaMod:ChloeDemonicTutor","Replay:Anticipation","HighKick","BootSequence+1","ViolentFlame"],"picked":"SKIP","floor":39},{"not_picked":["MostiFishMod:PoisonShield","Eclipse","Wild Strike+1","Life Link+1","MultiBlock+1"],"picked":"SKIP","floor":40},{"not_picked":["True Grit","PrismaMod:MiyuCheapChannelVul+1","Underhanded Strike+1","Tactician","Backflip"],"picked":"SKIP","floor":42},{"not_picked":["BattleHymn+1","Leg Sweep+1","Flex","Riposte+1"],"picked":"Double Energy","floor":47},{"not_picked":["Metallicize+1","SmokingPipe","PrismaMod:IllyaMinorRapidFire","Warcry+1"],"picked":"Replay:ManipulateFuture+1","floor":48}],"player_experience":137991,"relics_obtained":[{"floor":1.0,"key":"SynthV:TestCard"},{"floor":9.0,"key":"PageOfApocalypseBird"},{"floor":23,"key":"reliquary:TridentHead"},{"floor":25,"key":"Thread and Needle"},{"floor":26,"key":"PageOfScarecrow"},{"floor":40,"key":"Vajra"},{"floor":47,"key":"CaptainsWheel"}],"event_choices":[{"damage_healed":0.0,"max_hp_gain":0.0,"max_hp_loss":0.0,"gold_gain":175.0,"event_name":"Liars Game","player_choice":"AGREE","floor":12.0,"gold_loss":0.0,"damage_taken":0.0,"cards_obtained":["Doubt"]},{"damage_healed":0.0,"max_hp_gain":0.0,"max_hp_loss":0.0,"gold_gain":0.0,"event_name":"Drug Dealer","player_choice":"Inject Mutagens","floor":19.0,"gold_loss":0.0,"damage_taken":0.0,"relics_obtained":["MutagenicStrength"]},{"damage_healed":0,"gold_gain":0,"player_choice":"Ignored","damage_taken":0,"max_hp_gain":0,"max_hp_loss":0,"event_name":"Ghosts","floor":27,"gold_loss":0},{"damage_healed":0,"gold_gain":0,"cards_transformed":["Moonworks:Defend"],"player_choice":"Transformed","damage_taken":0,"max_hp_gain":0,"max_hp_loss":0,"event_name":"Transmorgrifier","floor":29,"gold_loss":0,"cards_obtained":["Moonworks:Gamble"]},{"cards_removed":["Moonworks:Wanted"],"damage_healed":11,"gold_gain":0,"player_choice":"Offered Rare","damage_taken":0,"max_hp_gain":10,"max_hp_loss":0,"event_name":"Bonfire Elementals","floor":44,"gold_loss":0}],"is_beta":false,"boss_relics":[{"not_picked":["Kintsugi","Tiny House"],"picked":"Astrolabe"},{"not_picked":["BloodWine","REME_LowDesire"],"picked":"Coffee Dripper"}],"items_purged_floors":[37,46],"is_endless":false,"potions_floor_spawned":[1,2,3,10,13,14,18,22,25,31,33,38,39,47,48],"killed_by":"Replay:Hell Engine","ascension_level":0}}