{"host":"dyzdf8svqmiivg97","time":1614399252,"event":{"mods":["AchievementEnabler","BaseMod","Colored Map","DeckTracker","Minty Spire (QoL Compilation)","Quick Restart","Rare Cards Sparkle","SuperFastMode"],"gold_per_floor":[115,190,190,190,200,226,236,34,34,50,50,64,64,76,76,152,152,162,177,177,83,83,83],"floor_reached":22,"language":"KOR","playtime":486,"items_purged":["Strike_P","Defend_P"],"score":390,"play_id":"15251251-2b53-4089-936a-e8bd005dd56a","local_time":"20210227131412","is_ascension_mode":true,"campfire_choices":[{"data":"WindmillStrike","floor":11.0,"key":"SMITH"},{"data":"MentalFortress","floor":13.0,"key":"SMITH"},{"data":"InnerPeace","floor":15.0,"key":"SMITH"}],"circlet_count":0,"master_deck":["AscendersBane","Strike_P","Strike_P","Strike_P","Defend_P","Defend_P","Defend_P","Eruption+1","Vigilance","InnerPeace+1","WindmillStrike+1","MentalFortress+1","Scrawl","Tantrum","Pray+1","Adaptation"],"relics":["PureWater","NeowsBlessing","InkBottle","Orichalcum","Membership Card","Pantograph","VioletLotus"],"acts_visited":["Exordium","TheCity"],"potions_floor_usage":[],"damage_taken":[{"damage":0.0,"enemies":"2 Louse","floor":1.0,"turns":1.0},{"damage":0.0,"enemies":"Small Slimes","floor":5.0,"turns":1.0},{"damage":0.0,"enemies":"3 Sentries","floor":6.0,"turns":2.0},{"damage":3.0,"enemies":"Cultist","floor":7.0,"turns":4.0},{"damage":0.0,"enemies":"2 Fungi Beasts","floor":10.0,"turns":2.0},{"damage":0.0,"enemies":"3 Louse","floor":12.0,"turns":3.0},{"damage":7.0,"enemies":"Gremlin Gang","floor":14.0,"turns":6.0},{"damage":35.0,"enemies":"Hexaghost","floor":16.0,"turns":10.0},{"damage":0.0,"enemies":"Chosen","floor":18.0,"turns":3.0},{"damage":0.0,"enemies":"Spheric Guardian","floor":19.0,"turns":3.0},{"damage":19,"enemies":"Snake Plant","floor":22,"turns":4}],"seed_played":"-638814567421676284","potions_obtained":[{"floor":5.0,"key":"Dexterity Potion"},{"floor":7.0,"key":"SkillPotion"},{"floor":10.0,"key":"Regen Potion"},{"floor":18.0,"key":"LiquidBronze"}],"is_trial":false,"path_per_floor":["M","?","?","?","M","E","M","$","T","M","R","M","R","M","R","B",null,"M","M","?","$","M"],"character_chosen":"WATCHER","items_purchased":["Membership Card","Adaptation"],"campfire_rested":0,"item_purchase_floors":[8,21],"current_hp_per_floor":[61,50,45,45,45,45,42,42,42,42,42,42,42,47,47,33,59,59,59,40,40,21,21],"gold":83,"neow_bonus":"THREE_ENEMY_KILL","is_daily":false,"chose_seed":false,"campfire_upgraded":3,"win_rate":0.0,"timestamp":1614399252,"path_taken":["M","?","?","?","?","E","M","$","T","M","R","M","R","M","R","BOSS","M","M","?","$","M"],"items_purchased_type":["Relic","Card"],"build_version":"2020-12-22","purchased_purges":2,"victory":false,"max_hp_per_floor":[68,68,68,68,68,68,68,68,68,68,68,68,68,68,68,68,68,68,68,73,73,73,73],"card_choices":[{"not_picked":["CutThroughFate","Prostrate"],"picked":"InnerPeace","floor":1.0},{"not_picked":["LikeWater","Meditate","SignatureMove"],"picked":"SKIP","floor":5.0},{"not_picked":["FlyingSleeves","BowlingBash"],"picked":"WindmillStrike","floor":6.0},{"not_picked":["Halt","Sanctity","EmptyMind"],"picked":"SKIP","floor":7.0},{"not_picked":["BattleHymn","Protect","Consecrate"],"picked":"SKIP","floor":10.0},{"not_picked":["Halt","Swivel"],"picked":"MentalFortress","floor":12.0},{"not_picked":["DeceiveReality","SashWhip","ClearTheMind"],"picked":"SKIP","floor":14.0},{"not_picked":["Judgement","LessonLearned"],"picked":"Scrawl","floor":16.0},{"not_picked":["BowlingBash","EmptyMind"],"picked":"Tantrum","floor":18.0},{"not_picked":["Evaluate","CrushJoints"],"picked":"Pray+1","floor":19.0}],"player_experience":621854,"relics_obtained":[{"floor":6.0,"key":"Orichalcum"},{"floor":9.0,"key":"Pantograph"}],"event_choices":[{"damage_healed":0.0,"max_hp_gain":0.0,"max_hp_loss":0.0,"gold_gain":75.0,"event_name":"World of Goop","player_choice":"Gather Gold","floor":2.0,"gold_loss":0.0,"damage_taken":11.0},{"damage_healed":0.0,"max_hp_gain":0.0,"max_hp_loss":0.0,"gold_gain":0.0,"event_name":"Scrap Ooze","player_choice":"Success","floor":3.0,"gold_loss":0.0,"damage_taken":5.0,"relics_obtained":["InkBottle"]},{"damage_healed":0.0,"max_hp_gain":0.0,"max_hp_loss":0.0,"gold_gain":0.0,"event_name":"Upgrade Shrine","player_choice":"Upgraded","floor":4.0,"gold_loss":0.0,"damage_taken":0.0,"cards_upgraded":["Eruption"]},{"damage_healed":0.0,"max_hp_gain":5.0,"max_hp_loss":0.0,"gold_gain":0.0,"event_name":"Forgotten Altar","player_choice":"Shed Blood","floor":20.0,"gold_loss":0.0,"damage_taken":24.0}],"is_beta":false,"boss_relics":[{"not_picked":["Runic Dome","Philosopher\u0027s Stone"],"picked":"VioletLotus"}],"items_purged_floors":[8,21],"is_endless":false,"potions_floor_spawned":[5,7,10,18],"killed_by":"Snake Plant","ascension_level":17}}