{"host":"sav7uxregyirlf69","time":1614387039,"event":{"mods":["AchievementEnabler","BaseMod","Colored Map","DeckTracker","Keyboard Shortcuts","Minty Spire (QoL Compilation)","READ ME - Guardian Mod","StSLib","SuperFastMode"],"gold_per_floor":[363,104,114,131,144,179,189,189,238,238,258,258,273,303,303,382,382,392,392,48,61,73,73,101,151,151,151,170,72,97,111,111,111,111],"floor_reached":33,"language":"KOR","playtime":719,"items_purged":["Defend_P"],"score":598,"play_id":"31143d94-9e15-44ea-b72f-ea503051eb24","local_time":"20210227095039","is_ascension_mode":true,"campfire_choices":[{"floor":8.0,"key":"REST"},{"data":"Eruption","floor":10.0,"key":"SMITH"},{"data":"MentalFortress","floor":12.0,"key":"SMITH"},{"floor":15.0,"key":"REST"},{"data":"TalkToTheHand","floor":23,"key":"SMITH"},{"data":"Strike_P","floor":27,"key":"PURGE"},{"floor":32,"key":"REST"}],"circlet_count":0,"master_deck":["AscendersBane","Strike_P","Strike_P","Strike_P","Defend_P","Defend_P","Defend_P","Eruption+1","Vigilance","MentalFortress+1","EmptyFist","FearNoEvil","TalkToTheHand+1","Halt","Tantrum","InnerPeace","Flash of Steel"],"relics":["PureWater","PreservedInsect","Peace Pipe","Mummified Hand","Runic Pyramid","Incense Burner","Nunchaku","White Beast Statue","Art of War"],"acts_visited":["Exordium","TheCity"],"potions_floor_usage":[24,30,33],"damage_taken":[{"damage":0.0,"enemies":"Cultist","floor":1.0,"turns":2.0},{"damage":7.0,"enemies":"2 Louse","floor":3.0,"turns":2.0},{"damage":0.0,"enemies":"Jaw Worm","floor":4.0,"turns":3.0},{"damage":7.0,"enemies":"2 Fungi Beasts","floor":5.0,"turns":3.0},{"damage":14.0,"enemies":"Lagavulin","floor":6.0,"turns":6.0},{"damage":8.0,"enemies":"Red Slaver","floor":7.0,"turns":3.0},{"damage":5.0,"enemies":"Gremlin Gang","floor":11.0,"turns":4.0},{"damage":6.0,"enemies":"2 Fungi Beasts","floor":13.0,"turns":3.0},{"damage":12.0,"enemies":"Gremlin Nob","floor":14.0,"turns":3.0},{"damage":19.0,"enemies":"The Guardian","floor":16.0,"turns":12.0},{"damage":4.0,"enemies":"Spheric Guardian","floor":18.0,"turns":4.0},{"damage":17.0,"enemies":"2 Thieves","floor":21.0,"turns":4.0},{"damage":6,"enemies":"Cultist and Chosen","floor":22,"turns":7},{"damage":2,"enemies":"Book of Stabbing","floor":24,"turns":4},{"damage":0,"enemies":"Chosen and Byrds","floor":28,"turns":7},{"damage":30,"enemies":"Slavers","floor":30,"turns":7},{"damage":0,"enemies":"Snake Plant","floor":31,"turns":5},{"damage":36,"enemies":"Automaton","floor":33,"turns":10}],"seed_played":"-6540755754847786873","potions_obtained":[{"floor":1.0,"key":"DuplicationPotion"},{"floor":6.0,"key":"Strength Potion"},{"floor":14.0,"key":"LiquidMemories"},{"floor":24,"key":"DistilledChaos"},{"floor":28,"key":"LiquidBronze"},{"floor":30,"key":"LiquidMemories"}],"is_trial":false,"path_per_floor":["M","$","M","M","M","E","M","R","T","R","M","R","M","E","R","B",null,"M","?","$","M","M","R","E","?","T","R","M","$","E","M","R","B"],"character_chosen":"WATCHER","items_purchased":["PreservedInsect","EmptyFist","Incense Burner","Flash of Steel"],"campfire_rested":3,"item_purchase_floors":[2,2,20,29],"current_hp_per_floor":[43,43,36,36,29,15,7,27,27,27,22,22,16,4,24,5,52,48,68,68,51,45,45,43,43,43,43,43,43,13,13,33,0,0],"gold":111,"neow_bonus":"TWO_FIFTY_GOLD","is_daily":false,"chose_seed":false,"campfire_upgraded":3,"win_rate":0.0,"timestamp":1614387039,"path_taken":["M","$","M","?","M","E","M","R","T","R","M","R","M","E","R","BOSS","M","?","$","?","M","R","E","?","T","R","M","$","E","M","R","BOSS"],"items_purchased_type":["Relic","Card","Relic","Card"],"build_version":"2020-12-22","purchased_purges":1,"victory":false,"max_hp_per_floor":[68,68,68,68,68,68,68,68,68,68,68,68,68,68,68,68,68,68,68,68,68,68,68,68,68,68,68,68,68,68,68,68,68,68],"card_choices":[{"not_picked":["Collect","Perseverance"],"picked":"MentalFortress","floor":1.0},{"not_picked":["PathToVictory","Consecrate","ReachHeaven"],"picked":"SKIP","floor":3.0},{"not_picked":["Consecrate","Pray"],"picked":"FearNoEvil","floor":4.0},{"not_picked":["EmptyFist","Crescendo"],"picked":"TalkToTheHand","floor":5.0},{"not_picked":["Alpha","SignatureMove","EmptyFist"],"picked":"SKIP","floor":6.0},{"not_picked":["PathToVictory","WaveOfTheHand","ForeignInfluence"],"picked":"SKIP","floor":7.0},{"not_picked":["Sanctity","FollowUp","Crescendo"],"picked":"SKIP","floor":11.0},{"not_picked":["Worship","EmptyBody"],"picked":"Halt","floor":13.0},{"not_picked":["Vengeance","FollowUp"],"picked":"Tantrum","floor":14.0},{"not_picked":["Wallop","Crescendo","CrushJoints"],"picked":"SKIP","floor":18.0},{"not_picked":["Consecrate","FollowUp","CutThroughFate"],"picked":"SKIP","floor":21.0},{"not_picked":["Swivel+1","SashWhip","EmptyFist"],"picked":"SKIP","floor":22},{"not_picked":["Fasting2","ThirdEye"],"picked":"InnerPeace","floor":24},{"not_picked":["Fasting2+1","Ragnarok","Evaluate"],"picked":"SKIP","floor":28},{"not_picked":["Halt","Wish","Swivel+1"],"picked":"SKIP","floor":30},{"not_picked":["BowlingBash","JustLucky","CrushJoints"],"picked":"SKIP","floor":31}],"player_experience":1713915,"relics_obtained":[{"floor":6.0,"key":"Peace Pipe"},{"floor":14.0,"key":"Mummified Hand"},{"floor":24,"key":"Nunchaku"},{"floor":26,"key":"White Beast Statue"},{"floor":30,"key":"Art of War"}],"event_choices":[{"damage_healed":20.0,"max_hp_gain":0.0,"max_hp_loss":0.0,"gold_gain":0.0,"event_name":"Wheel of Change","player_choice":"Full Heal","floor":19.0,"gold_loss":0.0,"damage_taken":0.0},{"damage_healed":0,"gold_gain":50,"player_choice":"Stole From Cult","damage_taken":0,"max_hp_gain":0,"max_hp_loss":0,"event_name":"Nest","floor":25,"gold_loss":0}],"is_beta":false,"boss_relics":[{"not_picked":["Cursed Key","Tiny House"],"picked":"Runic Pyramid"}],"items_purged_floors":[2],"is_endless":false,"potions_floor_spawned":[1,6,11,13,14,24,28,30,31],"killed_by":"Automaton","ascension_level":20}}