{"host":"n1v11un6j7y72mz7","time":1614419660,"event":{"mods":["Act Like it!","BaseMod","Downfall","Minty Spire (QoL Compilation)","StSLib"],"gold_per_floor":[99,99,99,24,24,53,122,137,16,28,42,58,58,73,90,189,189,189,207,207,207,219,64,64,64,64,64,64,64,49,49,68,87,187,187,187,199,215,265,485,485,485,511,537,563,581,596,596,596,614,626,626],"floor_reached":53,"language":"ZHS","playtime":2152,"items_purged":["Slimebound:Strike_Slimebound","Slimebound:Strike_Slimebound","Slimebound:Strike_Slimebound"],"score":821,"play_id":"04aaaa8b-f77c-4e00-8e1f-044e5b97e4d2","local_time":"20210227175420","is_ascension_mode":true,"campfire_choices":[{"data":"Slimebound:Split","floor":1,"key":"SMITH"},{"data":"Slimebound:GoopSpray","floor":13,"key":"SMITH"},{"data":"Slimebound:AcidTongue","floor":18,"key":"SMITH"},{"data":"Slimebound:WasteNot","floor":27,"key":"SMITH"},{"data":"Slimebound:OozeBath","floor":29,"key":"SMITH"},{"data":"Slimebound:FormOfPuddle","floor":31,"key":"SMITH"},{"data":"Slimebound:DuplicatedForm","floor":36,"key":"SMITH"},{"data":"Slimebound:SpikyOuterGoop","floor":42,"key":"SMITH"},{"data":"Slimebound:Schlurp","floor":49,"key":"SMITH"}],"circlet_count":0,"master_deck":["Slimebound:Tackle","Slimebound:Defend_Slimebound","Slimebound:Defend_Slimebound","Slimebound:Defend_Slimebound","Slimebound:Split+1","Slimebound:CorrosiveSpit","Slimebound:ComboTackle+1","Slimebound:OozeBath+1","Slimebound:Schlurp+1","Slimebound:LeechingTouch","Slimebound:AcidTongue+1","Slimebound:ItLooksTasty","Slimebound:FormOfPuddle+1","Slimebound:GoopSpray+1","Slimebound:GoopSpray","Slimebound:WasteNot+1","Slimebound:LivingWall","Slimebound:Recollect","Slimebound:SpikyOuterGoop+1","Slimebound:ViciousTackle+1","Slimebound:HauntingLick","Slimebound:DuplicatedForm+1","Slimebound:GrowthPunch","Slimebound:LeechLife","Slimebound:HauntingLick+1","Slimebound:Equalize+1","Slimebound:SplitMire+1","Parasite","Slimebound:LeechEnergy+1"],"relics":["Slimebound:AbsorbEndCombat","downfall:HeartsMalice","Slimebound:SlimedTailRelic","CaptainsWheel","Slimebound:TarBlob","Slimebound:MaxSlimesRelic","Torii","downfall:RedIOU","expansioncontent:StudyCardRelic","Pocketwatch","Orichalcum","Oddly Smooth Stone","Strawberry"],"acts_visited":["Exordium","TheCity","TheBeyond"],"potions_floor_usage":[16,16,34,34,52],"damage_taken":[{"damage":0,"enemies":"Cultist","floor":2,"turns":1},{"damage":0,"enemies":"downfall:FleeingMerchant","floor":4,"turns":1},{"damage":0,"enemies":"Gremlin Nob","floor":6,"turns":1},{"damage":0,"enemies":"Jaw Worm","floor":8,"turns":3},{"damage":13,"enemies":"downfall:FleeingMerchant","floor":9,"turns":4},{"damage":8,"enemies":"Small Slimes","floor":10,"turns":3},{"damage":10,"enemies":"Exordium Thugs","floor":11,"turns":5},{"damage":13,"enemies":"downfall:LooterAlt","floor":12,"turns":3},{"damage":0,"enemies":"2 Fungi Beasts","floor":14,"turns":4},{"damage":3,"enemies":"Blue Slaver","floor":15,"turns":3},{"damage":30,"enemies":"WA_ARCHETYPE_RETAIN","floor":16,"turns":8},{"damage":5,"enemies":"Shell Parasite","floor":19,"turns":5},{"damage":3,"enemies":"downfall:LooterAlt2","floor":22,"turns":6},{"damage":0,"enemies":"downfall:FleeingMerchant","floor":23,"turns":4},{"damage":0,"enemies":"downfall:FleeingMerchant","floor":30,"turns":4},{"damage":1,"enemies":"Snecko","floor":32,"turns":5},{"damage":8,"enemies":"3 Cultists","floor":33,"turns":6},{"damage":31,"enemies":"IC_MUSHROOM_ARCHETYPE","floor":34,"turns":10},{"damage":16,"enemies":"3 Shapes","floor":37,"turns":6},{"damage":22,"enemies":"3 Darklings","floor":38,"turns":3},{"damage":0,"enemies":"3 Darklings","floor":39,"turns":4},{"damage":15,"enemies":"downfall:FleeingMerchant","floor":40,"turns":3},{"damage":16,"enemies":"Nemesis","floor":45,"turns":7},{"damage":15,"enemies":"4 Shapes","floor":46,"turns":6},{"damage":0,"enemies":"Spire Growth","floor":47,"turns":6},{"damage":10,"enemies":"Writhing Mass","floor":50,"turns":5},{"damage":10,"enemies":"Sphere and 2 Shapes","floor":51,"turns":5},{"damage":66,"enemies":"DF_ARCHETYPE_ORBS","floor":52,"turns":7}],"seed_played":"2070768914305448541","potions_obtained":[{"floor":6,"key":"bronze:BurnAndBuffPotion"},{"floor":8,"key":"Strength Potion"},{"floor":10,"key":"Ancient Potion"},{"floor":16,"key":"Dexterity Potion"},{"floor":19,"key":"Ancient Potion"},{"floor":33,"key":"Regen Potion"},{"floor":38,"key":"FairyPotion"},{"floor":45,"key":"FairyPotion"}],"is_trial":false,"path_per_floor":["R","M","?","$","T","E","T","M","$","M","M","M","R","M","M","B",null,"R","M","?","?","M","$","T","T","?","R","?","R","$","R","M","M","B",null,"R","M","M","?","$","?","R","T","T","E","M","M","?","R","M","M","B",null],"character_chosen":"SLIMEBOUND","items_purchased":["Slimebound:AcidTongue","Slimebound:ItLooksTasty","Slimebound:Recollect"],"campfire_rested":0,"item_purchase_floors":[9,9,23],"current_hp_per_floor":[65,65,65,65,65,65,65,65,58,56,54,43,43,49,52,30,65,65,65,65,54,59,65,65,65,65,65,65,65,70,70,70,67,41,70,70,60,61,69,70,70,70,70,70,77,77,77,77,77,77,77,43],"gold":626,"neow_bonus":"THREE_ENEMY_KILL","is_daily":false,"chose_seed":false,"campfire_upgraded":9,"win_rate":0.0,"timestamp":1614419660,"path_taken":["R","?","?","?","?","E","T","M","?","M","M","?","R","M","M","BOSS","R","M","?","?","?","$","T","T","?","R","?","R","?","R","M","M","BOSS","R","M","M","?","$","?","R","T","?","E","M","M","?","R","?","M","BOSS"],"items_purchased_type":["Card","Card","Card"],"build_version":"2020-12-22","purchased_purges":3,"victory":true,"max_hp_per_floor":[65,65,65,65,65,65,65,65,65,65,65,65,65,65,65,65,65,65,65,65,70,70,70,70,70,70,70,70,70,70,70,70,70,70,70,70,70,70,70,70,70,70,70,70,77,77,77,77,77,77,77,77],"card_choices":[{"not_picked":["Slimebound:PressTheAttack","Slimebound:SplitSpecialist"],"picked":"Slimebound:ComboTackle","floor":2},{"not_picked":["Slimebound:Prepare","Slimebound:LeechingTouch"],"picked":"Slimebound:OozeBath","floor":4},{"not_picked":["Slimebound:HauntingLick","Slimebound:SplitBruiser"],"picked":"Slimebound:Schlurp","floor":6},{"not_picked":["Slimebound:Schlurp","Slimebound:FormOfPuddle"],"picked":"Slimebound:LeechingTouch","floor":8},{"not_picked":["Slimebound:Schlurp","Slimebound:ForwardTackle","Slimebound:SlimeBarrage"],"picked":"SKIP","floor":9},{"not_picked":["Slimebound:SplitMire","Slimebound:SplitLeeching"],"picked":"Slimebound:FormOfPuddle","floor":10},{"not_picked":["Slimebound:SplitBruiser","Slimebound:SlimeBarrage","Slimebound:ItLooksTasty"],"picked":"SKIP","floor":11},{"not_picked":["Slimebound:RollThrough","Slimebound:PrepareCrush"],"picked":"Slimebound:GoopSpray","floor":12},{"not_picked":["Slimebound:FinishingTackle","Slimebound:Schlurp","Slimebound:PressTheAttack"],"picked":"SKIP","floor":14},{"not_picked":["Slimebound:RollThrough","Slimebound:SplitMire"],"picked":"Slimebound:GoopSpray","floor":15},{"not_picked":["Slimebound:DouseInSlime","Slimebound:TagTeam"],"picked":"Slimebound:WasteNot","floor":16},{"not_picked":["Slimebound:RollThrough","Slimebound:PressTheAttack"],"picked":"Slimebound:LivingWall","floor":19},{"not_picked":["Slimebound:AcidTongue","Slimebound:FlameTackle+1","Slimebound:SplitBruiser"],"picked":"SKIP","floor":22},{"not_picked":["Slimebound:Chomp+1","Slimebound:LeadByExample","Slimebound:LeechingTouch"],"picked":"SKIP","floor":23},{"not_picked":["Slimebound:LeechEnergy+1","Slimebound:TongueLash"],"picked":"Slimebound:ViciousTackle+1","floor":30},{"not_picked":["Slimebound:Nibble","Slimebound:LeechingTouch"],"picked":"Slimebound:HauntingLick","floor":32},{"not_picked":["Slimebound:MinionMaster","Slimebound:ItLooksTasty","Slimebound:ServeAndProtect"],"picked":"SKIP","floor":33},{"not_picked":["Slimebound:SlimeSlap","Slimebound:CheckThePlaybook"],"picked":"Slimebound:DuplicatedForm","floor":34},{"not_picked":["Slimebound:RollThrough+1","Slimebound:FlameTackle+1"],"picked":"Slimebound:GrowthPunch","floor":37},{"not_picked":["Slimebound:FormOfPuddle+1","Slimebound:TongueLash+1","Slimebound:FinishingTackle"],"picked":"SKIP","floor":38},{"not_picked":["Slimebound:Prepare","Slimebound:SplitBruiser+1"],"picked":"Slimebound:LeechLife","floor":39},{"not_picked":["Slimebound:Replication","Slimebound:SplitAcid+1"],"picked":"Slimebound:HauntingLick+1","floor":40},{"not_picked":["Slimebound:FinishingTackle","Slimebound:SplitLeeching","Slimebound:SlimeBarrage+1"],"picked":"SKIP","floor":45},{"not_picked":["Slimebound:LivingWall+1","Slimebound:RainOfGoop+1"],"picked":"Slimebound:Equalize+1","floor":46},{"not_picked":["Slimebound:SplitLeeching+1","Slimebound:FinishingTackle+1"],"picked":"Slimebound:SplitMire+1","floor":47},{"not_picked":["Slimebound:SplitLeeching+1","Slimebound:SplitBruiser+1","Slimebound:PressTheAttack"],"picked":"SKIP","floor":50},{"not_picked":["Slimebound:RollThrough","Slimebound:PressTheAttack"],"picked":"Slimebound:LeechEnergy+1","floor":51}],"player_experience":232897,"relics_obtained":[{"floor":5,"key":"Slimebound:SlimedTailRelic"},{"floor":6,"key":"CaptainsWheel"},{"floor":7,"key":"InkBottle"},{"floor":24,"key":"Slimebound:MaxSlimesRelic"},{"floor":25,"key":"Torii"},{"floor":39,"key":"Pocketwatch"},{"floor":43,"key":"Orichalcum"},{"floor":44,"key":"Oddly Smooth Stone"},{"floor":45,"key":"Strawberry"}],"event_choices":[{"damage_healed":0,"gold_gain":0,"player_choice":"Ignored","damage_taken":0,"max_hp_gain":0,"max_hp_loss":0,"event_name":"Vampires","floor":20,"gold_loss":0},{"damage_healed":0,"gold_gain":0,"player_choice":"Read","damage_taken":0,"max_hp_gain":0,"max_hp_loss":0,"event_name":"The Library","floor":26,"gold_loss":0,"cards_obtained":["Slimebound:SpikyOuterGoop"]},{"cards_removed":["Slimebound:Defend_Slimebound"],"damage_healed":0,"gold_gain":0,"player_choice":"Removed Skill","damage_taken":0,"max_hp_gain":0,"max_hp_loss":0,"event_name":"Falling","floor":48,"gold_loss":0}],"is_beta":false,"boss_relics":[{"not_picked":["Sozu","Coffee Dripper"],"picked":"Slimebound:TarBlob"},{"not_picked":["Velvet Choker","SlaversCollar"],"picked":"expansioncontent:StudyCardRelic"}],"items_purged_floors":[4,23,40],"is_endless":false,"potions_floor_spawned":[6,8,10,12,16,19,33,38,45,47],"ascension_level":1}}