{"host":"362zhnvmfmhc3u7b","time":1614402057,"event":{"mods":["BaseMod","Colored Powertips","Filter the Spire","Minty Spire (QoL Compilation)","Quick Restart","Rare Cards Sparkle","StSLib"],"gold_per_floor":[114,114,125,9,22,22,55,55,55,55,32,64,64,93,93,171,171,213,92,112,211,211,252,305,343,370,33,77,0,0,0],"floor_reached":30,"language":"ENG","playtime":1987,"items_purged":[],"score":452,"play_id":"0ed5b4b5-5a0c-45cd-a879-8e4cfc463fc0","local_time":"20210227000057","is_ascension_mode":true,"campfire_choices":[{"data":"Eruption","floor":6,"key":"SMITH"},{"data":"EmptyBody","floor":8,"key":"SMITH"},{"data":"Vigilance","floor":10,"key":"SMITH"},{"floor":13,"key":"REST"},{"data":"Vault","floor":15,"key":"SMITH"}],"circlet_count":0,"master_deck":["AscendersBane","Strike_P","Strike_P","Strike_P","Strike_P","Defend_P","Defend_P","Defend_P","Defend_P","Eruption+1","Vigilance+1","Vault+1","EmptyFist","FlyingSleeves","InnerPeace","Wallop","FlurryOfBlows","EmptyBody+1","FlurryOfBlows","TalkToTheHand","Protect","Wish","BowlingBash","MentalFortress","Trip","Evaluate","LikeWater","ThirdEye+1","WreathOfFlame+1","Writhe","Halt","LikeWater","Indignation"],"relics":["PureWater","Blue Candle","InkBottle","Oddly Smooth Stone","Lantern","Cursed Key","Darkstone Periapt","HornCleat"],"acts_visited":["Exordium","TheCity"],"potions_floor_usage":[12,14,18,20,24,24,28],"damage_taken":[{"damage":0,"enemies":"2 Louse","floor":1,"turns":3},{"damage":2,"enemies":"Jaw Worm","floor":3,"turns":4},{"damage":4,"enemies":"Small Slimes","floor":5,"turns":5},{"damage":6,"enemies":"3 Sentries","floor":7,"turns":7},{"damage":12,"enemies":"Gremlin Nob","floor":12,"turns":5},{"damage":3,"enemies":"3 Sentries","floor":14,"turns":6},{"damage":9,"enemies":"The Guardian","floor":16,"turns":13},{"damage":0,"enemies":"Spheric Guardian","floor":18,"turns":4},{"damage":1,"enemies":"3 Byrds","floor":20,"turns":4},{"damage":5,"enemies":"Centurion and Healer","floor":23,"turns":8},{"damage":7,"enemies":"Book of Stabbing","floor":24,"turns":7},{"damage":0,"enemies":"Snake Plant","floor":25,"turns":7},{"damage":12,"enemies":"Sentry and Sphere","floor":28,"turns":7},{"damage":36,"enemies":"Shelled Parasite and Fungi","floor":30,"turns":6}],"seed_played":"1461520390540652474","potions_obtained":[{"floor":1,"key":"Block Potion"},{"floor":12,"key":"BottledMiracle"},{"floor":14,"key":"LiquidBronze"},{"floor":16,"key":"Swift Potion"},{"floor":18,"key":"DistilledChaos"},{"floor":23,"key":"GamblersBrew"},{"floor":24,"key":"Ambrosia"}],"is_trial":false,"path_per_floor":["M","?","M","$","M","R","E","R","T","R","$","E","R","E","R","B",null,"M","$","M","?","?","M","E","M","T","$","M","?","M"],"character_chosen":"WATCHER","items_purchased":["InnerPeace","Wallop","FlurryOfBlows","MentalFortress","Trip","HornCleat","Halt","LikeWater"],"campfire_rested":1,"item_purchase_floors":[4,4,11,19,19,27,27,27],"current_hp_per_floor":[61,54,52,52,48,48,42,42,42,42,42,30,50,47,47,38,61,61,61,60,60,48,43,36,36,42,42,30,30,0,0],"gold":0,"neow_bonus":"THREE_RARE_CARDS","is_daily":false,"chose_seed":false,"campfire_upgraded":4,"win_rate":0.0,"timestamp":1614402057,"path_taken":["M","?","M","$","M","R","E","R","T","R","?","E","R","E","R","BOSS","M","$","M","?","?","M","E","M","T","$","M","?","M"],"items_purchased_type":["Card","Card","Card","Card","Card","Relic","Card","Card"],"build_version":"2020-12-22","purchased_purges":0,"victory":false,"max_hp_per_floor":[68,68,68,68,68,68,68,68,68,68,68,68,68,68,68,68,68,68,68,68,68,73,73,73,73,79,79,79,79,79,79],"card_choices":[{"not_picked":["Devotion","DevaForm"],"picked":"Vault","floor":0},{"not_picked":["FlurryOfBlows","CrushJoints"],"picked":"EmptyFist","floor":1},{"not_picked":["Protect","Wallop"],"picked":"FlyingSleeves","floor":3},{"not_picked":["EmptyFist","PathToVictory"],"picked":"FlurryOfBlows","floor":5},{"not_picked":["Wireheading","Indignation"],"picked":"EmptyBody","floor":7},{"not_picked":["ReachHeaven","ThirdEye"],"picked":"TalkToTheHand","floor":12},{"not_picked":["Crescendo","JustLucky"],"picked":"Protect","floor":14},{"not_picked":["MasterReality","Blasphemy"],"picked":"Wish","floor":16},{"not_picked":["FlurryOfBlows","Consecrate"],"picked":"BowlingBash","floor":18},{"not_picked":["Crescendo","JustLucky"],"picked":"Evaluate","floor":20},{"not_picked":["JustLucky","Crescendo+1"],"picked":"LikeWater","floor":23},{"not_picked":["Omniscience","FlurryOfBlows+1"],"picked":"ThirdEye+1","floor":24},{"not_picked":["InnerPeace","ClearTheMind"],"picked":"WreathOfFlame+1","floor":25},{"not_picked":["ReachHeaven","EmptyBody"],"picked":"Indignation","floor":28}],"player_experience":1626985,"relics_obtained":[{"floor":7,"key":"Blue Candle"},{"floor":9,"key":"InkBottle"},{"floor":12,"key":"Oddly Smooth Stone"},{"floor":14,"key":"Lantern"},{"floor":24,"key":"Darkstone Periapt"}],"event_choices":[{"cards_removed":["Shame"],"damage_healed":0,"gold_gain":0,"player_choice":"Card Removal","damage_taken":7,"max_hp_gain":0,"max_hp_loss":0,"event_name":"Golden Wing","floor":2,"gold_loss":0},{"damage_healed":0,"gold_gain":99,"player_choice":"Stole From Cult","damage_taken":0,"max_hp_gain":0,"max_hp_loss":0,"event_name":"Nest","floor":21,"gold_loss":0},{"damage_healed":0,"gold_gain":0,"player_choice":"Shed Blood","damage_taken":17,"max_hp_gain":5,"max_hp_loss":0,"event_name":"Forgotten Altar","floor":22,"gold_loss":0},{"damage_healed":0,"gold_gain":0,"player_choice":"Paid Fearfully","damage_taken":0,"max_hp_gain":0,"max_hp_loss":0,"event_name":"Masked Bandits","floor":29,"gold_loss":77}],"is_beta":false,"boss_relics":[{"not_picked":["Astrolabe","Runic Pyramid"],"picked":"Cursed Key"}],"items_purged_floors":[],"is_endless":false,"potions_floor_spawned":[1,12,14,16,18,23,24],"killed_by":"Shelled Parasite and Fungi","ascension_level":14}}