{"host":"i0avyit1s6jb1siw","time":1614428368,"event":{"mods":["BaseMod","DeckTracker","Dota2Spire","Minty Spire (QoL Compilation)","Quick Restart","StSLib","SuperFastMode"],"gold_per_floor":[119,75,75,91,91,91,124,124,124,69,89,103,103,118,118,118,118,118],"floor_reached":17,"language":"ENG","playtime":218,"items_purged":[],"score":210,"play_id":"def420d3-67ca-40ff-9f66-bb24b669ce8c","local_time":"20210227131928","is_ascension_mode":true,"campfire_choices":[{"data":"Perfected Strike","floor":6,"key":"SMITH"},{"data":"Whirlwind","floor":8,"key":"SMITH"},{"data":"Second Wind","floor":15,"key":"SMITH"},{"data":"Pommel Strike","floor":16,"key":"SMITH"}],"circlet_count":0,"master_deck":["AscendersBane","Strike_R+1","Strike_R","Strike_R","Strike_R","Strike_R","Defend_R","Defend_R","Defend_R","Bash+1","Perfected Strike+1","Whirlwind+1","Pommel Strike+1","Second Wind+1"],"relics":["Burning Blood","Bird Faced Urn","Whetstone"],"acts_visited":["Exordium"],"potions_floor_usage":[7,17,17],"damage_taken":[{"damage":0,"enemies":"Small Slimes","floor":1,"turns":4},{"damage":11,"enemies":"Jaw Worm","floor":4,"turns":4},{"damage":40,"enemies":"3 Sentries","floor":7,"turns":7},{"damage":0,"enemies":"Cultist","floor":11,"turns":2},{"damage":9,"enemies":"3 Louse","floor":12,"turns":2},{"damage":14,"enemies":"Red Slaver","floor":14,"turns":2},{"damage":33,"enemies":"Hexaghost","floor":17,"turns":9}],"seed_played":"4300356455554255545","potions_obtained":[{"floor":1,"key":"CultistPotion"},{"floor":7,"key":"HeartOfIron"},{"floor":14,"key":"FearPotion"}],"is_trial":false,"path_per_floor":["M","$","?","M","?","R","E","R","T","$","M","M","?","M","R","R","B"],"character_chosen":"IRONCLAD","items_purchased":["Whirlwind","Pommel Strike"],"campfire_rested":0,"item_purchase_floors":[2,10],"current_hp_per_floor":[74,74,79,74,67,67,33,33,33,33,39,36,36,28,28,28,0,0],"gold":118,"neow_bonus":"THREE_CARDS","is_daily":false,"chose_seed":false,"campfire_upgraded":4,"win_rate":0.0,"timestamp":1614428368,"path_taken":["M","$","?","M","?","R","E","R","T","?","M","M","?","M","R","R","BOSS"],"items_purchased_type":["Card","Card"],"build_version":"2020-12-22","purchased_purges":0,"victory":false,"max_hp_per_floor":[75,75,80,80,80,80,80,80,80,80,80,80,80,80,80,80,80,80],"card_choices":[{"not_picked":["Anger","Inflame"],"picked":"Perfected Strike","floor":0},{"not_picked":["Dual Wield","Warcry","True Grit"],"picked":"SKIP","floor":1},{"not_picked":["Entrench","Clothesline","Sever Soul"],"picked":"SKIP","floor":4},{"not_picked":["Dark Embrace","Iron Wave","Juggernaut"],"picked":"SKIP","floor":7},{"not_picked":["Havoc","Thunderclap"],"picked":"Second Wind","floor":11},{"not_picked":["Iron Wave","Spot Weakness","Sever Soul"],"picked":"SKIP","floor":12},{"not_picked":["Iron Wave","Cleave","Heavy Blade"],"picked":"SKIP","floor":14}],"player_experience":2531153,"relics_obtained":[{"floor":7,"key":"Bird Faced Urn"},{"floor":9,"key":"Whetstone"}],"event_choices":[{"damage_healed":0,"gold_gain":0,"player_choice":"Donut","damage_taken":0,"max_hp_gain":5,"max_hp_loss":0,"event_name":"Big Fish","floor":3,"gold_loss":0},{"cards_removed":["Defend_R"],"damage_healed":0,"gold_gain":0,"player_choice":"Card Removal","damage_taken":7,"max_hp_gain":0,"max_hp_loss":0,"event_name":"Golden Wing","floor":5,"gold_loss":0},{"damage_healed":0,"gold_gain":0,"player_choice":"Ignored","damage_taken":0,"max_hp_gain":0,"max_hp_loss":0,"event_name":"Liars Game","floor":13,"gold_loss":0}],"is_beta":false,"boss_relics":[],"items_purged_floors":[],"is_endless":false,"potions_floor_spawned":[1,7,14],"killed_by":"Hexaghost","ascension_level":20}}