{"host":"qksa0nge77ubun9a","time":1614392062,"event":{"mods":["AchievementEnabler","BaseMod","Colored Map","Colored Powertips","Googly Eyes","Highlight Path","Minty Spire (QoL Compilation)","Quick Restart","StSLib"],"gold_per_floor":[112,128,143,143,162,162,201,201,201,201,201],"floor_reached":10,"language":"ENG","playtime":4517,"items_purged":[],"score":112,"play_id":"dad14f12-64bd-4d18-a98b-b8ecb3008459","local_time":"20210226181422","is_ascension_mode":true,"campfire_choices":[{"data":"Entrench","floor":6.0,"key":"SMITH"}],"circlet_count":0,"master_deck":["AscendersBane","Strike_R","Strike_R","Strike_R","Strike_R","Strike_R","Defend_R","Defend_R","Defend_R","Bash","Headbutt","Shrug It Off+1","Body Slam+1","Entrench+1","Cleave"],"relics":["Burning Blood","Peace Pipe","CeramicFish","Omamori"],"acts_visited":["Exordium"],"potions_floor_usage":[7,10],"damage_taken":[{"damage":1.0,"enemies":"Cultist","floor":1.0,"turns":3.0},{"damage":5.0,"enemies":"Small Slimes","floor":2.0,"turns":3.0},{"damage":18.0,"enemies":"Jaw Worm","floor":3.0,"turns":4.0},{"damage":10.0,"enemies":"Large Slime","floor":5.0,"turns":6.0},{"damage":35,"enemies":"3 Sentries","floor":7,"turns":13},{"damage":29,"enemies":"Lagavulin","floor":10,"turns":4}],"seed_played":"7872126613949379394","potions_obtained":[{"floor":5.0,"key":"SpeedPotion"},{"floor":7,"key":"Strength Potion"}],"is_trial":false,"path_per_floor":["M","M","M","?","M","R","E","?","T","E"],"character_chosen":"IRONCLAD","items_purchased":[],"campfire_rested":0,"item_purchase_floors":[],"current_hp_per_floor":[72,72,60,46,42,42,13,13,13,0,0],"gold":201,"neow_bonus":"ONE_RARE_RELIC","is_daily":false,"chose_seed":false,"campfire_upgraded":1,"win_rate":0.0,"timestamp":1614392062,"path_taken":["M","M","?","?","M","R","E","?","T","E"],"items_purchased_type":[],"build_version":"2020-12-22","purchased_purges":0,"victory":false,"max_hp_per_floor":[72,72,72,72,72,72,72,72,72,72,72],"card_choices":[{"not_picked":["Clothesline","Heavy Blade"],"picked":"Headbutt","floor":1.0},{"not_picked":["Headbutt","Twin Strike"],"picked":"Shrug It Off","floor":2.0},{"not_picked":["Demon Form","Wild Strike"],"picked":"Body Slam","floor":3.0},{"not_picked":["Metallicize","Pommel Strike"],"picked":"Entrench","floor":5.0},{"not_picked":["Anger","Blood for Blood"],"picked":"Cleave","floor":7}],"player_experience":1440297,"relics_obtained":[{"floor":7,"key":"CeramicFish"},{"floor":9,"key":"Omamori"}],"event_choices":[{"damage_healed":0.0,"max_hp_gain":0.0,"max_hp_loss":0.0,"gold_gain":0.0,"event_name":"Shining Light","player_choice":"Entered Light","floor":4.0,"gold_loss":0.0,"damage_taken":14.0,"cards_upgraded":["Shrug It Off","Body Slam"]},{"cards_removed":["Defend_R"],"damage_healed":0,"gold_gain":0,"player_choice":"Forget","damage_taken":0,"max_hp_gain":0,"max_hp_loss":0,"event_name":"Living Wall","floor":8,"gold_loss":0}],"is_beta":false,"boss_relics":[],"items_purged_floors":[],"is_endless":false,"potions_floor_spawned":[5,7],"killed_by":"Lagavulin","ascension_level":13}}