{"host":"ydg0vn0pu4pubmdt","time":1614454363,"event":{"mods":["AchievementEnabler","BaseMod","Colored Map","Minty Spire (QoL Compilation)","Quick Restart","SuperFastMode"],"gold_per_floor":[114,114,39,53,63,97,97,112,160,160,174,90,165,165,165,165,165],"floor_reached":16,"language":"KOR","playtime":234,"items_purged":["Regret"],"score":200,"play_id":"6ab489da-01a5-4f73-b78f-2cfcfb70721d","local_time":"20210228043243","is_ascension_mode":true,"campfire_choices":[{"data":"Zap","floor":7,"key":"SMITH"},{"floor":10,"key":"REST"},{"floor":15,"key":"REST"}],"circlet_count":0,"master_deck":["AscendersBane","Strike_B","Strike_B","Strike_B","Strike_B","Defend_B","Defend_B","Defend_B","Defend_B","Zap","Dualcast","Go for the Eyes","Cold Snap","Zap+1","Consume","Doom and Gloom","Coolheaded","Undo","Genetic Algorithm","Capacitor"],"relics":["Cracked Core","Turnip","Darkstone Periapt","Bronze Scales"],"acts_visited":["Exordium"],"potions_floor_usage":[],"damage_taken":[{"damage":1.0,"enemies":"2 Louse","floor":1.0,"turns":3.0},{"damage":0.0,"enemies":"Cultist","floor":4.0,"turns":3.0},{"damage":18.0,"enemies":"Small Slimes","floor":5.0,"turns":2.0},{"damage":25,"enemies":"Lagavulin","floor":6,"turns":7},{"damage":19,"enemies":"Exordium Wildlife","floor":8,"turns":5},{"damage":6,"enemies":"Lots of Slimes","floor":11,"turns":2},{"damage":32,"enemies":"Slime Boss","floor":16,"turns":8}],"seed_played":"-4928631728440227511","potions_obtained":[{"floor":1.0,"key":"LiquidBronze"},{"floor":5.0,"key":"Swift Potion"}],"is_trial":false,"path_per_floor":["M","?","$","M","M","E","R","M","T","R","M","$","?","?","R","B"],"character_chosen":"DEFECT","items_purchased":["Capacitor"],"campfire_rested":2,"item_purchase_floors":[12],"current_hp_per_floor":[63,63,63,63,45,20,20,1,1,22,16,16,5,5,26,0,0],"gold":165,"neow_bonus":"ONE_RARE_RELIC","is_daily":false,"chose_seed":false,"campfire_upgraded":1,"win_rate":0.0,"timestamp":1614454363,"path_taken":["M","?","$","M","M","E","R","M","T","R","?","$","?","?","R","BOSS"],"items_purchased_type":["Card"],"build_version":"2020-12-22","purchased_purges":1,"victory":false,"max_hp_per_floor":[71,71,71,71,71,71,71,71,71,71,71,71,71,71,71,71,71],"card_choices":[{"not_picked":["Leap","Barrage"],"picked":"Go for the Eyes","floor":1.0},{"not_picked":["Cold Snap","Auto Shields"],"picked":"Doom and Gloom","floor":4.0},{"not_picked":["Chill","Ball Lightning"],"picked":"Coolheaded","floor":5.0},{"not_picked":["Buffer","Chaos"],"picked":"Undo","floor":6},{"not_picked":["Loop","Rebound"],"picked":"Genetic Algorithm","floor":8},{"not_picked":["Barrage","Hologram","Steam"],"picked":"SKIP","floor":11}],"player_experience":634993,"relics_obtained":[{"floor":6,"key":"Darkstone Periapt"},{"floor":9,"key":"Bronze Scales"}],"event_choices":[{"damage_healed":0.0,"max_hp_gain":0.0,"max_hp_loss":0.0,"gold_gain":0.0,"event_name":"Match and Keep!","player_choice":"3 cards matched","floor":2.0,"gold_loss":0.0,"damage_taken":0.0,"cards_obtained":["Cold Snap","Zap","Consume"]},{"damage_healed":0,"gold_gain":75,"player_choice":"Gather Gold","damage_taken":11,"max_hp_gain":0,"max_hp_loss":0,"event_name":"World of Goop","floor":13,"gold_loss":0},{"damage_healed":0,"gold_gain":0,"player_choice":"Ignored","damage_taken":0,"max_hp_gain":0,"max_hp_loss":0,"event_name":"Liars Game","floor":14,"gold_loss":0}],"is_beta":false,"boss_relics":[],"items_purged_floors":[3],"is_endless":false,"potions_floor_spawned":[1,5,8],"killed_by":"Slime Boss","ascension_level":20}}