{"host":"kzw87w9fb0mudblt","time":1614439629,"event":{"mods":["BaseMod","Colored Map","Minty Spire (QoL Compilation)","Replay The Spire","StSLib","SuperFastMode"],"gold_per_floor":[112,132,152,171,171,204,204,220,268,268,280,280,291,291,291,386,386,400,132,132,152,170,170,186,186,186,219,275,287,287,46,46,141,141,154,204,215,234,234,234,10,22,22,22,22,22,41,41,41,41,41],"floor_reached":50,"language":"ENG","playtime":4289,"items_purged":["Strike_G","Strike_G","Delirium"],"score":544,"play_id":"5140b29f-729b-4d2b-a2f4-e15409c4b7cc","local_time":"20210227162709","is_ascension_mode":true,"campfire_choices":[{"floor":7,"key":"REST"},{"data":"Deadly Poison","floor":10,"key":"SMITH"},{"data":"Deadly Poison","floor":12,"key":"SMITH"},{"data":"Caltrops","floor":15,"key":"SMITH"},{"floor":23,"key":"REST"},{"floor":25,"key":"REST"},{"floor":30,"key":"REST"},{"floor":32,"key":"REST"},{"data":"ReplayTheSpireMod:Necrosis","floor":40,"key":"SMITH"},{"data":"Noxious Fumes","floor":44,"key":"SMITH"},{"floor":49,"key":"REST"}],"circlet_count":0,"master_deck":["Strike_G","Strike_G","Defend_G","Defend_G","Defend_G+1","Defend_G","Defend_G","Survivor","Neutralize","Impatience","Caltrops+1","PiercingWail+1","Deadly Poison+1","Deadly Poison+1","ReplayTheSpireMod:Necrosis+1","Bane+1","Poison Darts","Crippling Poison+1","Chrysalis","Replay:Bootleg Shield Generator","Poisoned Strike","Noxious Fumes+1","Draining Mist+1","Catalyst","Writhe"],"relics":["Sizzling Blood","ReplayFunnel","Happy Flower","SlaversCollar","Membership Card","Gremlin Food","Onion Ring","MealTicket","ReplayTheSpireMod:ShopPack","Orichalcum","WristBlade","Ring of Greed","ReplayTheSpireMod:Ring of Challenge","Tiny Chest","Replay:Wax Seal","Bottled Lightning","Pear","Blood Vial"],"acts_visited":["Exordium","TheCity","TheBeyond"],"potions_floor_usage":[6,11,13,13,13,16,27,29,31,33,38,38,42,50],"damage_taken":[{"damage":0,"enemies":"Cultist","floor":1,"turns":4},{"damage":0,"enemies":"Small Slimes","floor":2,"turns":5},{"damage":0,"enemies":"2 Louse","floor":3,"turns":3},{"damage":6,"enemies":"Red Slaver","floor":4,"turns":5},{"damage":33,"enemies":"Lagavulin","floor":6,"turns":13},{"damage":5,"enemies":"3 Louse","floor":8,"turns":5},{"damage":4,"enemies":"Large Slime","floor":11,"turns":5},{"damage":0,"enemies":"Looter","floor":13,"turns":2},{"damage":26,"enemies":"The Guardian","floor":16,"turns":9},{"damage":29,"enemies":"Spheric Guardian","floor":18,"turns":6},{"damage":18,"enemies":"3 Byrds","floor":21,"turns":5},{"damage":21,"enemies":"Shelled Parasite and Fungi","floor":22,"turns":4},{"damage":11,"enemies":"Snake Plant","floor":24,"turns":4},{"damage":22,"enemies":"Gremlin Leader","floor":27,"turns":5},{"damage":5,"enemies":"Sentry and Sphere","floor":29,"turns":4},{"damage":27,"enemies":"Champ","floor":33,"turns":11},{"damage":25,"enemies":"3 Darklings","floor":35,"turns":4},{"damage":7,"enemies":"3 Shapes","floor":37,"turns":3},{"damage":5,"enemies":"3 Darklings","floor":38,"turns":4},{"damage":28,"enemies":"Jaw Worm Horde","floor":42,"turns":4},{"damage":31,"enemies":"R_Hoarder","floor":46,"turns":7},{"damage":40,"enemies":"Spire Growth","floor":47,"turns":6},{"damage":59,"enemies":"Time Eater","floor":50,"turns":10}],"seed_played":"4466607142198438084","potions_obtained":[{"floor":2,"key":"LifebloodPotion"},{"floor":6,"key":"SkillPotion"},{"floor":8,"key":"FearPotion"},{"floor":11,"key":"EntropicBrew"},{"floor":21,"key":"Strength Potion"},{"floor":24,"key":"SpeedPotion"},{"floor":28,"key":"ColorlessPotion"},{"floor":33,"key":"Ancient Potion"},{"floor":35,"key":"Poison Potion"},{"floor":37,"key":"Flashbang"},{"floor":38,"key":"Fire Potion"}],"is_trial":false,"path_per_floor":["M","M","M","M","?","E","R","M","T","R","M","R","M","?","R","B",null,"M","$","?","M","M","R","M","R","T","E","?","M","R","$","R_BF","B",null,"M","?","M","M","T","R","$","M","T","R","$","E","M","?","R","B"],"character_chosen":"THE_SILENT","items_purchased":["Membership Card","Poison Darts","Fruit Juice","ReplayTheSpireMod:ShopPack","Orichalcum","Noxious Fumes","Bottled Lightning"],"campfire_rested":6,"item_purchase_floors":[19,19,31,31,31,41,41],"current_hp_per_floor":[70,70,70,64,68,39,61,60,60,60,60,60,64,64,64,42,74,49,49,49,35,18,40,33,55,55,37,8,7,29,49,72,49,79,58,58,55,54,54,54,69,45,55,55,70,43,9,31,57,0,0],"gold":41,"neow_bonus":"RANDOM_COLORLESS","is_daily":false,"chose_seed":false,"campfire_upgraded":5,"win_rate":0.0,"timestamp":1614439629,"path_taken":["M","M","M","?","?","E","R","M","T","R","M","R","M","?","R","BOSS","M","$","?","?","M","R","M","R","T","E","?","M","R","$","R_BF","BOSS","M","?","M","M","?","R","?","M","T","R","$","E","M","?","R","BOSS"],"items_purchased_type":["Relic","Card","Potion","Relic","Relic","Card","Relic"],"build_version":"2020-12-22","purchased_purges":3,"victory":false,"max_hp_per_floor":[70,70,70,70,74,74,74,74,74,74,74,74,74,74,74,74,74,74,74,74,74,74,74,74,74,74,74,74,74,74,79,79,79,79,79,79,79,79,79,79,79,79,89,89,89,89,89,89,89,89,89],"card_choices":[{"not_picked":["Mind Blast","Replay:Bootleg Shield Generator"],"picked":"Impatience","floor":0},{"not_picked":["ReplayTheSpireMod:Speed Training","Finisher"],"picked":"Caltrops","floor":1},{"not_picked":["Dash","Dagger Throw","Underhanded Strike"],"picked":"SKIP","floor":2},{"not_picked":["Outmaneuver","Underhanded Strike","Acrobatics"],"picked":"SKIP","floor":3},{"not_picked":["Quick Slash","Dagger Throw"],"picked":"PiercingWail","floor":4},{"not_picked":["Deflect","ReplayTheSpireMod:Tripwire"],"picked":"Deadly Poison","floor":6},{"not_picked":["Dagger Throw","PiercingWail"],"picked":"Deadly Poison","floor":8},{"not_picked":["Slice","Backstab","Reflex"],"picked":"SKIP","floor":11},{"not_picked":["Quick Slash","Flying Knee","Heel Hook"],"picked":"SKIP","floor":13},{"not_picked":["Envenom","Wraith Form v2"],"picked":"ReplayTheSpireMod:Necrosis","floor":16},{"not_picked":["Backflip","Deflect"],"picked":"Bane","floor":18},{"not_picked":["Dodge and Roll","Caltrops","Acrobatics+1"],"picked":"SKIP","floor":21},{"not_picked":["Poisoned Stab","Dodge and Roll","Well Laid Plans+1"],"picked":"SKIP","floor":22},{"not_picked":["ReplayTheSpireMod:Tripwire","Outmaneuver","Heel Hook"],"picked":"SKIP","floor":24},{"not_picked":["Bane","Quick Slash","Dagger Throw"],"picked":"SKIP","floor":27},{"not_picked":["Replay:Poison Smokescreen+1","PiercingWail"],"picked":"Crippling Poison+1","floor":28},{"not_picked":["ReplayTheSpireMod:The Works","Outmaneuver","Quick Slash"],"picked":"SKIP","floor":29},{"not_picked":["Transmutation","Secret Weapon"],"picked":"Chrysalis","floor":31},{"not_picked":["Impatience","Madness"],"picked":"Replay:Bootleg Shield Generator","floor":31},{"not_picked":["Discovery","ReplayTheSpireMod:Trickstab"],"picked":"Poisoned Strike","floor":31},{"not_picked":["Sucker Punch","Quick Slash","Dash"],"picked":"SKIP","floor":35},{"not_picked":["Blade Dance+1","Distraction","Backflip+1"],"picked":"SKIP","floor":37},{"not_picked":["Blade Dance+1","Distraction","Backflip+1"],"picked":"SKIP","floor":37},{"not_picked":["Sneak Up","Backflip+1","Flying Knee+1"],"picked":"SKIP","floor":38},{"not_picked":["ReplayTheSpireMod:Tripwire+1","ReplayTheSpireMod:Scrap Shanks+1","Slice"],"picked":"SKIP","floor":42},{"not_picked":["All Out Attack","Blade Dance+1"],"picked":"Draining Mist+1","floor":46},{"not_picked":["Quick Slash","Acrobatics"],"picked":"Catalyst","floor":47}],"player_experience":50269,"relics_obtained":[{"floor":6,"key":"ReplayFunnel"},{"floor":9,"key":"Happy Flower"},{"floor":26,"key":"Gremlin Food"},{"floor":27,"key":"Onion Ring"},{"floor":28,"key":"MealTicket"},{"floor":36,"key":"Ring of Greed"},{"floor":36,"key":"ReplayTheSpireMod:Ring of Challenge"},{"floor":36,"key":"Tiny Chest"},{"floor":36,"key":"Replay:Wax Seal"},{"floor":43,"key":"Pear"},{"floor":46,"key":"Blood Vial"}],"event_choices":[{"damage_healed":0,"gold_gain":0,"player_choice":"Ignored","damage_taken":0,"max_hp_gain":0,"max_hp_loss":0,"event_name":"Shining Light","floor":14,"gold_loss":0},{"cards_removed":["Strike_G"],"damage_healed":0,"gold_gain":0,"player_choice":"Offered Basic","damage_taken":0,"max_hp_gain":0,"max_hp_loss":0,"event_name":"Bonfire Elementals","floor":20,"gold_loss":0},{"damage_healed":22,"gold_gain":0,"player_choice":"Writhe","damage_taken":0,"max_hp_gain":0,"max_hp_loss":0,"event_name":"Winding Halls","floor":48,"gold_loss":0,"cards_obtained":["Writhe"]}],"is_beta":false,"boss_relics":[{"not_picked":["Ectoplasm","Snecko Scales"],"picked":"SlaversCollar"},{"not_picked":["Painkiller Herb","Replay:Bronze Core"],"picked":"WristBlade"}],"items_purged_floors":[19,31,41],"is_endless":false,"potions_floor_spawned":[2,6,8,11,21,24,33,35,37,38],"killed_by":"Time Eater","ascension_level":1}}