{"host":"9gxprskaw0c5jpbt","time":1614394445,"event":{"mods":["AchievementEnabler","BaseMod","Colored Map","Highlight Path","KOR Keyword Fix","Minty Spire (QoL Compilation)","Rare Cards Sparkle","StSLib","SuperFastMode","everything is the same but u backflip on backflip"],"gold_per_floor":[144,144,189,234,279,369,369,414,439,538,565,619,178,187,187,505,505,559,613,658,712,721,721,775,829,838,883,973,973,411,465,465,783,783,837,891,243,402,402,402,74,108,117,171,216,315,0,9,9,18],"floor_reached":51,"language":"KOR","playtime":1182,"items_purged":["Strike_B","Pain"],"score":1059,"play_id":"91b93347-3072-4f5c-a4a1-0911336e5dd6","local_time":"20210227115405","daily_mods":["Cursed Run","Diverse","Midas"],"is_ascension_mode":false,"campfire_choices":[{"floor":15.0,"key":"REST"},{"floor":23.0,"key":"REST"},{"floor":29.0,"key":"REST"},{"floor":32.0,"key":"REST"},{"floor":40,"key":"REST"},{"floor":49,"key":"REST"}],"circlet_count":0,"master_deck":["Defend_B","Defend_B","Defend_B","Defend_B","Zap+1","Dualcast","Slice","Glacier","EmptyFist","Footwork","Wallop+1","Cold Snap","Writhe","Prepared","Lockon","Dark Shackles","Zap","Tantrum","Conserve Battery","FearNoEvil","Shame","Doubt","Immolate","Study","Melter","Bite","Bite","Bite","Bite","Bite","Bloodletting","Shame","FlurryOfBlows","InnerPeace","Adaptation","Thunderclap","Blizzard","Shame","Amplify","Whirlwind+1","Fasting2+1","Apotheosis","Dark Shackles","Go for the Eyes","Concentrate","Shame","Pain","Omniscience","Undo+1","Pain","Injury"],"relics":["Cursed Key","Darkstone Periapt","Du-Vu Doll","Matryoshka","CeramicFish","Ancient Tea Set","Shuriken","Tiny Chest","StrikeDummy","Runic Dome","Sundial","Cables","Lizard Tail","Pantograph","DataDisk","Black Star","ClockworkSouvenir","HornCleat","TungstenRod","Ice Cream","Potion Belt","Symbiotic Virus","Centennial Puzzle","Gambling Chip","Red Mask","WarpedTongs"],"acts_visited":["Exordium","TheCity","TheBeyond"],"potions_floor_usage":[50,50,50],"damage_taken":[{"damage":2.0,"enemies":"Small Slimes","floor":1.0,"turns":4.0},{"damage":0.0,"enemies":"Cultist","floor":3.0,"turns":3.0},{"damage":1.0,"enemies":"2 Louse","floor":4.0,"turns":2.0},{"damage":7.0,"enemies":"Large Slime","floor":5.0,"turns":6.0},{"damage":5.0,"enemies":"3 Sentries","floor":6.0,"turns":10.0},{"damage":0.0,"enemies":"Exordium Thugs","floor":8.0,"turns":5.0},{"damage":8.0,"enemies":"Gremlin Nob","floor":10.0,"turns":4.0},{"damage":10.0,"enemies":"Looter","floor":12.0,"turns":3.0},{"damage":16.0,"enemies":"The Guardian","floor":16.0,"turns":6.0},{"damage":5.0,"enemies":"Spheric Guardian","floor":18.0,"turns":3.0},{"damage":0.0,"enemies":"Shell Parasite","floor":19.0,"turns":2.0},{"damage":19.0,"enemies":"Centurion and Healer","floor":21.0,"turns":3.0},{"damage":18.0,"enemies":"3 Cultists","floor":24.0,"turns":5.0},{"damage":30.0,"enemies":"Shelled Parasite and Fungi","floor":25.0,"turns":4.0},{"damage":2.0,"enemies":"Snake Plant","floor":27.0,"turns":2.0},{"damage":34.0,"enemies":"Book of Stabbing","floor":28.0,"turns":5.0},{"damage":0.0,"enemies":"Centurion and Healer","floor":31.0,"turns":3.0},{"damage":47.0,"enemies":"Collector","floor":33.0,"turns":5.0},{"damage":51.0,"enemies":"3 Darklings","floor":35.0,"turns":7.0},{"damage":17.0,"enemies":"3 Shapes","floor":36.0,"turns":4.0},{"damage":0.0,"enemies":"Mind Bloom Boss Battle","floor":38.0,"turns":4.0},{"damage":17,"enemies":"3 Darklings","floor":44,"turns":5},{"damage":45,"enemies":"Sphere and 2 Shapes","floor":45,"turns":6},{"damage":21,"enemies":"Reptomancer","floor":46,"turns":4},{"damage":31,"enemies":"Awakened One","floor":50,"turns":6}],"seed_played":"-2463471341485849212","potions_obtained":[{"floor":1.0,"key":"BlessingOfTheForge"},{"floor":4.0,"key":"LiquidBronze"},{"floor":5.0,"key":"SpeedPotion"},{"floor":19.0,"key":"FearPotion"},{"floor":28.0,"key":"Ancient Potion"},{"floor":31.0,"key":"LiquidMemories"},{"floor":45,"key":"SkillPotion"},{"floor":46,"key":"Explosive Potion"}],"is_trial":false,"path_per_floor":["M","?","M","M","M","E","?","M","T","E","?","M","$","T","R","B",null,"M","M","?","M","?","R","M","M","T","M","E","R","$","M","R","B",null,"M","M","$","?","$","R","$","T","T","M","M","E","?","?","R","B",null],"character_chosen":"DEFECT","items_purchased":["Shuriken","Conserve Battery","FearNoEvil","Pantograph","Adaptation","DataDisk","Thunderclap","Apotheosis","Dark Shackles","ClockworkSouvenir","HornCleat","Ice Cream","Concentrate"],"campfire_rested":6,"item_purchase_floors":[13,13,13,30,30,30,30,37,37,37,37,41,41],"current_hp_per_floor":[73,73,73,72,65,60,45,45,51,45,45,37,37,43,69,61,93,88,90,90,71,77,99,83,61,67,65,35,66,66,74,105,68,111,68,53,53,83,83,111,111,117,123,112,75,58,58,64,102,111],"gold":18,"neow_bonus":"","is_daily":true,"chose_seed":false,"campfire_upgraded":0,"win_rate":0.0,"timestamp":1614394445,"path_taken":["M","?","M","M","M","E","?","M","T","E","?","?","$","?","R","BOSS","M","M","?","M","?","R","M","M","T","M","E","R","$","M","R","BOSS","M","M","$","?","$","R","$","?","T","M","M","E","?","?","R","BOSS"],"items_purchased_type":["Relic","Card","Card","Relic","Card","Relic","Card","Card","Card","Relic","Relic","Relic","Card"],"build_version":"2020-12-22","purchased_purges":2,"victory":true,"max_hp_per_floor":[75,75,75,75,75,75,75,75,81,81,81,81,81,87,87,93,93,93,93,93,93,99,99,99,99,105,105,105,105,105,105,105,111,111,111,111,111,111,111,111,111,117,123,123,123,123,123,129,129,135],"card_choices":[{"not_picked":["Infernal Blade","Catalyst"],"picked":"Slice","floor":1.0},{"not_picked":["PathToVictory","Poisoned Stab"],"picked":"Glacier","floor":3.0},{"not_picked":["Skewer","Protect"],"picked":"EmptyFist","floor":4.0},{"not_picked":["Cold Snap","Consecrate"],"picked":"Footwork","floor":5.0},{"not_picked":["A Thousand Cuts","Disarm"],"picked":"Wallop","floor":6.0},{"not_picked":["Conclude","Wild Strike"],"picked":"Cold Snap","floor":8.0},{"not_picked":["Force Field","Ghostly Armor"],"picked":"Prepared","floor":10.0},{"not_picked":["Havoc","Weave"],"picked":"Tantrum","floor":12.0},{"not_picked":["Feed","Envenom"],"picked":"Immolate","floor":16.0},{"not_picked":["Aggregate","CarveReality"],"picked":"Study","floor":18.0},{"not_picked":["DeceiveReality","Headbutt"],"picked":"Melter","floor":19.0},{"not_picked":["BowlingBash","Wallop"],"picked":"Bloodletting","floor":21.0},{"not_picked":["ThirdEye+1","FollowUp"],"picked":"FlurryOfBlows","floor":24.0},{"not_picked":["Streamline+1","Steam Power"],"picked":"InnerPeace","floor":25.0},{"not_picked":["Noxious Fumes","Heel Hook","Searing Blow"],"picked":"SKIP","floor":27.0},{"not_picked":["Underhanded Strike","Dark Embrace","Catalyst"],"picked":"SKIP","floor":28.0},{"not_picked":["Poisoned Stab","Clash"],"picked":"Blizzard","floor":31.0},{"not_picked":["Corruption","Rainbow"],"picked":"Amplify","floor":33.0},{"not_picked":["Flying Knee","Cleave+1"],"picked":"Whirlwind+1","floor":35.0},{"not_picked":["Cold Snap+1","Stack+1"],"picked":"Fasting2+1","floor":36.0},{"not_picked":["Force Field+1","Blade Dance+1"],"picked":"Go for the Eyes","floor":38.0},{"not_picked":["Go for the Eyes","EmptyBody+1"],"picked":"Omniscience","floor":44},{"not_picked":["Steam","PathToVictory","Halt+1"],"picked":"SKIP","floor":45},{"not_picked":["Hologram+1","Dodge and Roll+1"],"picked":"Undo+1","floor":46}],"player_experience":1006376,"relics_obtained":[{"floor":6.0,"key":"Matryoshka"},{"floor":9.0,"key":"Blood Vial"},{"floor":9.0,"key":"CeramicFish"},{"floor":10.0,"key":"Ancient Tea Set"},{"floor":14.0,"key":"Tiny Chest"},{"floor":14.0,"key":"StrikeDummy"},{"floor":26.0,"key":"Cables"},{"floor":28.0,"key":"Lizard Tail"},{"floor":38.0,"key":"TungstenRod"},{"floor":42,"key":"Potion Belt"},{"floor":43,"key":"Symbiotic Virus"},{"floor":46,"key":"Centennial Puzzle"},{"floor":46,"key":"Gambling Chip"}],"event_choices":[{"cards_removed":["Strike_B"],"damage_healed":0.0,"max_hp_gain":0.0,"max_hp_loss":0.0,"gold_gain":0.0,"event_name":"Living Wall","player_choice":"Forget","floor":2.0,"gold_loss":0.0,"damage_taken":0.0},{"damage_healed":0.0,"max_hp_gain":0.0,"max_hp_loss":0.0,"gold_gain":0.0,"event_name":"Shining Light","player_choice":"Entered Light","floor":7.0,"gold_loss":0.0,"damage_taken":15.0,"cards_upgraded":["Zap","Wallop"]},{"damage_healed":0.0,"max_hp_gain":0.0,"max_hp_loss":0.0,"gold_gain":0.0,"event_name":"Match and Keep!","player_choice":"3 cards matched","floor":11.0,"gold_loss":0.0,"damage_taken":0.0,"cards_obtained":["Lockon","Dark Shackles","Zap"]},{"damage_healed":0.0,"max_hp_gain":0.0,"max_hp_loss":0.0,"gold_gain":0.0,"event_name":"Vampires","player_choice":"Became a vampire (Vial)","floor":20.0,"relics_lost":["Blood Vial"],"gold_loss":0.0,"damage_taken":0.0,"cards_obtained":["Bite","Bite","Bite","Bite","Bite"]},{"damage_healed":0.0,"max_hp_gain":0.0,"max_hp_loss":0.0,"gold_gain":0.0,"event_name":"Addict","player_choice":"Stole Relic","floor":22.0,"gold_loss":0.0,"damage_taken":0.0,"relics_obtained":["Sundial"],"cards_obtained":["Shame"]},{"damage_healed":0.0,"max_hp_gain":0.0,"max_hp_loss":0.0,"gold_gain":0.0,"event_name":"MindBloom","player_choice":"Fight","floor":38.0,"gold_loss":0.0,"damage_taken":0.0},{"damage_healed":0,"gold_gain":0,"player_choice":"Paid","damage_taken":0,"relics_obtained":["Red Mask"],"max_hp_gain":0,"max_hp_loss":0,"event_name":"Tomb of Lord Red Mask","floor":47,"gold_loss":315},{"damage_healed":0,"gold_gain":0,"player_choice":"Rummage","damage_taken":0,"relics_obtained":["WarpedTongs"],"max_hp_gain":0,"max_hp_loss":0,"event_name":"Accursed Blacksmith","floor":48,"gold_loss":0,"cards_obtained":["Pain"]}],"is_beta":false,"boss_relics":[{"not_picked":["Velvet Choker","Coffee Dripper"],"picked":"Runic Dome"},{"not_picked":["Runic Pyramid","Busted Crown"],"picked":"Black Star"}],"items_purged_floors":[13,30],"is_endless":false,"potions_floor_spawned":[1,4,5,19,21,28,31,38,45,46],"ascension_level":0}}