{"host":"q9718omregw4er46","time":1614425658,"event":{"mods":["BaseMod","Minty Spire (QoL Compilation)","Quick Restart","Relic Stats"],"gold_per_floor":[116,116,131,151,151,167,167,194,194,208,208,227,227,253,253,327,327,345,260,280,98,98,98,137,159,185,31,50,20,20,33,33,121,121,150,40,50,75,125,125,161,161,161,161,188,188,188],"floor_reached":46,"language":"ENG","playtime":2141,"items_purged":["Strike_R"],"score":1010,"play_id":"b1f6c00c-fadd-44c8-bae5-2b5b0c62e012","local_time":"20210227163418","is_ascension_mode":true,"campfire_choices":[{"data":"Bash","floor":7.0,"key":"SMITH"},{"data":"Uppercut","floor":11,"key":"SMITH"},{"data":"Fire Breathing","floor":13,"key":"SMITH"},{"floor":15,"key":"REST"},{"data":"Armaments","floor":23,"key":"SMITH"},{"floor":30,"key":"REST"},{"data":"Fiend Fire","floor":32,"key":"SMITH"},{"floor":40,"key":"REST"},{"floor":42,"key":"REST"},{"floor":44,"key":"RECALL"}],"circlet_count":0,"master_deck":["AscendersBane","Strike_R","Defend_R","Defend_R","Defend_R","Defend_R+1","Bash+1","Burning Pact","Fire Breathing+1","Metallicize","Shockwave","Spot Weakness","Hemokinesis","Uppercut+1","Cleave","Corruption","Shrug It Off","Shrug It Off","Seeing Red","Armaments+1","Heavy Blade","Dropkick","Fiend Fire+1","Burning Pact","Feed","Shrug It Off","True Grit","Battle Trance+1","Sentinel"],"relics":["Snecko Eye","Bag of Marbles","Pear","Shuriken","Black Star","Juzu Bracelet","CeramicFish","Potion Belt","Centennial Puzzle","Fusion Hammer","Boot","Mango","Bottled Tornado"],"acts_visited":["Exordium","TheCity","TheBeyond"],"potions_floor_usage":[8,16,33,33,41],"damage_taken":[{"damage":0.0,"enemies":"Small Slimes","floor":1.0,"turns":4.0},{"damage":2.0,"enemies":"Jaw Worm","floor":3.0,"turns":3.0},{"damage":0.0,"enemies":"Cultist","floor":4.0,"turns":3.0},{"damage":9.0,"enemies":"Red Slaver","floor":6.0,"turns":6.0},{"damage":10,"enemies":"3 Sentries","floor":8,"turns":3},{"damage":10,"enemies":"Exordium Thugs","floor":10,"turns":3},{"damage":10,"enemies":"Blue Slaver","floor":12,"turns":3},{"damage":28,"enemies":"Gremlin Nob","floor":14,"turns":4},{"damage":9,"enemies":"Hexaghost","floor":16,"turns":7},{"damage":24,"enemies":"2 Thieves","floor":18,"turns":4},{"damage":5,"enemies":"Shell Parasite","floor":20,"turns":4},{"damage":21,"enemies":"Gremlin Leader","floor":24,"turns":6},{"damage":5,"enemies":"Snake Plant","floor":25,"turns":3},{"damage":12,"enemies":"Shelled Parasite and Fungi","floor":28,"turns":3},{"damage":1,"enemies":"Centurion and Healer","floor":31,"turns":4},{"damage":21,"enemies":"Champ","floor":33,"turns":7},{"damage":2,"enemies":"3 Darklings","floor":35,"turns":4},{"damage":2,"enemies":"Orb Walker","floor":37,"turns":3},{"damage":58,"enemies":"Spire Growth","floor":38,"turns":6},{"damage":28,"enemies":"Giant Head","floor":41,"turns":7},{"damage":0,"enemies":"Transient","floor":45,"turns":6},{"damage":66,"enemies":"Reptomancer","floor":46,"turns":5}],"seed_played":"-5343723495860163096","potions_obtained":[{"floor":1.0,"key":"LiquidBronze"},{"floor":3.0,"key":"Ancient Potion"},{"floor":6.0,"key":"PowerPotion"},{"floor":14,"key":"Weak Potion"},{"floor":20,"key":"Strength Potion"},{"floor":24,"key":"Block Potion"},{"floor":29,"key":"Block Potion"},{"floor":37,"key":"Dexterity Potion"},{"floor":38,"key":"AttackPotion"},{"floor":45,"key":"SteroidPotion"}],"is_trial":true,"path_per_floor":["M","?","M","M","?","M","R","E","T","M","R","M","R","E","R","B",null,"M","?","M","$","?","R","E","M","T","$","M","?","R","M","R","B",null,"M","?","M","M","?","R","E","R","T","R","M","E"],"character_chosen":"IRONCLAD","items_purchased":["Seeing Red","Armaments","Fiend Fire","Burning Pact"],"campfire_rested":4,"item_purchase_floors":[21,21,27,27],"current_hp_per_floor":[68,68,66,66,59,50,50,40,50,40,40,30,30,2,27,18,68,44,44,39,39,39,39,18,13,13,13,1,1,26,25,25,4,65,66,66,68,13,13,41,31,64,64,64,64,0,0],"gold":188,"neow_bonus":"","is_daily":false,"chose_seed":false,"campfire_upgraded":5,"win_rate":0.0,"timestamp":1614425658,"path_taken":["M","?","M","M","?","M","R","E","T","M","R","M","R","E","R","BOSS","M","?","M","$","?","R","E","M","T","$","M","?","R","M","R","BOSS","M","?","M","M","?","R","E","R","T","R","M","E"],"items_purchased_type":["Card","Card","Card","Card"],"build_version":"2020-12-22","purchased_purges":1,"victory":false,"max_hp_per_floor":[75,75,75,75,75,75,75,75,85,85,85,85,85,85,85,85,85,85,85,85,85,85,85,85,85,85,85,85,85,85,85,85,85,85,88,88,92,95,95,95,113,113,113,113,113,113,113],"relic_stats":{"Centennial Puzzle":[24],"counters":[22,98],"Shuriken":[25],"CeramicFish":81,"Snecko Eye":[198,192,196,195],"Black Star":2,"Juzu Bracelet":1,"Boot":[0],"obtain_stats":[{"Potion Belt":24,"Pear":9,"CeramicFish":24,"Mango":41,"Juzu Bracelet":19,"Bottled Tornado":43,"Boot":41,"Centennial Puzzle":26,"Shuriken":14,"Snecko Eye":0,"Fusion Hammer":34,"Bag of Marbles":8,"Black Star":17},{"Potion Belt":12,"Pear":5,"CeramicFish":12,"Mango":20,"Juzu Bracelet":10,"Bottled Tornado":20,"Boot":20,"Centennial Puzzle":13,"Shuriken":8,"Snecko Eye":0,"Fusion Hammer":16,"Bag of Marbles":5,"Black Star":9},{"Potion Belt":50,"Pear":19,"CeramicFish":50,"Mango":87,"Juzu Bracelet":40,"Bottled Tornado":87,"Boot":87,"Centennial Puzzle":53,"Shuriken":29,"Snecko Eye":0,"Fusion Hammer":67,"Bag of Marbles":19,"Black Star":36}]},"card_choices":[{"not_picked":["Fire Breathing","Armaments"],"picked":"Burning Pact","floor":1.0},{"not_picked":["Flex","Ghostly Armor"],"picked":"Metallicize","floor":3.0},{"not_picked":["Thunderclap","Burning Pact"],"picked":"Shockwave","floor":4.0},{"not_picked":["Intimidate","Power Through"],"picked":"Spot Weakness","floor":6.0},{"not_picked":["Flex","Headbutt"],"picked":"Hemokinesis","floor":8},{"not_picked":["Whirlwind","Heavy Blade"],"picked":"Uppercut","floor":10},{"not_picked":["Rampage","Hemokinesis"],"picked":"Cleave","floor":12},{"not_picked":["Hemokinesis","Clash","Bloodletting"],"picked":"SKIP","floor":14},{"not_picked":["Brutality","Exhume"],"picked":"Corruption","floor":16},{"not_picked":["Armaments","True Grit"],"picked":"Shrug It Off","floor":18},{"not_picked":["Fire Breathing","Body Slam"],"picked":"Shrug It Off","floor":20},{"not_picked":["Iron Wave","Warcry"],"picked":"Heavy Blade","floor":24},{"not_picked":["Uppercut","Evolve"],"picked":"Dropkick","floor":25},{"not_picked":["Iron Wave","Twin Strike","Cleave"],"picked":"SKIP","floor":28},{"not_picked":["Sentinel","Havoc","Evolve"],"picked":"SKIP","floor":31},{"not_picked":["Limit Break","Corruption"],"picked":"Feed","floor":33},{"not_picked":["Dropkick","Shrug It Off","Pommel Strike"],"picked":"SKIP","floor":35},{"not_picked":["Dropkick","Pommel Strike"],"picked":"Shrug It Off","floor":35},{"not_picked":["Thunderclap","Body Slam","Wild Strike+1"],"picked":"SKIP","floor":37},{"not_picked":["Perfected Strike","Cleave"],"picked":"True Grit","floor":38},{"not_picked":["Clash","Havoc+1"],"picked":"Battle Trance+1","floor":41},{"not_picked":["Iron Wave","Wild Strike+1"],"picked":"Sentinel","floor":45}],"player_experience":853946,"relics_obtained":[{"floor":8,"key":"Bag of Marbles"},{"floor":9,"key":"Pear"},{"floor":14,"key":"Shuriken"},{"floor":24,"key":"CeramicFish"},{"floor":24,"key":"Potion Belt"},{"floor":26,"key":"Centennial Puzzle"},{"floor":41,"key":"Boot"},{"floor":41,"key":"Mango"},{"floor":43,"key":"Bottled Tornado"}],"event_choices":[{"damage_healed":0.0,"max_hp_gain":0.0,"max_hp_loss":0.0,"gold_gain":0.0,"cards_transformed":["Strike_R"],"event_name":"Living Wall","player_choice":"Change","floor":2.0,"gold_loss":0.0,"damage_taken":0.0,"cards_obtained":["Fire Breathing"]},{"cards_removed":["Strike_R"],"damage_healed":0.0,"max_hp_gain":0.0,"max_hp_loss":0.0,"gold_gain":0.0,"event_name":"Golden Wing","player_choice":"Card Removal","floor":5.0,"gold_loss":0.0,"damage_taken":7.0},{"damage_healed":0,"gold_gain":0,"player_choice":"Obtained Relic","damage_taken":0,"relics_obtained":["Juzu Bracelet"],"max_hp_gain":0,"max_hp_loss":0,"event_name":"Addict","floor":19,"gold_loss":85},{"damage_healed":0,"gold_gain":0,"player_choice":"Ignored","damage_taken":0,"max_hp_gain":0,"max_hp_loss":0,"event_name":"The Mausoleum","floor":22,"gold_loss":0},{"damage_healed":0,"gold_gain":0,"player_choice":"Bought 2 Potions","damage_taken":0,"max_hp_gain":0,"max_hp_loss":0,"event_name":"The Woman in Blue","floor":29,"gold_loss":0},{"cards_removed":["Strike_R"],"damage_healed":0,"gold_gain":0,"player_choice":"Upgrade and Remove","damage_taken":0,"max_hp_gain":0,"max_hp_loss":0,"event_name":"Designer","floor":36,"gold_loss":110,"cards_upgraded":["Defend_R"]},{"damage_healed":0,"gold_gain":50,"player_choice":"Pray","damage_taken":0,"max_hp_gain":0,"max_hp_loss":0,"event_name":"Golden Shrine","floor":39,"gold_loss":0}],"is_beta":false,"boss_relics":[{"not_picked":["Empty Cage","Coffee Dripper"],"picked":"Black Star"},{"not_picked":["Philosopher\u0027s Stone","Velvet Choker"],"picked":"Fusion Hammer"}],"items_purged_floors":[21],"is_endless":false,"potions_floor_spawned":[1,3,6,14,20,24,37,38,45],"killed_by":"Reptomancer","ascension_level":20}}