{"host":"c5j8t0wyh2hvx9ju","time":1614431574,"event":{"mods":["Act Like it!","Astrologer","BaseMod","BetterRewards","Gensokyo","Lobotomy","LobotomyExtend","Minty Spire (QoL Compilation)","Prisma Mod","StSLib"],"gold_per_floor":[117,117,131,150,150,150,176,176,226,238,248,262,262,274,274,374,374,386,386,311,226,238,238,255,255,255,255,255,255,255],"floor_reached":29,"language":"JPN","playtime":2304,"items_purged":[],"score":480,"play_id":"7022d424-d03d-4a48-9c07-caf5f9b4eff5","local_time":"20210227221254","is_ascension_mode":true,"campfire_choices":[{"data":"astrologer:NorthStar","floor":6,"key":"SMITH"},{"data":"astrologer:Glimpse","floor":8,"key":"SMITH"},{"data":"astrologer:Novile","floor":15,"key":"SMITH"},{"data":"Ghostly","floor":23,"key":"SMITH"},{"floor":25,"key":"REST"},{"floor":28,"key":"REST"}],"circlet_count":0,"master_deck":["astrologer:Strike","astrologer:Strike","astrologer:Strike","astrologer:Defend","astrologer:Defend","astrologer:NorthStar+1","astrologer:TheFool+1","astrologer:Glimpse+1","astrologer:Moonlight+1","astrologer:FadingStar","astrologer:Novile+1","astrologer:Stardust","astrologer:SpaceDust","astrologer:NeutronStar","astrologer:Stardust","astrologer:Alignment","astrologer:ShiningStar","Ghostly+1","Ghostly","Ghostly","Ghostly","Ghostly"],"relics":["astrologer:SkyMirror","LetterFromLob","Pen Nib","Centennial Puzzle","Sozu","Omamori","HornCleat"],"acts_visited":["Exordium","TheCity"],"potions_floor_usage":[16],"damage_taken":[{"damage":3,"enemies":"2 Louse","floor":1,"turns":5},{"damage":6,"enemies":"Cultist","floor":3,"turns":5},{"damage":0,"enemies":"Small Slimes","floor":4,"turns":4},{"damage":14,"enemies":"3 Sentries","floor":7,"turns":19},{"damage":3,"enemies":"3 Louse","floor":10,"turns":4},{"damage":2,"enemies":"Blue Slaver","floor":11,"turns":8},{"damage":2,"enemies":"Looter","floor":12,"turns":5},{"damage":0,"enemies":"Lots of Slimes","floor":14,"turns":5},{"damage":19,"enemies":"Hexaghost","floor":16,"turns":15},{"damage":32,"enemies":"Chosen","floor":18,"turns":11},{"damage":1,"enemies":"Spheric Guardian","floor":22,"turns":8},{"damage":17,"enemies":"Centurion and Healer","floor":24,"turns":12},{"damage":123,"enemies":"Sentry and Sphere","floor":29,"turns":7}],"seed_played":"3546356686402507484","potions_obtained":[{"floor":1,"key":"FairyPotion"},{"floor":4,"key":"Block Potion"},{"floor":7,"key":"Weak Potion"}],"is_trial":false,"path_per_floor":["M","?","M","M","?","R","E","R","T","M","M","M","?","M","R","B",null,"M","?","?","?","M","R","M","R","T","?","R","M"],"character_chosen":"ASTROLOGER","items_purchased":["astrologer:Glimpse","astrologer:Moonlight"],"campfire_rested":2,"item_purchase_floors":[0,0],"current_hp_per_floor":[53,65,59,59,59,59,45,45,45,42,40,38,24,24,24,5,54,22,22,22,22,21,21,4,14,14,10,22,0,0],"gold":255,"neow_bonus":"","is_daily":false,"chose_seed":false,"campfire_upgraded":4,"win_rate":0.0,"timestamp":1614431574,"path_taken":["M","?","M","M","?","R","E","R","T","M","?","M","?","M","R","BOSS","M","?","?","?","M","R","M","R","T","?","R","M"],"items_purchased_type":["Card","Card"],"build_version":"2020-12-22","purchased_purges":0,"victory":false,"max_hp_per_floor":[70,70,70,70,70,70,70,70,70,70,70,70,70,70,70,70,70,70,35,35,35,35,35,35,35,35,40,40,40,40],"card_choices":[{"not_picked":["astrologer:CometStrike","astrologer:Prestidigitation","astrologer:Strength"],"picked":"SKIP","floor":1},{"not_picked":["astrologer:StarOfCourage","astrologer:ReadTheStars"],"picked":"astrologer:FadingStar","floor":3},{"not_picked":["astrologer:TheLovers","astrologer:Radiance"],"picked":"astrologer:Novile","floor":4},{"not_picked":["astrologer:Divination","astrologer:Eclipse"],"picked":"astrologer:Stardust","floor":7},{"not_picked":["astrologer:Still","astrologer:SolarFlare"],"picked":"astrologer:SpaceDust","floor":10},{"not_picked":["astrologer:MeteorShower","astrologer:Judgement","astrologer:TheTower"],"picked":"SKIP","floor":11},{"not_picked":["astrologer:StarOfCourage","astrologer:Opposition"],"picked":"astrologer:NeutronStar","floor":12},{"not_picked":["astrologer:MeteorShower","astrologer:ShiningStar"],"picked":"astrologer:Stardust","floor":14},{"not_picked":["astrologer:HeatDeath","astrologer:Fate"],"picked":"astrologer:Alignment","floor":16},{"not_picked":["astrologer:Moonlight","astrologer:ReadTheStars"],"picked":"astrologer:ShiningStar","floor":18},{"not_picked":["astrologer:SolarFlare","astrologer:TheHighPriestess","astrologer:TheHierophant"],"picked":"SKIP","floor":22},{"not_picked":["astrologer:Opposition+1","astrologer:Quincunx+1","astrologer:TheTower"],"picked":"SKIP","floor":24}],"player_experience":937403,"relics_obtained":[{"floor":1,"key":"LetterFromLob"},{"floor":7,"key":"Pen Nib"},{"floor":9,"key":"Centennial Puzzle"},{"floor":26,"key":"HornCleat"}],"event_choices":[{"cards_removed":["astrologer:Strike"],"damage_healed":0,"gold_gain":0,"player_choice":"Offered Basic","damage_taken":0,"max_hp_gain":0,"max_hp_loss":0,"event_name":"Bonfire Elementals","floor":5,"gold_loss":0},{"damage_healed":0,"gold_gain":0,"player_choice":"Entered Light","damage_taken":14,"max_hp_gain":0,"max_hp_loss":0,"event_name":"Shining Light","floor":13,"gold_loss":0,"cards_upgraded":["astrologer:TheFool","astrologer:Moonlight"]},{"damage_healed":0,"gold_gain":0,"player_choice":"Became a Ghost","damage_taken":0,"max_hp_gain":0,"max_hp_loss":35,"event_name":"Ghosts","floor":19,"gold_loss":0,"cards_obtained":["Ghostly","Ghostly","Ghostly","Ghostly","Ghostly"]},{"cards_removed":["astrologer:Defend"],"damage_healed":0,"gold_gain":0,"player_choice":"Gave Gold","damage_taken":0,"max_hp_gain":0,"max_hp_loss":0,"event_name":"Beggar","floor":20,"gold_loss":75},{"damage_healed":0,"gold_gain":0,"player_choice":"Obtained Relic","damage_taken":0,"relics_obtained":["Omamori"],"max_hp_gain":0,"max_hp_loss":0,"event_name":"Addict","floor":21,"gold_loss":85},{"damage_healed":0,"gold_gain":0,"player_choice":"Shed Blood","damage_taken":9,"max_hp_gain":5,"max_hp_loss":0,"event_name":"Forgotten Altar","floor":27,"gold_loss":0}],"is_beta":false,"boss_relics":[{"not_picked":["SacredBark","Runic Dome"],"picked":"Sozu"}],"items_purged_floors":[],"is_endless":false,"potions_floor_spawned":[1,4,7,10,14],"killed_by":"Sentry and Sphere","ascension_level":8}}