{"host":"8u7tvcybuv0u72fd","time":1614403656,"event":{"mods":["BaseMod","BetterRewards","Colored Map","Colored Powertips","Minty Spire (QoL Compilation)","Quick Restart","Shop Mod"],"gold_per_floor":[117,117,192,207,222,250,267,279,302,302,302,316,27,40,40,145,145,159,186,186,186,196,229,229,243,243,243,262,262,89,109,109,205,205,222,72,90,109,154,183,195,236,271,283,307,14,64,64,64,64,64,64,30,55,55,55],"floor_reached":55,"language":"ENG","playtime":3173,"items_purged":["Strike_R"],"score":972,"play_id":"0a667707-ee37-406d-8545-c41aef9aaf55","local_time":"20210227002736","is_ascension_mode":false,"campfire_choices":[{"data":"Body Slam","floor":11.0,"key":"SMITH"},{"data":"Uppercut","floor":15.0,"key":"SMITH"},{"data":"Seeing Red","floor":24.0,"key":"SMITH"},{"data":"Headbutt","floor":27.0,"key":"SMITH"},{"data":"Defend_R","floor":29.0,"key":"SMITH"},{"data":"Shrug It Off","floor":32.0,"key":"SMITH"},{"data":"Parasite","floor":41.0,"key":"PURGE"},{"floor":49.0,"key":"RECALL"},{"data":"Blood for Blood","floor":52.0,"key":"PURGE"}],"circlet_count":0,"master_deck":["Strike_R+1","Strike_R","Strike_R","Strike_R","Defend_R","Defend_R+1","Defend_R","Bash+1","Uppercut+1","Headbutt+1","Body Slam+1","Seeing Red+1","Barricade+1","Bloodletting","Shrug It Off+1","Impervious","Dropkick+1","Blood for Blood+1","Whirlwind","Double Tap"],"relics":["Black Blood","Tiny Chest","Pear","Gambling Chip","Bag of Marbles","Peace Pipe","Oddly Smooth Stone","Lantern","Frozen Egg 2","MealTicket","Meat on the Bone","Kunai","Happy Flower","Calipers","Medical Kit","Fusion Hammer","Pen Nib","WingedGreaves","MawBank","Centennial Puzzle","Art of War","Omamori","Ice Cream","Girya","Mummified Hand"],"acts_visited":["Exordium","TheCity","TheBeyond","TheEnding"],"potions_floor_usage":[55,55,55],"damage_taken":[{"damage":0.0,"enemies":"Jaw Worm","floor":1.0,"turns":3.0},{"damage":0.0,"enemies":"Small Slimes","floor":4.0,"turns":2.0},{"damage":0.0,"enemies":"2 Louse","floor":5.0,"turns":1.0},{"damage":27.0,"enemies":"3 Sentries","floor":6.0,"turns":9.0},{"damage":0.0,"enemies":"Exordium Wildlife","floor":7.0,"turns":1.0},{"damage":0.0,"enemies":"Blue Slaver","floor":8.0,"turns":2.0},{"damage":0.0,"enemies":"3 Louse","floor":12.0,"turns":2.0},{"damage":0.0,"enemies":"Gremlin Gang","floor":14.0,"turns":4.0},{"damage":44.0,"enemies":"The Guardian","floor":16.0,"turns":9.0},{"damage":17.0,"enemies":"Spheric Guardian","floor":18.0,"turns":4.0},{"damage":12.0,"enemies":"3 Byrds","floor":22.0,"turns":8.0},{"damage":11.0,"enemies":"Gremlin Leader","floor":23.0,"turns":5.0},{"damage":4.0,"enemies":"Snecko","floor":25.0,"turns":4.0},{"damage":15.0,"enemies":"Centurion and Healer","floor":28.0,"turns":6.0},{"damage":5.0,"enemies":"Cultist and Chosen","floor":31.0,"turns":7.0},{"damage":23.0,"enemies":"Champ","floor":33.0,"turns":9.0},{"damage":3.0,"enemies":"3 Shapes","floor":35.0,"turns":5.0},{"damage":4.0,"enemies":"3 Darklings","floor":37.0,"turns":8.0},{"damage":14.0,"enemies":"Writhing Mass","floor":38.0,"turns":5.0},{"damage":0.0,"enemies":"2 Orb Walkers","floor":39.0,"turns":5.0},{"damage":16.0,"enemies":"Giant Head","floor":40.0,"turns":9.0},{"damage":25.0,"enemies":"Reptomancer","floor":42.0,"turns":4.0},{"damage":11.0,"enemies":"4 Shapes","floor":45.0,"turns":5.0},{"damage":0.0,"enemies":"Mind Bloom Boss Battle","floor":47.0,"turns":6.0},{"damage":48.0,"enemies":"Time Eater","floor":50.0,"turns":9.0},{"damage":14.0,"enemies":"Shield and Spear","floor":54.0,"turns":7.0},{"damage":118,"enemies":"The Heart","floor":55,"turns":8}],"seed_played":"-6866056391987502542","potions_obtained":[{"floor":7.0,"key":"BlessingOfTheForge"},{"floor":8.0,"key":"DuplicationPotion"},{"floor":14.0,"key":"SkillPotion"},{"floor":28.0,"key":"Fire Potion"},{"floor":31.0,"key":"SkillPotion"},{"floor":35.0,"key":"LiquidMemories"},{"floor":38.0,"key":"SteroidPotion"},{"floor":45.0,"key":"Weak Potion"},{"floor":47.0,"key":"BloodPotion"}],"is_trial":false,"path_per_floor":["M","?","?","M","M","E","M","M","T","T","R","M","$","M","R","B",null,"M","T","?","$","M","E","R","M","T","R","M","R","$","M","R","B",null,"M","$","M","M","?","E","R","E","T","T","M","$","?","?","R","B",null,"R","$","E","B"],"character_chosen":"IRONCLAD","items_purchased":["Tiny Chest","Pear","Bag of Marbles","Oddly Smooth Stone","Lantern","Uppercut","Kunai","BloodPotion","Shrug It Off","Medical Kit","Pen Nib","Ice Cream","Whirlwind"],"campfire_rested":0,"item_purchase_floors":[0,0,0,0,0,0,13,13,30,30,36,46,53],"current_hp_per_floor":[48,30,19,25,31,10,16,22,22,22,22,40,55,79,79,53,90,85,85,85,90,90,90,90,90,90,90,87,87,90,90,90,79,90,90,90,90,88,90,86,86,73,73,73,74,87,87,87,87,63,87,87,87,85,0,0],"gold":55,"neow_bonus":"","is_daily":false,"chose_seed":false,"campfire_upgraded":6,"win_rate":0.0,"timestamp":1614403656,"path_taken":["M","?","?","M","M","E","M","M","T","?","R","M","$","M","R","BOSS","M","?","?","$","M","E","R","M","T","R","M","R","?","M","R","BOSS","M","$","M","M","?","E","R","E","T","?","?","$","?","?","R","BOSS","R","$","E","BOSS"],"items_purchased_type":["Relic","Relic","Relic","Relic","Relic","Card","Relic","Potion","Card","Relic","Relic","Relic","Card"],"build_version":"2020-12-22","purchased_purges":1,"victory":false,"max_hp_per_floor":[90,90,90,90,90,90,90,90,90,90,90,90,90,90,90,90,90,90,90,90,90,90,90,90,90,90,90,90,90,90,90,90,90,90,90,90,90,90,90,90,87,87,87,87,87,87,87,87,87,87,87,87,87,87,87,87],"card_choices":[{"not_picked":["Cleave","Iron Wave","Havoc"],"picked":"SKIP","floor":1.0},{"not_picked":["Warcry","Sword Boomerang","Cleave"],"picked":"SKIP","floor":4.0},{"not_picked":["Clothesline","Anger"],"picked":"Headbutt","floor":5.0},{"not_picked":["Heavy Blade","Sword Boomerang","Armaments"],"picked":"SKIP","floor":6.0},{"not_picked":["Clothesline","Ghostly Armor"],"picked":"Body Slam","floor":7.0},{"not_picked":["Havoc","Flex","Rupture+1"],"picked":"SKIP","floor":8.0},{"not_picked":["Immolate","Armaments","Warcry"],"picked":"SKIP","floor":12.0},{"not_picked":["Armaments","Dual Wield"],"picked":"Seeing Red","floor":14.0},{"not_picked":["Juggernaut+1","Offering"],"picked":"Barricade+1","floor":16.0},{"not_picked":["Warcry","True Grit","Body Slam"],"picked":"SKIP","floor":18.0},{"not_picked":["Armaments","Havoc","Bloodletting"],"picked":"SKIP","floor":22.0},{"not_picked":["Bludgeon","Havoc"],"picked":"Bloodletting","floor":23.0},{"not_picked":["Blood for Blood+1","Warcry+1","Armaments"],"picked":"SKIP","floor":25.0},{"not_picked":["Flex+1","Heavy Blade","Dual Wield"],"picked":"SKIP","floor":28.0},{"not_picked":["Wild Strike","Perfected Strike"],"picked":"Blood for Blood","floor":31.0},{"not_picked":["Brutality+1","Corruption+1"],"picked":"Impervious","floor":33.0},{"not_picked":["Warcry+1","Body Slam","Perfected Strike+1"],"picked":"SKIP","floor":35.0},{"not_picked":["Body Slam","Clothesline","Seeing Red"],"picked":"SKIP","floor":37.0},{"not_picked":["Clothesline","Wild Strike+1"],"picked":"Dropkick+1","floor":38.0},{"not_picked":["Dark Embrace+1","Clash","Cleave"],"picked":"SKIP","floor":40.0},{"not_picked":["Searing Blow+1","Second Wind","Sword Boomerang+1"],"picked":"SKIP","floor":42.0},{"not_picked":["Warcry","Wild Strike+1","Clothesline"],"picked":"SKIP","floor":45.0},{"not_picked":["Flex","Shrug It Off"],"picked":"Blood for Blood+1","floor":47.0},{"not_picked":["Dual Wield+1","Thunderclap+1"],"picked":"Double Tap","floor":54.0}],"player_experience":1561801,"relics_obtained":[{"floor":6.0,"key":"Frozen Egg 2"},{"floor":9.0,"key":"MealTicket"},{"floor":10.0,"key":"Meat on the Bone"},{"floor":23.0,"key":"Happy Flower"},{"floor":26.0,"key":"Calipers"},{"floor":39.0,"key":"WingedGreaves"},{"floor":40.0,"key":"MawBank"},{"floor":42.0,"key":"Centennial Puzzle"},{"floor":43.0,"key":"Art of War"},{"floor":44.0,"key":"Omamori"},{"floor":47.0,"key":"Girya"},{"floor":54.0,"key":"Mummified Hand"}],"event_choices":[{"damage_healed":0.0,"max_hp_gain":0.0,"max_hp_loss":0.0,"gold_gain":0.0,"event_name":"Shining Light","player_choice":"Entered Light","floor":2.0,"gold_loss":0.0,"damage_taken":18.0,"cards_upgraded":["Bash","Strike_R"]},{"damage_healed":0.0,"max_hp_gain":0.0,"max_hp_loss":0.0,"gold_gain":75.0,"event_name":"World of Goop","player_choice":"Gather Gold","floor":3.0,"gold_loss":0.0,"damage_taken":11.0},{"damage_healed":0.0,"max_hp_gain":0.0,"max_hp_loss":0.0,"gold_gain":0.0,"event_name":"Vampires","player_choice":"Ignored","floor":20.0,"gold_loss":0.0,"damage_taken":0.0},{"damage_healed":0.0,"max_hp_gain":0.0,"max_hp_loss":0.0,"gold_gain":0.0,"event_name":"Mysterious Sphere","player_choice":"Fight","floor":39.0,"gold_loss":0.0,"damage_taken":0.0},{"damage_healed":0.0,"max_hp_gain":0.0,"max_hp_loss":0.0,"gold_gain":0.0,"event_name":"MindBloom","player_choice":"Fight","floor":47.0,"gold_loss":0.0,"damage_taken":0.0},{"cards_removed":["Defend_R"],"damage_healed":0.0,"max_hp_gain":0.0,"max_hp_loss":0.0,"gold_gain":0.0,"event_name":"Falling","player_choice":"Removed Skill","floor":48.0,"gold_loss":0.0,"damage_taken":0.0}],"is_beta":false,"boss_relics":[{"not_picked":["Ectoplasm","Runic Dome"],"picked":"Black Blood"},{"not_picked":["Tiny House","SacredBark"],"picked":"Fusion Hammer"}],"items_purged_floors":[0],"is_endless":false,"potions_floor_spawned":[7,8,14,28,31,33,35,38,45,47],"killed_by":"The Heart","ascension_level":0}}