{"host":"yx5rao87132cy5xq","time":1614457943,"event":{"mods":["2.2 Compatiblity","AchievementEnabler","BaseMod","Bestiary","Colored Map","Colored Powertips","Highlight Path","Minty Spire (QoL Compilation)","Quick Restart","Relic Stats","Slay-I","SuperFastMode"],"gold_per_floor":[110,110,60,12,87,87,98,98,122,133,133,133],"floor_reached":11,"language":"ENG","playtime":675,"items_purged":[],"score":88,"play_id":"ca0f8b69-ab5e-43fe-a342-196a78c3484d","local_time":"20210227213223","is_ascension_mode":true,"campfire_choices":[{"data":"Neutralize","floor":6,"key":"SMITH"},{"data":"Survivor","floor":8,"key":"SMITH"}],"circlet_count":0,"master_deck":["Strike_G","Strike_G","Strike_G","Strike_G","Strike_G","Defend_G","Defend_G","Defend_G","Defend_G","Survivor+1","Neutralize+1","Storm of Steel","Dagger Spray","Dagger Throw","Deflect","Underhanded Strike"],"relics":["Ring of the Snake","Art of War"],"acts_visited":["Exordium"],"potions_floor_usage":[],"damage_taken":[{"damage":0,"enemies":"Jaw Worm","floor":1,"turns":5},{"damage":2,"enemies":"2 Louse","floor":7,"turns":3},{"damage":0,"enemies":"Small Slimes","floor":10,"turns":3},{"damage":62,"enemies":"Lagavulin","floor":11,"turns":10}],"seed_played":"-7458920066532686611","potions_obtained":[],"is_trial":false,"path_per_floor":["M","?","?","$","?","R","M","R","T","M","E"],"character_chosen":"THE_SILENT","items_purchased":["Dagger Throw"],"campfire_rested":0,"item_purchase_floors":[4],"current_hp_per_floor":[63,63,63,63,52,52,50,50,50,50,0,0],"gold":133,"neow_bonus":"ONE_RANDOM_RARE_CARD","is_daily":false,"chose_seed":false,"campfire_upgraded":2,"win_rate":0.0,"timestamp":1614457943,"path_taken":["M","?","?","?","?","R","?","R","T","M","E"],"items_purchased_type":["Card"],"build_version":"2020-12-22","purchased_purges":0,"victory":false,"max_hp_per_floor":[70,70,70,70,70,70,70,70,70,70,70,70],"relic_stats":{"counters":[4,21],"Art of War":[2],"obtain_stats":[{"Art of War":9,"Ring of the Snake":0},{"Art of War":2,"Ring of the Snake":0},{"Art of War":8,"Ring of the Snake":0}],"Ring of the Snake":[8]},"card_choices":[{"not_picked":["Choke","Prepared"],"picked":"Dagger Spray","floor":1},{"not_picked":["Outmaneuver","Underhanded Strike"],"picked":"Deflect","floor":7},{"not_picked":["Outmaneuver","Setup"],"picked":"Underhanded Strike","floor":10}],"player_experience":1250877,"relics_obtained":[{"floor":9,"key":"Art of War"}],"event_choices":[{"damage_healed":0,"gold_gain":0,"player_choice":"Ignored","damage_taken":0,"max_hp_gain":0,"max_hp_loss":0,"event_name":"Liars Game","floor":2,"gold_loss":0},{"cards_removed":["Defend_G"],"damage_healed":0,"gold_gain":0,"player_choice":"Card Removal","damage_taken":0,"max_hp_gain":0,"max_hp_loss":0,"event_name":"The Cleric","floor":3,"gold_loss":50},{"damage_healed":0,"gold_gain":75,"player_choice":"Gather Gold","damage_taken":11,"max_hp_gain":0,"max_hp_loss":0,"event_name":"World of Goop","floor":5,"gold_loss":0}],"is_beta":false,"boss_relics":[],"items_purged_floors":[],"is_endless":false,"potions_floor_spawned":[],"killed_by":"Lagavulin","ascension_level":9}}