{"host":"ya062ahhhuj9au1o","time":1614451823,"event":{"mods":["BaseMod","Better Third Choice","Downfall","Filter the Spire","Hermit","Minty Spire (QoL Compilation)","Random Character Button","Robot Space Explorer","Somnambulant","StSLib","The Bug Knight","The Cursed","The Marked","The Servant 0.9.4"],"gold_per_floor":[99,99,99,99,199,199,199,199,199,102,102,114,124,138,155,254,254,254,274,274,274],"floor_reached":19,"language":"ENG","playtime":1052,"items_purged":["Regret"],"score":155,"play_id":"3c085ab7-9e1c-433b-8cbb-6c71c0f08a76","local_time":"20210227135023","is_ascension_mode":false,"campfire_choices":[{"data":"theMarked:DispelDoubt","floor":9,"key":"SMITH"}],"circlet_count":0,"master_deck":["sneckomod:Strike","sneckomod:Defend","sneckomod:Defend+1","sneckomod:TailWhip+1","sneckomod:SnekBite","Devotion+1","sneckomod:QuickBite","downfall:Malfunctioning","theMarked:DispelDoubt+1","sneckomod:UnknownVulnerable","sneckomod:UnknownUncommonSkill","theMarked:Memento","sneckomod:SoulCleanse","sneckomod:UnknownExhaust","sneckomod:SerpentIdol","sneckomod:Restock","theMarked:UnarmedFury"],"relics":["sneckomod:SneckoSoul","downfall:HeartsMalice","Sundial","Runic Pyramid"],"acts_visited":["Exordium","TheCity"],"potions_floor_usage":[],"damage_taken":[{"damage":0,"enemies":"Small Slimes","floor":3,"turns":1},{"damage":0,"enemies":"Cultist","floor":8,"turns":1},{"damage":0,"enemies":"downfall:FleeingMerchant","floor":10,"turns":1},{"damage":0,"enemies":"2 Louse","floor":12,"turns":1},{"damage":9,"enemies":"Red Slaver","floor":13,"turns":2},{"damage":10,"enemies":"Large Slime","floor":14,"turns":3},{"damage":12,"enemies":"Blue Slaver","floor":15,"turns":3},{"damage":30,"enemies":"WA_ARCHETYPE_RETAIN","floor":16,"turns":5},{"damage":0,"enemies":"Spheric Guardian","floor":19,"turns":3}],"seed_played":"1026812349678138247","potions_obtained":[{"floor":13,"key":"sneckomod:MuddlingPotion"},{"floor":15,"key":"SteroidPotion"}],"is_trial":false,"path_per_floor":["R","?","M","?","?","R","T","M","R","$","R","M","M","M","M","B",null,"R","M"],"character_chosen":"THE_SNECKO","items_purchased":["sneckomod:UnknownDraw"],"campfire_rested":0,"item_purchase_floors":[10],"current_hp_per_floor":[90,90,90,90,90,90,90,90,90,90,90,90,81,71,59,29,90,90,90,90,90],"gold":274,"neow_bonus":"THREE_ENEMY_KILL","is_daily":false,"chose_seed":false,"campfire_upgraded":1,"win_rate":0.0,"timestamp":1614451823,"path_taken":["R","?","?","?","?","R","T","M","R","$","R","M","M","?","M","BOSS","R","M"],"items_purchased_type":["Card"],"build_version":"2020-12-22","purchased_purges":1,"victory":false,"max_hp_per_floor":[90,90,90,90,90,90,90,90,90,90,90,90,90,90,90,90,90,90,90,90,90],"card_choices":[{"not_picked":["sneckomod:SoulRoll","sneckomod:DiceBoulder"],"picked":"sneckomod:QuickBite","floor":3},{"not_picked":["sneckomod:Nope","sneckomod:SerpentIdol"],"picked":"sneckomod:UnknownVulnerable","floor":8},{"not_picked":["sneckomod:SnekBeam","sneckomod:TrashToTreasure"],"picked":"sneckomod:UnknownUncommonSkill","floor":10},{"not_picked":["sneckomod:UnknownCommonAttack","sneckomod:Unknown1Cost"],"picked":"sneckomod:SoulCleanse","floor":12},{"not_picked":["sneckomod:ImprovisedGuard","sneckomod:QuickBite"],"picked":"sneckomod:UnknownExhaust","floor":13},{"not_picked":["sneckomod:Unknown2Cost","sneckomod:UnendingSupply"],"picked":"sneckomod:Unknown0Cost","floor":14},{"not_picked":["sneckomod:UnknownCommonAttack","sneckomod:QuickBite"],"picked":"sneckomod:SerpentIdol","floor":15},{"not_picked":["sneckomod:Cheat","sneckomod:UnlimitedRolls"],"picked":"sneckomod:Restock","floor":16}],"player_experience":1844493,"relics_obtained":[{"floor":7,"key":"Sundial"}],"event_choices":[{"damage_healed":0,"gold_gain":100,"player_choice":"Gold","damage_taken":0,"max_hp_gain":0,"max_hp_loss":0,"event_name":"Wheel of Change","floor":5,"gold_loss":0}],"is_beta":false,"boss_relics":[{"not_picked":["Black Star","bronze:MakeshiftBattery"],"picked":"Runic Pyramid"}],"items_purged_floors":[10],"is_endless":false,"potions_floor_spawned":[13,15],"killed_by":"Spheric Guardian","ascension_level":0}}