{"host":"x05n69rv5q9mps34","time":1614393952,"event":{"mods":["AchievementEnabler","BaseMod","Colored Map","Minty Spire (QoL Compilation)","SuperFastMode"],"gold_per_floor":[110,110,9,19,19,19,53,69,69,86,116,151,35,47,47,144,144,144,69,35,35,35,35,35,35,35,35,35,35,35,35,35,35,35,35,35,35,35,35],"floor_reached":38,"language":"ENG","playtime":1830,"items_purged":["Pain"],"score":700,"play_id":"f25f5134-3d42-41e1-be5e-af85f0cf3349","local_time":"20210226234552","is_ascension_mode":true,"campfire_choices":[{"data":"Defragment","floor":6,"key":"SMITH"},{"floor":15,"key":"REST"},{"floor":23,"key":"REST"},{"floor":27,"key":"REST"},{"floor":32,"key":"REST"}],"circlet_count":0,"master_deck":["AscendersBane","Defend_B","Defend_B+1","Defend_B","Defend_B","Zap","Dualcast","Defragment+1","Redo","Coolheaded+1","Echo Form","Cold Snap","Capacitor","Ball Lightning","Consume","Capacitor","Melter","Amplify","Heatsinks","Bite","Bite","Bite","Bite","Bite","BootSequence","Loop","Coolheaded+1","Skim","Fusion+1","Electrodynamics"],"relics":["SlaversCollar","WarpedTongs","Kunai","Emotion Chip","Gremlin Horn","Ectoplasm","Akabeko","War Paint","Pantograph","Philosopher\u0027s Stone"],"acts_visited":["Exordium","TheCity","TheBeyond"],"potions_floor_usage":[10,10,28,31,33,35],"damage_taken":[{"damage":1,"enemies":"Cultist","floor":1,"turns":3},{"damage":0,"enemies":"Small Slimes","floor":4,"turns":4},{"damage":7,"enemies":"Lagavulin","floor":7,"turns":8},{"damage":2,"enemies":"Jaw Worm","floor":8,"turns":5},{"damage":16,"enemies":"3 Louse","floor":10,"turns":3},{"damage":6,"enemies":"3 Sentries","floor":12,"turns":9},{"damage":7,"enemies":"2 Fungi Beasts","floor":14,"turns":5},{"damage":32,"enemies":"Slime Boss","floor":16,"turns":9},{"damage":26,"enemies":"Shell Parasite","floor":18,"turns":5},{"damage":32,"enemies":"Book of Stabbing","floor":25,"turns":5},{"damage":10,"enemies":"Gremlin Leader","floor":28,"turns":5},{"damage":30,"enemies":"3 Byrds","floor":29,"turns":6},{"damage":36,"enemies":"Centurion and Healer","floor":30,"turns":7},{"damage":2,"enemies":"Shelled Parasite and Fungi","floor":31,"turns":5},{"damage":11,"enemies":"Champ","floor":33,"turns":11},{"damage":39,"enemies":"3 Darklings","floor":35,"turns":3},{"damage":18,"enemies":"Orb Walker","floor":36,"turns":4},{"damage":14,"enemies":"Transient","floor":38,"turns":1}],"seed_played":"-6540455664192926890","potions_obtained":[{"floor":1,"key":"Swift Potion"},{"floor":8,"key":"AttackPotion"},{"floor":16,"key":"Dexterity Potion"},{"floor":25,"key":"SteroidPotion"},{"floor":28,"key":"Fruit Juice"},{"floor":33,"key":"SpeedPotion"},{"floor":36,"key":"ColorlessPotion"}],"is_trial":false,"path_per_floor":["M","?","$","M","$","R","E","M","T","M","?","E","$","M","R","B",null,"M","?","$","?","?","R","$","E","T","R","E","M","M","M","R","B",null,"M","M","?","M"],"character_chosen":"DEFECT","items_purchased":["Redo","Consume","Capacitor","Storm"],"campfire_rested":4,"item_purchase_floors":[3,13,13,20],"current_hp_per_floor":[67,67,67,67,67,67,60,58,58,42,42,36,36,29,51,19,61,35,35,35,35,35,50,50,28,28,43,52,32,7,20,37,57,57,22,8,8,0,0],"gold":35,"neow_bonus":"BOSS_RELIC","is_daily":false,"chose_seed":false,"campfire_upgraded":1,"win_rate":0.0,"timestamp":1614393952,"path_taken":["M","?","$","M","?","R","E","M","T","?","?","E","$","M","R","BOSS","M","?","$","?","?","R","$","E","T","R","E","?","M","M","R","BOSS","M","M","?","M"],"items_purchased_type":["Card","Card","Card","Card"],"build_version":"2020-12-22","purchased_purges":1,"victory":false,"max_hp_per_floor":[75,75,75,75,75,75,75,75,75,75,75,75,75,75,75,75,75,75,75,75,52,52,52,52,52,52,52,52,52,52,57,57,57,57,57,57,57,57,57],"card_choices":[{"not_picked":["Chill","Rip and Tear"],"picked":"Defragment","floor":1},{"not_picked":["Gash","Leap"],"picked":"Coolheaded","floor":4},{"not_picked":["Cold Snap","Sweeping Beam"],"picked":"Echo Form","floor":7},{"not_picked":["Rip and Tear","Blizzard"],"picked":"Cold Snap","floor":8},{"not_picked":["Hello World","Rebound"],"picked":"Capacitor","floor":10},{"not_picked":["Redo","Streamline"],"picked":"Ball Lightning","floor":12},{"not_picked":["Beam Cell","White Noise"],"picked":"Melter","floor":14},{"not_picked":["Hyperbeam","Machine Learning"],"picked":"Amplify","floor":16},{"not_picked":["Darkness","Recycle"],"picked":"Heatsinks","floor":18},{"not_picked":["Rebound","Ball Lightning"],"picked":"BootSequence","floor":25},{"not_picked":["Fission","Ball Lightning"],"picked":"Loop","floor":28},{"not_picked":["Compile Driver","Stack"],"picked":"Coolheaded+1","floor":29},{"not_picked":["Streamline","Double Energy"],"picked":"Skim","floor":30},{"not_picked":["Blizzard","Streamline"],"picked":"Fusion+1","floor":31},{"not_picked":["Reboot","Thunder Strike"],"picked":"Electrodynamics","floor":33},{"not_picked":["Ball Lightning","Cold Snap","Stack"],"picked":"SKIP","floor":35},{"not_picked":["Cold Snap","FTL","Stack+1"],"picked":"SKIP","floor":36}],"player_experience":1039375,"relics_obtained":[{"floor":7,"key":"Kunai"},{"floor":12,"key":"Gremlin Horn"},{"floor":25,"key":"Akabeko"},{"floor":26,"key":"War Paint"},{"floor":28,"key":"Pantograph"}],"event_choices":[{"damage_healed":0,"gold_gain":0,"player_choice":"Rummage","damage_taken":0,"relics_obtained":["WarpedTongs"],"max_hp_gain":0,"max_hp_loss":0,"event_name":"Accursed Blacksmith","floor":2,"gold_loss":0,"cards_obtained":["Pain"]},{"damage_healed":0,"gold_gain":30,"player_choice":"Searched \u00273\u0027 times","damage_taken":0,"relics_obtained":["Emotion Chip"],"max_hp_gain":0,"max_hp_loss":0,"event_name":"Dead Adventurer","floor":11,"gold_loss":0},{"cards_removed":["Strike_B"],"damage_healed":0,"gold_gain":0,"player_choice":"Gave Gold","damage_taken":0,"max_hp_gain":0,"max_hp_loss":0,"event_name":"Beggar","floor":19,"gold_loss":75},{"damage_healed":0,"gold_gain":0,"player_choice":"Became a vampire","damage_taken":0,"max_hp_gain":0,"max_hp_loss":23,"event_name":"Vampires","floor":21,"gold_loss":0,"cards_obtained":["Bite","Bite","Bite","Bite","Bite"]},{"damage_healed":0,"gold_gain":0,"player_choice":"0 cards matched","damage_taken":0,"max_hp_gain":0,"max_hp_loss":0,"event_name":"Match and Keep!","floor":22,"gold_loss":0,"cards_obtained":[]},{"cards_removed":["Storm"],"damage_healed":0,"gold_gain":0,"player_choice":"Removed Power","damage_taken":0,"max_hp_gain":0,"max_hp_loss":0,"event_name":"Falling","floor":37,"gold_loss":0}],"is_beta":false,"boss_relics":[{"not_picked":["Runic Pyramid","SacredBark"],"picked":"Ectoplasm"},{"not_picked":["Cursed Key","Black Star"],"picked":"Philosopher\u0027s Stone"}],"items_purged_floors":[3],"is_endless":false,"potions_floor_spawned":[1,8,16,25,28,33,36],"killed_by":"Transient","ascension_level":12}}