{"host":"ur0n4z0x1lffzzdd","time":1614404599,"event":{"mods":["AchievementEnabler","BaseMod","Bestiary","Better Third Choice","BetterRewards","Colored Powertips","Downfall","Hermit","Infinite Spire","Minty Spire (QoL Compilation)","StSLib","The Cursed","The Jungle","The Runesmith"],"gold_per_floor":[116,134,146,146,146,146,176,190,190,207,236,250,262,19,19,121,121,135,147,147,4,16,48,68,100,100,118,136,169,23,43,43,143,143,158,158,208,235,182,182,182],"floor_reached":40,"language":"ENG","playtime":5436,"items_purged":[],"score":797,"play_id":"38d1a2db-1f59-4a59-9aaf-a28643d54662","local_time":"20210226234319","is_ascension_mode":true,"campfire_choices":[{"floor":6,"key":"RECALL"},{"data":"TheCursedMod:VoidForm","floor":15,"key":"SMITH"},{"floor":32,"key":"REST"},{"data":"Mind Blast","floor":32,"key":"SMITH"}],"circlet_count":0,"master_deck":["TheCursedMod:Strike_TheCursed","TheCursedMod:Strike_TheCursed","TheCursedMod:Strike_TheCursed","TheCursedMod:Strike_TheCursed","TheCursedMod:Defend_TheCursed","TheCursedMod:Defend_TheCursed","TheCursedMod:Defend_TheCursed","TheCursedMod:Defend_TheCursed","TheCursedMod:CursedWand","TheCursedMod:CleanUpWorkshop","TheCursedMod:Dregs","TheCursedMod:VoidForm+1","Mind Blast+1","TheCursedMod:FleshFromBone","TheCursedMod:CursedShiv","TheCursedMod:ManaBullet","TheCursedMod:NeowsMight+1","Shame","Clumsy","infinitespire:Gouge","TheCursedMod:HellfireBreathing","TheCursedMod:SurpriseAttack","TheCursedMod:Grudge","TheCursedMod:SoulReap","TheCursedMod:HellfireBreathing","Master of Strategy","TheCursedMod:Neurasthenia","TheCursedMod:WearCloak","TheCursedMod:SurpriseAttack","TheCursedMod:DoubleShield","TheCursedMod:SurpriseAttack","TheCursedMod:TacticalStrike+1","infinitespire:Punishment","Sadistic Nature","Discovery","Flash of Steel"],"relics":["bronze:PlatinumCore","infinitespire:Bottled Soul","Runesmith:Locket","Happy Flower","Cracked Core","TheCursedMod:SoulVessel","PrismaticShard","sneckomod:ConfusingCodex","sneckomod:SneckoSoul","Symbiotic Virus","Fusion Hammer","champ:Barbells","CeramicFish","TheCursedMod:BlackMagic101","hermit:ClaspedLocket","Slimebound:PotencyRelic","sneckomod:CleanMud","infinitespire:Chaos","Prayer Wheel","Calipers"],"acts_visited":["Exordium","TheCity","TheBeyond"],"potions_floor_usage":[7,11,12,16,23,33,33],"damage_taken":[{"damage":0,"enemies":"Jaw Worm","floor":1,"turns":4},{"damage":1,"enemies":"Small Slimes","floor":2,"turns":4},{"damage":0,"enemies":"Cultist","floor":3,"turns":3},{"damage":6,"enemies":"Lagavulin","floor":7,"turns":4},{"damage":0,"enemies":"Red Slaver","floor":8,"turns":2},{"damage":13,"enemies":"Exordium Thugs","floor":10,"turns":5},{"damage":4,"enemies":"Gremlin Nob","floor":11,"turns":3},{"damage":0,"enemies":"Exordium Wildlife","floor":12,"turns":2},{"damage":0,"enemies":"2 Fungi Beasts","floor":13,"turns":1},{"damage":0,"enemies":"Slime Boss","floor":16,"turns":5},{"damage":1,"enemies":"3 Byrds","floor":18,"turns":4},{"damage":14,"enemies":"2 Thieves","floor":19,"turns":4},{"damage":11,"enemies":"Snake Plant","floor":22,"turns":3},{"damage":19,"enemies":"Slavers","floor":23,"turns":5},{"damage":0,"enemies":"Chosen and Byrds","floor":24,"turns":5},{"damage":0,"enemies":"Book of Stabbing","floor":25,"turns":3},{"damage":9,"enemies":"Snecko","floor":27,"turns":4},{"damage":0,"enemies":"Centurion and Healer","floor":28,"turns":3},{"damage":0,"enemies":"Gremlin Leader","floor":29,"turns":3},{"damage":7,"enemies":"Snake Plant","floor":31,"turns":4},{"damage":14,"enemies":"Collector","floor":33,"turns":6},{"damage":0,"enemies":"3 Darklings","floor":35,"turns":3},{"damage":2,"enemies":"Mind Bloom Boss Battle","floor":37,"turns":5},{"damage":78,"enemies":"Nightmare","floor":40,"turns":5}],"seed_played":"-6624214084844077059","potions_obtained":[{"floor":1,"key":"Block Potion"},{"floor":3,"key":"Regen Potion"},{"floor":10,"key":"Block Potion"},{"floor":12,"key":"AttackPotion"},{"floor":19,"key":"SpeedPotion"},{"floor":24,"key":"LiquidMemories"},{"floor":27,"key":"Block Potion"},{"floor":28,"key":"GamblersBrew"},{"floor":33,"key":"DistilledChaos"},{"floor":37,"key":"CultistPotion"}],"is_trial":false,"path_per_floor":["M","M","M","?","?","R","E","M","T","M","E","M","M","$","R","B",null,"M","M","?","$","M","E","M","E","T","M","M","E","$","M","R","B",null,"M","AVR","?","?","?","NM"],"character_chosen":"THE_CURSED","items_purchased":["Kunai","TheCursedMod:RapidMovement","TheCursedMod:FleshFromBone","Membership Card","Master of Strategy","infinitespire:Magic Flask","infinitespire:CheckeredPen","TheCursedMod:SurpriseAttack"],"campfire_rested":1,"item_purchase_floors":[0,0,0,14,14,21,30,30],"current_hp_per_floor":[59,58,58,58,58,58,52,52,66,53,58,58,63,63,63,68,84,84,70,70,70,73,61,68,75,75,75,80,84,84,77,84,70,84,84,84,84,74,74,0,0],"gold":182,"neow_bonus":"","is_daily":false,"chose_seed":false,"campfire_upgraded":2,"win_rate":0.0,"timestamp":1614404599,"path_taken":["M","M","M","?","?","R","E","M","T","M","E","M","M","$","R","BOSS","M","M","?","$","M","E","M","E","T","M","?","E","?","M","R","BOSS","M","AVR","?","?","?","NM"],"items_purchased_type":["Relic","Card","Card","Relic","Card","Relic","Relic","Card"],"build_version":"2020-12-22","purchased_purges":0,"victory":false,"max_hp_per_floor":[70,70,70,70,70,70,70,70,84,84,84,84,84,84,84,84,84,84,84,84,84,84,84,84,84,84,84,84,84,84,84,84,84,84,84,84,84,84,84,84,84],"card_choices":[{"not_picked":["TheCursedMod:RapidMovement","TheCursedMod:SurpriseAttack"],"picked":"TheCursedMod:CursedShiv","floor":1},{"not_picked":["TheCursedMod:SurpriseAttack","TheCursedMod:VitalStrike"],"picked":"TheCursedMod:ManaBullet","floor":2},{"not_picked":["TheCursedMod:SpreadPlague","TheCursedMod:AshesToAshes"],"picked":"TheCursedMod:NeowsMight","floor":3},{"not_picked":["infinitespire:Menacing","infinitespire:TheBestDefense"],"picked":"infinitespire:Gouge","floor":4},{"not_picked":["TheCursedMod:VitalStrike","TheCursedMod:Stigma","TheCursedMod:TacticalStrike"],"picked":"SKIP","floor":7},{"not_picked":["TheCursedMod:DoubleShield","TheCursedMod:FleshFromBone"],"picked":"TheCursedMod:HellfireBreathing","floor":8},{"not_picked":["TheCursedMod:CursedMace","TheCursedMod:Stretching"],"picked":"TheCursedMod:SurpriseAttack","floor":10},{"not_picked":["TheCursedMod:CursedArmor","TheCursedMod:DemonSword"],"picked":"TheCursedMod:Grudge","floor":11},{"not_picked":["TheCursedMod:TacticalStrike","TheCursedMod:DoubleShield"],"picked":"TheCursedMod:SoulReap","floor":12},{"not_picked":["TheCursedMod:CursedBlade","TheCursedMod:CursedStaff"],"picked":"TheCursedMod:HellfireBreathing","floor":13},{"not_picked":["TheCursedMod:ParallelWorld","TheCursedMod:CircleOfAbyss"],"picked":"TheCursedMod:Neurasthenia","floor":16},{"not_picked":["TheCursedMod:Stigma","TheCursedMod:Torture","TheCursedMod:DoubleShield"],"picked":"SKIP","floor":18},{"not_picked":["TheCursedMod:CircleOfWindfury+1","TheCursedMod:Stigma"],"picked":"TheCursedMod:WearCloak","floor":19},{"not_picked":["TheCursedMod:Stretching","TheCursedMod:CursedMace+1","TheCursedMod:CircleOfCorruption"],"picked":"SKIP","floor":22},{"not_picked":["TheCursedMod:SpreadPlague","TheCursedMod:AshesToAshes+1","TheCursedMod:Stigma"],"picked":"SKIP","floor":23},{"not_picked":["TheCursedMod:TacticalStrike","TheCursedMod:Grudge","TheCursedMod:HellsGateOpen+1"],"picked":"SKIP","floor":24},{"not_picked":["TheCursedMod:Grudge","TheCursedMod:Obscuration"],"picked":"TheCursedMod:SurpriseAttack","floor":25},{"not_picked":["TheCursedMod:SpreadPlague","TheCursedMod:BloodBarrier"],"picked":"TheCursedMod:DoubleShield","floor":27},{"not_picked":["TheCursedMod:CircleOfCorruption","TheCursedMod:Stigma","TheCursedMod:RavingStaff"],"picked":"SKIP","floor":28},{"not_picked":["TheCursedMod:DemonSword","TheCursedMod:TacticalStrike","TheCursedMod:VitalStrike"],"picked":"SKIP","floor":29},{"not_picked":["TheCursedMod:Obscuration+1","TheCursedMod:Wield","TheCursedMod:SaltUponWound+1"],"picked":"SKIP","floor":31},{"not_picked":["TheCursedMod:SpitefulPray","TheCursedMod:SpitefulStrike"],"picked":"TheCursedMod:TacticalStrike+1","floor":35},{"not_picked":["PanicButton","Madness"],"picked":"Sadistic Nature","floor":38},{"not_picked":["Magnetism","Dark Shackles"],"picked":"Discovery","floor":38},{"not_picked":["Madness","Dark Shackles"],"picked":"Flash of Steel","floor":38}],"player_experience":398728,"relics_obtained":[{"floor":7,"key":"Unceasing Top"},{"floor":9,"key":"Mango"},{"floor":11,"key":"Dead Branch"},{"floor":23,"key":"Boot"},{"floor":23,"key":"Oddly Smooth Stone"},{"floor":25,"key":"Runesmith:AutoHammer"},{"floor":25,"key":"infinitespire:Beetle Shell"},{"floor":26,"key":"TheCursedMod:CrystalBall"},{"floor":29,"key":"Bag of Preparation"},{"floor":29,"key":"Juzu Bracelet"},{"floor":37,"key":"Prayer Wheel"}],"event_choices":[{"damage_healed":0,"gold_gain":0,"player_choice":"Grow","damage_taken":0,"max_hp_gain":0,"max_hp_loss":0,"event_name":"Living Wall","floor":5,"gold_loss":0,"cards_upgraded":["TheCursedMod:NeowsMight"]},{"damage_healed":0,"gold_gain":0,"player_choice":"Ignored","damage_taken":0,"max_hp_gain":0,"max_hp_loss":0,"event_name":"Fountain of Cleansing","floor":20,"gold_loss":0},{"damage_healed":0,"gold_gain":0,"player_choice":"Fight","damage_taken":0,"max_hp_gain":0,"max_hp_loss":0,"event_name":"MindBloom","floor":37,"gold_loss":0},{"damage_healed":0,"gold_gain":0,"player_choice":"Memory 3","damage_taken":10,"max_hp_gain":0,"max_hp_loss":0,"event_name":"SensoryStone","floor":38,"gold_loss":0},{"damage_healed":0,"gold_gain":0,"player_choice":"Paid Gold","damage_taken":0,"relics_obtained":["Calipers"],"max_hp_gain":0,"max_hp_loss":0,"event_name":"WeMeetAgain","floor":39,"gold_loss":53}],"is_beta":false,"boss_relics":[{"not_picked":["Pandora\u0027s Box","infinitespire:Cupcake"],"picked":"Black Star"},{"not_picked":["TheCursedMod:BlackMagicAdvanced","Velvet Choker"],"picked":"bronze:MakeshiftBattery"}],"items_purged_floors":[],"is_endless":false,"potions_floor_spawned":[1,3,10,12,19,24,27,28,33,37],"killed_by":"Nightmare","ascension_level":1}}