{"host":"ul3z8ex5o8l5j7mh","time":1614455752,"event":{"mods":["2.2 Compatiblity","AchievementEnabler","BaseMod","Bestiary","Colored Map","Colored Powertips","Curses Come First","DeckTracker","Highlight Path","Keyboard Shortcuts","Minty Spire (QoL Compilation)","Relic Sorter","Relic Stats","StSLib","SuperFastMode"],"gold_per_floor":[114,39,58,58,58,58,77,96,96,128,140,140,50,76,76,76,76],"floor_reached":16,"language":"ENG","playtime":537,"items_purged":["Defend_R"],"score":149,"play_id":"a7aa1bba-fe04-4c27-8cc4-09fd2da0a1e0","local_time":"20210227205552","is_ascension_mode":true,"campfire_choices":[{"data":"Armaments","floor":6.0,"key":"SMITH"},{"data":"Searing Blow","floor":12.0,"key":"SMITH"},{"floor":15.0,"key":"REST"}],"circlet_count":0,"master_deck":["Strike_R","Strike_R","Strike_R","Strike_R","Strike_R","Defend_R","Defend_R","Defend_R","Bash","Armaments+1","Anger","Shockwave","Searing Blow+1","Dropkick","Mind Blast","Barricade"],"relics":["Burning Blood","Calipers","Shovel","Dream Catcher"],"acts_visited":["Exordium"],"potions_floor_usage":[],"damage_taken":[{"damage":4.0,"enemies":"2 Louse","floor":1.0,"turns":3.0},{"damage":1.0,"enemies":"Cultist","floor":3.0,"turns":3.0},{"damage":0.0,"enemies":"Small Slimes","floor":7.0,"turns":3.0},{"damage":6.0,"enemies":"3 Louse","floor":8.0,"turns":3.0},{"damage":60.0,"enemies":"Gremlin Nob","floor":10.0,"turns":5.0},{"damage":4.0,"enemies":"2 Fungi Beasts","floor":11.0,"turns":4.0},{"damage":38.0,"enemies":"3 Sentries","floor":14.0,"turns":6.0},{"damage":56,"enemies":"Slime Boss","floor":16,"turns":6}],"seed_played":"-2718583350227828587","potions_obtained":[{"floor":3.0,"key":"SkillPotion"},{"floor":4.0,"key":"EssenceOfSteel"},{"floor":4.0,"key":"BloodPotion"},{"floor":10.0,"key":"SpeedPotion"}],"is_trial":false,"path_per_floor":["M","$","M","?","$","R","M","M","T","E","M","R","$","E","R","B"],"character_chosen":"IRONCLAD","items_purchased":["Mind Blast"],"campfire_rested":1,"item_purchase_floors":[13],"current_hp_per_floor":[82,82,87,87,87,87,88,88,88,51,53,53,53,21,47,0,0],"gold":76,"neow_bonus":"TEN_PERCENT_HP_BONUS","is_daily":false,"chose_seed":false,"campfire_upgraded":2,"win_rate":0.0,"timestamp":1614455752,"path_taken":["M","$","M","?","$","R","?","M","T","E","M","R","$","E","R","BOSS"],"items_purchased_type":["Card"],"build_version":"2020-12-22","purchased_purges":1,"victory":false,"max_hp_per_floor":[88,88,88,88,88,88,88,88,88,88,88,88,88,88,88,88,88],"relic_stats":{"Dream Catcher":1,"Shovel":0,"counters":[8,33],"obtain_stats":[{"Dream Catcher":14,"Calipers":9,"Shovel":10,"Burning Blood":0},{"Dream Catcher":7,"Calipers":4,"Shovel":5,"Burning Blood":0},{"Dream Catcher":27,"Calipers":12,"Shovel":17,"Burning Blood":0}],"Burning Blood":37},"card_choices":[{"not_picked":["Warcry","Thunderclap"],"picked":"Armaments","floor":1.0},{"not_picked":["Headbutt","Dual Wield"],"picked":"Anger","floor":3.0},{"not_picked":["Clothesline","Ghostly Armor"],"picked":"Shockwave","floor":7.0},{"not_picked":["Body Slam","Armaments","Wild Strike"],"picked":"SKIP","floor":8.0},{"not_picked":["Havoc","Offering"],"picked":"Searing Blow","floor":10.0},{"not_picked":["Armaments","Combust"],"picked":"Dropkick","floor":11.0},{"not_picked":["Wild Strike","Pummel","Dual Wield"],"picked":"SKIP","floor":14.0},{"not_picked":["Flame Barrier","Cleave"],"picked":"Barricade","floor":15.0}],"player_experience":457093,"relics_obtained":[{"floor":9.0,"key":"Calipers"},{"floor":10.0,"key":"Shovel"},{"floor":14.0,"key":"Dream Catcher"}],"event_choices":[{"damage_healed":0.0,"max_hp_gain":0.0,"max_hp_loss":0.0,"gold_gain":0.0,"event_name":"Lab","player_choice":"Got Potions","floor":4.0,"gold_loss":0.0,"damage_taken":0.0}],"is_beta":false,"boss_relics":[],"items_purged_floors":[2],"is_endless":false,"potions_floor_spawned":[3,10],"killed_by":"Slime Boss","ascension_level":7}}