{"host":"1poy056mauca3bbh","time":1614405672,"event":{"mods":["Ascension Unlocker","BaseMod","Bestiary","Block Reminder","Colored Map","Colored Powertips","Curses Come First","Highlight Path","Minty Spire (QoL Compilation)","Permanent Neow","Quick Restart","Rare Cards Sparkle","Relic Stats","Smile Girya","StSLib","UnlockEverythingMod"],"gold_per_floor":[109,109,384,399,136,168,168,168,168,168,181,195,228,246,246,323,323,323,341,19,19,19,19,69,81,81,81,111,122,135,155,155,229,229,246,246,259,8,35,35,64,64,64,89,89,89,121,141,141,141,141],"floor_reached":52,"language":"ENG","playtime":3638,"items_purged":["Regret","Pain"],"score":2076,"play_id":"f3cc5764-897f-440e-91b7-edbfe396f6d9","local_time":"20210227010112","is_ascension_mode":true,"campfire_choices":[{"floor":7.0,"key":"REST"},{"floor":15.0,"key":"REST"},{"data":"Night Terror","floor":23.0,"key":"SMITH"},{"data":"Accuracy","floor":27.0,"key":"SMITH"},{"floor":32.0,"key":"REST"},{"floor":40.0,"key":"REST"},{"data":"Burst","floor":42.0,"key":"SMITH"},{"data":"Venomology","floor":46.0,"key":"SMITH"},{"data":"Footwork","floor":49,"key":"SMITH"}],"circlet_count":0,"master_deck":["AscendersBane","Survivor","Neutralize","Blade Dance","Outmaneuver","Accuracy+1","Calculated Gamble","PiercingWail","Die Die Die","Cloak And Dagger","Prepared","Crippling Poison","Venomology","Blade Dance","Terror+1","Venomology+1","Footwork+1","Well Laid Plans","Backflip","Crippling Poison","Sucker Punch","Distraction+1","Accuracy","Night Terror+1","Backstab","Endless Agony","Terror","Slice","Blade Dance","Blade Dance","Adrenaline","Cloak And Dagger","Tools of the Trade","Sucker Punch+1","Deflect","Blur","Backflip","Quick Slash","PiercingWail+1","Burst+1","Endless Agony","Endless Agony","Backstab+1"],"relics":["Ring of the Snake","NeowsBlessing","Dead Branch","Dream Catcher","Mummified Hand","Potion Belt","Pandora\u0027s Box","FossilizedHelix","Ninja Scroll","Oddly Smooth Stone","HoveringKite","WarpedTongs","Anchor","War Paint","Incense Burner","Peace Pipe","PreservedInsect"],"acts_visited":["Exordium","TheCity","TheBeyond"],"potions_floor_usage":[47,47,48,50,50,50,50,50,51,51,51],"damage_taken":[{"damage":0.0,"enemies":"Jaw Worm","floor":1.0,"turns":1.0},{"damage":0.0,"enemies":"2 Louse","floor":4.0,"turns":1.0},{"damage":0.0,"enemies":"Gremlin Nob","floor":6.0,"turns":1.0},{"damage":1.0,"enemies":"Cultist","floor":11.0,"turns":4.0},{"damage":10.0,"enemies":"Blue Slaver","floor":12.0,"turns":4.0},{"damage":19.0,"enemies":"Lagavulin","floor":13.0,"turns":4.0},{"damage":5.0,"enemies":"Large Slime","floor":14.0,"turns":3.0},{"damage":6.0,"enemies":"Slime Boss","floor":16.0,"turns":6.0},{"damage":0.0,"enemies":"2 Thieves","floor":18.0,"turns":1.0},{"damage":0.0,"enemies":"Spheric Guardian","floor":19.0,"turns":4.0},{"damage":11.0,"enemies":"Cultist and Chosen","floor":25.0,"turns":5.0},{"damage":20.0,"enemies":"Gremlin Leader","floor":28.0,"turns":6.0},{"damage":0.0,"enemies":"Snecko","floor":29.0,"turns":4.0},{"damage":0.0,"enemies":"Centurion and Healer","floor":30.0,"turns":3.0},{"damage":0.0,"enemies":"3 Cultists","floor":31.0,"turns":2.0},{"damage":66.0,"enemies":"Automaton","floor":33.0,"turns":8.0},{"damage":11.0,"enemies":"3 Shapes","floor":35.0,"turns":6.0},{"damage":0.0,"enemies":"Orb Walker","floor":37.0,"turns":2.0},{"damage":0.0,"enemies":"Giant Head","floor":41.0,"turns":6.0},{"damage":11.0,"enemies":"Mind Bloom Boss Battle","floor":44.0,"turns":4.0},{"damage":0,"enemies":"Reptomancer","floor":47,"turns":3},{"damage":0,"enemies":"4 Shapes","floor":48,"turns":5},{"damage":35,"enemies":"Time Eater","floor":50,"turns":9},{"damage":39,"enemies":"Donu and Deca","floor":51,"turns":7}],"seed_played":"-8937098518919665062","potions_obtained":[{"floor":6.0,"key":"Swift Potion"},{"floor":13.0,"key":"DistilledChaos"},{"floor":14.0,"key":"EntropicBrew"},{"floor":16.0,"key":"Poison Potion"},{"floor":19.0,"key":"SteroidPotion"},{"floor":25.0,"key":"DistilledChaos"},{"floor":29.0,"key":"Swift Potion"},{"floor":30.0,"key":"Ancient Potion"},{"floor":41.0,"key":"CultistPotion"},{"floor":44.0,"key":"Energy Potion"},{"floor":47,"key":"AttackPotion"}],"is_trial":false,"path_per_floor":["M","?","?","M","$","E","R","?","T","?","M","M","E","M","R","B",null,"M","M","$","?","?","R","?","M","T","R","E","M","M","M","R","B",null,"M","?","M","$","T","R","E","R","T","?","?","R","E","M","R","B","B",null],"character_chosen":"THE_SILENT","items_purchased":["Accuracy","Calculated Gamble","PiercingWail","FossilizedHelix","Blur","Backflip","Quick Slash"],"campfire_rested":4,"item_purchase_floors":[5,5,5,20,38,38,38],"current_hp_per_floor":[59,3,3,3,3,3,22,44,44,66,65,55,36,31,50,56,64,64,64,64,64,64,64,64,53,53,53,33,33,33,33,52,20,55,44,44,44,44,44,63,63,63,63,52,66,66,66,66,66,31,7],"gold":141,"neow_bonus":"THREE_ENEMY_KILL","is_daily":false,"chose_seed":false,"campfire_upgraded":5,"win_rate":0.0,"timestamp":1614405672,"path_taken":["M","?","?","?","$","E","R","?","T","?","?","M","E","M","R","BOSS","M","M","$","?","?","R","?","M","T","R","E","M","?","M","R","BOSS","M","?","M","$","?","R","E","R","T","?","?","R","E","M","R","BOSS","BOSS"],"items_purchased_type":["Card","Card","Card","Relic","Card","Card","Card"],"build_version":"2020-12-22","purchased_purges":2,"victory":true,"max_hp_per_floor":[66,66,66,66,66,66,66,66,66,66,66,66,66,66,66,66,66,66,66,66,66,66,66,66,66,66,66,66,66,66,66,66,66,66,66,66,66,66,66,66,66,66,66,66,66,66,66,66,66,66,66],"relic_stats":{"Peace Pipe":1,"Dream Catcher":4,"counters":[24,99],"Mummified Hand":[90],"Dead Branch":[405],"HoveringKite":[35],"Pandora\u0027s Box":["Footwork","Well Laid Plans","Backflip","Expertise","Expertise","Crippling Poison","Sucker Punch","Distraction","Accuracy","Night Terror"],"PreservedInsect":0,"War Paint":["Terror","Distraction"],"obtain_stats":[{"Potion Belt":13,"NeowsBlessing":0,"Dead Branch":2,"Oddly Smooth Stone":28,"HoveringKite":34,"PreservedInsect":47,"Incense Burner":43,"War Paint":41,"WarpedTongs":36,"Peace Pipe":44,"Dream Catcher":6,"Anchor":39,"Mummified Hand":9,"Ninja Scroll":26,"Pandora\u0027s Box":17,"FossilizedHelix":20,"Ring of the Snake":0},{"Potion Belt":6,"NeowsBlessing":0,"Dead Branch":1,"Oddly Smooth Stone":12,"HoveringKite":16,"PreservedInsect":21,"Incense Burner":19,"War Paint":19,"WarpedTongs":17,"Peace Pipe":20,"Dream Catcher":3,"Anchor":18,"Mummified Hand":3,"Ninja Scroll":11,"Pandora\u0027s Box":8,"FossilizedHelix":10,"Ring of the Snake":0},{"Potion Belt":15,"NeowsBlessing":0,"Dead Branch":1,"Oddly Smooth Stone":40,"HoveringKite":57,"PreservedInsect":78,"Incense Burner":71,"War Paint":71,"WarpedTongs":63,"Peace Pipe":75,"Dream Catcher":3,"Anchor":65,"Mummified Hand":3,"Ninja Scroll":34,"Pandora\u0027s Box":24,"FossilizedHelix":29,"Ring of the Snake":0}],"Ring of the Snake":[47],"WarpedTongs":[36]},"card_choices":[{"not_picked":["Flying Knee","PiercingWail"],"picked":"Blade Dance","floor":1.0},{"not_picked":["Setup","Bane"],"picked":"Outmaneuver","floor":4.0},{"not_picked":["Sucker Punch","Finisher"],"picked":"Die Die Die","floor":6.0},{"not_picked":["Escape Plan","Sucker Punch"],"picked":"Cloak And Dagger","floor":7.0},{"not_picked":["Reflex","Escape Plan"],"picked":"Prepared","floor":11.0},{"not_picked":["Poisoned Stab","Caltrops"],"picked":"Crippling Poison","floor":12.0},{"not_picked":["Deflect","Infinite Blades"],"picked":"Venomology","floor":13.0},{"not_picked":["Tactician","Bane"],"picked":"Blade Dance","floor":14.0},{"not_picked":["PiercingWail","Flechettes"],"picked":"Terror","floor":15.0},{"not_picked":["After Image","Doppelganger"],"picked":"Venomology","floor":16.0},{"not_picked":["Deflect","Eviscerate"],"picked":"Backstab","floor":19.0},{"not_picked":["Poisoned Stab+1","Heel Hook"],"picked":"Terror","floor":25.0},{"not_picked":["Backflip","Acrobatics"],"picked":"Slice","floor":28.0},{"not_picked":["Flying Knee","Endless Agony"],"picked":"Blade Dance","floor":29.0},{"not_picked":["Dagger Throw","Endless Agony"],"picked":"Blade Dance","floor":30.0},{"not_picked":["Poisoned Stab","Well Laid Plans"],"picked":"Adrenaline","floor":31.0},{"not_picked":["Outmaneuver","Backflip+1"],"picked":"Cloak And Dagger","floor":32.0},{"not_picked":["Die Die Die","Glass Knife"],"picked":"Tools of the Trade","floor":33.0},{"not_picked":["Flying Knee","Dagger Throw"],"picked":"Sucker Punch+1","floor":35.0},{"not_picked":["Flying Knee","Prepared+1"],"picked":"Deflect","floor":37.0},{"not_picked":["Deadly Poison","Dodge and Roll"],"picked":"PiercingWail+1","floor":40.0},{"not_picked":["PiercingWail+1","Acrobatics"],"picked":"Burst","floor":41.0},{"not_picked":["Flying Knee+1","Outmaneuver"],"picked":"Endless Agony","floor":44.0},{"not_picked":["Unload","Skewer"],"picked":"Endless Agony","floor":47},{"not_picked":["Dagger Spray","Quick Slash"],"picked":"Backstab+1","floor":48}],"player_experience":187808,"relics_obtained":[{"floor":6.0,"key":"Dream Catcher"},{"floor":9.0,"key":"Mummified Hand"},{"floor":13.0,"key":"Potion Belt"},{"floor":26.0,"key":"Ninja Scroll"},{"floor":28.0,"key":"Oddly Smooth Stone"},{"floor":39.0,"key":"Anchor"},{"floor":41.0,"key":"War Paint"},{"floor":43.0,"key":"Incense Burner"},{"floor":44.0,"key":"Peace Pipe"},{"floor":47,"key":"PreservedInsect"}],"event_choices":[{"damage_healed":0.0,"max_hp_gain":0.0,"max_hp_loss":0.0,"gold_gain":0.0,"event_name":"Scrap Ooze","player_choice":"Success","floor":2.0,"gold_loss":0.0,"damage_taken":56.0,"relics_obtained":["Dead Branch"]},{"damage_healed":0.0,"max_hp_gain":0.0,"max_hp_loss":0.0,"gold_gain":275.0,"event_name":"Golden Shrine","player_choice":"Desecrate","floor":3.0,"gold_loss":0.0,"damage_taken":0.0,"cards_obtained":["Regret"]},{"damage_healed":22.0,"max_hp_gain":0.0,"max_hp_loss":0.0,"gold_gain":0.0,"event_name":"Big Fish","player_choice":"Banana","floor":8.0,"gold_loss":0.0,"damage_taken":0.0},{"damage_healed":22.0,"max_hp_gain":0.0,"max_hp_loss":0.0,"gold_gain":0.0,"event_name":"Wheel of Change","player_choice":"Full Heal","floor":10.0,"gold_loss":0.0,"damage_taken":0.0},{"damage_healed":0.0,"max_hp_gain":0.0,"max_hp_loss":0.0,"gold_gain":0.0,"event_name":"The Library","player_choice":"Read","floor":21.0,"gold_loss":0.0,"damage_taken":0.0,"cards_obtained":["Endless Agony"]},{"cards_removed":["Expertise"],"damage_healed":0.0,"max_hp_gain":0.0,"max_hp_loss":0.0,"gold_gain":0.0,"event_name":"Back to Basics","player_choice":"Elegance","floor":22.0,"gold_loss":0.0,"damage_taken":0.0},{"damage_healed":0.0,"max_hp_gain":0.0,"max_hp_loss":0.0,"gold_gain":50.0,"event_name":"Golden Shrine","player_choice":"Pray","floor":24.0,"gold_loss":0.0,"damage_taken":0.0},{"damage_healed":0.0,"max_hp_gain":0.0,"max_hp_loss":0.0,"gold_gain":0.0,"event_name":"Accursed Blacksmith","player_choice":"Rummage","floor":36.0,"gold_loss":0.0,"damage_taken":0.0,"relics_obtained":["WarpedTongs"],"cards_obtained":["Pain"]},{"damage_healed":0.0,"max_hp_gain":0.0,"max_hp_loss":0.0,"gold_gain":0.0,"event_name":"MindBloom","player_choice":"Fight","floor":44.0,"gold_loss":0.0,"damage_taken":0.0},{"cards_removed":["Expertise"],"damage_healed":14.0,"max_hp_gain":0.0,"max_hp_loss":0.0,"gold_gain":0.0,"event_name":"Bonfire Elementals","player_choice":"Offered Uncommon","floor":45.0,"gold_loss":0.0,"damage_taken":0.0}],"is_beta":false,"boss_relics":[{"not_picked":["WristBlade","Coffee Dripper"],"picked":"Pandora\u0027s Box"},{"not_picked":["Velvet Choker","Astrolabe"],"picked":"HoveringKite"}],"items_purged_floors":[5,38],"is_endless":false,"potions_floor_spawned":[6,13,14,16,19,25,29,30,41,44,47],"ascension_level":20}}