{"host":"uy3vg6glkp8m6iit","time":1614411992,"event":{"mods":["AchievementEnabler","BaseMod","Colored Map","DeckTracker","Highlight Path","Keyboard Shortcuts","Minty Spire (QoL Compilation)","Quick Restart","Random Character Button","Rare Cards Sparkle","Relic Stats","StSLib","everything is the same but u backflip on backflip"],"gold_per_floor":[116,116,129,152,152,152,54,90,90,15,15,34,34,54,54,150,150,170,186,211,211,39,39,70,103,155,176,176,196,196,240,240,240,240],"floor_reached":33,"language":"KOR","playtime":1288,"items_purged":["Strike_G"],"score":620,"play_id":"744525a0-40c1-423d-b1c4-08b42dbdc450","local_time":"20210227164632","is_ascension_mode":true,"campfire_choices":[{"data":"Underhanded Strike","floor":6.0,"key":"SMITH"},{"data":"Dagger Spray","floor":11.0,"key":"SMITH"},{"data":"Calculated Gamble","floor":13.0,"key":"SMITH"},{"data":"Blade Dance","floor":15.0,"key":"SMITH"},{"data":"Venomology","floor":23.0,"key":"SMITH"},{"data":"Well Laid Plans","floor":28,"key":"SMITH"},{"data":"Neutralize","floor":32,"key":"SMITH"}],"circlet_count":0,"master_deck":["AscendersBane","Strike_G","Strike_G","Strike_G","Strike_G","Defend_G","Defend_G","Defend_G","Defend_G","Defend_G","Survivor","Neutralize+1","Venomology+1","Reflex","Poisoned Stab","Underhanded Strike+1","Dagger Spray+1","Calculated Gamble+1","Well Laid Plans+1","Blade Dance+1","After Image","Deadly Poison+1","Acrobatics+1","Adrenaline"],"relics":["Ring of the Snake","Golden Idol","White Beast Statue","Nunchaku","SacredBark","PreservedInsect","Bag of Marbles","Red Mask","Oddly Smooth Stone","Bag of Preparation","Regal Pillow"],"acts_visited":["Exordium","TheCity"],"potions_floor_usage":[24,24,24,25,27,29,31,33,33],"damage_taken":[{"damage":7.0,"enemies":"Jaw Worm","floor":1.0,"turns":7.0},{"damage":3.0,"enemies":"Small Slimes","floor":3.0,"turns":4.0},{"damage":0.0,"enemies":"Cultist","floor":4.0,"turns":4.0},{"damage":11.0,"enemies":"Gremlin Nob","floor":8.0,"turns":3.0},{"damage":0.0,"enemies":"Blue Slaver","floor":12.0,"turns":3.0},{"damage":0.0,"enemies":"Exordium Thugs","floor":14.0,"turns":3.0},{"damage":22.0,"enemies":"Slime Boss","floor":16.0,"turns":7.0},{"damage":0.0,"enemies":"3 Byrds","floor":18.0,"turns":6.0},{"damage":25.0,"enemies":"2 Thieves","floor":19.0,"turns":5.0},{"damage":33.0,"enemies":"Snecko","floor":20.0,"turns":7.0},{"damage":3,"enemies":"Slavers","floor":24,"turns":7},{"damage":7,"enemies":"Masked Bandits","floor":25,"turns":2},{"damage":0,"enemies":"Centurion and Healer","floor":27,"turns":7},{"damage":4,"enemies":"Chosen and Byrds","floor":29,"turns":4},{"damage":0,"enemies":"Gremlin Leader","floor":31,"turns":2},{"damage":82,"enemies":"Champ","floor":33,"turns":17}],"seed_played":"-7421312183019506296","potions_obtained":[{"floor":3.0,"key":"Poison Potion"},{"floor":12.0,"key":"PowerPotion"},{"floor":14.0,"key":"FearPotion"},{"floor":16.0,"key":"GamblersBrew"},{"floor":18.0,"key":"Poison Potion"},{"floor":19.0,"key":"Swift Potion"},{"floor":20.0,"key":"GhostInAJar"},{"floor":21.0,"key":"PowerPotion"},{"floor":24,"key":"Strength Potion"},{"floor":25,"key":"Swift Potion"}],"is_trial":false,"path_per_floor":["M","?","M","M","?","R","$","E","T","$","R","M","R","M","R","B",null,"M","M","M","?","$","R","E","?","T","M","R","M","T","E","R","B"],"character_chosen":"THE_SILENT","items_purchased":["Dagger Spray","Calculated Gamble","PreservedInsect"],"campfire_rested":0,"item_purchase_floors":[7,7,22],"current_hp_per_floor":[52,52,49,49,49,49,49,38,38,38,38,38,38,38,38,16,45,45,54,21,21,21,21,54,47,47,47,47,43,43,43,43,0,0],"gold":240,"neow_bonus":"THREE_RARE_CARDS","is_daily":false,"chose_seed":false,"campfire_upgraded":7,"win_rate":0.0,"timestamp":1614411992,"path_taken":["M","?","M","M","?","R","$","E","T","?","R","?","R","M","R","BOSS","M","M","M","?","?","R","E","?","T","M","R","M","?","E","R","BOSS"],"items_purchased_type":["Card","Card","Relic"],"build_version":"2020-12-22","purchased_purges":1,"victory":false,"max_hp_per_floor":[60,54,54,54,54,54,54,54,54,54,54,54,54,54,54,54,54,54,54,54,54,54,54,54,54,54,54,54,54,54,54,54,54,54],"relic_stats":{"Nunchaku":[17],"Regal Pillow":0,"counters":[16,88],"Golden Idol":84,"PreservedInsect":90,"Bag of Preparation":[4],"obtain_stats":[{"Nunchaku":9,"Regal Pillow":31,"Golden Idol":2,"SacredBark":17,"Oddly Smooth Stone":26,"PreservedInsect":22,"Bag of Marbles":24,"Red Mask":25,"Bag of Preparation":30,"White Beast Statue":8,"Ring of the Snake":0},{"Nunchaku":4,"Regal Pillow":15,"Golden Idol":1,"SacredBark":7,"Oddly Smooth Stone":12,"PreservedInsect":10,"Bag of Marbles":11,"Red Mask":12,"Bag of Preparation":14,"White Beast Statue":4,"Ring of the Snake":0},{"Nunchaku":18,"Regal Pillow":71,"Golden Idol":7,"SacredBark":31,"Oddly Smooth Stone":58,"PreservedInsect":49,"Bag of Marbles":56,"Red Mask":58,"Bag of Preparation":69,"White Beast Statue":18,"Ring of the Snake":0}],"Ring of the Snake":[32]},"card_choices":[{"not_picked":["Corpse Explosion","Tools of the Trade"],"picked":"Venomology","floor":0.0},{"not_picked":["Backflip","Flying Knee"],"picked":"Reflex","floor":1.0},{"not_picked":["Heel Hook","Distraction"],"picked":"Poisoned Stab","floor":3.0},{"not_picked":["PiercingWail","Prepared"],"picked":"Underhanded Strike","floor":4.0},{"not_picked":["Deadly Poison","A Thousand Cuts"],"picked":"Well Laid Plans","floor":8.0},{"not_picked":["Bane","Dash"],"picked":"Blade Dance","floor":12.0},{"not_picked":["Dagger Spray","Deadly Poison","Quick Slash"],"picked":"SKIP","floor":14.0},{"not_picked":["A Thousand Cuts","Burst"],"picked":"After Image","floor":16.0},{"not_picked":["Flechettes","Finisher","Sucker Punch"],"picked":"SKIP","floor":18.0},{"not_picked":["Escape Plan","Endless Agony","Riddle With Holes"],"picked":"SKIP","floor":19.0},{"not_picked":["Outmaneuver","Poisoned Stab"],"picked":"Deadly Poison+1","floor":20.0},{"not_picked":["Dash","Deflect","Blade Dance"],"picked":"SKIP","floor":24},{"not_picked":["Poisoned Stab","Quick Slash"],"picked":"Acrobatics+1","floor":27},{"not_picked":["Well Laid Plans+1","Cloak And Dagger","Predator"],"picked":"SKIP","floor":29},{"not_picked":["Dodge and Roll","Poisoned Stab"],"picked":"Adrenaline","floor":31}],"player_experience":1529193,"relics_obtained":[{"floor":8.0,"key":"White Beast Statue"},{"floor":9.0,"key":"Nunchaku"},{"floor":24,"key":"Bag of Marbles"},{"floor":25,"key":"Red Mask"},{"floor":26,"key":"Oddly Smooth Stone"},{"floor":30,"key":"Bag of Preparation"},{"floor":31,"key":"Regal Pillow"}],"event_choices":[{"damage_healed":0.0,"max_hp_gain":0.0,"max_hp_loss":6.0,"gold_gain":0.0,"event_name":"Golden Idol","player_choice":"Lose Max HP","floor":2.0,"gold_loss":0.0,"damage_taken":0.0,"relics_obtained":["Golden Idol"]},{"damage_healed":0.0,"max_hp_gain":0.0,"max_hp_loss":0.0,"gold_gain":0.0,"event_name":"The Cleric","player_choice":"Leave","floor":5.0,"gold_loss":0.0,"damage_taken":0.0},{"damage_healed":0.0,"max_hp_gain":0.0,"max_hp_loss":0.0,"gold_gain":0.0,"event_name":"Lab","player_choice":"Got Potions","floor":21.0,"gold_loss":0.0,"damage_taken":0.0},{"damage_healed":0,"gold_gain":0,"player_choice":"Fought Bandits","damage_taken":0,"max_hp_gain":0,"max_hp_loss":0,"event_name":"Masked Bandits","floor":25,"gold_loss":0}],"is_beta":false,"boss_relics":[{"not_picked":["Pandora\u0027s Box","Ectoplasm"],"picked":"SacredBark"}],"items_purged_floors":[10],"is_endless":false,"potions_floor_spawned":[3,12,14,16,18,19,20,24,25,27,29,31],"killed_by":"Champ","ascension_level":20}}