{"host":"9kesdg97wkrx2bva","time":1614415724,"event":{"mods":["AchievementEnabler","BaseMod","Colored Map","GifTheSpireLib","Infinite Spire","Minty Spire (QoL Compilation)","Replay The Spire","StSLib"],"gold_per_floor":[110,35,45,65,65,65,92,108,131,147,147,147,147],"floor_reached":12,"language":"ENG","playtime":548,"items_purged":["Strike_G"],"score":156,"play_id":"c8554a12-fea3-4ab2-82b9-0fa7537759c5","local_time":"20210227024844","is_ascension_mode":true,"campfire_choices":[{"data":"Neutralize","floor":6,"key":"SMITH"}],"circlet_count":0,"master_deck":["AscendersBane","Strike_G","Strike_G","Strike_G","Defend_G","Defend_G","Defend_G","Defend_G","Defend_G","Survivor","Neutralize+1","Poisoned Stab","Backflip","Quick Slash","Poisoned Stab","Deadly Poison"],"relics":["Ring of the Snake","NeowsBlessing","Snake Skull","Akabeko"],"acts_visited":["Exordium"],"potions_floor_usage":[7],"damage_taken":[{"damage":0,"enemies":"Small Slimes","floor":1,"turns":1},{"damage":0,"enemies":"2 Louse","floor":3,"turns":1},{"damage":0,"enemies":"Jaw Worm","floor":4,"turns":1},{"damage":30,"enemies":"Lagavulin","floor":7,"turns":7},{"damage":0,"enemies":"Looter","floor":8,"turns":4},{"damage":8,"enemies":"Exordium Wildlife","floor":10,"turns":5},{"damage":49,"enemies":"Gremlin Nob","floor":12,"turns":4}],"seed_played":"-5144228483397234905","potions_obtained":[{"floor":3,"key":"Poison Potion"},{"floor":8,"key":"Milkshake"}],"is_trial":false,"path_per_floor":["M","$","M","M","?","R","E","M","T","M","?","E"],"character_chosen":"THE_SILENT","items_purchased":[],"campfire_rested":0,"item_purchase_floors":[],"current_hp_per_floor":[59,59,59,59,64,64,34,34,34,26,19,0,0],"gold":147,"neow_bonus":"THREE_ENEMY_KILL","is_daily":false,"chose_seed":false,"campfire_upgraded":1,"win_rate":0.0,"timestamp":1614415724,"path_taken":["M","$","M","M","?","R","E","M","T","M","?","E"],"items_purchased_type":[],"build_version":"2020-12-22","purchased_purges":1,"victory":false,"max_hp_per_floor":[66,66,66,66,71,71,71,71,71,71,71,71,71],"card_choices":[{"not_picked":["Outmaneuver","Well Laid Plans"],"picked":"Poisoned Stab","floor":1},{"not_picked":["Outmaneuver","Sneak Up"],"picked":"Backflip","floor":3},{"not_picked":["Finisher","Dagger Throw"],"picked":"Quick Slash","floor":4},{"not_picked":["Terror","Slice","Distraction"],"picked":"SKIP","floor":7},{"not_picked":["Skewer","Sucker Punch"],"picked":"Poisoned Stab","floor":8},{"not_picked":["Sucker Punch","Setup"],"picked":"Deadly Poison","floor":10}],"player_experience":1060360,"relics_obtained":[{"floor":7,"key":"Snake Skull"},{"floor":9,"key":"Akabeko"}],"event_choices":[{"damage_healed":0,"gold_gain":0,"player_choice":"Donut","damage_taken":0,"max_hp_gain":5,"max_hp_loss":0,"event_name":"Big Fish","floor":5,"gold_loss":0},{"cards_removed":["Strike_G"],"damage_healed":0,"gold_gain":0,"player_choice":"Card Removal","damage_taken":7,"max_hp_gain":0,"max_hp_loss":0,"event_name":"Golden Wing","floor":11,"gold_loss":0}],"is_beta":false,"boss_relics":[],"items_purged_floors":[2],"is_endless":false,"potions_floor_spawned":[3,8],"killed_by":"Gremlin Nob","ascension_level":19}}