{"host":"22njw49i2r7r2wa8","time":1614410751,"event":{"mods":["2.2 Compatiblity","BaseMod","Colored Map","Minty Spire (QoL Compilation)"],"gold_per_floor":[364,36,47,47,47,47,85,100,100,129,129,173,173,202,202,202,202],"floor_reached":16,"language":"ENG","playtime":1268,"items_purged":[],"score":182,"play_id":"38ac1bfc-95c0-47ae-a410-0fded5f35c0f","local_time":"20210226232551","is_ascension_mode":true,"campfire_choices":[{"data":"Havoc","floor":6,"key":"SMITH"},{"data":"Iron Wave","floor":11,"key":"SMITH"},{"data":"True Grit","floor":13,"key":"SMITH"},{"data":"Bash","floor":15,"key":"SMITH"}],"circlet_count":0,"master_deck":["Strike_R","Strike_R","Strike_R","Strike_R","Strike_R","Defend_R","Defend_R","Defend_R","Defend_R","Bash+1","True Grit+1","Havoc+1","Iron Wave+1","Warcry","Pommel Strike+1","Feed+1","Limit Break","Ghostly Armor"],"relics":["Burning Blood","Strange Spoon","Happy Flower","Molten Egg 2","Golden Idol","Ancient Tea Set","CeramicFish","Juzu Bracelet"],"acts_visited":["Exordium"],"potions_floor_usage":[3,12],"damage_taken":[{"damage":6,"enemies":"Cultist","floor":1,"turns":3},{"damage":7,"enemies":"Jaw Worm","floor":3,"turns":4},{"damage":51,"enemies":"Lagavulin","floor":7,"turns":8},{"damage":5,"enemies":"Small Slimes","floor":8,"turns":4},{"damage":7,"enemies":"Red Slaver","floor":10,"turns":3},{"damage":0,"enemies":"3 Sentries","floor":12,"turns":10},{"damage":6,"enemies":"Blue Slaver","floor":14,"turns":4},{"damage":36,"enemies":"Hexaghost","floor":16,"turns":10}],"seed_played":"7863548953737329773","potions_obtained":[{"floor":1,"key":"SteroidPotion"},{"floor":10,"key":"HeartOfIron"}],"is_trial":false,"path_per_floor":["M","$","M","?","?","R","E","M","T","M","R","E","R","M","R","B"],"character_chosen":"IRONCLAD","items_purchased":["Strange Spoon","Havoc","Happy Flower"],"campfire_rested":0,"item_purchase_floors":[2,2,2],"current_hp_per_floor":[72,72,71,68,67,67,22,23,23,22,22,32,32,36,36,0,0],"gold":202,"neow_bonus":"TWO_FIFTY_GOLD","is_daily":false,"chose_seed":false,"campfire_upgraded":4,"win_rate":0.0,"timestamp":1614410751,"path_taken":["M","$","M","?","?","R","E","?","T","M","R","E","R","M","R","BOSS"],"items_purchased_type":["Relic","Card","Relic"],"build_version":"2020-12-22","purchased_purges":0,"victory":false,"max_hp_per_floor":[72,72,72,72,67,67,67,67,67,67,67,71,71,75,75,75,75],"card_choices":[{"not_picked":["Power Through","Ghostly Armor"],"picked":"True Grit","floor":1},{"not_picked":["Body Slam","Thunderclap"],"picked":"Iron Wave","floor":3},{"not_picked":["Clothesline+1","Flex"],"picked":"Warcry","floor":7},{"not_picked":["Entrench","Hemokinesis+1"],"picked":"Pommel Strike+1","floor":8},{"not_picked":["Fire Breathing","Cleave+1"],"picked":"Feed+1","floor":10},{"not_picked":["Heavy Blade+1","Flex"],"picked":"Limit Break","floor":12},{"not_picked":["Infernal Blade","Body Slam+1"],"picked":"Ghostly Armor","floor":14}],"player_experience":547470,"relics_obtained":[{"floor":7,"key":"Ancient Tea Set"},{"floor":9,"key":"CeramicFish"},{"floor":12,"key":"Juzu Bracelet"}],"event_choices":[{"damage_healed":0,"gold_gain":0,"player_choice":"Success","damage_taken":3,"relics_obtained":["Molten Egg 2"],"max_hp_gain":0,"max_hp_loss":0,"event_name":"Scrap Ooze","floor":4,"gold_loss":0},{"damage_healed":0,"gold_gain":0,"player_choice":"Lose Max HP","damage_taken":0,"relics_obtained":["Golden Idol"],"max_hp_gain":0,"max_hp_loss":5,"event_name":"Golden Idol","floor":5,"gold_loss":0}],"is_beta":false,"boss_relics":[],"items_purged_floors":[],"is_endless":false,"potions_floor_spawned":[1,10],"killed_by":"Hexaghost","ascension_level":7}}