{"host":"r4aerl4ckfvw1dw3","time":1614455477,"event":{"mods":["BaseMod","BetterRewards","Minty Spire (QoL Compilation)","Quick Restart","StSLib"],"gold_per_floor":[119,130,130,143,159,159,32,42,94,94,117,130,173,196,196,321,384,399,399,134,134,233,233,276,203,215,227,278,314,326,326],"floor_reached":30,"language":"ENG","playtime":1337,"items_purged":["Strike_B","Defend_B"],"score":402,"play_id":"01603967-5c28-41f9-b0ab-9ef987687719","local_time":"20210227115117","is_ascension_mode":true,"campfire_choices":[{"floor":6.0,"key":"REST"},{"floor":15.0,"key":"REST"},{"data":"Consume","floor":23.0,"key":"SMITH"},{"floor":27.0,"key":"REST"}],"circlet_count":0,"master_deck":["AscendersBane","Strike_B+1","Strike_B","Strike_B","Defend_B","Defend_B","Defend_B","Zap","Dualcast","Coolheaded","Go for the Eyes","Steam","Defragment","Cold Snap","Sweeping Beam","Sweeping Beam","Cold Snap","Machine Learning","Gash","Multi-Cast","Chaos","Barrage","Capacitor","Consume+1","Turbo","Ball Lightning","Buffer","Ball Lightning"],"relics":["Cracked Core","NeowsBlessing","Mummified Hand","PreservedInsect","Golden Idol","Anchor","Tiny House","Nilry\u0027s Codex","MawBank","Gremlin Horn","DataDisk","Pen Nib","Smiling Mask"],"acts_visited":["Exordium","TheCity"],"potions_floor_usage":[30],"damage_taken":[{"damage":0.0,"enemies":"2 Louse","floor":1.0,"turns":1.0},{"damage":0.0,"enemies":"Small Slimes","floor":2.0,"turns":1.0},{"damage":0.0,"enemies":"Jaw Worm","floor":4.0,"turns":1.0},{"damage":38.0,"enemies":"Gremlin Gang","floor":5.0,"turns":7.0},{"damage":12.0,"enemies":"Lots of Slimes","floor":8.0,"turns":5.0},{"damage":4.0,"enemies":"2 Fungi Beasts","floor":11.0,"turns":3.0},{"damage":4.0,"enemies":"Exordium Thugs","floor":12.0,"turns":4.0},{"damage":2.0,"enemies":"3 Sentries","floor":13.0,"turns":5.0},{"damage":0.0,"enemies":"Gremlin Gang","floor":14.0,"turns":4.0},{"damage":21.0,"enemies":"Hexaghost","floor":16.0,"turns":16.0},{"damage":9.0,"enemies":"Spheric Guardian","floor":18.0,"turns":5.0},{"damage":16.0,"enemies":"Gremlin Leader","floor":24.0,"turns":8.0},{"damage":39.0,"enemies":"Slavers","floor":28.0,"turns":5.0},{"damage":2,"enemies":"3 Byrds","floor":30,"turns":2}],"seed_played":"-3088639337082649998","potions_obtained":[{"floor":2.0,"key":"FocusPotion"},{"floor":5.0,"key":"Strength Potion"},{"floor":14.0,"key":"Explosive Potion"},{"floor":16.0,"key":"PotionOfCapacity"},{"floor":17.0,"key":"CultistPotion"},{"floor":18.0,"key":"Explosive Potion"},{"floor":24.0,"key":"Ancient Potion"}],"is_trial":false,"path_per_floor":["M","M","?","M","M","R","$","M","T","?","M","M","E","M","R","B",null,"M","?","$","?","?","R","E","?","T","R","E","T","M"],"character_chosen":"DEFECT","items_purchased":["Cold Snap","Capacitor","Consume","Turbo"],"campfire_rested":3,"item_purchase_floors":[7,20,20,20],"current_hp_per_floor":[68,68,50,50,12,34,34,22,22,22,18,14,12,12,32,11,60,51,35,35,35,35,35,19,19,19,41,2,2,0,0],"gold":326,"neow_bonus":"THREE_ENEMY_KILL","is_daily":false,"chose_seed":false,"campfire_upgraded":1,"win_rate":0.0,"timestamp":1614455477,"path_taken":["M","M","?","M","M","R","$","M","T","?","M","M","E","M","R","BOSS","M","?","$","?","?","R","E","?","T","R","E","?","M"],"items_purchased_type":["Card","Card","Card","Card"],"build_version":"2020-12-22","purchased_purges":2,"victory":false,"max_hp_per_floor":[75,75,75,75,75,75,75,75,75,69,69,69,69,69,69,69,74,74,74,74,74,74,74,74,74,74,74,74,74,74,74],"card_choices":[{"not_picked":["Loop","Beam Cell"],"picked":"Coolheaded","floor":1.0},{"not_picked":["Auto Shields","Tempest"],"picked":"Go for the Eyes","floor":2.0},{"not_picked":["Redo","Stack"],"picked":"Steam","floor":4.0},{"not_picked":["Steam Power","Steam"],"picked":"Defragment","floor":5.0},{"not_picked":["Stack","Force Field"],"picked":"Sweeping Beam","floor":8.0},{"not_picked":["Hyperbeam","Turbo"],"picked":"Sweeping Beam","floor":11.0},{"not_picked":["Sweeping Beam","Chill"],"picked":"Cold Snap","floor":12.0},{"not_picked":["Force Field","Cold Snap"],"picked":"Machine Learning","floor":13.0},{"not_picked":["Cold Snap","Steam"],"picked":"Gash","floor":14.0},{"not_picked":["Buffer","Meteor Strike"],"picked":"Multi-Cast","floor":16.0},{"not_picked":["Go for the Eyes","Leap"],"picked":"Chaos","floor":17.0},{"not_picked":["Steam+1","Stack"],"picked":"Barrage","floor":18.0},{"not_picked":["Stack","Undo"],"picked":"Buffer","floor":24.0},{"not_picked":["Hyperbeam","Cold Snap"],"picked":"Ball Lightning","floor":28}],"player_experience":733945,"relics_obtained":[{"floor":9.0,"key":"PreservedInsect"},{"floor":13.0,"key":"Anchor"},{"floor":19.0,"key":"Nilry\u0027s Codex"},{"floor":24.0,"key":"MawBank"},{"floor":26.0,"key":"DataDisk"},{"floor":28,"key":"Pen Nib"},{"floor":29,"key":"Smiling Mask"}],"event_choices":[{"damage_healed":0.0,"max_hp_gain":0.0,"max_hp_loss":0.0,"gold_gain":0.0,"event_name":"Scrap Ooze","player_choice":"Success","floor":3.0,"gold_loss":0.0,"damage_taken":18.0,"relics_obtained":["Mummified Hand"]},{"damage_healed":0.0,"max_hp_gain":0.0,"max_hp_loss":6.0,"gold_gain":0.0,"event_name":"Golden Idol","player_choice":"Lose Max HP","floor":10.0,"gold_loss":0.0,"damage_taken":0.0,"relics_obtained":["Golden Idol"]},{"damage_healed":0.0,"max_hp_gain":0.0,"max_hp_loss":0.0,"gold_gain":0.0,"event_name":"Cursed Tome","player_choice":"Obtained Book","floor":19.0,"gold_loss":0.0,"damage_taken":16.0},{"damage_healed":0.0,"max_hp_gain":0.0,"max_hp_loss":0.0,"gold_gain":0.0,"event_name":"The Library","player_choice":"Read","floor":21.0,"gold_loss":0.0,"damage_taken":0.0,"cards_obtained":["Ball Lightning"]},{"damage_healed":0.0,"max_hp_gain":0.0,"max_hp_loss":0.0,"gold_gain":99.0,"event_name":"Nest","player_choice":"Stole From Cult","floor":22.0,"gold_loss":0.0,"damage_taken":0.0},{"damage_healed":0.0,"max_hp_gain":0.0,"max_hp_loss":0.0,"gold_gain":0.0,"event_name":"Addict","player_choice":"Obtained Relic","floor":25.0,"gold_loss":85.0,"damage_taken":0.0,"relics_obtained":["Gremlin Horn"]}],"is_beta":false,"boss_relics":[{"not_picked":["Snecko Eye","Runic Pyramid"],"picked":"Tiny House"}],"items_purged_floors":[7,20],"is_endless":false,"potions_floor_spawned":[2,5,14,16,18,24],"killed_by":"3 Byrds","ascension_level":10}}