{"host":"dgzcrkpp5hmi1639","time":1614431392,"event":{"mods":["A Magickal Journey","BaseMod","BetterRewards","Colored Powertips","Duelist Mod","Energized Spire","GifTheSpireLib","Infinite Spire","Koishi","Minty Spire (QoL Compilation)","Prisma Mod","Quick Restart","Shop Mod","StSLib","Stuff the Spire","The Bug Knight","The Forsaken","The Jungle","The Necromancer","The Servant 0.9.4","The Wild Card","???mod?????"],"gold_per_floor":[113,130,146,163,163,188,188,39,39,4,20,20,47,58,58,163,163,182,47,67,67,67,67,84,113,137,137,167,177,194,209,209,306,306,322,394,408,408,424,424,441,441,441,441,456,484,502,519,519,519,519],"floor_reached":50,"language":"ENG","playtime":3779,"items_purged":[],"score":653,"play_id":"1cdcc738-b6a2-49d5-9dcf-a4d98d12900d","local_time":"20210227140952","is_ascension_mode":false,"campfire_choices":[{"floor":7,"key":"REST"},{"floor":15,"key":"REST"},{"floor":23,"key":"REST"},{"floor":27,"key":"REST"},{"floor":32,"key":"REST"},{"floor":40,"key":"REST"},{"floor":44,"key":"REST"},{"floor":49,"key":"REST"}],"circlet_count":0,"master_deck":["PrismaMod:ChloeCommonAttack","PrismaMod:ChloeCommonAttack","PrismaMod:ChloeCommonAttack+1","PrismaMod:ChloeCommonAttack","PrismaMod:ChloeCommonAttack","PrismaMod:ChloeCommonDefend","PrismaMod:ChloeCommonDefend","PrismaMod:ChloeCommonDefend","PrismaMod:ChloeCommonDefend","PrismaMod:ChloeCommonDefend","PrismaMod:ChloeCheapAttack","PrismaMod:ChloeCheapDefend","PrismaMod:ChloeDemonicTutor","PrismaMod:ChloeGaeBolg","PrismaMod:ChloeCommonAOEAttack","PrismaMod:ChloeRitsuka","PrismaMod:ChloeUncommonAOEAttack","PrismaMod:ChloeCaladbolg","PrismaMod:ChloeAnyPowerTrace+1","PrismaMod:ChloeDiscardRecovery+1","PrismaMod:ChloeCarnivalAttack+1","PrismaMod:ChloeCheapDefendTwo+1","PrismaMod:ChloeCheapDefend+1","Good Instincts+1","PrismaMod:ChloeExhaustOne+1","infinitespire:Execution+1","infinitespire:FutureSight+1","PrismaMod:ChloeCommonAOEAttack+1","PrismaMod:ChloeCheapDefend+1","PrismaMod:ChloeExcalibur","PrismaMod:ChloeExhaustOne+1","PrismaMod:ChloeCheapDefend+1","PrismaMod:ChloeCheapDefendTwo+1","PrismaMod:ChloeAnyCommonTrace+1","PrismaMod:ChloeCheapAttackTwo+1","PrismaMod:ChloeCommonAOEAttack+1","PrismaMod:ChloeCheapAttack+1","PrismaMod:ChloeExhaustTwo+1","PrismaMod:ChloeCommonAOEAttack+1","PrismaMod:ChloeCarnivalAOEAttack","Good Instincts+1","PrismaMod:ChloeGaeBolg+1","PrismaMod:ChloeMaid+1","PrismaMod:ChloeCommonAOEAttack","PrismaMod:ChloeCheapAttack+1"],"relics":["PrismaMod:PrismaTraceOn","Kunai","infinitespire:FocusingShard","Pen Nib","Sundial","Toxic Egg 2","Runic Pyramid","Whetstone","SlaversCollar","Gremlin Horn","Anchor","theForsaken:Lifeblossom","Sozu","StuffTheSpire:Expresso","OrangePellets","Fusion Hammer","Lantern","StuffTheSpire:HeavyRock"],"acts_visited":["Exordium","TheCity","TheBeyond"],"potions_floor_usage":[14,16,25,25,33],"damage_taken":[{"damage":10,"enemies":"Jaw Worm","floor":1,"turns":4},{"damage":0,"enemies":"2 Louse","floor":2,"turns":2},{"damage":0,"enemies":"Small Slimes","floor":3,"turns":3},{"damage":28,"enemies":"Exordium Wildlife","floor":4,"turns":6},{"damage":25,"enemies":"3 Sentries","floor":6,"turns":11},{"damage":15,"enemies":"2 Fungi Beasts","floor":11,"turns":4},{"damage":6,"enemies":"Lagavulin","floor":13,"turns":7},{"damage":1,"enemies":"Looter","floor":14,"turns":3},{"damage":46,"enemies":"Slime Boss","floor":16,"turns":11},{"damage":9,"enemies":"Chosen","floor":18,"turns":5},{"damage":8,"enemies":"Shell Parasite","floor":20,"turns":5},{"damage":0,"enemies":"3 Cultists","floor":24,"turns":3},{"damage":28,"enemies":"Slavers","floor":25,"turns":3},{"damage":0,"enemies":"theDuelist:KaibaA2","floor":28,"turns":2},{"damage":2,"enemies":"Centurion and Healer","floor":29,"turns":5},{"damage":14,"enemies":"Chosen and Byrds","floor":30,"turns":5},{"damage":8,"enemies":"3 Cultists","floor":31,"turns":4},{"damage":86,"enemies":"Automaton","floor":33,"turns":9},{"damage":0,"enemies":"Orb Walker","floor":35,"turns":3},{"damage":5,"enemies":"2 Orb Walkers","floor":36,"turns":5},{"damage":17,"enemies":"3 Darklings","floor":37,"turns":4},{"damage":24,"enemies":"Spire Growth","floor":39,"turns":5},{"damage":18,"enemies":"Jaw Worm Horde","floor":41,"turns":4},{"damage":13,"enemies":"Sphere and 2 Shapes","floor":45,"turns":4},{"damage":0,"enemies":"HollowMod:StalkingDevout","floor":46,"turns":4},{"damage":0,"enemies":"Maw","floor":47,"turns":6},{"damage":4,"enemies":"Transient","floor":48,"turns":5},{"damage":87,"enemies":"infinitespire:MassOfShapes","floor":50,"turns":8}],"seed_played":"-7743570163361268797","potions_obtained":[{"floor":2,"key":"Block Potion"},{"floor":3,"key":"SteroidPotion"},{"floor":6,"key":"SkillPotion"},{"floor":14,"key":"Ancient Potion"},{"floor":20,"key":"LiquidBronze"},{"floor":28,"key":"SmokeBomb"},{"floor":29,"key":"AttackPotion"}],"is_trial":false,"path_per_floor":["M","M","M","M","?","E","R","$","T","?","M","$","E","M","R","B",null,"M","$","M","AVR","?","R","M","E","T","R","E","M","M","M","R","B",null,"M","?","M","AVR","M","R","M","?","T","R","M","E","M","M","R","B"],"character_chosen":"CHLOE","items_purchased":["Pen Nib","PrismaMod:ChloeCheapDefend+1","Good Instincts+1"],"campfire_rested":8,"item_purchase_floors":[8,19,19],"current_hp_per_floor":[72,72,72,44,32,7,31,31,31,51,36,36,30,29,53,7,82,73,73,65,65,46,70,70,42,42,66,66,70,62,60,82,16,82,82,80,65,65,47,71,59,59,59,82,69,75,81,81,82,0,0],"gold":519,"neow_bonus":"TEN_PERCENT_HP_BONUS","is_daily":false,"chose_seed":false,"campfire_upgraded":0,"win_rate":0.0,"timestamp":1614431392,"path_taken":["M","M","M","M","?","E","R","$","T","?","M","?","E","M","R","BOSS","M","$","M","AVR","?","R","M","E","T","R","E","M","M","M","R","BOSS","M","?","M","AVR","M","R","M","?","T","R","M","E","M","M","R","BOSS"],"items_purchased_type":["Relic","Card","Card"],"build_version":"2020-12-22","purchased_purges":0,"victory":false,"max_hp_per_floor":[82,82,82,82,82,82,82,82,82,82,82,82,82,82,82,82,82,82,82,82,82,82,82,82,82,82,82,82,82,82,82,82,82,82,82,82,82,82,82,82,82,82,82,82,82,82,82,82,82,82,82],"card_choices":[{"not_picked":["PrismaMod:ChloeDiscardRecovery","PrismaMod:ChloeChristmas"],"picked":"PrismaMod:ChloeDemonicTutor","floor":1},{"not_picked":["PrismaMod:ChloeCaladbolg","PrismaMod:ChloeCheapAttackTwo"],"picked":"PrismaMod:ChloeGaeBolg","floor":2},{"not_picked":["PrismaMod:ChloeDiscardRecovery","PrismaMod:ChloeRhongomyniad"],"picked":"PrismaMod:ChloeCommonAOEAttack","floor":3},{"not_picked":["PrismaMod:ChloeCheapDefend","PrismaMod:ChloeAnySkillTrace"],"picked":"PrismaMod:ChloeRitsuka","floor":4},{"not_picked":["PrismaMod:ChloeCommonAOEAttack","PrismaMod:ChloeExhaustOne"],"picked":"PrismaMod:ChloeUncommonAOEAttack","floor":6},{"not_picked":["PrismaMod:ChloeCheapAttack","PrismaMod:ChloeExhaustOne"],"picked":"PrismaMod:ChloeCaladbolg","floor":11},{"not_picked":["PrismaMod:ChloeCheapAttack","PrismaMod:ChloeRuleBreaker"],"picked":"PrismaMod:ChloeAnyPowerTrace+1","floor":13},{"not_picked":["PrismaMod:ChloeExhaustOne+1","PrismaMod:ChloeCommonAOEAttack"],"picked":"PrismaMod:ChloeDiscardRecovery+1","floor":14},{"not_picked":["PrismaMod:ChloeAnyPowerTrace+1","PrismaMod:ChloeDoubleRelicSpeed"],"picked":"PrismaMod:ChloeCarnivalAttack","floor":16},{"not_picked":["PrismaMod:ChloeCheapAttack","PrismaMod:ChloeDiscardRecovery+1"],"picked":"PrismaMod:ChloeCheapDefendTwo+1","floor":18},{"not_picked":["PrismaMod:ChloeGaeBolg","PrismaMod:ChloeCheapAttackTwo+1"],"picked":"PrismaMod:ChloeExhaustOne+1","floor":20},{"not_picked":["infinitespire:FinalStrike","infinitespire:UltimateForm"],"picked":"infinitespire:FutureSight","floor":22},{"not_picked":["PrismaMod:ChloeCheapAttack+1","PrismaMod:ChloeChristmas+1"],"picked":"PrismaMod:ChloeCommonAOEAttack+1","floor":24},{"not_picked":["PrismaMod:ChloeRitsuka+1","PrismaMod:ChloeGaeBolg"],"picked":"PrismaMod:ChloeCheapDefend+1","floor":25},{"not_picked":["PrismaMod:ChloeCheapAttackTwo","PrismaMod:ChloeBetterTracePools"],"picked":"PrismaMod:ChloeExcalibur","floor":28},{"not_picked":["PrismaMod:ChloeCheapDefendTwo+1","PrismaMod:ChloeCheapAttackTwo"],"picked":"PrismaMod:ChloeExhaustOne+1","floor":29},{"not_picked":["PrismaMod:ChloeReshuffleDiscard+1","PrismaMod:ChloeGaeBolg"],"picked":"PrismaMod:ChloeCheapDefend+1","floor":30},{"not_picked":["PrismaMod:ChloeCheapAttack","PrismaMod:ChloeDemonicTutor+1"],"picked":"PrismaMod:ChloeCheapDefendTwo+1","floor":31},{"not_picked":["PrismaMod:ChloeUnlimitedBladeWorks+1","PrismaMod:ChloeHalloween+1"],"picked":"PrismaMod:ChloeAnyCommonTrace+1","floor":33},{"not_picked":["PrismaMod:ChloeCheapDefend+1","PrismaMod:ChloeExhaustOne+1"],"picked":"PrismaMod:ChloeCheapAttackTwo+1","floor":35},{"not_picked":["PrismaMod:ChloeExcalibur","PrismaMod:ChloeCheapAttackTwo+1"],"picked":"PrismaMod:ChloeCommonAOEAttack+1","floor":36},{"not_picked":["PrismaMod:ChloeCheapAttackTwo+1","PrismaMod:ChloeCheapDefendTwo+1"],"picked":"PrismaMod:ChloeCheapAttack+1","floor":37},{"not_picked":["PrismaMod:ChloeCheapAttack+1","PrismaMod:ChloeCheapAttackTwo"],"picked":"PrismaMod:ChloeExhaustTwo+1","floor":39},{"not_picked":["PrismaMod:ChloeExhaustOne+1","PrismaMod:ChloeExcalibur"],"picked":"PrismaMod:ChloeCommonAOEAttack+1","floor":41},{"not_picked":["PrismaMod:ChloeExhaustOne+1","PrismaMod:ChloeUncommonAttack"],"picked":"PrismaMod:ChloeGaeBolg+1","floor":45},{"not_picked":["PrismaMod:ChloeDiscardRecovery+1","PrismaMod:ChloeExhaustOne+1"],"picked":"PrismaMod:ChloeMaid+1","floor":46},{"not_picked":["PrismaMod:ChloeDiscardRecovery+1","PrismaMod:ChloeExhaustOne+1"],"picked":"PrismaMod:ChloeCommonAOEAttack","floor":47},{"not_picked":["PrismaMod:ChloeCheapDefendTwo+1","PrismaMod:ChloeExhaustTwo+1"],"picked":"PrismaMod:ChloeCheapAttack+1","floor":48}],"player_experience":84707,"relics_obtained":[{"floor":6,"key":"infinitespire:FocusingShard"},{"floor":9,"key":"Sundial"},{"floor":13,"key":"Toxic Egg 2"},{"floor":25,"key":"Gremlin Horn"},{"floor":26,"key":"Anchor"},{"floor":28,"key":"theForsaken:Lifeblossom"},{"floor":36,"key":"StuffTheSpire:Expresso"},{"floor":43,"key":"Lantern"},{"floor":46,"key":"StuffTheSpire:HeavyRock"}],"event_choices":[{"damage_healed":0,"gold_gain":0,"player_choice":"Success","damage_taken":12,"relics_obtained":["Kunai"],"max_hp_gain":0,"max_hp_loss":0,"event_name":"Scrap Ooze","floor":5,"gold_loss":0},{"damage_healed":20,"gold_gain":0,"player_choice":"Healed","damage_taken":0,"max_hp_gain":0,"max_hp_loss":0,"event_name":"The Cleric","floor":10,"gold_loss":35},{"damage_healed":0,"gold_gain":0,"player_choice":"Fight","damage_taken":0,"max_hp_gain":0,"max_hp_loss":0,"event_name":"Mysterious Sphere","floor":36,"gold_loss":0},{"damage_healed":0,"gold_gain":0,"player_choice":"2 cards matched","damage_taken":0,"max_hp_gain":0,"max_hp_loss":0,"event_name":"Match and Keep!","floor":42,"gold_loss":0,"cards_obtained":["PrismaMod:ChloeCarnivalAOEAttack","Good Instincts"]}],"is_beta":false,"boss_relics":[{"not_picked":["energizedSpire:HugeHouse","StuffTheSpire:RunicConfusion"],"picked":"Runic Pyramid"},{"not_picked":["StuffTheSpire:Kangaroo","Empty Cage"],"picked":"Sozu"}],"items_purged_floors":[],"is_endless":false,"potions_floor_spawned":[2,3,6,14,20,28,29,31,37,39,41,48],"killed_by":"infinitespire:MassOfShapes","ascension_level":0}}