{"host":"c83fcgyuu74iknko","time":1614405836,"event":{"mods":["BaseMod","BetterRewards","Colored Map","Colored Powertips","Minty Spire (QoL Compilation)","Quick Restart","StSLib","The Animator","The Senshi"],"gold_per_floor":[124,149,149,169,169,236,267,267,267],"floor_reached":8,"language":"ENG","playtime":506,"items_purged":[],"score":67,"play_id":"360fa23b-1b35-4333-96b9-ae6a86796b44","local_time":"20210226220356","is_ascension_mode":true,"campfire_choices":[],"circlet_count":0,"master_deck":["animator:Strike_OnePunchMan","animator:Defend_OnePunchMan","animator:Strike","animator:Strike","animator:Strike","animator:Defend","animator:Defend+1","animator:Defend","animator:Genos","animator:MumenRider+1","animator:Gilgamesh+3","animator:IrohaTamaki","animator:Albedo","animator:SilverFang"],"relics":["animator:LivingPicture","animator:TheMissingPiece","HornCleat","Smiling Mask"],"acts_visited":["Exordium"],"potions_floor_usage":[8,8],"damage_taken":[{"damage":12,"enemies":"2 Louse","floor":1,"turns":3},{"damage":4,"enemies":"Small Slimes","floor":4,"turns":2},{"damage":11,"enemies":"3 Sentries","floor":6,"turns":10},{"damage":0,"enemies":"Cultist","floor":7,"turns":4},{"damage":24,"enemies":"Lagavulin","floor":8,"turns":7}],"seed_played":"6471697191399976397","potions_obtained":[{"floor":1,"key":"AttackPotion"},{"floor":6,"key":"animator:FalseLifePotion"}],"is_trial":false,"path_per_floor":["M","?","?","M","?","E","M","E"],"character_chosen":"THE_ANIMATOR","items_purchased":[],"campfire_rested":0,"item_purchase_floors":[],"current_hp_per_floor":[54,42,29,25,25,14,14,0,0],"gold":267,"neow_bonus":"ONE_RANDOM_RARE_CARD","is_daily":false,"chose_seed":false,"campfire_upgraded":0,"win_rate":0.0,"timestamp":1614405836,"path_taken":["M","?","?","M","?","E","?","E"],"items_purchased_type":[],"build_version":"2020-12-22","purchased_purges":0,"victory":false,"max_hp_per_floor":[66,66,66,66,66,66,66,66,66],"card_choices":[{"not_picked":["animator:Hitei","animator:Chung"],"picked":"animator:IrohaTamaki","floor":1},{"not_picked":["animator:Rena","animator:Assassin","animator:Cocytus"],"picked":"SKIP","floor":4},{"not_picked":["animator:Raven","animator:Shichika"],"picked":"animator:Albedo","floor":6},{"not_picked":["animator:Sonic","animator:Genos"],"picked":"animator:SilverFang","floor":7}],"player_experience":281479,"relics_obtained":[{"floor":6,"key":"Smiling Mask"}],"event_choices":[{"damage_healed":0,"gold_gain":0,"player_choice":"Success","damage_taken":12,"relics_obtained":["HornCleat"],"max_hp_gain":0,"max_hp_loss":0,"event_name":"Scrap Ooze","floor":2,"gold_loss":0},{"damage_healed":0,"gold_gain":0,"player_choice":"Entered Light","damage_taken":13,"max_hp_gain":0,"max_hp_loss":0,"event_name":"Shining Light","floor":3,"gold_loss":0,"cards_upgraded":["animator:MumenRider","animator:Defend"]},{"damage_healed":0,"gold_gain":0,"player_choice":"Forge","damage_taken":0,"max_hp_gain":0,"max_hp_loss":0,"event_name":"Accursed Blacksmith","floor":5,"gold_loss":0,"cards_upgraded":["animator:Gilgamesh"]}],"is_beta":false,"boss_relics":[],"items_purged_floors":[],"is_endless":false,"potions_floor_spawned":[1,6],"killed_by":"Lagavulin","ascension_level":4}}