{"host":"2lo6hma6kymb0g9i","time":1614418154,"event":{"mods":["BaseMod","Colored Map","DeckTracker","Minty Spire (QoL Compilation)","SuperFastMode"],"gold_per_floor":[169,169,188,200,211,245,255,255,255],"floor_reached":8,"language":"JPN","playtime":1541,"items_purged":[],"score":120,"play_id":"2c947ffe-58b1-4301-bdce-5261a7e39d8a","local_time":"20210227182914","is_ascension_mode":true,"campfire_choices":[],"circlet_count":0,"master_deck":["AscendersBane","Strike_G","Strike_G+1","Strike_G","Strike_G","Defend_G","Defend_G","Defend_G","Defend_G","Defend_G","Survivor","Neutralize","Dagger Throw","Dagger Throw","Flying Knee","Poisoned Stab","Dagger Throw","Deflect"],"relics":["Tiny House","Bag of Preparation"],"acts_visited":["Exordium"],"potions_floor_usage":[8,8],"damage_taken":[{"damage":7,"enemies":"Small Slimes","floor":1,"turns":5},{"damage":0,"enemies":"Cultist","floor":3,"turns":3},{"damage":0,"enemies":"2 Louse","floor":4,"turns":2},{"damage":7,"enemies":"Looter","floor":5,"turns":3},{"damage":44,"enemies":"3 Sentries","floor":6,"turns":11},{"damage":1,"enemies":"3 Louse","floor":7,"turns":3},{"damage":24,"enemies":"Gremlin Nob","floor":8,"turns":3}],"seed_played":"-6656605674248661131","potions_obtained":[{"floor":0,"key":"DuplicationPotion"},{"floor":4,"key":"Poison Potion"}],"is_trial":false,"path_per_floor":["M","?","M","M","M","E","M","E"],"character_chosen":"THE_SILENT","items_purchased":[],"campfire_rested":0,"item_purchase_floors":[],"current_hp_per_floor":[57,57,57,57,50,6,5,0,0],"gold":255,"neow_bonus":"BOSS_RELIC","is_daily":false,"chose_seed":false,"campfire_upgraded":0,"win_rate":0.0,"timestamp":1614418154,"path_taken":["M","?","M","M","M","E","M","E"],"items_purchased_type":[],"build_version":"2020-12-22","purchased_purges":0,"victory":false,"max_hp_per_floor":[71,71,71,71,71,71,71,71,71],"card_choices":[{"not_picked":["Slice","Dodge and Roll"],"picked":"Dagger Throw","floor":0},{"not_picked":["Riddle With Holes","Outmaneuver"],"picked":"Dagger Throw","floor":1},{"not_picked":["Bullet Time","Quick Slash"],"picked":"Flying Knee","floor":3},{"not_picked":["Bane","Concentrate"],"picked":"Poisoned Stab","floor":4},{"not_picked":["Masterful Stab","Outmaneuver"],"picked":"Dagger Throw","floor":5},{"not_picked":["Outmaneuver","Dagger Throw","Masterful Stab"],"picked":"SKIP","floor":6},{"not_picked":["Outmaneuver","Crippling Poison"],"picked":"Deflect","floor":7}],"player_experience":1269272,"relics_obtained":[{"floor":6,"key":"Bag of Preparation"}],"event_choices":[{"cards_removed":["Strike_G"],"damage_healed":0,"gold_gain":0,"player_choice":"Forget","damage_taken":0,"max_hp_gain":0,"max_hp_loss":0,"event_name":"Living Wall","floor":2,"gold_loss":0}],"is_beta":false,"boss_relics":[],"items_purged_floors":[],"is_endless":false,"potions_floor_spawned":[4,7],"killed_by":"Gremlin Nob","ascension_level":20}}