{"host":"p4yrwepmrl4g8pul","time":1614391819,"event":{"mods":["Act Like it!","BaseMod","BetterRewards","Colored Map","Custom Start","Downfall","Gensokyo","Marisa£®ÏF”Í°°ƒß¿Ì…≥£©","Minty Spire (QoL Compilation)","Quick Restart","Rare Cards Sparkle","Reimu£®≤©¿ˆ¡È√Œ£©","Remilia£®¿Ÿ√◊¿Ú—«£©","Remove Card Discount Mod","Shop Mod","StSLib","Thieving Mod"],"gold_per_floor":[99,114,389,403,422,33,58,58,58],"floor_reached":8,"language":"ZHS","playtime":324,"items_purged":["Regret","Strike_G","Strike_G","Strike_G","Strike_G","Strike_G","Defend_G","Defend_G","Outmaneuver","Defend_G"],"score":92,"play_id":"8a2c3bdb-fb6f-4590-bc22-e629e2ee2ea4","local_time":"20210227101019","is_ascension_mode":true,"campfire_choices":[{"data":"Neutralize","floor":1,"key":"SMITH"}],"circlet_count":0,"master_deck":["AscendersBane","Defend_G","Defend_G","Survivor","Neutralize+1","Poisoned Stab","Skewer","Poisoned Stab","Footwork","Deep Breath"],"relics":["Ring of the Snake","hexamod:BolsterEngine","Bag of Marbles"],"acts_visited":["Exordium"],"potions_floor_usage":[],"damage_taken":[{"damage":4,"enemies":"Jaw Worm","floor":2,"turns":4},{"damage":6,"enemies":"Cultist","floor":4,"turns":5},{"damage":9,"enemies":"Small Slimes","floor":5,"turns":4},{"damage":0,"enemies":"downfall:FleeingMerchant","floor":6,"turns":4},{"damage":20,"enemies":"3 Sentries","floor":8,"turns":7}],"seed_played":"4430608065862602842","potions_obtained":[{"floor":5,"key":"SpeedPotion"}],"is_trial":true,"path_per_floor":["R","M","?","M","M","$","T","E"],"character_chosen":"THE_SILENT","items_purchased":["hexamod:BolsterEngine","Footwork","Deep Breath"],"campfire_rested":0,"item_purchase_floors":[6,6,6],"current_hp_per_floor":[59,55,55,49,40,40,40,20,20],"gold":58,"neow_bonus":"","is_daily":false,"chose_seed":false,"campfire_upgraded":1,"win_rate":0.0,"timestamp":1614391819,"path_taken":["R","M","?","?","M","$","T","E"],"items_purchased_type":["Relic","Card","Card"],"build_version":"2020-12-22","purchased_purges":10,"victory":false,"max_hp_per_floor":[66,66,66,66,66,66,66,66,66],"card_choices":[{"not_picked":["Catalyst","Infinite Blades"],"picked":"Outmaneuver","floor":2},{"not_picked":["Tactician","Underhanded Strike"],"picked":"Poisoned Stab","floor":4},{"not_picked":["Bane","Well Laid Plans"],"picked":"Skewer","floor":5},{"not_picked":["Masterful Stab","Skewer"],"picked":"Poisoned Stab","floor":6}],"player_experience":860150,"relics_obtained":[{"floor":7,"key":"Bag of Marbles"}],"event_choices":[{"damage_healed":0,"gold_gain":275,"player_choice":"Desecrate","damage_taken":0,"max_hp_gain":0,"max_hp_loss":0,"event_name":"Golden Shrine","floor":3,"gold_loss":0,"cards_obtained":["Regret"]}],"is_beta":false,"boss_relics":[],"items_purged_floors":[6,6,6,6,6,6,6,6,6,6],"is_endless":false,"potions_floor_spawned":[5],"killed_by":"3 Sentries","ascension_level":20}}