{"host":"1buigr2wepn3ivn6","time":1614442190,"event":{"mods":["100% Spire Juice","BaseMod","Better Altar","BetterRewards","CapriCore","GifTheSpireLib","Minty Spire (QoL Compilation)","MostiFishMod","Reliquary","Replay The Spire","Spicy Shops","StSLib","TestMod","Transform Curses","【功能Mod】聪明的最终Boss","【遗物卡牌】REMEMod"],"gold_per_floor":[110,110,38,52,70,100,181,61,61,61,61],"floor_reached":10,"language":"ZHS","playtime":276,"items_purged":[],"score":132,"play_id":"18cafb9b-72f1-4b85-b210-970bc7978828","local_time":"20210228000950","daily_mods":["SealedDeck","Heirloom","DeadlyEvents","Elite Swarm"],"is_ascension_mode":true,"campfire_choices":[],"circlet_count":0,"master_deck":["AscendersBane","Moonworks:TacticalRetreat","Moonworks:EvilSpyWorkPreparation+1","Moonworks:DevilHand","Moonworks:DevilHand","Moonworks:DeployBits","Moonworks:JonathanRush+1","Moonworks:NicePresent","Moonworks:IndiscriminateFireSupport","Moonworks:JonathanRush","Moonworks:JonathanRush","MostiFishMod:Unraveling+1","Moonworks:Flamethrower","Moonworks:DeployBits","Moonworks:Wanted+1","Moonworks:SinkOrSwim+1"],"relics":["Moonworks:BrokenBomb","Moonworks:Homemark","testmod-TestBox","REME_ComplimentaryCards","DaveBox","MostiFishMod:Haymaker","BrkXgEgg","testmod-Register","SynthV:TestCard","reliquary:RosewoodLute","testmod-DragonStarHat","reliquary:Firecrackers","testmod-ArcanaOfDestiny"],"acts_visited":["Exordium"],"potions_floor_usage":[],"damage_taken":[{"damage":9,"enemies":"Jaw Worm","floor":1,"turns":2},{"damage":0,"enemies":"Cultist","floor":4,"turns":2},{"damage":0,"enemies":"Small Slimes","floor":5,"turns":2},{"damage":8,"enemies":"3 Sentries","floor":6,"turns":3},{"damage":19,"enemies":"Lagavulin","floor":10,"turns":3}],"seed_played":"-1152890775730827983","potions_obtained":[{"floor":6,"key":"Doom Potion"}],"is_trial":true,"path_per_floor":["M","?","?","M","M","E","T","$","T","E"],"character_chosen":"THE_STARBREAKER","items_purchased":[],"campfire_rested":0,"item_purchase_floors":[],"current_hp_per_floor":[41,24,24,24,24,16,16,16,16,0,0],"gold":61,"neow_bonus":"","is_daily":false,"chose_seed":false,"campfire_upgraded":0,"win_rate":0.0,"timestamp":1614442190,"path_taken":["M","?","?","M","?","E","?","$","T","E"],"items_purchased_type":[],"build_version":"2020-12-22","purchased_purges":0,"victory":false,"max_hp_per_floor":[55,55,55,55,55,55,55,55,55,55,55],"card_choices":[{"not_picked":["Moonworks:TacticalRetreat","Moonworks:NicePresent"],"picked":"Moonworks:Flamethrower","floor":1},{"not_picked":["Moonworks:CloudOfSeagulls","Moonworks:EvilSpyWorkPreparation","Moonworks:SweetBattle","Moonworks:SakisCookie"],"picked":"Moonworks:DeployBits","floor":4},{"not_picked":["Moonworks:JonathanRush","Moonworks:LulusLuckyEgg","Moonworks:BigMagnum","Moonworks:CloudOfSeagulls"],"picked":"Moonworks:Wanted+1","floor":5},{"not_picked":["Moonworks:LeapThroughSpace+1","Moonworks:MeltingMemories+1","Moonworks:Encore+1","Moonworks:MetallicMonocoque+1"],"picked":"Moonworks:SinkOrSwim+1","floor":6}],"player_experience":196192,"relics_obtained":[{"floor":1,"key":"SynthV:TestCard"},{"floor":6,"key":"testmod-DragonStarHat"},{"floor":7,"key":"reliquary:Firecrackers"},{"floor":9,"key":"testmod-ArcanaOfDestiny"}],"event_choices":[{"damage_healed":0,"gold_gain":0,"player_choice":"Entered Light","damage_taken":17,"max_hp_gain":0,"max_hp_loss":0,"event_name":"Shining Light","floor":2,"gold_loss":0,"cards_upgraded":["Moonworks:EvilSpyWorkPreparation","Moonworks:JonathanRush"]},{"damage_healed":0,"gold_gain":0,"player_choice":"Paid Gold","damage_taken":0,"relics_obtained":["reliquary:RosewoodLute"],"max_hp_gain":0,"max_hp_loss":0,"event_name":"WeMeetAgain","floor":3,"gold_loss":72}],"is_beta":false,"boss_relics":[],"items_purged_floors":[],"is_endless":false,"potions_floor_spawned":[6],"killed_by":"Lagavulin","ascension_level":20}}