{"host":"rgy6n2eoa9ji6d0c","time":1614416998,"event":{"mods":["BaseMod","Colored Map","Colored Powertips","Downfall","Minty Spire (QoL Compilation)","Quick Restart","Relic Sorter","Spire Arcade","StSLib"],"gold_per_floor":[99,99,99,99,20,5,28,56,66,66,97,115,139,139,157,262,262,162,178,178,191,211,211,211,211,211,211],"floor_reached":25,"language":"ENG","playtime":1209,"items_purged":[],"score":217,"play_id":"716735a1-2bbd-4ae5-acd1-5f678bee7a77","local_time":"20210227100958","is_ascension_mode":true,"campfire_choices":[{"floor":1,"key":"RECALL"},{"data":"Guardian:Suspension","floor":10,"key":"SMITH"},{"data":"Guardian:CurlUp","floor":18,"key":"SMITH"},{"data":"Guardian:RefractedBeam+1","floor":23,"key":"SMITH"}],"circlet_count":0,"master_deck":["Guardian:Strike_Guardian","Guardian:Strike_Guardian","Guardian:Strike_Guardian","Guardian:Defend_Guardian","Guardian:Defend_Guardian","Guardian:Defend_Guardian","Guardian:Defend_Guardian","Guardian:CurlUp+1","Guardian:TwinSlam+1","Guardian:Reroute","Guardian:ChargeCore","Guardian:PolyBeam","Guardian:ConstructionForm+1","Guardian:Suspension+1","Guardian:Recover","Guardian:PolyBeam","Guardian:RefractedBeam+2","Guardian:TemporalShield"],"relics":["Guardian:ModeShifter","downfall:HeartsMalice","Vajra","Frozen Egg 2","Smiling Mask","Odd Mushroom","Velvet Choker","downfall:HeartBlessingRed","Question Card"],"acts_visited":["Exordium","TheCity"],"potions_floor_usage":[16,16,25,25],"damage_taken":[{"damage":0,"enemies":"Jaw Worm","floor":2,"turns":1},{"damage":0,"enemies":"Cultist","floor":4,"turns":1},{"damage":0,"enemies":"downfall:FleeingMerchant","floor":5,"turns":1},{"damage":5,"enemies":"downfall:FleeingMerchant","floor":6,"turns":4},{"damage":18,"enemies":"Lagavulin","floor":8,"turns":4},{"damage":0,"enemies":"Small Slimes","floor":9,"turns":4},{"damage":18,"enemies":"3 Sentries","floor":11,"turns":8},{"damage":13,"enemies":"Exordium Thugs","floor":12,"turns":4},{"damage":16,"enemies":"The Mushroom Lair","floor":13,"turns":5},{"damage":0,"enemies":"2 Fungi Beasts","floor":15,"turns":3},{"damage":23,"enemies":"IC_STATUS_ARCHETYPE","floor":16,"turns":9},{"damage":15,"enemies":"downfall:LooterAlt2","floor":19,"turns":4},{"damage":0,"enemies":"Spheric Guardian","floor":21,"turns":3},{"damage":7,"enemies":"Shelled Parasite and Fungi","floor":22,"turns":4},{"damage":0,"enemies":"Gremlin Leader","floor":25,"turns":4}],"seed_played":"4185735354005100299","potions_obtained":[{"floor":9,"key":"EssenceOfSteel"},{"floor":11,"key":"GamblersBrew"},{"floor":12,"key":"Regen Potion"},{"floor":19,"key":"Regen Potion"}],"is_trial":false,"path_per_floor":["R","M","?","M","$","$","T","E","M","R","E","M","?","?","M","B",null,"R","M","?","M","M","R","T","E"],"character_chosen":"GUARDIAN","items_purchased":["Guardian:PolyBeam"],"campfire_rested":0,"item_purchase_floors":[5],"current_hp_per_floor":[80,80,80,80,80,75,75,57,57,57,39,26,10,10,10,2,80,80,65,41,41,34,34,34,46,46,46],"gold":211,"neow_bonus":"THREE_ENEMY_KILL","is_daily":false,"chose_seed":false,"campfire_upgraded":3,"win_rate":0.0,"timestamp":1614416998,"path_taken":["R","M","?","M","?","$","T","E","M","R","E","?","?","?","M","BOSS","R","M","?","?","M","R","T","E"],"items_purchased_type":["Card"],"build_version":"2020-12-22","purchased_purges":0,"victory":false,"max_hp_per_floor":[80,80,80,80,80,80,80,80,80,80,80,80,80,80,80,80,80,80,80,80,80,80,80,80,80,80,80],"card_choices":[{"not_picked":["Guardian:VentSteam","Guardian:CrystalBeam"],"picked":"Guardian:Reroute","floor":2},{"not_picked":["Guardian:Incinerate","Guardian:BronzeOrb"],"picked":"Guardian:ChargeCore","floor":4},{"not_picked":["Guardian:DonusPower","Guardian:Gem_Red","Guardian:ShieldCharger"],"picked":"SKIP","floor":5},{"not_picked":["Guardian:ArmoredProtocol","Guardian:Harden","Guardian:DonusPower"],"picked":"SKIP","floor":6},{"not_picked":["Guardian:ChargeUp","Guardian:ShieldSpikes"],"picked":"Guardian:ConstructionForm+1","floor":8},{"not_picked":["Guardian:CrystalBeam","Guardian:ShieldCharger"],"picked":"Guardian:Suspension","floor":9},{"not_picked":["Guardian:ShieldCharger","Guardian:Gem_Synthetic"],"picked":"Guardian:Recover","floor":11},{"not_picked":["Guardian:TemporalShield","Guardian:Repulse+1"],"picked":"Guardian:Gem_Red","floor":12},{"not_picked":["Guardian:ChargeCore","Guardian:Recover"],"picked":"Guardian:PolyBeam","floor":15},{"not_picked":["Guardian:GatlingBeam","Guardian:HyperBeam_Guardian"],"picked":"Guardian:Gem_Orange","floor":16},{"not_picked":["Guardian:Incinerate","Guardian:Gem_White"],"picked":"Guardian:RefractedBeam+1","floor":19},{"not_picked":["Guardian:PrimingBeam","Guardian:Gem_Fragmented"],"picked":"Guardian:TemporalShield","floor":21},{"not_picked":["Guardian:Emergency","Guardian:VentSteam+1","Guardian:GuardianWhirl+1"],"picked":"SKIP","floor":22}],"player_experience":1530463,"relics_obtained":[{"floor":7,"key":"Vajra"},{"floor":8,"key":"Frozen Egg 2"},{"floor":11,"key":"Smiling Mask"},{"floor":13,"key":"Odd Mushroom"},{"floor":24,"key":"Question Card"}],"event_choices":[{"damage_healed":0,"gold_gain":0,"player_choice":"Fought Mushrooms","damage_taken":0,"max_hp_gain":0,"max_hp_loss":0,"event_name":"Mushrooms","floor":13,"gold_loss":0}],"is_beta":false,"boss_relics":[{"not_picked":["Coffee Dripper","SlaversCollar"],"picked":"Velvet Choker"}],"items_purged_floors":[],"is_endless":false,"potions_floor_spawned":[9,11,12,15,19],"killed_by":"Gremlin Leader","ascension_level":1}}