{"host":"k6u7q08ihsmpx7o5","time":1614416654,"event":{"mods":["BaseMod","Bestiary","Filter the Spire","Minty Spire (QoL Compilation)","Permanent Neow","Relic Stats","StSLib"],"gold_per_floor":[118,131,151,167,187,187,204,236,236,252,585,601,612,626,626,702,702,718,733,733,63,83,114,114,127,173,173,173,187,187,218,218,218,218],"floor_reached":33,"language":"ENG","playtime":1840,"items_purged":["Distraction"],"score":710,"play_id":"bfa36455-bb1d-4988-89c7-f637951a167f","local_time":"20210227100414","is_ascension_mode":true,"campfire_choices":[{"data":"Backstab","floor":6,"key":"SMITH"},{"data":"Neutralize","floor":15,"key":"SMITH"},{"data":"After Image","floor":24,"key":"SMITH"},{"data":"Terror","floor":27,"key":"SMITH"},{"data":"Reflex","floor":32,"key":"SMITH"}],"circlet_count":0,"master_deck":["AscendersBane","Survivor","Neutralize+1","Corpse Explosion","Bane","Backstab+1","Predator","Dagger Throw","Backstab","Cloak And Dagger","Cloak And Dagger","Deflect","PiercingWail","Bullet Time","Corpse Explosion","Doppelganger","Caltrops","Deadly Poison","Adrenaline","Eviscerate","Terror+1","Doppelganger","Reflex+1","Flying Knee","Backflip","After Image+1","Flash of Steel","Deflect","Reflex+1","PiercingWail+1"],"relics":["Ring of the Snake","Mango","Kunai","Old Coin","Pandora\u0027s Box","Chemical X","Anchor","Oddly Smooth Stone","Sundial","Torii"],"acts_visited":["Exordium","TheCity"],"potions_floor_usage":[8,11,11,16,23,23,31,33],"damage_taken":[{"damage":7,"enemies":"Small Slimes","floor":1,"turns":4},{"damage":4,"enemies":"Jaw Worm","floor":2,"turns":6},{"damage":0,"enemies":"2 Louse","floor":3,"turns":2},{"damage":0,"enemies":"2 Fungi Beasts","floor":4,"turns":3},{"damage":16,"enemies":"Exordium Thugs","floor":5,"turns":3},{"damage":0,"enemies":"Looter","floor":7,"turns":2},{"damage":15,"enemies":"Gremlin Nob","floor":8,"turns":4},{"damage":4,"enemies":"Red Slaver","floor":10,"turns":2},{"damage":18,"enemies":"Lagavulin","floor":11,"turns":7},{"damage":0,"enemies":"Large Slime","floor":12,"turns":5},{"damage":0,"enemies":"3 Louse","floor":13,"turns":1},{"damage":0,"enemies":"Red Slaver","floor":14,"turns":2},{"damage":3,"enemies":"The Guardian","floor":16,"turns":15},{"damage":22,"enemies":"2 Thieves","floor":18,"turns":2},{"damage":12,"enemies":"Shell Parasite","floor":19,"turns":3},{"damage":11,"enemies":"Snake Plant","floor":22,"turns":4},{"damage":0,"enemies":"Gremlin Leader","floor":23,"turns":5},{"damage":0,"enemies":"Cultist and Chosen","floor":25,"turns":3},{"damage":0,"enemies":"Centurion and Healer","floor":29,"turns":3},{"damage":4,"enemies":"Slavers","floor":31,"turns":4},{"damage":36,"enemies":"Champ","floor":33,"turns":13}],"seed_played":"-6604035812982607640","potions_obtained":[{"floor":2,"key":"Ancient Potion"},{"floor":5,"key":"ColorlessPotion"},{"floor":7,"key":"EntropicBrew"},{"floor":12,"key":"Dexterity Potion"},{"floor":13,"key":"Strength Potion"},{"floor":16,"key":"Dexterity Potion"},{"floor":25,"key":"Regen Potion"},{"floor":29,"key":"GhostInAJar"}],"is_trial":false,"path_per_floor":["M","M","M","M","M","R","M","E","T","M","E","M","M","M","R","B",null,"M","M","?","$","M","E","R","M","T","R","?","M","T","E","R","B"],"character_chosen":"THE_SILENT","items_purchased":["Chemical X","Anchor","After Image","Flash of Steel"],"campfire_rested":0,"item_purchase_floors":[21,21,21,21],"current_hp_per_floor":[52,48,48,48,32,32,32,31,31,27,9,9,9,9,9,6,62,40,28,44,44,33,33,33,33,33,33,33,33,33,29,29,0,0],"gold":218,"neow_bonus":"ONE_RANDOM_RARE_CARD","is_daily":false,"chose_seed":false,"campfire_upgraded":5,"win_rate":0.0,"timestamp":1614416654,"path_taken":["M","M","M","M","M","R","M","E","T","M","E","M","M","M","R","BOSS","M","M","?","$","M","E","R","M","T","R","?","M","?","E","R","BOSS"],"items_purchased_type":["Relic","Relic","Card","Card"],"build_version":"2020-12-22","purchased_purges":1,"victory":false,"max_hp_per_floor":[66,66,66,66,66,66,66,80,80,80,80,80,80,80,80,80,80,80,80,80,80,80,80,80,80,80,80,80,80,80,80,80,80,80],"relic_stats":{"Torii":0,"counters":[21,93],"Sundial":[4],"Pandora\u0027s Box":["Corpse Explosion","Doppelganger","Caltrops","Deadly Poison","Distraction","Adrenaline","Eviscerate","Terror","Doppelganger","Reflex"],"Kunai":[27],"Chemical X":[12],"obtain_stats":[{"Anchor":21,"Torii":31,"Sundial":30,"Oddly Smooth Stone":23,"Mango":8,"Pandora\u0027s Box":17,"Kunai":9,"Chemical X":21,"Ring of the Snake":0,"Old Coin":11},{"Anchor":15,"Torii":20,"Sundial":19,"Oddly Smooth Stone":17,"Mango":7,"Pandora\u0027s Box":13,"Kunai":7,"Chemical X":15,"Ring of the Snake":0,"Old Coin":9},{"Anchor":61,"Torii":80,"Sundial":76,"Oddly Smooth Stone":70,"Mango":24,"Pandora\u0027s Box":56,"Kunai":24,"Chemical X":61,"Ring of the Snake":0,"Old Coin":33}],"Ring of the Snake":[42]},"card_choices":[{"not_picked":["Dagger Spray","Dodge and Roll"],"picked":"Bane","floor":1},{"not_picked":["Slice","Deflect"],"picked":"Backstab","floor":2},{"not_picked":["Caltrops","Outmaneuver"],"picked":"Predator","floor":3},{"not_picked":["Finisher","Flechettes","Outmaneuver"],"picked":"SKIP","floor":4},{"not_picked":["Flechettes","Slice"],"picked":"Dagger Throw","floor":5},{"not_picked":["Quick Slash","Underhanded Strike"],"picked":"Backstab","floor":7},{"not_picked":["Concentrate","Accuracy","Distraction"],"picked":"SKIP","floor":8},{"not_picked":["Backflip","Deflect","Bane"],"picked":"SKIP","floor":10},{"not_picked":["Footwork","Backflip"],"picked":"Cloak And Dagger","floor":11},{"not_picked":["Backflip","Corpse Explosion"],"picked":"Cloak And Dagger","floor":12},{"not_picked":["Poisoned Stab","Quick Slash"],"picked":"Deflect","floor":13},{"not_picked":["Bane","Masterful Stab"],"picked":"PiercingWail","floor":14},{"not_picked":["Envenom","Doppelganger"],"picked":"Bullet Time","floor":16},{"not_picked":["Accuracy","Underhanded Strike"],"picked":"Flying Knee","floor":18},{"not_picked":["Terror","Outmaneuver"],"picked":"Backflip","floor":19},{"not_picked":["Deadly Poison","Concentrate"],"picked":"Deflect","floor":22},{"not_picked":["Sucker Punch","Masterful Stab"],"picked":"Reflex+1","floor":23},{"not_picked":["Bane","Predator","Tactician"],"picked":"SKIP","floor":25},{"not_picked":["Accuracy","Eviscerate","Envenom"],"picked":"SKIP","floor":29},{"not_picked":["Choke","Masterful Stab"],"picked":"PiercingWail+1","floor":31}],"player_experience":1999148,"relics_obtained":[{"floor":8,"key":"Mango"},{"floor":9,"key":"Kunai"},{"floor":11,"key":"Old Coin"},{"floor":23,"key":"Oddly Smooth Stone"},{"floor":30,"key":"Sundial"},{"floor":31,"key":"Torii"}],"event_choices":[{"damage_healed":16,"gold_gain":0,"player_choice":"Heal","damage_taken":0,"max_hp_gain":0,"max_hp_loss":0,"event_name":"The Library","floor":20,"gold_loss":0},{"damage_healed":0,"gold_gain":0,"player_choice":"Ignored","damage_taken":0,"max_hp_gain":0,"max_hp_loss":0,"event_name":"Vampires","floor":28,"gold_loss":0}],"is_beta":false,"boss_relics":[{"not_picked":["Coffee Dripper","Cursed Key"],"picked":"Pandora\u0027s Box"}],"items_purged_floors":[21],"is_endless":false,"potions_floor_spawned":[2,5,7,12,13,14,16,19,25,29],"killed_by":"Champ","ascension_level":20}}