{"host":"c44ey07ufggfw2m8","time":1614425494,"event":{"mods":["2.2 Compatiblity","BaseMod","Colored Map","DeckTracker","Highlight Path","Keyboard Shortcuts","Minty Spire (QoL Compilation)","Permanent Neow","Quick Restart","StSLib","SuperFastMode","UnlockEverythingMod"],"gold_per_floor":[144,144,189,234,279,279,279,324,349,439,439,484,90,90,90,408,408,462,507,561,476,530,530,243,243,252,351,450,549,24,69,69,378,378,423,477,140,158,158,158,203,257,291,345,399,408,408,453,453,462],"floor_reached":51,"language":"KOR","playtime":2045,"items_purged":["Writhe","Dualcast","Regret","Normality"],"score":964,"play_id":"9fa9ccdd-e3d7-46c7-ad46-c8db0c4138ae","local_time":"20210227203134","daily_mods":["Cursed Run","Diverse","Midas"],"is_ascension_mode":false,"campfire_choices":[{"floor":6.0,"key":"REST"},{"floor":15.0,"key":"REST"},{"floor":23,"key":"REST"},{"floor":25,"key":"REST"},{"floor":32,"key":"REST"},{"floor":40,"key":"REST"},{"floor":47,"key":"REST"},{"floor":49,"key":"REST"}],"circlet_count":0,"master_deck":["Defend_B","Defend_B","Defend_B","Defend_B","Zap+1","Infernal Blade","CutThroughFate","Glacier","Skewer","Footwork+1","Disarm","Hologram","Die Die Die","Blade Dance","Barricade","Writhe","Injury","Bullet Time","Aggregate","Bite","Bite","Bite","Bite","Bite","Headbutt","Wallop","Prepared","Steam Power+1","Double Energy+1","Fasting2+1","Apotheosis","Madness","Madness","Backstab+1","Pain","Omniscience","PathToVictory+1","Decay","Injury"],"relics":["Cursed Key","Darkstone Periapt","Du-Vu Doll","Matryoshka","Shuriken","CeramicFish","StrikeDummy","Ancient Tea Set","DataDisk","Tiny Chest","Sundial","Cables","Lizard Tail","Regal Pillow","HornCleat","Runic Pyramid","Potion Belt","Symbiotic Virus"],"acts_visited":["Exordium","TheCity","TheBeyond"],"potions_floor_usage":[22,33,50],"damage_taken":[{"damage":0.0,"enemies":"Small Slimes","floor":1.0,"turns":4.0},{"damage":0.0,"enemies":"Cultist","floor":3.0,"turns":3.0},{"damage":0.0,"enemies":"2 Louse","floor":4.0,"turns":3.0},{"damage":11.0,"enemies":"Large Slime","floor":5.0,"turns":4.0},{"damage":6.0,"enemies":"Exordium Thugs","floor":8.0,"turns":4.0},{"damage":9.0,"enemies":"3 Sentries","floor":10.0,"turns":7.0},{"damage":0.0,"enemies":"Looter","floor":12.0,"turns":3.0},{"damage":12.0,"enemies":"The Guardian","floor":16.0,"turns":9.0},{"damage":18.0,"enemies":"Spheric Guardian","floor":18.0,"turns":6.0},{"damage":22.0,"enemies":"Shell Parasite","floor":20.0,"turns":3.0},{"damage":22,"enemies":"Centurion and Healer","floor":22,"turns":34},{"damage":43,"enemies":"Book of Stabbing","floor":27,"turns":8},{"damage":19,"enemies":"Gremlin Leader","floor":29,"turns":6},{"damage":2,"enemies":"3 Cultists","floor":31,"turns":5},{"damage":12,"enemies":"Collector","floor":33,"turns":12},{"damage":34,"enemies":"3 Darklings","floor":35,"turns":7},{"damage":24,"enemies":"3 Shapes","floor":36,"turns":3},{"damage":29,"enemies":"3 Darklings","floor":41,"turns":6},{"damage":20,"enemies":"Sphere and 2 Shapes","floor":42,"turns":4},{"damage":7,"enemies":"Transient","floor":44,"turns":5},{"damage":25,"enemies":"Spire Growth","floor":45,"turns":5},{"damage":33,"enemies":"Sphere and 2 Shapes","floor":48,"turns":6},{"damage":103,"enemies":"Awakened One","floor":50,"turns":10}],"seed_played":"-2463471341485849212","potions_obtained":[{"floor":1.0,"key":"BlessingOfTheForge"},{"floor":4.0,"key":"LiquidBronze"},{"floor":5.0,"key":"SpeedPotion"},{"floor":20,"key":"FearPotion"},{"floor":22,"key":"FearPotion"},{"floor":33,"key":"Weak Potion"},{"floor":45,"key":"Swift Potion"}],"is_trial":false,"path_per_floor":["M","?","M","M","M","R","?","M","T","E","?","M","$","T","R","B",null,"M","?","M","?","M","R","$","R","T","E","?","E","$","M","R","B",null,"M","M","$","?","?","R","M","M","T","M","M","T","R","M","R","B",null],"character_chosen":"DEFECT","items_purchased":["Shuriken","Barricade","DataDisk","Prepared","Regal Pillow","HornCleat","Apotheosis"],"campfire_rested":8,"item_purchase_floors":[13,13,24,24,30,30,37],"current_hp_per_floor":[75,75,75,75,64,75,60,54,60,53,53,55,55,61,87,81,93,75,75,57,57,93,93,93,93,99,64,64,51,51,59,99,105,105,81,65,65,52,42,88,69,57,63,65,47,53,103,80,117,41],"gold":462,"neow_bonus":"","is_daily":true,"chose_seed":false,"campfire_upgraded":0,"win_rate":0.0,"timestamp":1614425494,"path_taken":["M","?","M","M","M","R","?","M","T","E","?","?","$","?","R","BOSS","M","?","M","?","M","R","$","R","T","E","?","E","$","M","R","BOSS","M","M","$","?","?","R","M","M","T","M","M","?","R","M","R","BOSS"],"items_purchased_type":["Relic","Card","Relic","Card","Relic","Relic","Card"],"build_version":"2020-12-22","purchased_purges":4,"victory":true,"max_hp_per_floor":[75,75,75,75,75,75,75,75,81,81,81,81,81,87,87,93,93,93,93,93,93,93,93,93,93,99,99,99,99,99,99,99,105,105,105,105,105,105,105,105,105,105,111,111,111,117,117,117,117,123],"card_choices":[{"not_picked":["Slice","Catalyst"],"picked":"Infernal Blade","floor":1.0},{"not_picked":["PathToVictory","Poisoned Stab"],"picked":"Glacier","floor":3.0},{"not_picked":["EmptyFist","Protect"],"picked":"Skewer","floor":4.0},{"not_picked":["Cold Snap","Consecrate"],"picked":"Footwork","floor":5.0},{"not_picked":["A Thousand Cuts","Turbo"],"picked":"Disarm","floor":8.0},{"not_picked":["Barrage","Indignation"],"picked":"Hologram","floor":10.0},{"not_picked":["Prepared","Protect"],"picked":"Blade Dance","floor":12.0},{"not_picked":["Rainbow","MasterReality"],"picked":"Bullet Time","floor":16.0},{"not_picked":["Study","CarveReality"],"picked":"Aggregate","floor":18.0},{"not_picked":["Melter","DeceiveReality"],"picked":"Headbutt","floor":20},{"not_picked":["BowlingBash","Bloodletting"],"picked":"Wallop","floor":22},{"not_picked":["Flying Knee","Heavy Blade"],"picked":"Steam Power+1","floor":27},{"not_picked":["Perfected Strike","Slice+1"],"picked":"Double Energy+1","floor":29},{"not_picked":["Distraction","Twin Strike","FlurryOfBlows"],"picked":"SKIP","floor":31},{"not_picked":["Flying Knee","Cleave+1","Whirlwind+1"],"picked":"SKIP","floor":35},{"not_picked":["Cold Snap+1","Stack+1"],"picked":"Fasting2+1","floor":36},{"not_picked":["Dash+1","ThirdEye","Twin Strike"],"picked":"SKIP","floor":41},{"not_picked":["ForeignInfluence+1","Gash+1"],"picked":"Backstab+1","floor":42},{"not_picked":["EmptyBody+1","PathToVictory+1"],"picked":"Omniscience","floor":44},{"not_picked":["Halt+1","Outmaneuver"],"picked":"PathToVictory+1","floor":45},{"not_picked":["ClearTheMind","Gash","Feel No Pain"],"picked":"SKIP","floor":48}],"player_experience":141504,"relics_obtained":[{"floor":9.0,"key":"Blood Vial"},{"floor":10.0,"key":"Matryoshka"},{"floor":14.0,"key":"CeramicFish"},{"floor":14.0,"key":"StrikeDummy"},{"floor":26,"key":"Tiny Chest"},{"floor":26,"key":"Sundial"},{"floor":27,"key":"Cables"},{"floor":29,"key":"Lizard Tail"},{"floor":43,"key":"Potion Belt"},{"floor":46,"key":"Symbiotic Virus"}],"event_choices":[{"damage_healed":0.0,"max_hp_gain":0.0,"max_hp_loss":0.0,"gold_gain":0.0,"cards_transformed":["Strike_B"],"event_name":"Living Wall","player_choice":"Change","floor":2.0,"gold_loss":0.0,"damage_taken":0.0,"cards_obtained":["CutThroughFate"]},{"damage_healed":0.0,"max_hp_gain":0.0,"max_hp_loss":0.0,"gold_gain":0.0,"event_name":"Shining Light","player_choice":"Entered Light","floor":7.0,"gold_loss":0.0,"damage_taken":15.0,"cards_upgraded":["Zap","Footwork"]},{"damage_healed":0.0,"max_hp_gain":0.0,"max_hp_loss":0.0,"gold_gain":0.0,"event_name":"Match and Keep!","player_choice":"1 cards matched","floor":11.0,"gold_loss":0.0,"damage_taken":0.0,"cards_obtained":["Die Die Die"]},{"damage_healed":0.0,"max_hp_gain":0.0,"max_hp_loss":0.0,"gold_gain":0.0,"event_name":"Vampires","player_choice":"Became a vampire (Vial)","floor":19.0,"relics_lost":["Blood Vial"],"gold_loss":0.0,"damage_taken":0.0,"cards_obtained":["Bite","Bite","Bite","Bite","Bite"]},{"damage_healed":0,"gold_gain":0,"player_choice":"Obtained Relic","damage_taken":0,"relics_obtained":["Ancient Tea Set"],"max_hp_gain":0,"max_hp_loss":0,"event_name":"Addict","floor":21,"gold_loss":85},{"damage_healed":0,"gold_gain":99,"player_choice":"Stole From Cult","damage_taken":0,"max_hp_gain":0,"max_hp_loss":0,"event_name":"Nest","floor":28,"gold_loss":0},{"damage_healed":0,"gold_gain":0,"player_choice":"Embrace Madness","damage_taken":13,"max_hp_gain":0,"max_hp_loss":0,"event_name":"Winding Halls","floor":38,"gold_loss":0,"cards_obtained":["Madness","Madness"]},{"damage_healed":0,"gold_gain":0,"player_choice":"Memory 3","damage_taken":10,"max_hp_gain":0,"max_hp_loss":0,"event_name":"SensoryStone","floor":39,"gold_loss":0}],"is_beta":false,"boss_relics":[{"not_picked":["Velvet Choker","Coffee Dripper","Runic Dome"]},{"not_picked":["Black Star","Busted Crown"],"picked":"Runic Pyramid"}],"items_purged_floors":[13,24,30,37],"is_endless":false,"potions_floor_spawned":[1,4,5,20,22,33,35,41,45],"ascension_level":0}}