{"host":"mpmrkodj3c25wi13","time":1614420659,"event":{"mods":["Act Like it!","AlwaysNeverKeys","Aspiration","BaseMod","Beaked The Cultist","Better Altar","Better Match","Better Note","Better Sensory Stone","Better Skull","Better Third Choice","Clockwork Mod","Colored Map","Conspire","Custom Start","Downfall","Energized Spire","Friendly Minions","GifTheSpireLib","Googly Eyes","Halation","Hubris","Infinite Spire","Lobotomy","LobotomyExtend","Minty Spire (QoL Compilation)","Relic Sorter","Reliquary","Replay The Spire","Robot Space Explorer","StSLib","Stuff the Spire","The IronCluck","The Runesmith","The Servant 0.9.4","slay the spire mod where everything is the same but ironclad has a cowboy hat"],"gold_per_floor":[118,130,141,141,161,161,188,188,188,208,224,224,89,114,114,209,209,180,27,44,60,60,60,60],"floor_reached":23,"language":"ENG","playtime":2334,"items_purged":["StuffTheSpire:Recharge"],"score":193,"play_id":"28dcedf3-2493-4e25-96b2-b2e6ed4dae15","local_time":"20210227051059","is_ascension_mode":false,"campfire_choices":[{"data":"Runesmith:Grindstone","floor":6.0,"key":"SMITH"},{"data":"Runesmith:Fortify","floor":8.0,"key":"SMITH"},{"floor":15.0,"key":"REST"}],"circlet_count":0,"master_deck":["Runesmith:Strike_RS","Runesmith:Strike_RS","Runesmith:Strike_RS","Runesmith:Strike_RS","Runesmith:Defend_RS","Runesmith:Defend_RS","Runesmith:Defend_RS","Runesmith:Defend_RS","Runesmith:CraftFirestone","Runesmith:Fortify+1","Runesmith:FrozenChisel","Runesmith:Grindstone+1","Thinking Ahead","Runesmith:StaticCage","Runesmith:Firestorm+1","Runesmith:UnlimitedPower","Runesmith:RunicBlueprint+1","Runesmith:Empowerment"],"relics":["Runesmith:BrokenRuby","StuffTheSpire:PointBlank","Onion Ring","halation:StarCompass","Regal Pillow","energizedSpire:DeadBattery","aspiration:Nostalgia","m_SnakeCloak"],"acts_visited":["Exordium","TheCity"],"potions_floor_usage":[21],"damage_taken":[{"damage":3.0,"enemies":"Cultist","floor":1.0,"turns":4.0},{"damage":0.0,"enemies":"conspire:RoseBush","floor":2.0,"turns":3.0},{"damage":5.0,"enemies":"2 Louse","floor":3.0,"turns":3.0},{"damage":4.0,"enemies":"Looter","floor":5.0,"turns":4.0},{"damage":19.0,"enemies":"Lagavulin","floor":7.0,"turns":8.0},{"damage":7.0,"enemies":"conspire:2 RoseBushes","floor":10.0,"turns":5.0},{"damage":0.0,"enemies":"3 Louse","floor":11.0,"turns":4.0},{"damage":32.0,"enemies":"Fading Forest","floor":16.0,"turns":11.0},{"damage":22,"enemies":"2 Thieves","floor":18,"turns":5},{"damage":16,"enemies":"Chosen","floor":20,"turns":7},{"damage":19,"enemies":"Shelled Parasite and Fungi","floor":21,"turns":7},{"damage":14,"enemies":"Replay:Snechameleon","floor":23,"turns":3}],"seed_played":"-6644815192701332361","potions_obtained":[{"floor":3.0,"key":"PowerPotion"},{"floor":10.0,"key":"Toxic Potion"},{"floor":16.0,"key":"Guardian:BlockOnCardUsePotion"},{"floor":18,"key":"SteroidPotion"},{"floor":20,"key":"SpeedPotion"}],"is_trial":false,"path_per_floor":["M","M","M","?","M","R","E","R","T","M","M","?","$","T","R","B",null,"M","$","M","M","?","E"],"character_chosen":"RUNESMITH_CLASS","items_purchased":["Runesmith:Firestorm+1","aspiration:Nostalgia"],"campfire_rested":1,"item_purchase_floors":[13,19],"current_hp_per_floor":[67,67,62,62,58,58,39,39,39,32,32,32,32,32,68,44,70,48,48,32,13,13,0,0],"gold":60,"neow_bonus":"COLORLESS_CARD","is_daily":false,"chose_seed":false,"campfire_upgraded":2,"win_rate":0.0,"timestamp":1614420659,"path_taken":["M","?","M","?","M","R","E","R","T","M","M","?","$","?","R","BOSS","M","$","M","M","?","E"],"items_purchased_type":["Card","Relic"],"build_version":"2020-12-13","purchased_purges":1,"victory":false,"max_hp_per_floor":[70,70,70,70,70,70,70,70,70,70,70,70,70,70,70,70,70,70,70,70,70,70,70,70],"card_choices":[{"not_picked":["Runesmith:ChiselStab","Runesmith:MakeshiftArmor","Runesmith:NegativeSpace"],"picked":"SKIP","floor":1.0},{"not_picked":["Runesmith:CraftIncendium","Runesmith:Augment"],"picked":"Runesmith:FrozenChisel","floor":2.0},{"not_picked":["Runesmith:LithiumIon","Runesmith:MakeshiftArmor"],"picked":"Runesmith:Grindstone","floor":3.0},{"not_picked":["Bandage Up","Survey Options"],"picked":"Thinking Ahead","floor":4.0},{"not_picked":["Runesmith:ShiftingStrike","Runesmith:Overpower","Runesmith:ChaoticBlast"],"picked":"SKIP","floor":5.0},{"not_picked":["Runesmith:Repurpose","Runesmith:ChiselStab","Runesmith:Overpower"],"picked":"SKIP","floor":7.0},{"not_picked":["Runesmith:ShiftingStrike","Runesmith:EarthShield"],"picked":"Runesmith:StaticCage","floor":10.0},{"not_picked":["Runesmith:FrozenChisel","Runesmith:Augment","Runesmith:HeatExchange"],"picked":"SKIP","floor":11.0},{"not_picked":["Runesmith:GrandSlam","Runesmith:GenerateForcefield"],"picked":"Runesmith:UnlimitedPower","floor":16.0},{"not_picked":["Runesmith:WhiteBalance","Runesmith:StaticCage"],"picked":"Runesmith:RunicBlueprint+1","floor":18},{"not_picked":["Runesmith:BackupBattery","Runesmith:CraftReservo","Runesmith:NegativeSpace"],"picked":"SKIP","floor":20},{"not_picked":["Runesmith:BackupBattery","Runesmith:HeatedChisel"],"picked":"Runesmith:Empowerment","floor":21}],"player_experience":47612,"relics_obtained":[{"floor":7.0,"key":"StuffTheSpire:PointBlank"},{"floor":9.0,"key":"Onion Ring"},{"floor":14.0,"key":"Regal Pillow"}],"event_choices":[{"damage_healed":0.0,"max_hp_gain":0.0,"max_hp_loss":0.0,"gold_gain":1.0,"event_name":"betterStone:BetterStone","player_choice":"1","floor":4.0,"gold_loss":0.0,"damage_taken":0.0},{"cards_removed":["Runesmith:FrozenChisel"],"damage_healed":0,"gold_gain":0,"player_choice":"Give","damage_taken":0,"max_hp_gain":0,"max_hp_loss":0,"event_name":"betterNote:BetterNote","floor":22,"gold_loss":0,"cards_obtained":["None"]}],"is_beta":false,"boss_relics":[{"not_picked":["Kintsugi","Runesmith:UraniumAnvil"],"picked":"energizedSpire:DeadBattery"}],"items_purged_floors":[13],"is_endless":false,"potions_floor_spawned":[3,10,16,18,20],"killed_by":"Replay:Snechameleon","ascension_level":0}}