{"host":"ut3q8wc68upnfjmc","time":1614395489,"event":{"mods":["BaseMod","Colored Map","Colored Powertips","Downfall","Minty Spire (QoL Compilation)","StSLib","Unceasing Turn Reminder"],"gold_per_floor":[114,131,131,146,166,166,176,176,176,156,169,169,204,228,228,326,326,344,16,28,28,91,91,171,198,223,223,251,327,387,162,162,265,265,279,28,41,91,1,1,20,70,70,70,84,109,173,192,192,192,192],"floor_reached":50,"language":"ENG","playtime":3517,"items_purged":["Strike_P","Strike_P"],"score":562,"play_id":"fa7328c3-9a99-4002-b6b0-d1faf62e3952","local_time":"20210226211129","is_ascension_mode":false,"campfire_choices":[{"data":"Scrawl","floor":6,"key":"SMITH"},{"floor":12,"key":"REST"},{"floor":15,"key":"REST"},{"data":"Omniscience","floor":23,"key":"SMITH"},{"data":"TalkToTheHand","floor":27,"key":"SMITH"},{"data":"Eruption","floor":32,"key":"SMITH"},{"data":"Omniscience","floor":40,"key":"SMITH"},{"floor":44,"key":"RECALL"},{"floor":49,"key":"REST"}],"circlet_count":0,"master_deck":["Strike_P","Strike_P","Defend_P","Defend_P","Defend_P","Defend_P","Eruption+1","Vigilance","Scrawl+1","FlyingSleeves","Prostrate+1","Protect","ReachHeaven","SashWhip","ReachHeaven","TalkToTheHand+1","Omniscience+1","ClearTheMind+1","Adaptation","TalkToTheHand+1","ThirdEye","ThirdEye+1","Meditate+1","Omniscience+1","WheelKick+1","Omniscience","FollowUp+1","FlurryOfBlows+1","FlurryOfBlows+1"],"relics":["PureWater","PreservedInsect","Kunai","Dead Branch","Regal Pillow","SlaversCollar","Damaru","Nunchaku","SsserpentHead","Red Mask","Happy Flower","Ancient Tea Set","Bronze Scales","Pen Nib","Lee\u0027s Waffle","Snecko Eye","Lantern","Boot"],"acts_visited":["Exordium","TheCity","TheBeyond"],"potions_floor_usage":[4,11,11,11,20,33,45,50,50,50,50,50,50],"damage_taken":[{"damage":0,"enemies":"Small Slimes","floor":1,"turns":3},{"damage":9,"enemies":"2 Louse","floor":2,"turns":3},{"damage":0,"enemies":"Cultist","floor":4,"turns":3},{"damage":13,"enemies":"Exordium Thugs","floor":5,"turns":4},{"damage":0,"enemies":"Exordium Wildlife","floor":7,"turns":2},{"damage":10,"enemies":"Lots of Slimes","floor":11,"turns":3},{"damage":17,"enemies":"3 Sentries","floor":13,"turns":3},{"damage":31,"enemies":"Hexaghost","floor":16,"turns":5},{"damage":6,"enemies":"Shell Parasite","floor":18,"turns":4},{"damage":0,"enemies":"Chosen","floor":20,"turns":6},{"damage":10,"enemies":"3 Cultists","floor":22,"turns":4},{"damage":19,"enemies":"Masked Bandits","floor":24,"turns":3},{"damage":0,"enemies":"Book of Stabbing","floor":25,"turns":5},{"damage":8,"enemies":"Gremlin Leader","floor":28,"turns":5},{"damage":5,"enemies":"Cultist and Chosen","floor":30,"turns":4},{"damage":7,"enemies":"Collector","floor":33,"turns":5},{"damage":0,"enemies":"3 Shapes","floor":35,"turns":2},{"damage":0,"enemies":"3 Darklings","floor":37,"turns":2},{"damage":0,"enemies":"Writhing Mass","floor":41,"turns":3},{"damage":9,"enemies":"Jaw Worm Horde","floor":45,"turns":3},{"damage":36,"enemies":"Nemesis","floor":46,"turns":5},{"damage":0,"enemies":"Transient","floor":47,"turns":5},{"damage":0,"enemies":"Maw","floor":48,"turns":3},{"damage":81,"enemies":"Donu and Deca","floor":50,"turns":4}],"seed_played":"-5608094139850266456","potions_obtained":[{"floor":1,"key":"LiquidBronze"},{"floor":2,"key":"Block Potion"},{"floor":7,"key":"SkillPotion"},{"floor":10,"key":"PowerPotion"},{"floor":13,"key":"Explosive Potion"},{"floor":16,"key":"Ancient Potion"},{"floor":18,"key":"LiquidMemories"},{"floor":24,"key":"EntropicBrew"},{"floor":37,"key":"Regen Potion"},{"floor":46,"key":"CultistPotion"}],"is_trial":false,"path_per_floor":["M","M","?","M","M","R","M","?","T","?","M","R","E","T","R","B",null,"M","$","M","?","M","R","?","E","T","R","E","T","M","$","R","B",null,"M","$","M","?","$","R","M","?","T","R","M","E","M","M","R","B"],"character_chosen":"WATCHER","items_purchased":["Damaru","Nunchaku","Adaptation","Lee\u0027s Waffle","Lantern","Omniscience"],"campfire_rested":3,"item_purchase_floors":[19,19,19,31,36,39],"current_hp_per_floor":[72,63,68,68,55,55,55,37,37,37,27,50,33,33,71,40,77,71,71,71,71,61,61,42,42,42,42,34,34,29,84,84,77,84,84,84,84,84,84,84,84,80,80,80,75,39,39,39,78,0,0],"gold":192,"neow_bonus":"ONE_RANDOM_RARE_CARD","is_daily":false,"chose_seed":false,"campfire_upgraded":5,"win_rate":0.0,"timestamp":1614395489,"path_taken":["M","M","?","M","M","R","M","?","T","?","?","R","E","?","R","BOSS","M","$","M","?","?","R","?","E","T","R","E","?","?","$","R","BOSS","M","$","M","?","?","R","M","?","T","R","M","E","?","M","R","BOSS"],"items_purchased_type":["Relic","Relic","Card","Relic","Relic","Card"],"build_version":"2020-12-22","purchased_purges":2,"victory":false,"max_hp_per_floor":[72,72,77,77,77,77,77,77,77,77,77,77,77,77,77,77,77,77,77,77,77,77,77,77,77,77,77,77,77,77,84,84,84,84,84,84,84,84,84,84,84,80,80,80,80,80,80,80,80,80,80],"card_choices":[{"not_picked":["EmptyMind","WindmillStrike"],"picked":"FlyingSleeves","floor":1},{"not_picked":["BattleHymn","BowlingBash"],"picked":"Prostrate","floor":2},{"not_picked":["SashWhip","ClearTheMind"],"picked":"Protect","floor":4},{"not_picked":["Consecrate","Crescendo"],"picked":"ReachHeaven","floor":5},{"not_picked":["PathToVictory","Fasting2"],"picked":"SashWhip","floor":7},{"not_picked":["BowlingBash","CutThroughFate"],"picked":"ReachHeaven","floor":11},{"not_picked":["SashWhip","Sanctity"],"picked":"TalkToTheHand","floor":13},{"not_picked":["Blasphemy","ConjureBlade"],"picked":"Omniscience","floor":16},{"not_picked":["Halt","Crescendo"],"picked":"ClearTheMind+1","floor":18},{"not_picked":["SashWhip","JustLucky"],"picked":"TalkToTheHand+1","floor":20},{"not_picked":["CutThroughFate","CrushJoints"],"picked":"ThirdEye","floor":22},{"not_picked":["CutThroughFate+1","FearNoEvil"],"picked":"ThirdEye+1","floor":24},{"not_picked":["Sanctity","CrushJoints+1","Meditate"],"picked":"SKIP","floor":25},{"not_picked":["Collect","Vengeance","Perseverance"],"picked":"SKIP","floor":28},{"not_picked":["Study","ClearTheMind"],"picked":"Meditate+1","floor":30},{"not_picked":["Scrawl","ConjureBlade"],"picked":"Omniscience","floor":33},{"not_picked":["FlyingSleeves","FlurryOfBlows"],"picked":"WheelKick+1","floor":35},{"not_picked":["BowlingBash","FlyingSleeves+1","CrushJoints+1"],"picked":"SKIP","floor":37},{"not_picked":["Evaluate+1","EmptyBody+1"],"picked":"FollowUp+1","floor":41},{"not_picked":["FlurryOfBlows","CutThroughFate","SashWhip+1"],"picked":"SKIP","floor":45},{"not_picked":["SashWhip","ClearTheMind","Protect+1"],"picked":"SKIP","floor":46},{"not_picked":["Fasting2+1","EmptyBody"],"picked":"FlurryOfBlows+1","floor":47},{"not_picked":["ClearTheMind","InnerPeace"],"picked":"FlurryOfBlows+1","floor":48}],"player_experience":81950,"relics_obtained":[{"floor":9,"key":"Kunai"},{"floor":13,"key":"Dead Branch"},{"floor":14,"key":"Regal Pillow"},{"floor":24,"key":"Red Mask"},{"floor":25,"key":"Happy Flower"},{"floor":26,"key":"Ancient Tea Set"},{"floor":28,"key":"Bronze Scales"},{"floor":29,"key":"Pen Nib"},{"floor":46,"key":"Boot"}],"event_choices":[{"damage_healed":0,"gold_gain":0,"player_choice":"Donut","damage_taken":0,"max_hp_gain":5,"max_hp_loss":0,"event_name":"Big Fish","floor":3,"gold_loss":0},{"damage_healed":0,"gold_gain":0,"player_choice":"Success","damage_taken":18,"relics_obtained":["PreservedInsect"],"max_hp_gain":0,"max_hp_loss":0,"event_name":"Scrap Ooze","floor":8,"gold_loss":0},{"damage_healed":0,"gold_gain":0,"player_choice":"Bought 1 Potion","damage_taken":0,"max_hp_gain":0,"max_hp_loss":0,"event_name":"The Woman in Blue","floor":10,"gold_loss":0},{"damage_healed":0,"gold_gain":0,"player_choice":"Trade","damage_taken":0,"relics_obtained":["SsserpentHead"],"max_hp_gain":0,"max_hp_loss":0,"event_name":"FaceTrader","floor":21,"gold_loss":0},{"damage_healed":0,"gold_gain":0,"player_choice":"Fought Bandits","damage_taken":0,"max_hp_gain":0,"max_hp_loss":0,"event_name":"Masked Bandits","floor":24,"gold_loss":0},{"damage_healed":0,"gold_gain":0,"player_choice":"Upgraded","damage_taken":0,"max_hp_gain":0,"max_hp_loss":0,"event_name":"Upgrade Shrine","floor":38,"gold_loss":0,"cards_upgraded":["Prostrate"]},{"damage_healed":0,"gold_gain":0,"player_choice":"Max HP","damage_taken":0,"max_hp_gain":0,"max_hp_loss":4,"event_name":"Winding Halls","floor":42,"gold_loss":0}],"is_beta":false,"boss_relics":[{"not_picked":["Coffee Dripper","Empty Cage"],"picked":"SlaversCollar"},{"not_picked":["Pandora\u0027s Box","HolyWater"],"picked":"Snecko Eye"}],"items_purged_floors":[31,36],"is_endless":false,"potions_floor_spawned":[1,2,7,13,16,18,24,37,46,47,48],"killed_by":"Donu and Deca","ascension_level":0}}