{"host":"qiddgr1lyn3b7c88","time":1614386883,"event":{"mods":["Aspiration","BaseMod","Colored Map","Highlight Path","Minty Spire (QoL Compilation)","Replay The Spire","Shop Mod","StSLib","Synergy Search","The Alterego","egg"],"gold_per_floor":[113,125,142,158,158,184,197,197,197,229,229,229,229,244,244,339,339,313,333,348,398,409,438,438,438,438],"floor_reached":25,"language":"ENG","playtime":1399,"items_purged":[],"score":428,"play_id":"2dc4ec64-7123-4bc3-a3ec-62afc5ac639e","local_time":"20210226194803","is_ascension_mode":true,"campfire_choices":[{"floor":8,"key":"REST"},{"data":"Fission","floor":13,"key":"SMITH"},{"data":"BasicCrystalCard","floor":15,"key":"SMITH"},{"data":"Consume","floor":24,"key":"SMITH"}],"circlet_count":0,"master_deck":["AscendersBane","Strike_B","Strike_B","Defend_B","Defend_B","Defend_B","Defend_B","Zap","Dualcast","Sweeping Beam","Rip and Tear","Recycle","Hologram","Steam","Fission+1","BootSequence","Sweeping Beam","Streamline","BasicCrystalCard+1","ReplaySort","Cold Snap","Loop","Consume+1","Cold Snap","Normality","Skim","Chill"],"relics":["Cracked Core","aspiration:Nostalgia","alterego_mod:MasochisticConstitution","Nunchaku","Iron Hammer","Pondfish Scales","Replay:Grab Bag","Replay:Bronze Core","Sozu","Snecko Eye","Prayer Wheel","Ring of Misfortune","Ring of Greed","Blue Doll","Replay:Wax Seal","aspiration:EnhancedActuators"],"acts_visited":["Exordium","TheCity"],"potions_floor_usage":[10,16,16,23],"damage_taken":[{"damage":14,"enemies":"Small Slimes","floor":1,"turns":4},{"damage":5,"enemies":"2 Louse","floor":2,"turns":2},{"damage":1,"enemies":"Cultist","floor":3,"turns":3},{"damage":2,"enemies":"2 Fungi Beasts","floor":4,"turns":3},{"damage":36,"enemies":"Replay:BlueRogue","floor":6,"turns":8},{"damage":13,"enemies":"Red Slaver","floor":7,"turns":3},{"damage":7,"enemies":"Gremlin Nob","floor":10,"turns":3},{"damage":0,"enemies":"3 Louse","floor":14,"turns":2},{"damage":0,"enemies":"Hexaghost","floor":16,"turns":9},{"damage":22,"enemies":"2 Thieves","floor":18,"turns":6},{"damage":1,"enemies":"3 Byrds","floor":19,"turns":3},{"damage":1,"enemies":"Snecko","floor":20,"turns":5},{"damage":4,"enemies":"Centurion and Healer","floor":22,"turns":8},{"damage":25,"enemies":"Book of Stabbing","floor":23,"turns":6},{"damage":34,"enemies":"Gremlin Leader","floor":25,"turns":4}],"seed_played":"527480827384504332","potions_obtained":[{"floor":2,"key":"Dexterity Potion"},{"floor":7,"key":"ColorlessPotion"},{"floor":10,"key":"LiquidBronze"},{"floor":14,"key":"FocusPotion"},{"floor":16,"key":"Regen Potion"}],"is_trial":false,"path_per_floor":["M","M","M","M","?","E","M","R","T","E","?","?","R","M","R","B",null,"M","M","M","?","M","E","R","E"],"character_chosen":"DEFECT","items_purchased":[],"campfire_rested":1,"item_purchase_floors":[],"current_hp_per_floor":[55,51,51,50,50,15,3,27,27,21,21,21,21,21,21,21,67,46,46,46,46,43,34,34,0,0],"gold":438,"neow_bonus":"NOSTALGIA","is_daily":false,"chose_seed":false,"campfire_upgraded":3,"win_rate":0.0,"timestamp":1614386883,"path_taken":["M","M","M","M","?","E","M","R","T","E","?","?","R","M","R","BOSS","M","M","M","?","M","E","R","E"],"items_purchased_type":[],"build_version":"2020-12-22","purchased_purges":0,"victory":false,"max_hp_per_floor":[76,77,78,79,79,80,81,81,81,82,82,82,82,82,82,82,82,83,84,85,85,86,87,87,87,87],"card_choices":[{"not_picked":["ReplayTheSpireMod:Repulse","Turbo"],"picked":"Sweeping Beam","floor":1},{"not_picked":["Scrape","BasicCrystalCard"],"picked":"Rip and Tear","floor":2},{"not_picked":["Redo","Tempest","Turbo"],"picked":"SKIP","floor":3},{"not_picked":["Stack","Multi-Cast"],"picked":"Recycle","floor":4},{"not_picked":["ReplaySolidLightProjector","Sweeping Beam"],"picked":"Hologram","floor":6},{"not_picked":["Beam Cell","ReplayGash"],"picked":"Steam","floor":7},{"not_picked":["BasicCrystalCard","Stack"],"picked":"Fission","floor":10},{"not_picked":["BasicCrystalCard","Fusion"],"picked":"Cold Snap","floor":14},{"not_picked":["Rainbow","Reboot"],"picked":"ReplayTheSpireMod:Fabricate Wheel","floor":16},{"not_picked":["Steam+1","Fusion+1","Turbo+1"],"picked":"SKIP","floor":18},{"not_picked":["Conserve Battery","Panic Button","ReplayTheSpireMod:System Scan"],"picked":"SKIP","floor":18},{"not_picked":["Leap","ReplayTheSpireMod:Calculation Training"],"picked":"Loop","floor":19},{"not_picked":["Steam","Fusion+1"],"picked":"Consume","floor":19},{"not_picked":["Amplify","Steam"],"picked":"Cold Snap","floor":20},{"not_picked":["Auto Shields","Hologram","Beam Cell"],"picked":"SKIP","floor":20},{"not_picked":["BootSequence","White Noise"],"picked":"Skim","floor":22},{"not_picked":["Redo+1","Stack","Lockon"],"picked":"SKIP","floor":22},{"not_picked":["BasicCrystalCard","Rebound"],"picked":"Chill","floor":23}],"player_experience":1080750,"relics_obtained":[{"floor":6,"key":"Nunchaku"},{"floor":9,"key":"Iron Hammer"},{"floor":10,"key":"Pondfish Scales"},{"floor":21,"key":"Ring of Misfortune"},{"floor":21,"key":"Ring of Greed"},{"floor":21,"key":"Blue Doll"},{"floor":21,"key":"Replay:Wax Seal"},{"floor":23,"key":"aspiration:EnhancedActuators"}],"event_choices":[{"cards_removed":["Strike_B"],"damage_healed":0,"gold_gain":0,"player_choice":"Purged","damage_taken":0,"max_hp_gain":0,"max_hp_loss":0,"event_name":"Purifier","floor":12,"gold_loss":0}],"is_beta":false,"boss_relics":[{"not_picked":["Abe\u0027s Treasure","SlaversCollar"],"picked":"Replay:Grab Bag"},{"not_picked":["Philosopher\u0027s Stone","Busted Crown"],"picked":"Replay:Bronze Core"},{"not_picked":["Fusion Hammer","Velvet Choker"],"picked":"Sozu"},{"not_picked":["aspiration:WatcherSkillbook","Nuclear Battery"],"picked":"Snecko Eye"}],"items_purged_floors":[],"is_endless":false,"potions_floor_spawned":[2,7,10,14,16,23],"killed_by":"Gremlin Leader","ascension_level":10}}