{"host":"w14xfy17z3c5mpoi","time":1614388242,"event":{"mods":["AchievementEnabler","BaseMod","Minty Spire (QoL Compilation)","Relic Stats"],"gold_per_floor":[110,123,123,123,48,81,81,114,114,132,132,143,177,177,177,177,177],"floor_reached":16,"language":"ENG","playtime":497,"items_purged":["Defend_G+1"],"score":265,"play_id":"c12987da-53fb-4593-bb23-808661c2ad3c","local_time":"20210226201042","is_ascension_mode":true,"campfire_choices":[{"data":"Adrenaline","floor":7,"key":"SMITH"},{"data":"Glass Knife","floor":11,"key":"SMITH"},{"floor":15,"key":"REST"}],"circlet_count":0,"master_deck":["AscendersBane","Strike_G","Strike_G","Strike_G","Strike_G","Defend_G","Defend_G","Defend_G","Defend_G","Survivor","Neutralize+1","Blade Dance","Dagger Spray","Blur","Adrenaline+1","Glass Knife+1","Sucker Punch","Footwork","Escape Plan"],"relics":["Ring of the Snake","NeowsBlessing","Ice Cream","Boot","Gambling Chip","Girya"],"acts_visited":["Exordium"],"potions_floor_usage":[8,12,13,16],"damage_taken":[{"damage":0,"enemies":"Cultist","floor":1,"turns":1},{"damage":0,"enemies":"2 Louse","floor":2,"turns":1},{"damage":0,"enemies":"3 Sentries","floor":6,"turns":1},{"damage":15,"enemies":"Lagavulin","floor":8,"turns":11},{"damage":4,"enemies":"Jaw Worm","floor":10,"turns":2},{"damage":0,"enemies":"Looter","floor":12,"turns":1},{"damage":16,"enemies":"Gremlin Nob","floor":13,"turns":3},{"damage":23,"enemies":"Hexaghost","floor":16,"turns":16}],"seed_played":"-7962442850698205877","potions_obtained":[{"floor":6,"key":"EssenceOfSteel"},{"floor":8,"key":"Poison Potion"},{"floor":10,"key":"Poison Potion"},{"floor":13,"key":"PowerPotion"}],"is_trial":false,"path_per_floor":["M","M","?","?","$","E","R","E","T","M","R","M","E","?","R","B"],"character_chosen":"THE_SILENT","items_purchased":[],"campfire_rested":1,"item_purchase_floors":[],"current_hp_per_floor":[59,59,39,39,39,39,39,24,24,20,20,20,4,4,23,0,0],"gold":177,"neow_bonus":"THREE_ENEMY_KILL","is_daily":false,"chose_seed":false,"campfire_upgraded":2,"win_rate":0.0,"timestamp":1614388242,"path_taken":["M","M","?","?","$","E","R","E","T","M","R","?","E","?","R","BOSS"],"items_purchased_type":[],"build_version":"2020-12-22","purchased_purges":1,"victory":false,"max_hp_per_floor":[66,66,66,66,66,66,66,66,66,66,66,66,66,66,66,66,66],"relic_stats":{"counters":[8,36],"Gambling Chip":[12],"Boot":[35],"obtain_stats":[{"Ice Cream":6,"Girya":13,"NeowsBlessing":0,"Gambling Chip":9,"Boot":8,"Ring of the Snake":0},{"Ice Cream":3,"Girya":7,"NeowsBlessing":0,"Gambling Chip":4,"Boot":4,"Ring of the Snake":0},{"Ice Cream":3,"Girya":20,"NeowsBlessing":0,"Gambling Chip":14,"Boot":14,"Ring of the Snake":0}],"Ring of the Snake":[16]},"card_choices":[{"not_picked":["Bane","Flying Knee"],"picked":"Blade Dance","floor":1},{"not_picked":["Prepared","Acrobatics"],"picked":"Dagger Spray","floor":2},{"not_picked":["Acrobatics","Grand Finale"],"picked":"Adrenaline","floor":6},{"not_picked":["Endless Agony","Prepared"],"picked":"Glass Knife","floor":8},{"not_picked":["Deadly Poison","Quick Slash"],"picked":"Sucker Punch","floor":10},{"not_picked":["Acrobatics","Bouncing Flask"],"picked":"Footwork","floor":12},{"not_picked":["Poisoned Stab","Bane"],"picked":"Escape Plan","floor":13}],"player_experience":835974,"relics_obtained":[{"floor":6,"key":"Ice Cream"},{"floor":8,"key":"Boot"},{"floor":9,"key":"Gambling Chip"},{"floor":13,"key":"Girya"}],"event_choices":[{"damage_healed":0,"gold_gain":0,"player_choice":"Entered Light","damage_taken":20,"max_hp_gain":0,"max_hp_loss":0,"event_name":"Shining Light","floor":3,"gold_loss":0,"cards_upgraded":["Neutralize","Defend_G"]},{"damage_healed":0,"gold_gain":0,"cards_transformed":["Strike_G"],"player_choice":"Transformed","damage_taken":0,"max_hp_gain":0,"max_hp_loss":0,"event_name":"Transmorgrifier","floor":4,"gold_loss":0,"cards_obtained":["Blur"]},{"damage_healed":0,"gold_gain":0,"player_choice":"Fled","damage_taken":0,"max_hp_gain":0,"max_hp_loss":0,"event_name":"Scrap Ooze","floor":14,"gold_loss":0}],"is_beta":false,"boss_relics":[],"items_purged_floors":[5],"is_endless":false,"potions_floor_spawned":[6,8,10,13],"killed_by":"Hexaghost","ascension_level":17}}