{"host":"pboyrhtqteqd23la","time":1614412321,"event":{"mods":["Act Like it!","Aspiration","BaseMod","Bestiary","Better Third Choice","Conspire","Energized Spire","Minty Spire (QoL Compilation)","Relic Stats","Reliquary","Shop Mod","StSLib","The Cursed","The Runesmith"],"gold_per_floor":[119,119,119,119,137,137,181,199,224,224,264,279,298,319,319,450,450,468,468,489,158,174,189,114,137,162,162,176,86,86,100,100,224,224,239,258,20,35,35,70,20,33,33,49,49,49,49,72,72,72],"floor_reached":51,"language":"ENG","playtime":4182,"items_purged":["Runesmith:Strike_RS","Runesmith:FrozenChisel","Runesmith:ArcReactor"],"score":766,"play_id":"b91a3992-468a-417d-93ec-b27c636f7556","local_time":"20210227005201","is_ascension_mode":false,"campfire_choices":[{"data":"Runesmith:Fortify","floor":6,"key":"SMITH"},{"data":"Runesmith:Permafrost","floor":10,"key":"SMITH"},{"floor":15,"key":"REST"},{"floor":27,"key":"REST"},{"floor":30,"key":"REST"},{"floor":32,"key":"REST"},{"floor":45,"key":"REST"},{"data":"Runesmith:Empowerment","floor":47,"key":"SMITH"},{"floor":49,"key":"REST"}],"circlet_count":0,"master_deck":["Runesmith:Strike_RS","Runesmith:Strike_RS+1","Runesmith:Strike_RS","Runesmith:Defend_RS","Runesmith:Defend_RS","Runesmith:Defend_RS","Runesmith:Defend_RS","Runesmith:Fortify+1","Runesmith:CraftMagma","Runesmith:Malloc","Runesmith:Permafrost+1","Runesmith:PerfectChisel","Runesmith:CraftProtectio","Runesmith:Terraform","Runesmith:Supernova","Runesmith:FrozenChisel+1","Runesmith:Firestorm","Runesmith:EarthShield","Runesmith:Empowerment+1","Runesmith:CraftProtectio+1","Runesmith:PoweredAnvil","Runesmith:EnergizedChisel+1","Runesmith:CraftProtectio","Runesmith:NegativeSpace","Runesmith:CraftPrismatica","Runesmith:Augment"],"relics":["Runesmith:BrokenRuby","NeowsBlessing","Golden Idol","Akabeko","Smiling Mask","reliquary:Stiletto","Runesmith:AutoHammer","energizedSpire:SpiderWeb","CultistMask","Dream Catcher","Omamori","Busted Crown","ClockworkSouvenir","Peace Pipe","reliquary:PorcupineQuills"],"acts_visited":["Exordium","TheCity","TheBeyond"],"potions_floor_usage":[11,14,18,23,23,50,50],"damage_taken":[{"damage":0,"enemies":"2 Louse","floor":1,"turns":1},{"damage":2,"enemies":"conspire:RoseBush","floor":5,"turns":1},{"damage":0,"enemies":"Gremlin Nob","floor":7,"turns":1},{"damage":0,"enemies":"Small Slimes","floor":8,"turns":4},{"damage":18,"enemies":"Lagavulin","floor":11,"turns":7},{"damage":8,"enemies":"Red Slaver","floor":12,"turns":3},{"damage":7,"enemies":"3 Louse","floor":13,"turns":4},{"damage":3,"enemies":"Lots of Slimes","floor":14,"turns":4},{"damage":19,"enemies":"Slime Boss","floor":16,"turns":11},{"damage":24,"enemies":"3 Byrds","floor":18,"turns":7},{"damage":0,"enemies":"conspire:FuzzyDice","floor":20,"turns":6},{"damage":13,"enemies":"Centurion and Healer","floor":22,"turns":6},{"damage":6,"enemies":"Snake Plant","floor":23,"turns":4},{"damage":11,"enemies":"Shelled Parasite and Fungi","floor":28,"turns":7},{"damage":9,"enemies":"Centurion and Healer","floor":31,"turns":7},{"damage":0,"enemies":"Automaton","floor":33,"turns":13},{"damage":2,"enemies":"Orb Walker","floor":35,"turns":7},{"damage":6,"enemies":"3 Shapes","floor":36,"turns":7},{"damage":18,"enemies":"Sphere and 2 Shapes","floor":38,"turns":6},{"damage":0,"enemies":"Giant Head","floor":40,"turns":8},{"damage":0,"enemies":"4 Shapes","floor":42,"turns":6},{"damage":17,"enemies":"3 Darklings","floor":44,"turns":13},{"damage":16,"enemies":"Spire Growth","floor":48,"turns":7},{"damage":32,"enemies":"Time Eater","floor":50,"turns":10}],"seed_played":"-6060504749808399772","potions_obtained":[{"floor":5,"key":"Strength Potion"},{"floor":7,"key":"ColorlessPotion"},{"floor":12,"key":"GamblersBrew"},{"floor":13,"key":"ColorlessPotion"},{"floor":14,"key":"Strength Potion"},{"floor":18,"key":"Fruit Juice"},{"floor":22,"key":"DistilledChaos"},{"floor":33,"key":"Ancient Potion"},{"floor":35,"key":"Fire Potion"},{"floor":40,"key":"SteroidPotion"}],"is_trial":false,"path_per_floor":["M","?","?","?","M","R","E","M","T","R","E","M","M","M","R","B",null,"M","?","M","$","M","M","?","T","T","R","M","?","R","M","R","B",null,"M","M","$","M","?","E","$","M","T","M","R","?","R","M","R","B",null],"character_chosen":"RUNESMITH_CLASS","items_purchased":["Runesmith:Firestorm","Runesmith:EarthShield","Runesmith:Empowerment","Dramatic Entrance","ClockworkSouvenir","Runesmith:Augment"],"campfire_rested":6,"item_purchase_floors":[21,21,21,21,37,37],"current_hp_per_floor":[70,65,62,62,60,60,60,60,60,60,42,34,27,24,43,24,65,46,46,46,46,33,27,27,27,27,48,37,37,58,49,70,70,70,68,62,62,44,44,44,44,44,44,27,48,61,61,45,61,29],"gold":72,"neow_bonus":"THREE_ENEMY_KILL","is_daily":false,"chose_seed":false,"campfire_upgraded":3,"win_rate":0.0,"timestamp":1614412321,"path_taken":["M","?","?","?","M","R","E","M","T","R","E","M","?","M","R","BOSS","M","?","?","$","M","M","?","?","T","R","M","?","R","M","R","BOSS","M","M","$","?","?","E","?","M","T","M","R","?","R","M","R","BOSS"],"items_purchased_type":["Card","Card","Card","Card","Relic","Card"],"build_version":"2020-12-22","purchased_purges":3,"victory":true,"max_hp_per_floor":[70,65,65,65,65,65,65,65,65,65,65,65,65,65,65,65,65,70,70,70,70,70,70,70,70,70,70,70,70,70,70,70,70,70,70,70,70,70,70,70,70,70,70,70,70,61,61,61,61,61],"relic_stats":{"Peace Pipe":0,"Dream Catcher":5,"Busted Crown":18,"counters":[24,150],"Golden Idol":159,"Smiling Mask":150,"obtain_stats":[{"Runesmith:BrokenRuby":0,"NeowsBlessing":0,"Golden Idol":2,"Omamori":26,"energizedSpire:SpiderWeb":17,"Smiling Mask":7,"Akabeko":3,"ClockworkSouvenir":37,"Peace Pipe":39,"Dream Catcher":25,"Busted Crown":34,"reliquary:PorcupineQuills":40,"reliquary:Stiletto":9,"CultistMask":19,"Runesmith:AutoHammer":11},{"Runesmith:BrokenRuby":0,"NeowsBlessing":0,"Golden Idol":1,"Omamori":13,"energizedSpire:SpiderWeb":9,"Smiling Mask":3,"Akabeko":1,"ClockworkSouvenir":18,"Peace Pipe":19,"Dream Catcher":13,"Busted Crown":16,"reliquary:PorcupineQuills":20,"reliquary:Stiletto":4,"CultistMask":10,"Runesmith:AutoHammer":5},{"Runesmith:BrokenRuby":0,"NeowsBlessing":0,"Golden Idol":1,"Omamori":59,"energizedSpire:SpiderWeb":36,"Smiling Mask":3,"Akabeko":1,"ClockworkSouvenir":100,"Peace Pipe":106,"Dream Catcher":59,"Busted Crown":86,"reliquary:PorcupineQuills":114,"reliquary:Stiletto":7,"CultistMask":43,"Runesmith:AutoHammer":14}]},"card_choices":[{"not_picked":["Runesmith:ShiftingStrike","Runesmith:Superposition"],"picked":"Runesmith:CraftMagma","floor":1},{"not_picked":["Runesmith:ChiselStab","Runesmith:HeatedChisel"],"picked":"Runesmith:Malloc","floor":5},{"not_picked":["Runesmith:NegativeSpace","Runesmith:EarthShield"],"picked":"Runesmith:Permafrost","floor":7},{"not_picked":["Runesmith:UnstableHammer","Runesmith:Overpower","Runesmith:HammerAndChisel"],"picked":"SKIP","floor":8},{"not_picked":["Runesmith:HammerThrow","Runesmith:StaticCage"],"picked":"Runesmith:PerfectChisel","floor":11},{"not_picked":["Runesmith:EarthShield","Runesmith:StaticCage"],"picked":"Runesmith:CraftProtectio","floor":12},{"not_picked":["Runesmith:NegativeSpace","Runesmith:HeatedChisel"],"picked":"Runesmith:Terraform","floor":13},{"not_picked":["Runesmith:ElementalConversion","Runesmith:Grindstone"],"picked":"Runesmith:FrozenChisel","floor":14},{"not_picked":["Runesmith:Duplicate","Runesmith:DuctTape"],"picked":"Runesmith:Supernova","floor":16},{"not_picked":["Runesmith:HeatExchange","Runesmith:StaticCage"],"picked":"Runesmith:FrozenChisel+1","floor":18},{"not_picked":["Runesmith:EnergizedChisel","Runesmith:HeatExchange","Runesmith:ShiftingStrike+1"],"picked":"SKIP","floor":20},{"not_picked":["Runesmith:StaticCage","Runesmith:ChargedHammer"],"picked":"Runesmith:CraftProtectio+1","floor":22},{"not_picked":["Runesmith:Electrocute","Runesmith:StaticCage"],"picked":"Runesmith:PoweredAnvil","floor":23},{"not_picked":["Runesmith:NegativeSpace+1","Runesmith:Retool"],"picked":"Runesmith:EnergizedChisel+1","floor":27},{"not_picked":["Runesmith:BackupBattery+1","Runesmith:Prism"],"picked":"Runesmith:CraftProtectio","floor":28},{"not_picked":["Runesmith:ShiftingStrike","Runesmith:HammerThrow"],"picked":"Runesmith:ArcReactor","floor":30},{"not_picked":["Runesmith:ShiftingStrike","Runesmith:RuneHurl","Runesmith:OneForEveryone"],"picked":"SKIP","floor":31},{"not_picked":["Runesmith:EnergizedChisel+1","Runesmith:HammerTime"],"picked":"Runesmith:NegativeSpace","floor":32},{"not_picked":["Runesmith:CraftMedicinae","Runesmith:DuctTape"],"picked":"Runesmith:CraftPrismatica","floor":33},{"not_picked":["Runesmith:Permafrost"],"picked":"SKIP","floor":35},{"not_picked":["Runesmith:HeatExchange+1"],"picked":"SKIP","floor":36},{"not_picked":["Runesmith:HammerThrow"],"picked":"SKIP","floor":38},{"not_picked":["Runesmith:Overpower+1"],"picked":"SKIP","floor":40},{"not_picked":["Runesmith:Repurpose"],"picked":"SKIP","floor":42},{"not_picked":["Runesmith:ChiselStab+1"],"picked":"SKIP","floor":44},{"not_picked":["Runesmith:Overpower+1"],"picked":"SKIP","floor":48}],"player_experience":676901,"relics_obtained":[{"floor":7,"key":"Smiling Mask"},{"floor":9,"key":"reliquary:Stiletto"},{"floor":11,"key":"Runesmith:AutoHammer"},{"floor":25,"key":"Dream Catcher"},{"floor":26,"key":"Omamori"},{"floor":40,"key":"reliquary:PorcupineQuills"}],"event_choices":[{"damage_healed":0,"gold_gain":0,"player_choice":"Lose Max HP","damage_taken":0,"relics_obtained":["Golden Idol"],"max_hp_gain":0,"max_hp_loss":5,"event_name":"Golden Idol","floor":2,"gold_loss":0},{"damage_healed":0,"gold_gain":0,"player_choice":"Relic ","damage_taken":3,"max_hp_gain":0,"max_hp_loss":0,"event_name":"betterThird:BetterScrap","floor":3,"gold_loss":0,"cards_obtained":["Catalyst"]},{"cards_removed":["Iron Wave"],"damage_healed":0,"gold_gain":0,"player_choice":"Took Card","damage_taken":0,"max_hp_gain":0,"max_hp_loss":0,"event_name":"NoteForYourself","floor":4,"gold_loss":0,"cards_obtained":["Iron Wave"]},{"damage_healed":0,"gold_gain":0,"player_choice":"Trade","damage_taken":0,"relics_obtained":["CultistMask"],"max_hp_gain":0,"max_hp_loss":0,"event_name":"FaceTrader","floor":19,"gold_loss":0},{"cards_removed":["Runesmith:CraftFirestone"],"damage_healed":0,"gold_gain":0,"player_choice":"Gave Gold","damage_taken":0,"max_hp_gain":0,"max_hp_loss":0,"event_name":"Beggar","floor":24,"gold_loss":75},{"cards_removed":["Dramatic Entrance"],"damage_healed":0,"gold_gain":0,"player_choice":"Upgrade and Remove","damage_taken":0,"max_hp_gain":0,"max_hp_loss":0,"event_name":"Designer","floor":29,"gold_loss":90,"cards_upgraded":["Runesmith:Strike_RS"]},{"damage_healed":0,"gold_gain":0,"player_choice":"Gave Potion","damage_taken":0,"relics_obtained":["Peace Pipe"],"max_hp_gain":0,"max_hp_loss":0,"event_name":"WeMeetAgain","floor":39,"gold_loss":0},{"damage_healed":61,"gold_gain":0,"player_choice":"Heal","damage_taken":0,"max_hp_gain":0,"max_hp_loss":9,"event_name":"The Moai Head","floor":46,"gold_loss":0}],"is_beta":false,"boss_relics":[{"not_picked":["Philosopher\u0027s Stone","SlaversCollar"],"picked":"energizedSpire:SpiderWeb"},{"not_picked":["Empty Cage","SacredBark"],"picked":"Busted Crown"}],"items_purged_floors":[21,37,41],"is_endless":false,"potions_floor_spawned":[5,7,12,13,14,18,22,33,35,40,42,48],"ascension_level":0}}