{"host":"fbf4ff5zs5coz2xl","time":1614409829,"event":{"mods":["BaseMod","Downfall","Minty Spire (QoL Compilation)","Permanent Neow","StSLib"],"gold_per_floor":[99,110,129,140,159,177,232,32,62,47,63,63,79,106,120,120,120,120],"floor_reached":16,"language":"ENG","playtime":1467,"items_purged":[],"score":170,"play_id":"71e5eddd-9f4b-4280-b034-0fa3a7b6c323","local_time":"20210227001029","is_ascension_mode":true,"campfire_choices":[{"floor":1.0,"key":"RECALL"},{"data":"Guardian:BodySlam","floor":8.0,"key":"SMITH"}],"circlet_count":0,"master_deck":["Guardian:Strike_Guardian","Guardian:Strike_Guardian","Guardian:Strike_Guardian","Guardian:Strike_Guardian","Guardian:Defend_Guardian","Guardian:Defend_Guardian","Guardian:Defend_Guardian","Guardian:Defend_Guardian","Guardian:CurlUp","Guardian:TwinSlam","Guardian:PrimingBeam","Guardian:PiercingHide","Guardian:RollAttack","Guardian:BodySlam+1","Guardian:Harden","Guardian:GemFinder","Guardian:Gem_Red","Guardian:PrismaticBeam","Guardian:Gem_Green","Guardian:Gem_Cyan","Guardian:Gem_Cyan","Guardian:Gem_White","Guardian:Gem_Cyan","Guardian:Gem_Green","Guardian:Gem_Red"],"relics":["Guardian:ModeShifter","Strawberry","downfall:HeartBlessingRed","downfall:HeartBlessingBlue","Darkstone Periapt","downfall:BrokenWingStatue","Tiny Chest"],"acts_visited":["Exordium"],"potions_floor_usage":[14,16],"damage_taken":[{"damage":6.0,"enemies":"Cultist","floor":2.0,"turns":4.0},{"damage":7.0,"enemies":"2 Louse","floor":3.0,"turns":2.0},{"damage":0.0,"enemies":"Jaw Worm","floor":4.0,"turns":4.0},{"damage":4.0,"enemies":"Red Slaver","floor":5.0,"turns":5.0},{"damage":5.0,"enemies":"Gremlin Gang","floor":6.0,"turns":4.0},{"damage":9.0,"enemies":"Gremlin Nob","floor":9.0,"turns":4.0},{"damage":0.0,"enemies":"downfall:FleeingMerchant","floor":10.0,"turns":4.0},{"damage":19.0,"enemies":"Exordium Thugs","floor":11.0,"turns":6.0},{"damage":3.0,"enemies":"2 Fungi Beasts","floor":13.0,"turns":4.0},{"damage":31,"enemies":"Lagavulin","floor":14,"turns":11},{"damage":0,"enemies":"downfall:LooterAlt","floor":15,"turns":5},{"damage":21,"enemies":"DF_ARCHETYPE_STREAMLINE","floor":16,"turns":3}],"seed_played":"-8996911355809590600","potions_obtained":[{"floor":2.0,"key":"Fire Potion"},{"floor":3.0,"key":"bronze:BurnAndBuffPotion"},{"floor":6.0,"key":"Energy Potion"},{"floor":13.0,"key":"Dexterity Potion"},{"floor":14,"key":"hexamod:SoulburnPotion"}],"is_trial":false,"path_per_floor":["R","M","M","M","M","M","T","R","E","$","M","?","M","E","M","B"],"character_chosen":"GUARDIAN","items_purchased":[],"campfire_rested":0,"item_purchase_floors":[],"current_hp_per_floor":[87,81,74,74,70,65,65,75,66,66,47,47,44,13,13,0,0,0],"gold":120,"neow_bonus":"RANDOM_COMMON_RELIC","is_daily":false,"chose_seed":false,"campfire_upgraded":1,"win_rate":0.0,"timestamp":1614409829,"path_taken":["R","M","M","M","M","?","T","R","E","$","M","?","M","E","M","BOSS"],"items_purchased_type":[],"build_version":"2020-12-22","purchased_purges":0,"victory":false,"max_hp_per_floor":[87,87,87,87,87,87,87,97,97,97,97,97,97,97,97,97,97,97],"card_choices":[{"not_picked":["Guardian:Gem_Crimson","Guardian:ShieldSpikes"],"picked":"Guardian:PrimingBeam","floor":2.0},{"not_picked":["Guardian:Reroute","Guardian:Emergency"],"picked":"Guardian:PiercingHide","floor":3.0},{"not_picked":["Guardian:GuardianWhirl","Guardian:ChargeCore"],"picked":"Guardian:RollAttack","floor":4.0},{"not_picked":["Guardian:Preprogram","Guardian:TemporalStrike"],"picked":"Guardian:BodySlam","floor":5.0},{"not_picked":["Guardian:TimeCapacitor","Guardian:Incinerate"],"picked":"Guardian:Harden","floor":6.0},{"not_picked":["Guardian:RollAttack","Guardian:VentSteam"],"picked":"Guardian:GemFinder","floor":9.0},{"not_picked":["Guardian:Gem_Lightblue","Guardian:Gem_Green"],"picked":"Guardian:Gem_Red","floor":10.0},{"not_picked":["Guardian:TimeSifter","Guardian:Preprogram"],"picked":"Guardian:PrismaticBeam","floor":10.0},{"not_picked":["Guardian:Incinerate","Guardian:PrimingBeam"],"picked":"Guardian:Gem_Green","floor":11.0},{"not_picked":["Guardian:Gem_Lightblue","Guardian:Gem_Green"],"picked":"Guardian:Gem_Cyan","floor":11.0},{"not_picked":["Guardian:Gem_Green","Guardian:Gem_Lightblue"],"picked":"Guardian:Gem_Cyan","floor":13.0},{"not_picked":["Guardian:ChargeCore","Guardian:Recover","Guardian:FuturePlans"],"picked":"SKIP","floor":13.0},{"not_picked":["Guardian:BodySlam","Guardian:Gem_Green"],"picked":"Guardian:Gem_White","floor":14},{"not_picked":["Guardian:Gem_Red","Guardian:Gem_Green"],"picked":"Guardian:Gem_Cyan","floor":14},{"not_picked":["Guardian:Gem_Lightblue","Guardian:Gem_Red"],"picked":"Guardian:Gem_Green","floor":15},{"not_picked":["Guardian:PolyBeam","Guardian:Suspension"],"picked":"Guardian:Gem_Red","floor":15}],"player_experience":587565,"relics_obtained":[{"floor":9.0,"key":"Darkstone Periapt"},{"floor":14,"key":"Tiny Chest"}],"event_choices":[],"is_beta":false,"boss_relics":[],"items_purged_floors":[],"is_endless":false,"potions_floor_spawned":[2,3,6,13,14],"killed_by":"DF_ARCHETYPE_STREAMLINE","ascension_level":5}}