{"host":"2hz3p8f82lqex3pd","time":1614455242,"event":{"mods":["AchievementEnabler","BaseMod","Better Third Choice","Colored Powertips","Minty Spire (QoL Compilation)","StSLib"],"gold_per_floor":[116,132,145,1,1,1,14,14,14,28,62,75,25,25,25,130,130,146,162,162,179,65,65,82,82,109,209,219,219,27,45,45,45,45],"floor_reached":33,"language":"ENG","playtime":1033,"items_purged":["Defend_R","Strike_R"],"score":311,"play_id":"f11a3e4c-0a1c-4906-95ad-7c555ebed16f","local_time":"20210227144722","is_ascension_mode":true,"campfire_choices":[{"data":"Sever Soul","floor":6,"key":"SMITH"},{"data":"Bash","floor":8,"key":"SMITH"},{"data":"Reckless Charge","floor":15,"key":"SMITH"},{"floor":23,"key":"REST"},{"floor":25,"key":"REST"},{"floor":29,"key":"REST"},{"floor":32,"key":"REST"}],"circlet_count":0,"master_deck":["Strike_R","Strike_R","Strike_R","Strike_R","Defend_R","Defend_R","Defend_R","Bash+1","Wild Strike","Reckless Charge+1","Wild Strike+1","Evolve","Sever Soul+1","Wild Strike+1","Blood for Blood+1","Fire Breathing","Fire Breathing+1","Dramatic Entrance+1"],"relics":["Burning Blood","Ginger","Mercury Hourglass","Anchor","Runic Cube","MutagenicStrength","Whetstone","Incense Burner","Molten Egg 2"],"acts_visited":["Exordium","TheCity"],"potions_floor_usage":[11,12,16,16,21,33,33],"damage_taken":[{"damage":12,"enemies":"Jaw Worm","floor":1,"turns":2},{"damage":0,"enemies":"2 Louse","floor":2,"turns":3},{"damage":12,"enemies":"Small Slimes","floor":3,"turns":2},{"damage":3,"enemies":"Blue Slaver","floor":7,"turns":2},{"damage":15,"enemies":"Large Slime","floor":10,"turns":4},{"damage":21,"enemies":"3 Sentries","floor":11,"turns":4},{"damage":2,"enemies":"2 Fungi Beasts","floor":12,"turns":3},{"damage":49,"enemies":"Hexaghost","floor":16,"turns":7},{"damage":46,"enemies":"3 Byrds","floor":18,"turns":4},{"damage":2,"enemies":"Chosen","floor":19,"turns":3},{"damage":13,"enemies":"Snecko","floor":21,"turns":3},{"damage":28,"enemies":"Snake Plant","floor":24,"turns":3},{"damage":16,"enemies":"Colosseum Slavers","floor":27,"turns":3},{"damage":30,"enemies":"Colosseum Nobs","floor":27,"turns":4},{"damage":42,"enemies":"Shelled Parasite and Fungi","floor":28,"turns":4},{"damage":12,"enemies":"Cultist and Chosen","floor":31,"turns":4},{"damage":66,"enemies":"Collector","floor":33,"turns":5}],"seed_played":"4963819971581340373","potions_obtained":[{"floor":2,"key":"PowerPotion"},{"floor":11,"key":"EntropicBrew"},{"floor":12,"key":"Fruit Juice"},{"floor":18,"key":"Explosive Potion"},{"floor":24,"key":"FairyPotion"},{"floor":27,"key":"FearPotion"},{"floor":31,"key":"SpeedPotion"}],"is_trial":false,"path_per_floor":["M","M","M","$","?","R","M","R","T","M","E","M","?","$","R","B",null,"M","M","?","M","$","R","M","R","T","?","M","R","$","M","R","B"],"character_chosen":"IRONCLAD","items_purchased":["Evolve","Sever Soul","Fire Breathing","Dramatic Entrance+1"],"campfire_rested":4,"item_purchase_floors":[4,4,22,30],"current_hp_per_floor":[66,72,66,66,66,66,69,69,69,60,45,49,49,49,49,11,61,21,25,25,18,18,41,19,42,42,8,9,32,32,26,49,0,0],"gold":45,"neow_bonus":"ONE_RARE_RELIC","is_daily":false,"chose_seed":false,"campfire_upgraded":3,"win_rate":0.0,"timestamp":1614455242,"path_taken":["M","M","M","$","?","R","M","R","T","M","E","M","?","?","R","BOSS","M","M","?","M","$","R","M","R","T","?","M","R","$","M","R","BOSS"],"items_purchased_type":["Card","Card","Card","Card"],"build_version":"2020-12-22","purchased_purges":2,"victory":false,"max_hp_per_floor":[72,72,72,72,72,72,72,72,72,72,72,72,72,72,72,77,77,77,77,77,77,77,77,77,77,77,77,77,77,77,77,77,77,77],"card_choices":[{"not_picked":["Iron Wave","Anger"],"picked":"Wild Strike","floor":1},{"not_picked":["Seeing Red","Heavy Blade"],"picked":"Reckless Charge","floor":2},{"not_picked":["Sever Soul","Twin Strike"],"picked":"Wild Strike","floor":3},{"not_picked":["Thunderclap","Metallicize","Armaments"],"picked":"SKIP","floor":7},{"not_picked":["Dark Embrace","Combust","Headbutt"],"picked":"SKIP","floor":10},{"not_picked":["Warcry","Corruption","Shockwave"],"picked":"SKIP","floor":11},{"not_picked":["Thunderclap","Spot Weakness"],"picked":"Wild Strike","floor":12},{"not_picked":["Cleave","Havoc"],"picked":"Blood for Blood+1","floor":18},{"not_picked":["Headbutt+1","Body Slam","Anger"],"picked":"SKIP","floor":19},{"not_picked":["Combust","Sword Boomerang","Ghostly Armor"],"picked":"SKIP","floor":21},{"not_picked":["Combust","Sword Boomerang","Ghostly Armor"],"picked":"SKIP","floor":21},{"not_picked":["Iron Wave+1","Cleave+1"],"picked":"Fire Breathing+1","floor":24},{"not_picked":["Anger+1","Sentinel","Rampage+1"],"picked":"SKIP","floor":28},{"not_picked":["Cleave+1","Clash+1","Disarm"],"picked":"SKIP","floor":31}],"player_experience":220075,"relics_obtained":[{"floor":11,"key":"Anchor"},{"floor":26,"key":"Whetstone"},{"floor":27,"key":"Incense Burner"},{"floor":27,"key":"Molten Egg 2"}],"event_choices":[{"damage_healed":0,"gold_gain":0,"player_choice":"Box","damage_taken":0,"relics_obtained":["Mercury Hourglass"],"max_hp_gain":0,"max_hp_loss":0,"event_name":"Big Fish","floor":5,"gold_loss":0,"cards_obtained":["Regret"]},{"cards_removed":["Regret"],"damage_healed":0,"gold_gain":0,"player_choice":"Card Removal","damage_taken":0,"max_hp_gain":0,"max_hp_loss":0,"event_name":"The Cleric","floor":13,"gold_loss":50},{"damage_healed":0,"gold_gain":0,"player_choice":"Inject Mutagens","damage_taken":0,"relics_obtained":["MutagenicStrength"],"max_hp_gain":0,"max_hp_loss":0,"event_name":"Drug Dealer","floor":20,"gold_loss":0},{"damage_healed":0,"gold_gain":0,"player_choice":"Fight","damage_taken":0,"max_hp_gain":0,"max_hp_loss":0,"event_name":"Colosseum","floor":27,"gold_loss":0},{"damage_healed":0,"gold_gain":0,"player_choice":"Fought Nobs","damage_taken":0,"max_hp_gain":0,"max_hp_loss":0,"event_name":"Colosseum","floor":27,"gold_loss":0}],"is_beta":false,"boss_relics":[{"not_picked":["Cursed Key","Fusion Hammer"],"picked":"Runic Cube"}],"items_purged_floors":[22,30],"is_endless":false,"potions_floor_spawned":[2,11,12,18,24,27,31],"killed_by":"Collector","ascension_level":5}}