{"host":"gzk4gkgy3zij1c51","time":1614453665,"event":{"mods":["BaseMod","Colored Map","Downfall","Highlight Path","Marked Mod","Minty Spire (QoL Compilation)","Relic Stats","StSLib","The Cursed","everything is the same but u backflip on backflip"],"gold_per_floor":[99,115,565,415,428,428,451,62,95,195,220,120,24,85,104,206,206,206,226,238,288,338,355,355,355,355,355],"floor_reached":25,"language":"ENG","playtime":1694,"items_purged":[],"score":297,"play_id":"8448666b-e12a-40be-b77e-9e4620a0e0f7","local_time":"20210227192105","is_ascension_mode":true,"campfire_choices":[{"data":"hexamod:Float","floor":1,"key":"SMITH"},{"floor":6,"key":"RECALL"},{"data":"Panacea","floor":12,"key":"SMITH"},{"data":"hexamod:HexaLevel","floor":18,"key":"SMITH"}],"circlet_count":0,"master_deck":["hexamod:Strike","hexamod:Strike","hexamod:Strike","hexamod:Strike","hexamod:Defend","hexamod:Defend+1","hexamod:Defend","hexamod:Defend","hexamod:Sear","hexamod:Float+1","Panacea+1","hexamod:SpectersWail+1","downfall:Icky","downfall:Icky","downfall:Icky","hexamod:RadiantFlame","hexamod:BurningTouch","hexamod:PhantomFireball","hexamod:ShieldOfDarkness","hexamod:FastForward","hexamod:GiftsFromTheDead","hexamod:TimeOfNeed","hexamod:NightmareStrike","hexamod:GhostOfSpireFuture","hexamod:RecurringNightmare","hexamod:ThirdSeal","hexamod:HexaLevel+1","hexamod:FifthSeal","hexamod:SixthSeal","hexamod:InspiringFlames","hexamod:FirstSeal","hexamod:CatchUp","hexamod:FirstSeal"],"relics":["hexamod:SpiritBrand","Guardian:PocketSentry","Singing Bowl","Tiny Chest","downfall:CloakOfManyFaces","CultistMask","FaceOfCleric","NlothsMask","GremlinMask","SsserpentHead","Bronze Scales","downfall:HeartBlessingRed","Busted Crown","Ice Cream"],"acts_visited":["Exordium","TheCity"],"potions_floor_usage":[16,16,16,19,20,25],"damage_taken":[{"damage":0,"enemies":"2 Louse","floor":2,"turns":3},{"damage":7,"enemies":"Jaw Worm","floor":5,"turns":3},{"damage":0,"enemies":"downfall:FleeingMerchant","floor":8,"turns":4},{"damage":10,"enemies":"3 Sentries","floor":9,"turns":6},{"damage":10,"enemies":"downfall:FaceTrader","floor":10,"turns":9},{"damage":15,"enemies":"Lagavulin","floor":11,"turns":5},{"damage":5,"enemies":"downfall:FleeingMerchant","floor":13,"turns":4},{"damage":2,"enemies":"Cultist","floor":14,"turns":4},{"damage":5,"enemies":"2 Fungi Beasts","floor":15,"turns":3},{"damage":26,"enemies":"WA_ARCHETYPE_RETAIN","floor":16,"turns":7},{"damage":7,"enemies":"3 Byrds","floor":19,"turns":3},{"damage":23,"enemies":"Shell Parasite","floor":20,"turns":5},{"damage":21,"enemies":"Chosen and Byrds","floor":23,"turns":5},{"damage":37,"enemies":"Gremlin Leader","floor":25,"turns":8}],"seed_played":"-500182031101875994","potions_obtained":[{"floor":2,"key":"Strength Potion"},{"floor":5,"key":"DistilledChaos"},{"floor":15,"key":"Slimebound:ThreeZeroPotion"},{"floor":16,"key":"LiquidMemories"},{"floor":19,"key":"AttackPotion"},{"floor":23,"key":"BlessingOfTheForge"}],"is_trial":false,"path_per_floor":["R","M","?","?","M","R","T","$","E","?","E","R","$","M","M","B",null,"R","M","M","?","T","M","T","E"],"character_chosen":"THE_SPIRIT","items_purchased":["hexamod:PhantomFireball","hexamod:ShieldOfDarkness","Singing Bowl","hexamod:NightmareStrike","hexamod:GhostOfSpireFuture"],"campfire_rested":0,"item_purchase_floors":[8,8,8,13,13],"current_hp_per_floor":[63,63,63,80,73,73,73,73,63,55,41,41,37,36,32,7,67,67,63,43,43,43,30,30,0,0,0],"gold":355,"neow_bonus":"RANDOM_COLORLESS","is_daily":false,"chose_seed":false,"campfire_upgraded":3,"win_rate":0.0,"timestamp":1614453665,"path_taken":["R","M","?","?","?","R","T","$","E","?","E","R","$","?","M","BOSS","R","M","M","?","?","M","T","E"],"items_purchased_type":["Card","Card","Relic","Card","Card"],"build_version":"2020-12-22","purchased_purges":0,"victory":false,"max_hp_per_floor":[70,70,70,80,80,80,80,80,80,82,83,83,84,85,86,87,87,87,90,93,93,93,94,94,94,94,94],"relic_stats":{"SsserpentHead":150,"Busted Crown":12,"Singing Bowl":6,"FaceOfCleric":8,"counters":[14,69],"Bronze Scales":[140],"Tiny Chest":1,"obtain_stats":[{"Ice Cream":24,"Singing Bowl":8,"downfall:HeartBlessingRed":12,"GremlinMask":10,"Guardian:PocketSentry":7,"SsserpentHead":10,"Busted Crown":17,"FaceOfCleric":10,"Bronze Scales":11,"Tiny Chest":9,"CultistMask":10,"downfall:CloakOfManyFaces":10,"hexamod:SpiritBrand":0,"NlothsMask":10},{"Ice Cream":13,"Singing Bowl":3,"downfall:HeartBlessingRed":6,"GremlinMask":5,"Guardian:PocketSentry":2,"SsserpentHead":5,"Busted Crown":10,"FaceOfCleric":5,"Bronze Scales":6,"Tiny Chest":4,"CultistMask":5,"downfall:CloakOfManyFaces":5,"hexamod:SpiritBrand":0,"NlothsMask":5},{"Ice Cream":61,"Singing Bowl":10,"downfall:HeartBlessingRed":30,"GremlinMask":25,"Guardian:PocketSentry":6,"SsserpentHead":25,"Busted Crown":48,"FaceOfCleric":25,"Bronze Scales":30,"Tiny Chest":16,"CultistMask":25,"downfall:CloakOfManyFaces":25,"hexamod:SpiritBrand":0,"NlothsMask":25}]},"card_choices":[{"not_picked":["Trip","Dark Shackles"],"picked":"Panacea","floor":0},{"not_picked":["hexamod:NecessarySacrifice","hexamod:BurningTouch"],"picked":"hexamod:SpectersWail","floor":2},{"not_picked":["hexamod:GhostShield","hexamod:AdvancingGuard"],"picked":"hexamod:RadiantFlame","floor":5},{"not_picked":["hexamod:RadiantFlame","hexamod:NightmareGuise"],"picked":"hexamod:BurningTouch","floor":8},{"not_picked":["hexamod:InspiringFlames","hexamod:ExtraCrispy"],"picked":"hexamod:FastForward","floor":9},{"not_picked":["hexamod:SoulSteal","hexamod:BacktrackSmack","hexamod:GhostShield"],"picked":"Singing Bowl","floor":10},{"not_picked":["hexamod:GhostShield","hexamod:NightmareStrike"],"picked":"hexamod:GiftsFromTheDead","floor":11},{"not_picked":["hexamod:Rewind","hexamod:SkipABeat"],"picked":"hexamod:TimeOfNeed","floor":13},{"not_picked":["hexamod:GhostOfSpireFuture","hexamod:NightmareGuise"],"picked":"hexamod:RecurringNightmare","floor":14},{"not_picked":["hexamod:SwordOfDarkness","hexamod:RadiantFlame"],"picked":"hexamod:ThirdSeal","floor":15},{"not_picked":["hexamod:ApocalypseNow","hexamod:UnlimitedPower"],"picked":"hexamod:HexaLevel","floor":16},{"not_picked":["hexamod:GiftsFromTheDead","hexamod:HexaLevel"],"picked":"hexamod:FifthSeal","floor":16},{"not_picked":["hexamod:GhostOfSpireFuture"],"picked":"Singing Bowl","floor":19},{"not_picked":["hexamod:SecondSeal","hexamod:FourthSeal"],"picked":"hexamod:SixthSeal","floor":19},{"not_picked":[],"picked":"hexamod:InspiringFlames","floor":20},{"not_picked":["hexamod:SuperheatedStrike"],"picked":"Singing Bowl","floor":20},{"not_picked":["hexamod:SecondSeal","hexamod:SixthSeal"],"picked":"hexamod:FirstSeal","floor":20},{"not_picked":[],"picked":"hexamod:FirstSeal","floor":23}],"player_experience":1273206,"relics_obtained":[{"floor":7,"key":"Guardian:PocketSentry"},{"floor":9,"key":"Tiny Chest"},{"floor":10,"key":"downfall:CloakOfManyFaces"},{"floor":11,"key":"Bronze Scales"},{"floor":24,"key":"Ice Cream"}],"event_choices":[{"damage_healed":0,"gold_gain":0,"player_choice":"Read","damage_taken":0,"max_hp_gain":0,"max_hp_loss":0,"event_name":"The Library","floor":21,"gold_loss":0,"cards_obtained":["hexamod:CatchUp"]}],"is_beta":false,"boss_relics":[{"not_picked":["Calling Bell","Cursed Key"],"picked":"Busted Crown"}],"items_purged_floors":[],"is_endless":false,"potions_floor_spawned":[2,5,15,16,19,23],"killed_by":"Gremlin Leader","ascension_level":6}}