{"host":"san3zorndfes7b27","time":1614391094,"event":{"mods":["BaseMod","Colored Map","Minty Spire (QoL Compilation)","Relic Stats","StSLib"],"gold_per_floor":[118,133,143,143,159,159,170,202,284,284,318,330,362,362,362,459,459,477,488,538,558,150,185,201,234,234,234,234,234],"floor_reached":28,"language":"ENG","playtime":2533,"items_purged":["Strike_P"],"score":458,"play_id":"3d7b1e28-2250-4de5-9448-9fe6cee26cbd","local_time":"20210226205814","is_ascension_mode":true,"campfire_choices":[{"data":"Blasphemy","floor":6,"key":"SMITH"},{"data":"Tantrum","floor":10,"key":"SMITH"},{"floor":15,"key":"DIG"},{"floor":27,"key":"DIG"}],"circlet_count":0,"master_deck":["AscendersBane","Strike_P","Defend_P","Defend_P","Defend_P","Defend_P+1","Eruption","Vigilance","Blasphemy+1","CutThroughFate","Tantrum+1","FlurryOfBlows","FlyingSleeves","CarveReality","ThirdEye","EmptyBody","Halt","DeusExMachina+1","SpiritShield","CutThroughFate+1","MentalFortress","Nirvana+1","MentalFortress+1","Swivel+1","Nirvana+1","SashWhip+1"],"relics":["PureWater","MealTicket","Meat on the Bone","Shovel","Oddly Smooth Stone","HornCleat","Snecko Eye","Frozen Egg 2","Damaru","Singing Bowl","Happy Flower","War Paint"],"acts_visited":["Exordium","TheCity"],"potions_floor_usage":[11,19,23,25,25],"damage_taken":[{"damage":0,"enemies":"Cultist","floor":1,"turns":3},{"damage":0,"enemies":"Small Slimes","floor":2,"turns":2},{"damage":0,"enemies":"Jaw Worm","floor":3,"turns":1},{"damage":0,"enemies":"Large Slime","floor":5,"turns":3},{"damage":5,"enemies":"Red Slaver","floor":7,"turns":3},{"damage":13,"enemies":"Gremlin Nob","floor":8,"turns":3},{"damage":12,"enemies":"3 Sentries","floor":11,"turns":4},{"damage":0,"enemies":"3 Louse","floor":12,"turns":1},{"damage":0,"enemies":"Gremlin Nob","floor":13,"turns":2},{"damage":8,"enemies":"Hexaghost","floor":16,"turns":8},{"damage":0,"enemies":"Chosen","floor":18,"turns":3},{"damage":0,"enemies":"3 Byrds","floor":19,"turns":3},{"damage":2,"enemies":"Snecko","floor":21,"turns":4},{"damage":18,"enemies":"Slavers","floor":23,"turns":5},{"damage":1,"enemies":"Snake Plant","floor":24,"turns":8},{"damage":44,"enemies":"Gremlin Leader","floor":25,"turns":7},{"damage":23,"enemies":"Book of Stabbing","floor":28,"turns":3}],"seed_played":"-3127525506928625933","potions_obtained":[{"floor":1,"key":"Explosive Potion"},{"floor":3,"key":"LiquidBronze"},{"floor":7,"key":"Energy Potion"},{"floor":8,"key":"PowerPotion"},{"floor":16,"key":"FearPotion"},{"floor":21,"key":"Energy Potion"},{"floor":25,"key":"PowerPotion"}],"is_trial":false,"path_per_floor":["M","M","M","?","M","R","M","E","T","R","E","M","E","?","R","B",null,"M","M","?","M","$","E","M","E","T","R","E"],"character_chosen":"WATCHER","items_purchased":["Frozen Egg 2","MentalFortress+1"],"campfire_rested":0,"item_purchase_floors":[22,22],"current_hp_per_floor":[47,47,47,47,47,47,42,29,29,29,29,41,41,41,41,45,65,65,65,65,63,72,54,53,21,21,21,0,0],"gold":234,"neow_bonus":"THREE_RARE_CARDS","is_daily":false,"chose_seed":false,"campfire_upgraded":2,"win_rate":0.0,"timestamp":1614391094,"path_taken":["M","?","M","?","M","R","M","E","T","R","E","?","E","?","R","BOSS","M","M","?","?","$","E","M","E","T","R","E"],"items_purchased_type":["Relic","Card"],"build_version":"2020-12-22","purchased_purges":1,"victory":false,"max_hp_per_floor":[72,72,72,72,72,72,72,72,72,72,72,72,72,72,72,72,72,72,72,72,72,72,72,72,72,72,72,72,72],"relic_stats":{"Shovel":2,"Singing Bowl":0,"Happy Flower":[1],"counters":[17,63],"Snecko Eye":[57,57,53,50],"MealTicket":9,"War Paint":["DeusExMachina","Defend_P"],"obtain_stats":[{"Shovel":11,"HornCleat":15,"Singing Bowl":25,"Happy Flower":26,"Oddly Smooth Stone":13,"Snecko Eye":17,"Damaru":23,"MealTicket":8,"PureWater":0,"Frozen Egg 2":22,"War Paint":27,"Meat on the Bone":9},{"Shovel":7,"HornCleat":9,"Singing Bowl":16,"Happy Flower":16,"Oddly Smooth Stone":9,"Snecko Eye":10,"Damaru":14,"MealTicket":6,"PureWater":0,"Frozen Egg 2":13,"War Paint":16,"Meat on the Bone":6},{"Shovel":19,"HornCleat":22,"Singing Bowl":60,"Happy Flower":60,"Oddly Smooth Stone":22,"Snecko Eye":30,"Damaru":45,"MealTicket":15,"PureWater":0,"Frozen Egg 2":40,"War Paint":60,"Meat on the Bone":15}],"Meat on the Bone":48},"card_choices":[{"not_picked":["MasterReality","Alpha"],"picked":"Blasphemy","floor":0},{"not_picked":["Sanctity","Protect"],"picked":"CutThroughFate","floor":1},{"not_picked":["DeceiveReality","Swivel"],"picked":"Tantrum","floor":2},{"not_picked":["Judgement","Prostrate"],"picked":"FlurryOfBlows","floor":3},{"not_picked":["Prostrate","Meditate"],"picked":"FlyingSleeves","floor":5},{"not_picked":["FollowUp","Vengeance"],"picked":"CarveReality","floor":7},{"not_picked":["FollowUp","WreathOfFlame","FlyingSleeves"],"picked":"SKIP","floor":8},{"not_picked":["FlurryOfBlows","SashWhip"],"picked":"ThirdEye","floor":11},{"not_picked":["DeceiveReality","FlurryOfBlows"],"picked":"EmptyBody","floor":12},{"not_picked":["BowlingBash","Protect"],"picked":"Halt","floor":13},{"not_picked":["DeusExMachina","Alpha"],"picked":"SpiritShield","floor":16},{"not_picked":["EmptyFist","WindmillStrike"],"picked":"CutThroughFate+1","floor":18},{"not_picked":["LikeWater","Halt"],"picked":"MentalFortress","floor":19},{"not_picked":["BowlingBash","FollowUp"],"picked":"Nirvana+1","floor":21},{"not_picked":["ConjureBlade","ForeignInfluence+1"],"picked":"Swivel+1","floor":23},{"not_picked":["JustLucky+1","Halt"],"picked":"Nirvana+1","floor":24},{"not_picked":["Protect","FearNoEvil"],"picked":"SashWhip+1","floor":25}],"player_experience":1531003,"relics_obtained":[{"floor":8,"key":"MealTicket"},{"floor":9,"key":"Meat on the Bone"},{"floor":11,"key":"Shovel"},{"floor":13,"key":"Oddly Smooth Stone"},{"floor":15,"key":"HornCleat"},{"floor":23,"key":"Damaru"},{"floor":25,"key":"Singing Bowl"},{"floor":26,"key":"Happy Flower"},{"floor":27,"key":"War Paint"}],"event_choices":[{"cards_removed":["Strike_P"],"damage_healed":0,"gold_gain":0,"player_choice":"Purged","damage_taken":0,"max_hp_gain":0,"max_hp_loss":0,"event_name":"Purifier","floor":4,"gold_loss":0},{"damage_healed":0,"gold_gain":0,"cards_transformed":["Strike_P"],"player_choice":"Change","damage_taken":0,"max_hp_gain":0,"max_hp_loss":0,"event_name":"Living Wall","floor":14,"gold_loss":0,"cards_obtained":["DeusExMachina"]},{"damage_healed":0,"gold_gain":100,"player_choice":"Bet on Murderer","damage_taken":0,"max_hp_gain":0,"max_hp_loss":0,"event_name":"The Joust","floor":20,"gold_loss":50}],"is_beta":false,"boss_relics":[{"not_picked":["Astrolabe","Velvet Choker"],"picked":"Snecko Eye"}],"items_purged_floors":[22],"is_endless":false,"potions_floor_spawned":[1,3,7,8,16,18,21,25],"killed_by":"Book of Stabbing","ascension_level":10}}