{"host":"owox7x4ngjt9htcc","time":1614428677,"event":{"mods":["BaseMod","Colored Map","DeckTracker","Keyboard Shortcuts","Minty Spire (QoL Compilation)","SuperFastMode"],"gold_per_floor":[144,189,189,61,106,196,196,196,221,311,311,365,79,88,88,406,406,460,505,559,613,613,613],"floor_reached":22,"language":"KOR","playtime":446,"items_purged":["Strike_B"],"score":221,"play_id":"e7717803-350a-4562-9a26-2e774b4138b7","local_time":"20210227212437","daily_mods":["Cursed Run","Diverse","Midas"],"is_ascension_mode":false,"campfire_choices":[{"floor":8,"key":"REST"},{"floor":15,"key":"REST"}],"circlet_count":0,"master_deck":["Strike_B+1","Strike_B","Strike_B","Defend_B","Defend_B","Defend_B+1","Defend_B","Zap","Dualcast","Slice","PathToVictory+1","Sword Boomerang","Conclude","Writhe","Venomology","Sweeping Beam","Injury","Injury","Juggernaut","Study","Wallop","ThirdEye+1"],"relics":["Cursed Key","Darkstone Periapt","Du-Vu Doll","Matryoshka","Blood Vial","CeramicFish","Ancient Tea Set","Pantograph","Tiny Chest","StrikeDummy"],"acts_visited":["Exordium","TheCity"],"potions_floor_usage":[16,16,20,21,22,22],"damage_taken":[{"damage":0,"enemies":"Small Slimes","floor":1,"turns":4},{"damage":0,"enemies":"Cultist","floor":2,"turns":3},{"damage":1,"enemies":"2 Louse","floor":5,"turns":2},{"damage":21,"enemies":"3 Sentries","floor":6,"turns":8},{"damage":18,"enemies":"Gremlin Nob","floor":10,"turns":3},{"damage":0,"enemies":"Large Slime","floor":12,"turns":3},{"damage":39,"enemies":"The Guardian","floor":16,"turns":9},{"damage":30,"enemies":"Spheric Guardian","floor":18,"turns":5},{"damage":17,"enemies":"Shell Parasite","floor":19,"turns":4},{"damage":31,"enemies":"Centurion and Healer","floor":20,"turns":6},{"damage":9,"enemies":"3 Cultists","floor":21,"turns":4},{"damage":14,"enemies":"Shelled Parasite and Fungi","floor":22,"turns":3}],"seed_played":"-2463471341485849212","potions_obtained":[{"floor":1,"key":"BlessingOfTheForge"},{"floor":6,"key":"Swift Potion"},{"floor":10,"key":"Dexterity Potion"}],"is_trial":false,"path_per_floor":["M","M","?","$","M","E","?","R","T","E","?","M","$","T","R","B",null,"M","M","M","M","M"],"character_chosen":"DEFECT","items_purchased":["Sword Boomerang","Pantograph","Sweeping Beam"],"campfire_rested":2,"item_purchase_floors":[4,13,13],"current_hp_per_floor":[75,75,75,75,74,53,38,60,66,50,50,52,52,58,84,54,93,63,48,19,12,0,0],"gold":613,"neow_bonus":"","is_daily":true,"chose_seed":false,"campfire_upgraded":0,"win_rate":0.0,"timestamp":1614428677,"path_taken":["M","M","?","$","M","E","?","R","T","E","?","?","$","?","R","BOSS","M","M","M","M","M"],"items_purchased_type":["Card","Relic","Card"],"build_version":"2020-12-22","purchased_purges":1,"victory":false,"max_hp_per_floor":[75,75,75,75,75,75,75,75,81,81,81,81,81,87,87,93,93,93,93,93,93,93,93],"card_choices":[{"not_picked":["Infernal Blade","Catalyst"],"picked":"Slice","floor":1},{"not_picked":["Glacier","Poisoned Stab"],"picked":"PathToVictory","floor":2},{"not_picked":["Meditate","Deflect","Dual Wield"],"picked":"SKIP","floor":5},{"not_picked":["Wallop","CutThroughFate"],"picked":"Conclude","floor":6},{"not_picked":["Storm","Hemokinesis","Force Field"],"picked":"SKIP","floor":10},{"not_picked":["Blood for Blood","Havoc"],"picked":"Venomology","floor":12},{"not_picked":["Bullet Time","Fission"],"picked":"Juggernaut","floor":16},{"not_picked":["Aggregate","CarveReality"],"picked":"Study","floor":18},{"not_picked":["Melter","DeceiveReality","Headbutt"],"picked":"SKIP","floor":19},{"not_picked":["BowlingBash","Bloodletting"],"picked":"Wallop","floor":20},{"not_picked":["FollowUp","FlurryOfBlows"],"picked":"ThirdEye+1","floor":21}],"player_experience":950924,"relics_obtained":[{"floor":6,"key":"Matryoshka"},{"floor":9,"key":"Blood Vial"},{"floor":9,"key":"CeramicFish"},{"floor":10,"key":"Ancient Tea Set"},{"floor":14,"key":"Tiny Chest"},{"floor":14,"key":"StrikeDummy"}],"event_choices":[{"damage_healed":0,"gold_gain":0,"player_choice":"Grow","damage_taken":0,"max_hp_gain":0,"max_hp_loss":0,"event_name":"Living Wall","floor":3,"gold_loss":0,"cards_upgraded":["PathToVictory"]},{"damage_healed":0,"gold_gain":0,"player_choice":"Entered Light","damage_taken":15,"max_hp_gain":0,"max_hp_loss":0,"event_name":"Shining Light","floor":7,"gold_loss":0,"cards_upgraded":["Defend_B","Strike_B"]},{"damage_healed":0,"gold_gain":0,"player_choice":"0 cards matched","damage_taken":0,"max_hp_gain":0,"max_hp_loss":0,"event_name":"Match and Keep!","floor":11,"gold_loss":0,"cards_obtained":[]}],"is_beta":false,"boss_relics":[{"not_picked":[]}],"items_purged_floors":[4],"is_endless":false,"potions_floor_spawned":[1,6,10,18,20,21],"killed_by":"Shelled Parasite and Fungi","ascension_level":0}}