{"host":"mtqc4a62lmlvqbqj","time":1614457324,"event":{"mods":["AchievementEnabler","BaseMod","Better Altar","Better Match","Better Note","Better Third Choice","BetterRewards","Marisa????????","Minty Spire (QoL Compilation)","StSLib","The Cursed"],"gold_per_floor":[118,149,169,137,137,137,163,163,163,182,67,82,115,15,15,111,111,121,121,139,14,14,14,47,47,47,47,63,63,74,85,85,188,188,206,206,261,280,25,51,51,6,6,6,6,23,34,34,34,34],"floor_reached":51,"language":"ENG","playtime":4535,"items_purged":["Strike_B","Strike_B","Jack Of All Trades"],"score":855,"play_id":"95473f88-8ce5-4bf3-b9a7-6427830ea996","local_time":"20210227212204","is_ascension_mode":false,"campfire_choices":[{"floor":6.0,"key":"REST"},{"floor":8.0,"key":"REST"},{"floor":15.0,"key":"REST"},{"data":"Chill","floor":23.0,"key":"SMITH"},{"floor":25,"key":"REST"},{"data":"Loop","floor":27,"key":"SMITH"},{"data":"Consume","floor":32,"key":"SMITH"},{"floor":41,"key":"REST"},{"data":"Creative AI","floor":44,"key":"SMITH"},{"floor":49,"key":"REST"}],"circlet_count":0,"master_deck":["Strike_B","Defend_B","Defend_B","Defend_B","Defend_B","Zap","Dualcast","Leap","Coolheaded","Cold Snap","Cold Snap","Apotheosis+1","Loop+1","Barrage","Chill+1","Creative AI+1","Consume+1","Cold Snap+1","Coolheaded","Consume+1"],"relics":["Cracked Core","Juzu Bracelet","Meat on the Bone","Letter Opener","Runic Pyramid","MutagenicStrength","InkBottle","Pear","Inserter","CatCart","Bottled Flame","MealTicket","Blood Vial"],"acts_visited":["Exordium","TheCity","TheBeyond"],"potions_floor_usage":[33,35,37,50,50],"damage_taken":[{"damage":1.0,"enemies":"2 Louse","floor":1.0,"turns":2.0},{"damage":1.0,"enemies":"Jaw Worm","floor":2.0,"turns":3.0},{"damage":4.0,"enemies":"Small Slimes","floor":3.0,"turns":4.0},{"damage":13.0,"enemies":"Exordium Thugs","floor":4.0,"turns":5.0},{"damage":45.0,"enemies":"Gremlin Nob","floor":7.0,"turns":5.0},{"damage":0.0,"enemies":"2 Fungi Beasts","floor":10.0,"turns":3.0},{"damage":11.0,"enemies":"Exordium Wildlife","floor":12.0,"turns":6.0},{"damage":2.0,"enemies":"Lagavulin","floor":13.0,"turns":6.0},{"damage":24.0,"enemies":"Hexaghost","floor":16.0,"turns":10.0},{"damage":15.0,"enemies":"3 Byrds","floor":18.0,"turns":5.0},{"damage":2.0,"enemies":"Chosen","floor":20.0,"turns":4.0},{"damage":14.0,"enemies":"Slavers","floor":24.0,"turns":7.0},{"damage":0,"enemies":"Centurion and Healer","floor":28,"turns":9},{"damage":2,"enemies":"Shelled Parasite and Fungi","floor":30,"turns":6},{"damage":7,"enemies":"Snake Plant","floor":31,"turns":7},{"damage":18,"enemies":"Collector","floor":33,"turns":17},{"damage":6,"enemies":"3 Shapes","floor":35,"turns":4},{"damage":10,"enemies":"Orin","floor":37,"turns":12},{"damage":7,"enemies":"Orb Walker","floor":38,"turns":5},{"damage":27,"enemies":"Nemesis","floor":40,"turns":15},{"damage":12,"enemies":"Jaw Worm Horde","floor":46,"turns":7},{"damage":2,"enemies":"Sphere and 2 Shapes","floor":47,"turns":10},{"damage":81,"enemies":"Donu and Deca","floor":50,"turns":10}],"seed_played":"2657352543700671847","potions_obtained":[{"floor":1.0,"key":"SneckoOil"},{"floor":3.0,"key":"Strength Potion"},{"floor":10.0,"key":"PotionOfCapacity"},{"floor":13.0,"key":"Regen Potion"},{"floor":16.0,"key":"LiquidBronze"},{"floor":31,"key":"DuplicationPotion"},{"floor":37,"key":"Strength Potion"},{"floor":46,"key":"Regen Potion"}],"is_trial":false,"path_per_floor":["M","M","M","M","?","R","E","R","T","M","$","M","E","$","R","B",null,"M","$","M","$","?","R","E","R","T","R","M","?","M","M","R","B",null,"M","?","?","M","$","E","R","$","T","R","$","M","M","?","R","B",null],"character_chosen":"DEFECT","items_purchased":["Dream Catcher","Loop","Bottled Flame","Coolheaded"],"campfire_rested":6,"item_purchase_floors":[0,11,39,42],"current_hp_per_floor":[51,50,46,33,33,55,10,32,32,44,44,45,43,43,65,41,75,60,60,58,58,58,58,59,75,85,85,85,85,83,76,76,58,85,79,79,69,62,62,47,72,85,85,85,85,73,73,73,85,31],"gold":34,"neow_bonus":"","is_daily":false,"chose_seed":false,"campfire_upgraded":4,"win_rate":0.0,"timestamp":1614457324,"path_taken":["M","M","M","M","?","R","E","R","T","M","$","M","E","$","R","BOSS","M","$","M","$","?","R","E","R","T","R","M","?","M","M","R","BOSS","M","?","?","M","$","E","R","$","T","R","?","M","M","?","R","BOSS"],"items_purchased_type":["Relic","Card","Relic","Card"],"build_version":"2020-12-22","purchased_purges":3,"victory":true,"max_hp_per_floor":[75,75,75,75,75,75,75,75,75,75,75,75,75,75,75,75,75,75,75,75,75,75,75,75,75,85,85,85,85,85,85,85,85,85,85,85,85,85,85,85,85,85,85,85,85,85,85,85,85,85],"card_choices":[{"not_picked":["Hello World","Steam"],"picked":"Leap","floor":1.0},{"not_picked":["Stack","Beam Cell"],"picked":"Coolheaded","floor":2.0},{"not_picked":["Reinforced Body","Streamline"],"picked":"Cold Snap","floor":3.0},{"not_picked":["Redo","Steam"],"picked":"Cold Snap","floor":4.0},{"not_picked":["Sunder","Conserve Battery","Go for the Eyes"],"picked":"SKIP","floor":7.0},{"not_picked":["Doom and Gloom","Compile Driver","Gash"],"picked":"SKIP","floor":10.0},{"not_picked":["Stack","Darkness"],"picked":"Barrage","floor":12.0},{"not_picked":["Heatsinks","Reinforced Body","Turbo"],"picked":"SKIP","floor":13.0},{"not_picked":["Steam","Turbo+1","Force Field+1"],"picked":"SKIP","floor":18.0},{"not_picked":["Redo","Stack+1"],"picked":"Chill","floor":20.0},{"not_picked":["Sweeping Beam","Lockon","Leap"],"picked":"SKIP","floor":24.0},{"not_picked":["Steam","Reprogram","Compile Driver"],"picked":"SKIP","floor":28},{"not_picked":["Sweeping Beam","Streamline"],"picked":"Consume","floor":30},{"not_picked":["Fusion","Compile Driver","Echo Form"],"picked":"SKIP","floor":31},{"not_picked":["Conserve Battery+1","Compile Driver","Self Repair+1"],"picked":"SKIP","floor":35},{"not_picked":["Melter","Doom and Gloom+1"],"picked":"Cold Snap+1","floor":38},{"not_picked":["Machine Learning","Go for the Eyes+1","Sunder+1"],"picked":"SKIP","floor":40},{"not_picked":["Hologram","Cold Snap+1","Rebound"],"picked":"SKIP","floor":46},{"not_picked":["Double Energy","Sweeping Beam+1","Genetic Algorithm+1"],"picked":"SKIP","floor":47}],"player_experience":56662,"relics_obtained":[{"floor":7.0,"key":"Juzu Bracelet"},{"floor":9.0,"key":"Meat on the Bone"},{"floor":13.0,"key":"Letter Opener"},{"floor":24.0,"key":"InkBottle"},{"floor":26,"key":"Pear"},{"floor":37,"key":"CatCart"},{"floor":40,"key":"MealTicket"},{"floor":43,"key":"Blood Vial"}],"event_choices":[{"damage_healed":33.0,"max_hp_gain":0.0,"max_hp_loss":75.0,"gold_gain":0.0,"event_name":"betterThird:BetterShining","player_choice":"Protect","floor":5.0,"gold_loss":1.0,"damage_taken":0.0},{"damage_healed":0.0,"max_hp_gain":0.0,"max_hp_loss":0.0,"gold_gain":0.0,"event_name":"Drug Dealer","player_choice":"Inject Mutagens","floor":22.0,"gold_loss":0.0,"damage_taken":0.0,"relics_obtained":["MutagenicStrength"]},{"damage_healed":0,"gold_gain":0,"cards_transformed":["Strike_B"],"player_choice":"Transformed","damage_taken":0,"max_hp_gain":0,"max_hp_loss":0,"event_name":"Transmorgrifier","floor":29,"gold_loss":0,"cards_obtained":["Creative AI"]},{"damage_healed":0,"gold_gain":0,"player_choice":"Memory 1","damage_taken":0,"max_hp_gain":0,"max_hp_loss":0,"event_name":"SensoryStone","floor":36,"gold_loss":0},{"damage_healed":0,"gold_gain":0,"player_choice":"Fight","damage_taken":0,"max_hp_gain":0,"max_hp_loss":0,"event_name":"OrinTheCat","floor":37,"gold_loss":0},{"damage_healed":0,"gold_gain":0,"player_choice":"Copied","damage_taken":0,"max_hp_gain":0,"max_hp_loss":0,"event_name":"Duplicator","floor":48,"gold_loss":0,"cards_obtained":["Consume"]}],"is_beta":false,"boss_relics":[{"not_picked":["SlaversCollar","Empty Cage"],"picked":"Runic Pyramid"},{"not_picked":["Velvet Choker","Sozu"],"picked":"Inserter"}],"items_purged_floors":[11,14,21],"is_endless":false,"potions_floor_spawned":[1,3,10,13,16,18,20,31,37,46],"ascension_level":0}}