{"host":"8zzc9mdnfkdiyxma","time":1614422219,"event":{"mods":["2.2 Compatiblity","BaseMod","Better Altar","Better Match","Better Note","Better Sensory Stone","Better Skull","Better Third Choice","Better Vampires","Colored Map","Colored Powertips","Dark Map","Emptier Cage","Energized Spire","Extra Virgin Snecko Oil","Halation","Hubris","Minty Spire (QoL Compilation)","Monster B Gone","Permanent Neow","Poor People Problems","RNG Fix","Rare Cards Sparkle","Relic Filter","Reliquary","SacredBarkPlus","Smile Girya","StSLib","Waifu the Spire"],"gold_per_floor":[116,116,22,49,59,59,94,94,119,131,148,148,3,17,17,96,96,111,160,160,170,170,183,108,108,108],"floor_reached":25,"language":"ENG","playtime":1034,"items_purged":["Defend_R"],"score":402,"play_id":"99d014f7-f5f0-4b70-a912-5a7eb234b19b","local_time":"20210227053659","is_ascension_mode":true,"campfire_choices":[{"data":"Good Instincts","floor":6,"key":"SMITH"},{"data":"Rampage","floor":12,"key":"SMITH"},{"data":"True Grit","floor":15,"key":"SMITH"}],"circlet_count":0,"master_deck":["AscendersBane","Strike_R","Strike_R","Strike_R","Strike_R","Strike_R","Defend_R","Defend_R","Defend_R","Bash","Rampage+1","Good Instincts+1","Iron Wave+1","Pommel Strike+1","True Grit+1","Inflame","Anger+1","Uppercut+1","Demon Form+1","Scrawl+1","Twin Strike+1"],"relics":["Burning Blood","Smiling Mask","halation:PinkSoulGem","reliquary:Knoch","Molten Egg 2","FaceOfCleric","Cursed Key","halation:LettersToHer"],"acts_visited":["Exordium","TheCity"],"potions_floor_usage":[7,16],"damage_taken":[{"damage":1,"enemies":"2 Louse","floor":1,"turns":3},{"damage":5,"enemies":"Small Slimes","floor":5,"turns":3},{"damage":17,"enemies":"3 Sentries","floor":7,"turns":8},{"damage":4,"enemies":"Cultist","floor":10,"turns":3},{"damage":11,"enemies":"Lots of Slimes","floor":11,"turns":4},{"damage":2,"enemies":"Large Slime","floor":14,"turns":4},{"damage":22,"enemies":"Hexaghost","floor":16,"turns":9},{"damage":24,"enemies":"3 Byrds","floor":18,"turns":5},{"damage":18,"enemies":"Spheric Guardian","floor":21,"turns":4},{"damage":14,"enemies":"Chosen and Byrds","floor":23,"turns":5},{"damage":69,"enemies":"Slavers","floor":25,"turns":5}],"seed_played":"-1237264149899251823","potions_obtained":[{"floor":1,"key":"Fire Potion"},{"floor":10,"key":"FairyPotion"},{"floor":11,"key":"HeartOfIron"}],"is_trial":false,"path_per_floor":["M","?","$","T","M","R","E","?","T","M","M","R","$","M","R","B",null,"M","T","?","M","?","M","?","E"],"character_chosen":"IRONCLAD","items_purchased":["Good Instincts","Inflame","Anger+1"],"campfire_rested":0,"item_purchase_floors":[3,13,13],"current_hp_per_floor":[73,73,73,73,74,74,63,63,63,66,62,62,62,67,67,52,72,55,55,55,44,44,37,37,0,0],"gold":108,"neow_bonus":"RANDOM_COMMON_RELIC","is_daily":false,"chose_seed":false,"campfire_upgraded":3,"win_rate":0.0,"timestamp":1614422219,"path_taken":["M","?","?","?","?","R","E","?","T","M","M","R","$","M","R","BOSS","M","?","?","M","?","?","?","E"],"items_purchased_type":["Card","Card","Card"],"build_version":"2020-12-22","purchased_purges":1,"victory":false,"max_hp_per_floor":[75,75,75,75,75,75,75,75,75,76,77,77,77,78,78,79,79,80,80,80,81,81,82,79,79,79],"card_choices":[{"not_picked":["Clothesline","Carnage"],"picked":"Rampage","floor":1},{"not_picked":["Rupture","Perfected Strike","Seeing Red"],"picked":"SKIP","floor":5},{"not_picked":["Second Wind","Reckless Charge+1"],"picked":"Iron Wave+1","floor":7},{"not_picked":["Wild Strike+1","Flex"],"picked":"Pommel Strike+1","floor":10},{"not_picked":["Havoc","Flex"],"picked":"True Grit","floor":11},{"not_picked":["Heavy Blade+1","Reaper+1"],"picked":"Uppercut+1","floor":14},{"not_picked":["Fiend Fire+1","Corruption"],"picked":"Demon Form","floor":16},{"not_picked":["Body Slam+1","Flex","hubris:ReadiedAction"],"picked":"SKIP","floor":18},{"not_picked":["Clash+1","Warcry"],"picked":"Twin Strike+1","floor":21},{"not_picked":["Havoc","Searing Blow+1","Thunderclap+1"],"picked":"SKIP","floor":23}],"player_experience":1038957,"relics_obtained":[{"floor":4,"key":"reliquary:Knoch"},{"floor":7,"key":"Molten Egg 2"},{"floor":19,"key":"halation:LettersToHer"}],"event_choices":[{"damage_healed":0,"gold_gain":0,"player_choice":"Trade","damage_taken":0,"relics_obtained":["FaceOfCleric"],"max_hp_gain":0,"max_hp_loss":0,"event_name":"FaceTrader","floor":8,"gold_loss":0},{"cards_removed":["Good Instincts"],"damage_healed":0,"gold_gain":0,"player_choice":"Take \u0026 Give","damage_taken":0,"max_hp_gain":0,"max_hp_loss":0,"event_name":"betterNote:BetterNote","floor":20,"gold_loss":0,"cards_obtained":["Scrawl"]},{"damage_healed":0,"gold_gain":0,"player_choice":"Upgraded","damage_taken":0,"max_hp_gain":0,"max_hp_loss":0,"event_name":"Upgrade Shrine","floor":22,"gold_loss":0,"cards_upgraded":["Demon Form"]},{"cards_removed":["Parasite"],"damage_healed":0,"gold_gain":0,"player_choice":"Gave Gold","damage_taken":0,"max_hp_gain":0,"max_hp_loss":0,"event_name":"Beggar","floor":24,"gold_loss":75}],"is_beta":false,"boss_relics":[{"not_picked":["energizedSpire:StickyHand","Astrolabe"],"picked":"Cursed Key"}],"items_purged_floors":[13],"is_endless":false,"potions_floor_spawned":[1,10,11],"killed_by":"Slavers","ascension_level":20}}