{"host":"iawk615p0198zs2h","time":1614418780,"event":{"mods":["BaseMod","Better Third Choice","BetterRewards","Downfall","Gold Saver","Minty Spire (QoL Compilation)","Quick Restart","Rare Cards Sparkle","Replay The Spire","Shop Mod","Spicy Shops","StSLib","The Necromancer","everything is the same but u backflip on backflip"],"gold_per_floor":[884,884,884,902,341,341,341,9,9,47,68,68,92,116,116,241,241,255,336,16,32,32,75,88,88,88,122,147,147,190,190,190,320,320,338,338,359,379,133,167,167,167,192,59,95,108,148,169,169,169,169,169,19,62,62],"floor_reached":56,"language":"ENG","playtime":4871,"items_purged":["Strike_B","Strike_B","Cold Snap","Writhe"],"score":1615,"play_id":"3bf6cb7b-97b3-4ef4-9be8-bb48f381d963","local_time":"20210227103940","is_ascension_mode":true,"campfire_choices":[{"data":"Echo Form","floor":6,"key":"SMITH"},{"data":"Turbo","floor":12,"key":"SMITH"},{"data":"Capacitor","floor":15,"key":"SMITH"},{"floor":29,"key":"REST"},{"data":"Fission","floor":32,"key":"SMITH"},{"floor":49,"key":"RECALL"},{"data":"ReplayUltimateDefense","floor":52,"key":"SMITH"},{"data":"Seek","floor":52,"key":"SMITH"}],"circlet_count":0,"master_deck":["Defend_B","Defend_B","Defend_B","Defend_B","Echo Form+1","BootSequence","Turbo+1","Electrodynamics","Capacitor+1","Creative AI","Coolheaded","Glacier","Ghostly","Ghostly","Ghostly","Ghostly","Ghostly+1","Fission+1","ReplayTheSpireMod:Calculation Training","Double Energy","Steam","Self Repair","ReplayTheSpireMod:Calculation Training+1","Seek+1","ReplayUltimateDefense+1","Mirror Shield"],"relics":["Cracked Core","NeowsBlessing","Golden Idol","Art of War","Replay:Antivirus Software","Empty Cage","Mirror","Gremlin Food","Bottled Lightning","Regal Pillow","Bag of Preparation","Ancient Tea Set","Inserter","Replay:Arrowhead","Bird Faced Urn","ReplayTheSpireMod:Ring of Addiction","White Beast Statue","Potion Belt","Ring of Shattering","MawBank","Runic Capacitor","Omamori","Whetstone","Replay:Ringing Soul"],"acts_visited":["Exordium","TheCity","TheBeyond","TheEnding"],"potions_floor_usage":[16,23,24,45,47,54,55,55,55],"damage_taken":[{"damage":0.0,"enemies":"Cultist","floor":1.0,"turns":1.0},{"damage":0.0,"enemies":"Small Slimes","floor":4.0,"turns":1.0},{"damage":0,"enemies":"Gremlin Nob","floor":10,"turns":1},{"damage":0,"enemies":"2 Louse","floor":11,"turns":3},{"damage":0,"enemies":"Blue Slaver","floor":13,"turns":4},{"damage":0,"enemies":"Large Slime","floor":14,"turns":3},{"damage":13,"enemies":"Slime Boss","floor":16,"turns":9},{"damage":25,"enemies":"3 Byrds","floor":18,"turns":4},{"damage":0,"enemies":"Shell Parasite","floor":21,"turns":7},{"damage":0,"enemies":"Gremlin Leader","floor":23,"turns":6},{"damage":12,"enemies":"Centurion and Healer","floor":24,"turns":5},{"damage":1,"enemies":"Book of Stabbing","floor":27,"turns":7},{"damage":1,"enemies":"Snecko","floor":28,"turns":6},{"damage":0,"enemies":"Slavers","floor":30,"turns":11},{"damage":0,"enemies":"Champ","floor":33,"turns":9},{"damage":0,"enemies":"3 Darklings","floor":35,"turns":6},{"damage":0,"enemies":"3 Shapes","floor":37,"turns":6},{"damage":0,"enemies":"Maw","floor":38,"turns":8},{"damage":0,"enemies":"Giant Head","floor":40,"turns":13},{"damage":3,"enemies":"Nemesis","floor":45,"turns":13},{"damage":17,"enemies":"4 Shapes","floor":46,"turns":6},{"damage":0,"enemies":"Giant Head","floor":47,"turns":14},{"damage":0,"enemies":"Spire Growth","floor":48,"turns":6},{"damage":0,"enemies":"Awakened One","floor":50,"turns":14},{"damage":0,"enemies":"Shield and Spear","floor":54,"turns":11},{"damage":27,"enemies":"The Heart","floor":55,"turns":8}],"seed_played":"-6839460255217163326","potions_obtained":[{"floor":1.0,"key":"Weak Potion"},{"floor":10,"key":"SpeedPotion"},{"floor":14,"key":"Swift Potion"},{"floor":19,"key":"Weak Potion"},{"floor":24,"key":"Weak Potion"},{"floor":28,"key":"FocusPotion"},{"floor":41,"key":"FearPotion"},{"floor":41,"key":"Strength Potion"},{"floor":41,"key":"SpeedPotion"},{"floor":45,"key":"Weak Potion"},{"floor":47,"key":"FearPotion"},{"floor":48,"key":"Elixir"},{"floor":54,"key":"FearPotion"}],"is_trial":false,"path_per_floor":["M","?","?","M","$","R","?","$","T","E","M","R","M","M","R","B",null,"M","?","$","M","?","E","M","?","T","E","M","R","E","?","R","B",null,"M","?","M","M","$","E","?","?","T","$","E","M","E","M","R","B",null,"R","$","E","B",null],"character_chosen":"DEFECT","items_purchased":["Echo Form","BootSequence","Art of War","Gremlin Food","Coolheaded","Replay:Arrowhead","ReplayUltimateDefense","Runic Capacitor"],"campfire_rested":1,"item_purchase_floors":[5,8,8,20,20,39,39,44],"current_hp_per_floor":[75,80,74,74,74,74,74,74,74,74,74,74,74,74,74,61,74,49,31,31,31,31,31,19,19,19,18,17,37,37,37,37,37,37,37,37,37,37,37,37,37,35,35,35,33,33,33,33,33,33,31,31,31,29,29],"gold":62,"neow_bonus":"THREE_ENEMY_KILL","is_daily":false,"chose_seed":false,"campfire_upgraded":6,"win_rate":0.0,"timestamp":1614418780,"path_taken":["M","?","?","M","$","R","?","$","T","E","M","R","?","M","R","BOSS","M","?","$","M","?","E","M","?","T","E","M","R","E","?","R","BOSS","M","?","M","M","$","E","?","?","T","$","E","M","E","M","R","BOSS","R","$","E","BOSS"],"items_purchased_type":["Card","Card","Relic","Relic","Card","Relic","Card","Relic"],"build_version":"2020-12-22","purchased_purges":4,"victory":true,"max_hp_per_floor":[75,80,74,74,74,74,74,74,74,74,74,74,74,74,74,74,74,74,74,74,74,37,37,37,37,37,37,37,37,37,37,37,37,37,37,37,37,37,37,37,37,35,35,35,33,33,33,33,33,33,31,31,31,29,29],"card_choices":[{"not_picked":["Storm","Beam Cell"],"picked":"Cold Snap","floor":1.0},{"not_picked":["Compile Driver","Stack"],"picked":"Go for the Eyes","floor":4},{"not_picked":["Barrage","Tempest"],"picked":"Turbo","floor":10},{"not_picked":["Crystallizer","Leap","BasicCrystalCard"],"picked":"SKIP","floor":11},{"not_picked":["Leap","Consume"],"picked":"Electrodynamics","floor":13},{"not_picked":["Go for the Eyes","Beam Cell"],"picked":"Capacitor","floor":14},{"not_picked":["Electrodynamics","Core Surge"],"picked":"Creative AI","floor":16},{"not_picked":["Cold Snap+1","Turbo","Stack+1"],"picked":"SKIP","floor":18},{"not_picked":["Gash","ReplayTheSpireMod:System Scan+1"],"picked":"Glacier","floor":21},{"not_picked":["ReplayGash","BasicCrystalCard","Doom and Gloom"],"picked":"SKIP","floor":23},{"not_picked":["Double Energy","Stack+1"],"picked":"Fission","floor":24},{"not_picked":["Streamline","Beam Cell"],"picked":"Steam","floor":27},{"not_picked":["Hologram","Heatsinks"],"picked":"Self Repair","floor":28},{"not_picked":["ReplaySolidLightProjector","Electrodynamics"],"picked":"ReplayTheSpireMod:Calculation Training+1","floor":30},{"not_picked":["Multi-Cast","ReplayRNGCard"],"picked":"Seek","floor":33},{"not_picked":["Panic Button","Heatsinks+1","Sweeping Beam+1"],"picked":"SKIP","floor":35},{"not_picked":["Double Energy+1","Cold Snap+1","Redo+1"],"picked":"SKIP","floor":37},{"not_picked":["FIFO Queue+1","Static Discharge+1","Loop"],"picked":"SKIP","floor":38},{"not_picked":["Reprogram","Storm+1","Hologram+1"],"picked":"SKIP","floor":40},{"not_picked":["Streamline","Self Repair"],"picked":"Mirror Shield","floor":45},{"not_picked":["Double Energy+1","Barrage","Turbo"],"picked":"SKIP","floor":46},{"not_picked":["Beam Cell","Cold Snap+1","ReplayTheSpireMod:GoodbyeWorld+1"],"picked":"SKIP","floor":47},{"not_picked":["Tempest","Turbo","Cold Snap"],"picked":"SKIP","floor":48},{"not_picked":["ReplayTheSpireMod:Fabricate Wheel","Beam Cell+1","Darkness+1"],"picked":"SKIP","floor":54}],"player_experience":246741,"relics_obtained":[{"floor":10,"key":"Replay:Antivirus Software"},{"floor":19,"key":"Mirror"},{"floor":23,"key":"Bottled Lightning"},{"floor":26,"key":"Regal Pillow"},{"floor":27,"key":"Bag of Preparation"},{"floor":30,"key":"Ancient Tea Set"},{"floor":40,"key":"Bird Faced Urn"},{"floor":41,"key":"ReplayTheSpireMod:Ring of Addiction"},{"floor":41,"key":"White Beast Statue"},{"floor":41,"key":"Potion Belt"},{"floor":41,"key":"Ring of Shattering"},{"floor":43,"key":"MawBank"},{"floor":45,"key":"Omamori"},{"floor":47,"key":"Whetstone"},{"floor":54,"key":"Replay:Ringing Soul"}],"event_choices":[{"damage_healed":0.0,"max_hp_gain":5.0,"max_hp_loss":0.0,"gold_gain":0.0,"event_name":"Big Fish","player_choice":"Donut","floor":2.0,"gold_loss":0.0,"damage_taken":0.0},{"damage_healed":0.0,"max_hp_gain":0.0,"max_hp_loss":6.0,"gold_gain":0.0,"event_name":"Golden Idol","player_choice":"Lose Max HP","floor":3.0,"gold_loss":0.0,"damage_taken":0.0,"relics_obtained":["Golden Idol"]},{"cards_removed":["Strike_B"],"damage_healed":0,"gold_gain":0,"player_choice":"Purged","damage_taken":0,"max_hp_gain":0,"max_hp_loss":0,"event_name":"Purifier","floor":7,"gold_loss":0},{"damage_healed":0,"gold_gain":0,"player_choice":"Became a Ghost","damage_taken":0,"max_hp_gain":0,"max_hp_loss":37,"event_name":"Ghosts","floor":22,"gold_loss":0,"cards_obtained":["Ghostly","Ghostly","Ghostly","Ghostly","Ghostly"]},{"damage_healed":0,"gold_gain":0,"cards_transformed":["Dualcast","Zap"],"player_choice":"Became Test Subject","damage_taken":0,"max_hp_gain":0,"max_hp_loss":0,"event_name":"Drug Dealer","floor":25,"gold_loss":0,"cards_obtained":["ReplayTheSpireMod:Calculation Training","Double Energy"]},{"damage_healed":0,"gold_gain":0,"player_choice":"Ignored","damage_taken":0,"max_hp_gain":0,"max_hp_loss":0,"event_name":"Tomb of Lord Red Mask","floor":36,"gold_loss":0},{"damage_healed":0,"gold_gain":0,"player_choice":"Max HP","damage_taken":0,"max_hp_gain":0,"max_hp_loss":2,"event_name":"Winding Halls","floor":42,"gold_loss":0}],"is_beta":false,"boss_relics":[{"not_picked":["Nuclear Battery","Abe\u0027s Treasure"],"picked":"Empty Cage"},{"not_picked":["FrozenCore","Kintsugi"],"picked":"Inserter"}],"items_purged_floors":[5,8,20,53],"is_endless":false,"potions_floor_spawned":[1,10,14,24,28,30,33,37,45,46,47,48,54],"ascension_level":2}}