{"host":"qiddgr1lyn3b7c88","time":1614393995,"event":{"mods":["Aspiration","BaseMod","Colored Map","Highlight Path","Minty Spire (QoL Compilation)","Replay The Spire","Shop Mod","StSLib","Synergy Search","The Alterego","egg"],"gold_per_floor":[115,128,147,158,175,175,208,208,208,208,235,249,259,279,279,377,377,391,423,23,37,56,56,56],"floor_reached":23,"language":"ENG","playtime":1150,"items_purged":["Strike_B"],"score":348,"play_id":"dfa104d8-e328-4ccd-a2fd-658b5d92701c","local_time":"20210226214635","is_ascension_mode":true,"campfire_choices":[{"data":"Defragment","floor":6,"key":"SMITH"},{"data":"Mirror Shield","floor":8,"key":"SMITH"},{"data":"Zap","floor":10,"key":"SMITH"},{"data":"Lockon","floor":15,"key":"SMITH"}],"circlet_count":0,"master_deck":["AscendersBane","Strike_B","Strike_B","Strike_B","Defend_B","Defend_B","Defend_B","Defend_B","Zap+1","Dualcast","Mirror Shield+1","Conserve Battery","Defragment+1","Sweeping Beam","Barrage","All For One","White Noise","Ball Lightning","aspiration:Polymerization","Lockon+1","Echo Form","Loop","Doom and Gloom","All For One","Capacitor","Coolheaded","Consume"],"relics":["Cracked Core","Centennial Puzzle","Blue Doll","Snecko Eye","Red Mask","Blood Vial","Orrery"],"acts_visited":["Exordium","TheCity"],"potions_floor_usage":[16,22,23],"damage_taken":[{"damage":0,"enemies":"Cultist","floor":1,"turns":4},{"damage":0,"enemies":"Jaw Worm","floor":2,"turns":4},{"damage":8,"enemies":"Small Slimes","floor":3,"turns":4},{"damage":0,"enemies":"Looter","floor":4,"turns":3},{"damage":5,"enemies":"Large Slime","floor":5,"turns":5},{"damage":21,"enemies":"Gremlin Nob","floor":7,"turns":5},{"damage":0,"enemies":"3 Sentries","floor":11,"turns":5},{"damage":4,"enemies":"Lots of Slimes","floor":12,"turns":3},{"damage":0,"enemies":"Exordium Thugs","floor":13,"turns":3},{"damage":6,"enemies":"Looter","floor":14,"turns":3},{"damage":1,"enemies":"Hexaghost","floor":16,"turns":9},{"damage":14,"enemies":"Shell Parasite","floor":18,"turns":4},{"damage":35,"enemies":"Masked Bandits","floor":19,"turns":4},{"damage":2,"enemies":"3 Byrds","floor":21,"turns":4},{"damage":6,"enemies":"Centurion and Healer","floor":22,"turns":4},{"damage":6,"enemies":"Slavers","floor":23,"turns":1}],"seed_played":"-4849199781168131572","potions_obtained":[{"floor":4,"key":"Elixir"},{"floor":5,"key":"Elixir"},{"floor":11,"key":"Doom Potion"},{"floor":13,"key":"Fire Potion"},{"floor":19,"key":"Weak Potion"},{"floor":21,"key":"Block Potion"}],"is_trial":false,"path_per_floor":["M","M","M","M","M","R","E","R","T","R","E","M","M","M","R","B",null,"M","?","$","M","M","E"],"character_chosen":"DEFECT","items_purchased":["Blood Vial","Doom and Gloom","Orrery"],"campfire_rested":0,"item_purchase_floors":[20,20,20],"current_hp_per_floor":[68,68,60,60,55,55,34,34,34,34,34,30,30,24,24,23,57,43,8,8,8,4,0,0],"gold":56,"neow_bonus":"THREE_RARE_CARDS","is_daily":false,"chose_seed":false,"campfire_upgraded":4,"win_rate":0.0,"timestamp":1614393995,"path_taken":["M","M","M","M","?","R","E","R","T","R","E","M","M","M","R","BOSS","M","?","$","M","M","E"],"items_purchased_type":["Relic","Card","Relic"],"build_version":"2020-12-22","purchased_purges":1,"victory":false,"max_hp_per_floor":[68,68,68,68,68,68,68,68,68,68,68,68,68,68,68,68,68,68,68,68,68,68,68,68],"card_choices":[{"not_picked":["Echo Form","Rainbow"],"picked":"Mirror Shield","floor":0},{"not_picked":["Leap","ReplayTheSpireMod:Reroute Power"],"picked":"Conserve Battery","floor":1},{"not_picked":["ReplayTheSpireMod:System Scan","Ball Lightning"],"picked":"Defragment","floor":2},{"not_picked":["Lockon","Stack"],"picked":"Sweeping Beam","floor":3},{"not_picked":["ReplaySort","Hologram","ReplayTheSpireMod:Reroute Power"],"picked":"SKIP","floor":4},{"not_picked":["Beam Cell","Panic Button"],"picked":"Barrage","floor":5},{"not_picked":["Scrape","Reprogram"],"picked":"All For One","floor":7},{"not_picked":["Stack","ReplayGash"],"picked":"White Noise","floor":11},{"not_picked":["Hologram","Sweeping Beam"],"picked":"Ball Lightning","floor":12},{"not_picked":["ReplaySolidLightProjector","Barrage"],"picked":"aspiration:Polymerization","floor":13},{"not_picked":["Ball Lightning","Sunder"],"picked":"Lockon","floor":14},{"not_picked":["Thunder Strike","Buffer"],"picked":"Echo Form","floor":16},{"not_picked":["Redo","Gash","Beam Cell"],"picked":"SKIP","floor":18},{"not_picked":["Fission","Gash+1"],"picked":"Loop","floor":19},{"not_picked":["Hologram","Barrage"],"picked":"All For One","floor":20},{"not_picked":["Rebound","Recycle+1"],"picked":"Capacitor","floor":20},{"not_picked":["Streamline","Turbo"],"picked":"Coolheaded","floor":20},{"not_picked":["Redo","Leap","Rebound"],"picked":"SKIP","floor":21},{"not_picked":["Leap","Reboot"],"picked":"Consume","floor":22}],"player_experience":1082149,"relics_obtained":[{"floor":7,"key":"Centennial Puzzle"},{"floor":9,"key":"Blue Doll"},{"floor":19,"key":"Red Mask"}],"event_choices":[{"damage_healed":0,"gold_gain":0,"player_choice":"Fought Bandits","damage_taken":0,"max_hp_gain":0,"max_hp_loss":0,"event_name":"Masked Bandits","floor":19,"gold_loss":0}],"is_beta":false,"boss_relics":[{"not_picked":["Replay:Ancient Bell","Cursed Key"],"picked":"Snecko Eye"}],"items_purged_floors":[20],"is_endless":false,"potions_floor_spawned":[4,5,11,13,19,21],"killed_by":"Slavers","ascension_level":10}}