{"host":"nptej036rrbiurf5","time":1614394974,"event":{"mods":["BaseMod","Colored Map","Colored Powertips","DeckTracker","Minty Spire (QoL Compilation)","StSLib","SuperFastMode"],"gold_per_floor":[111,111,36,36,48,74,74,29,29,43,61,61,96,112,112,188,188,204,220,145,235,246,246,265,265,265,280,180,190,25,44,44,117,117,129,139,151,164,164,192,211,211,238,252,269,269,269,144,144,144,144,144],"floor_reached":51,"language":"KOR","playtime":1124,"items_purged":["Alpha","WindmillStrike","Protect"],"score":1536,"play_id":"b3422b2e-da6c-4e63-9c94-ed58223e75c6","local_time":"20210227120254","is_ascension_mode":true,"campfire_choices":[{"data":"Eruption","floor":7.0,"key":"SMITH"},{"data":"Ragnarok","floor":12.0,"key":"SMITH"},{"data":"EmptyMind","floor":15.0,"key":"SMITH"},{"floor":23.0,"key":"REST"},{"data":"WreathOfFlame","floor":25.0,"key":"SMITH"},{"data":"Protect","floor":32.0,"key":"SMITH"},{"floor":42.0,"key":"REST"},{"floor":46.0,"key":"RECALL"},{"data":"Vigilance","floor":49.0,"key":"SMITH"}],"circlet_count":0,"master_deck":["AscendersBane","Eruption+1","Vigilance+1","FollowUp+1","FlurryOfBlows","Tantrum+1","FearNoEvil","Ragnarok+1","EmptyMind+1","WreathOfFlame+1","Protect+1","Vengeance+1"],"relics":["HolyWater","NeowsBlessing","HornCleat","Regal Pillow","Vajra","White Beast Statue","Pandora\u0027s Box","Pen Nib","Mummified Hand","Whetstone"],"acts_visited":["Exordium","TheCity","TheBeyond"],"potions_floor_usage":[],"damage_taken":[{"damage":0.0,"enemies":"Jaw Worm","floor":1.0,"turns":1.0},{"damage":0.0,"enemies":"Small Slimes","floor":5.0,"turns":1.0},{"damage":0.0,"enemies":"Lagavulin","floor":6.0,"turns":2.0},{"damage":0.0,"enemies":"Cultist","floor":10.0,"turns":2.0},{"damage":0.0,"enemies":"Gremlin Gang","floor":11.0,"turns":1.0},{"damage":0.0,"enemies":"Gremlin Nob","floor":13.0,"turns":2.0},{"damage":0.0,"enemies":"Large Slime","floor":14.0,"turns":3.0},{"damage":0.0,"enemies":"Hexaghost","floor":16.0,"turns":4.0},{"damage":11.0,"enemies":"2 Thieves","floor":18.0,"turns":2.0},{"damage":4.0,"enemies":"3 Byrds","floor":19.0,"turns":4.0},{"damage":12.0,"enemies":"Shelled Parasite and Fungi","floor":22.0,"turns":3.0},{"damage":0.0,"enemies":"Centurion and Healer","floor":24.0,"turns":3.0},{"damage":0.0,"enemies":"Snake Plant","floor":27.0,"turns":1.0},{"damage":15.0,"enemies":"Shelled Parasite and Fungi","floor":29.0,"turns":2.0},{"damage":0.0,"enemies":"Snecko","floor":31.0,"turns":3.0},{"damage":10.0,"enemies":"Champ","floor":33.0,"turns":3.0},{"damage":0.0,"enemies":"Orb Walker","floor":35.0,"turns":2.0},{"damage":21.0,"enemies":"3 Shapes","floor":36.0,"turns":2.0},{"damage":0.0,"enemies":"Spire Growth","floor":37.0,"turns":2.0},{"damage":10.0,"enemies":"Sphere and 2 Shapes","floor":38.0,"turns":2.0},{"damage":0.0,"enemies":"Giant Head","floor":40.0,"turns":4.0},{"damage":0.0,"enemies":"3 Darklings","floor":41.0,"turns":2.0},{"damage":0.0,"enemies":"Jaw Worm Horde","floor":44.0,"turns":4.0},{"damage":0.0,"enemies":"Transient","floor":45.0,"turns":6.0},{"damage":36.0,"enemies":"Awakened One","floor":50.0,"turns":4.0},{"damage":0,"enemies":"Donu and Deca","floor":51,"turns":1}],"seed_played":"-6204743119073612375","potions_obtained":[{"floor":1.0,"key":"AttackPotion"},{"floor":5.0,"key":"SpeedPotion"},{"floor":10.0,"key":"DistilledChaos"},{"floor":16.0,"key":"Dexterity Potion"},{"floor":18.0,"key":"BottledMiracle"},{"floor":22.0,"key":"CultistPotion"},{"floor":24.0,"key":"EssenceOfSteel"},{"floor":27.0,"key":"Ambrosia"},{"floor":33.0,"key":"AttackPotion"},{"floor":38.0,"key":"BottledMiracle"},{"floor":40.0,"key":"SpeedPotion"},{"floor":44.0,"key":"SteroidPotion"}],"is_trial":false,"path_per_floor":["M","?","?","?","M","E","R","$","T","M","M","R","E","M","R","B",null,"M","M","$","?","M","R","M","R","T","M","$","M","$","M","R","B",null,"M","M","M","M","?","E","M","R","T","M","M","R","?","$","R","B","B"],"character_chosen":"WATCHER","items_purchased":["FearNoEvil","Pen Nib"],"campfire_rested":2,"item_purchase_floors":[8,30],"current_hp_per_floor":[61,61,61,43,43,43,43,43,43,43,43,43,43,43,43,43,62,51,47,47,35,23,58,58,58,58,58,58,43,43,43,43,33,59,59,38,38,28,28,28,28,62,62,62,62,62,62,62,62,26,26,26],"gold":144,"neow_bonus":"THREE_ENEMY_KILL","is_daily":false,"chose_seed":false,"campfire_upgraded":6,"win_rate":0.0,"timestamp":1614394974,"path_taken":["M","?","?","?","M","E","R","?","T","?","M","R","E","M","R","BOSS","M","M","$","?","?","R","M","R","T","M","$","M","$","M","R","BOSS","M","M","?","M","?","E","M","R","T","M","M","R","?","$","R","BOSS","BOSS"],"items_purchased_type":["Card","Relic"],"build_version":"2020-12-22","purchased_purges":3,"victory":false,"max_hp_per_floor":[68,68,68,68,68,68,68,68,68,68,68,68,68,68,68,68,68,68,68,68,68,68,68,68,68,68,68,68,68,68,68,68,68,68,68,68,68,68,65,65,65,65,65,65,65,65,65,65,65,65,65,65],"card_choices":[{"not_picked":["Collect","ThirdEye"],"picked":"FollowUp","floor":1.0},{"not_picked":["ThirdEye","SashWhip","DeceiveReality"],"picked":"SKIP","floor":5.0},{"not_picked":["Pray","Wallop"],"picked":"Tantrum","floor":6.0},{"not_picked":["Protect","PathToVictory"],"picked":"Ragnarok","floor":10.0},{"not_picked":["FollowUp","Perseverance"],"picked":"EmptyMind","floor":11.0},{"not_picked":["SignatureMove","DeceiveReality","CarveReality"],"picked":"SKIP","floor":13.0},{"not_picked":["EmptyBody","EmptyMind","CrushJoints"],"picked":"SKIP","floor":14.0},{"not_picked":["Collect","Nirvana+1","Wireheading"],"picked":"SKIP","floor":18.0},{"not_picked":["Sanctity","ReachHeaven","CrushJoints"],"picked":"SKIP","floor":19.0},{"not_picked":["BowlingBash+1","Tantrum+1","ThirdEye"],"picked":"SKIP","floor":22.0},{"not_picked":["ThirdEye","Prostrate","LikeWater"],"picked":"SKIP","floor":24.0},{"not_picked":["CrushJoints+1","Halt","Evaluate"],"picked":"SKIP","floor":27.0},{"not_picked":["Prostrate","Protect+1","CrushJoints"],"picked":"SKIP","floor":29.0},{"not_picked":["Collect","LessonLearned","SashWhip+1"],"picked":"SKIP","floor":31.0},{"not_picked":["ReachHeaven+1","Vengeance","EmptyMind"],"picked":"SKIP","floor":35.0},{"not_picked":["Consecrate","Pray","CutThroughFate"],"picked":"SKIP","floor":36.0},{"not_picked":["Protect+1","SignatureMove","FlurryOfBlows"],"picked":"SKIP","floor":37.0},{"not_picked":["WreathOfFlame+1","PathToVictory","Worship"],"picked":"SKIP","floor":38.0},{"not_picked":["SashWhip+1","FollowUp","LikeWater"],"picked":"SKIP","floor":40.0},{"not_picked":["ClearTheMind","JustLucky","ForeignInfluence+1"],"picked":"SKIP","floor":41.0},{"not_picked":["Indignation","DeceiveReality+1","CarveReality+1"],"picked":"SKIP","floor":44.0},{"not_picked":["Prostrate","ThirdEye","WheelKick"],"picked":"SKIP","floor":45.0}],"player_experience":1037989,"relics_obtained":[{"floor":6.0,"key":"Regal Pillow"},{"floor":9.0,"key":"Vajra"},{"floor":13.0,"key":"White Beast Statue"},{"floor":40.0,"key":"Mummified Hand"},{"floor":43.0,"key":"Whetstone"}],"event_choices":[{"damage_healed":0.0,"max_hp_gain":0.0,"max_hp_loss":0.0,"gold_gain":0.0,"cards_transformed":["Strike_P"],"event_name":"Living Wall","player_choice":"Change","floor":2.0,"gold_loss":0.0,"damage_taken":0.0,"cards_obtained":["FlurryOfBlows"]},{"cards_removed":["Defend_P"],"damage_healed":0.0,"max_hp_gain":0.0,"max_hp_loss":0.0,"gold_gain":0.0,"event_name":"The Cleric","player_choice":"Card Removal","floor":3.0,"gold_loss":75.0,"damage_taken":0.0},{"damage_healed":0.0,"max_hp_gain":0.0,"max_hp_loss":0.0,"gold_gain":0.0,"event_name":"Scrap Ooze","player_choice":"Success","floor":4.0,"gold_loss":0.0,"damage_taken":18.0,"relics_obtained":["HornCleat"]},{"damage_healed":0.0,"max_hp_gain":0.0,"max_hp_loss":0.0,"gold_gain":90.0,"event_name":"Knowing Skull","player_choice":"GOLD ","floor":21.0,"potions_obtained":[],"gold_loss":0.0,"damage_taken":12.0,"cards_obtained":[]},{"damage_healed":0.0,"max_hp_gain":0.0,"max_hp_loss":3.0,"gold_gain":0.0,"event_name":"Winding Halls","player_choice":"Max HP","floor":39.0,"gold_loss":0.0,"damage_taken":0.0},{"damage_healed":0.0,"max_hp_gain":0.0,"max_hp_loss":0.0,"gold_gain":0.0,"event_name":"Accursed Blacksmith","player_choice":"Forge","floor":47.0,"gold_loss":0.0,"damage_taken":0.0,"cards_upgraded":["Vengeance"]}],"is_beta":false,"boss_relics":[{"not_picked":["Coffee Dripper","Velvet Choker"],"picked":"Pandora\u0027s Box"},{"not_picked":["Cursed Key","Calling Bell"],"picked":"HolyWater"}],"items_purged_floors":[20,28,48],"is_endless":false,"potions_floor_spawned":[1,5,10,14,16,18,19,22,24,27,29,31,33,35,36,37,38,40,41,44,45],"killed_by":"Donu and Deca","ascension_level":20}}