{"host":"o7j6aatxjwpw1421","time":1614387902,"event":{"mods":["2.2 Compatiblity","AchievementEnabler","BaseMod","Colored Map","DeckTracker","Highlight Path","Keyboard Shortcuts","Minty Spire (QoL Compilation)","Permanent Neow","Quick Restart","StSLib","SuperFastMode","everything is the same but u backflip on backflip"],"gold_per_floor":[119,119,133,143,154,189,189,189,189],"floor_reached":8,"language":"KOR","playtime":260,"items_purged":[],"score":116,"play_id":"c729114f-e2fe-44ce-88bf-2e4e24ff2ab8","local_time":"20210227100502","is_ascension_mode":true,"campfire_choices":[{"floor":7,"key":"REST"}],"circlet_count":0,"master_deck":["AscendersBane","Strike_G","Strike_G","Strike_G","Strike_G","Defend_G","Defend_G","Defend_G","Defend_G","Survivor","Neutralize","Poisoned Stab","Choke"],"relics":["Ring of the Snake","Paper Crane"],"acts_visited":["Exordium"],"potions_floor_usage":[4,6,6],"damage_taken":[{"damage":6,"enemies":"Cultist","floor":1,"turns":5},{"damage":0,"enemies":"Small Slimes","floor":3,"turns":4},{"damage":7,"enemies":"2 Louse","floor":4,"turns":4},{"damage":9,"enemies":"Blue Slaver","floor":5,"turns":5},{"damage":25,"enemies":"Lagavulin","floor":6,"turns":5},{"damage":42,"enemies":"Gremlin Nob","floor":8,"turns":4}],"seed_played":"7399337667340482997","potions_obtained":[{"floor":1,"key":"Fruit Juice"},{"floor":3,"key":"Fire Potion"},{"floor":5,"key":"Energy Potion"}],"is_trial":false,"path_per_floor":["M","?","M","M","M","E","R","E"],"character_chosen":"THE_SILENT","items_purchased":[],"campfire_rested":1,"item_purchase_floors":[],"current_hp_per_floor":[53,53,53,51,42,17,38,0,0],"gold":189,"neow_bonus":"REMOVE_CARD","is_daily":false,"chose_seed":false,"campfire_upgraded":0,"win_rate":0.0,"timestamp":1614387902,"path_taken":["M","?","?","?","M","E","R","E"],"items_purchased_type":[],"build_version":"2020-12-22","purchased_purges":0,"victory":false,"max_hp_per_floor":[66,66,66,71,71,71,71,71,71],"card_choices":[{"not_picked":["Flechettes","Leg Sweep","Slice"],"picked":"SKIP","floor":1},{"not_picked":["Cloak And Dagger","Accuracy"],"picked":"Poisoned Stab","floor":3},{"not_picked":["Dodge and Roll","Concentrate"],"picked":"Choke","floor":4},{"not_picked":["Catalyst","PiercingWail","Flying Knee"],"picked":"SKIP","floor":5},{"not_picked":["Calculated Gamble","Quick Slash","Acrobatics"],"picked":"SKIP","floor":6}],"player_experience":628376,"relics_obtained":[{"floor":6,"key":"Paper Crane"}],"event_choices":[{"cards_removed":["Defend_G"],"damage_healed":0,"gold_gain":0,"player_choice":"Purged","damage_taken":0,"max_hp_gain":0,"max_hp_loss":0,"event_name":"Purifier","floor":2,"gold_loss":0}],"is_beta":false,"boss_relics":[],"items_purged_floors":[],"is_endless":false,"potions_floor_spawned":[1,3,5],"killed_by":"Gremlin Nob","ascension_level":20}}