{"host":"bplbr8uekuotory4","time":1614419147,"event":{"mods":["Act Like it!","BaseMod","GungeonMod","Hermit","KinomotoSakuraMod(ƒæ÷Æ±æ”£)","Marisa£®ÏF”Í°°ƒß¿Ì…≥£©","Minty Spire (QoL Compilation)","Prisma Mod","Quick Restart","Reimu£®≤©¿ˆ¡È√Œ£©","SOS£®Àπ∞Õ¥Ô÷Æ◊”£©","Spicy Shops","StSLib","TestMod","The Blackbeard","The Cursed","The Mystic","The Saiyan","The Senshi","The Servant 0.9.4","Yuri Mod","[IsaacMod]“‘»ˆº‚À˛"],"gold_per_floor":[113,263,278,278,50,50,81,81,81,105,117,164,258,311,323,418,430,589,608,620,653,665,735,772,784,847,859,957,1030,1103,1115,1127,1276,1297,1330,1394,1406,1493,1554,1603,1615,1679,1691,1809,1909,1075,1075,1075,1075,1087,1087,1087,499,536,548],"floor_reached":56,"language":"ZHS","playtime":1257,"items_purged":["Doubt","Strike_R","Strike_R","Strike_R","Defend_R","Strike_R"],"score":2863,"play_id":"a8a5cb1c-b9f9-4c6a-9796-17622ba8ba01","local_time":"20210227174547","is_ascension_mode":true,"campfire_choices":[{"data":"Bash","floor":6,"key":"SMITH"},{"data":"Pommel Strike","floor":8,"key":"SMITH"},{"data":"Sword Boomerang","floor":11,"key":"SMITH"},{"floor":15,"key":"RECALL"},{"data":"Brutality","floor":25,"key":"SMITH"},{"data":"Combust","floor":27,"key":"SMITH"},{"data":"Demon Form","floor":32,"key":"SMITH"},{"data":"Offering","floor":47,"key":"SMITH"},{"data":"Second Wind","floor":49,"key":"SMITH"},{"data":"Strike_R","floor":52,"key":"SMITH"}],"circlet_count":0,"master_deck":["AscendersBane","Strike_R+1","Defend_R+1","Bash+1","Pommel Strike+1","Sword Boomerang+1","Demon Form+1","Combust+1","Shrug It Off+1","Second Wind+1","Brutality+1","Armaments+1","Barricade+1","Offering+1","Twin Strike+1","Rampage+1","Body Slam+1","Entrench"],"relics":["Burning Blood","testmod-TestBox","HushsDoor","SalivaCoin","testmod-TheFather","NeowsBlessing","Gambling Chip","Bag of Marbles","testmod-Antiphasic","MawBank","Mummified Hand","Incense Burner","SlaversCollar","SatanicBible","BelialBook","Anchor","CeramicFish","Akabeko","Boot","DemoMod:GlassGuonStoneRelic","Self Forming Clay","MutagenicStrength","SacredBark","Molten Egg 2","War Paint","White Beast Statue","Mercury Hourglass","testmod-IntensifyImprint","testmod-Charity","Kunai","Potion Belt","theSenshi:SailorFukuRelic","MoneyPower","Orichalcum"],"acts_visited":["Exordium","TheCity","TheBeyond","TheEnding"],"potions_floor_usage":[16,23,33,33,55,55,55,55],"damage_taken":[{"damage":0,"enemies":"Jaw Worm","floor":1,"turns":1},{"damage":0,"enemies":"Small Slimes","floor":3,"turns":2},{"damage":0,"enemies":"Lagavulin","floor":7,"turns":1},{"damage":0,"enemies":"2 Louse","floor":10,"turns":2},{"damage":0,"enemies":"3 Sentries","floor":12,"turns":1},{"damage":13,"enemies":"Lagavulin","floor":14,"turns":3},{"damage":0,"enemies":"Slime Boss","floor":16,"turns":4},{"damage":31,"enemies":"3 Byrds","floor":18,"turns":4},{"damage":10,"enemies":"Spheric Guardian","floor":21,"turns":3},{"damage":1,"enemies":"Slavers","floor":23,"turns":1},{"damage":11,"enemies":"Book of Stabbing","floor":28,"turns":3},{"damage":17,"enemies":"Snake Plant","floor":29,"turns":3},{"damage":3,"enemies":"Slavers","floor":30,"turns":4},{"damage":0,"enemies":"Champ","floor":33,"turns":4},{"damage":0,"enemies":"Orb Walker","floor":35,"turns":1},{"damage":0,"enemies":"Hiden Room Battle","floor":38,"turns":1},{"damage":0,"enemies":"3 Darklings","floor":39,"turns":2},{"damage":0,"enemies":"Nemesis","floor":40,"turns":1},{"damage":10,"enemies":"Sphere and 2 Shapes","floor":42,"turns":3},{"damage":14,"enemies":"Giant Head","floor":44,"turns":5},{"damage":10,"enemies":"Transient","floor":45,"turns":5},{"damage":7,"enemies":"Donu and Deca","floor":50,"turns":2},{"damage":0,"enemies":"Shield and Spear","floor":54,"turns":1},{"damage":0,"enemies":"The Heart","floor":55,"turns":2}],"seed_played":"2286657842327048882","potions_obtained":[{"floor":1,"key":"ColorlessPotion"},{"floor":12,"key":"SkillPotion"},{"floor":14,"key":"testmod-TestPotion"},{"floor":16,"key":"PowerPotion"},{"floor":28,"key":"Dexterity Potion"},{"floor":30,"key":"testmod-TimePotion"},{"floor":39,"key":"Weak Potion"},{"floor":42,"key":"EssenceOfSteel"},{"floor":54,"key":"Energy Potion"}],"is_trial":false,"path_per_floor":["M","?","M","T","$","R","E","R","T","M","R","E","?","E","R","B",null,"M","?","$","M","?","E","T","R","T","R","E","M","E","?","R","B",null,"M","?","?","?","M","E","?","M","T","E","M","$","R","?","R","B",null,"R","$","E","B",null],"character_chosen":"IRONCLAD","items_purchased":["Bag of Marbles","SatanicBible","BelialBook","Offering","testmod-Charity","Kunai","Potion Belt","theSenshi:SailorFukuRelic","ColorlessPotion","MoneyPower"],"campfire_rested":0,"item_purchase_floors":[5,17,17,34,46,46,46,46,46,53],"current_hp_per_floor":[74,74,75,75,75,75,75,75,75,75,75,75,64,57,57,63,50,30,25,25,21,21,26,26,26,26,26,21,10,13,13,13,19,38,44,34,34,30,36,42,42,38,38,30,26,26,26,26,26,30,52,52,52,62,68],"gold":548,"neow_bonus":"THREE_ENEMY_KILL","is_daily":false,"chose_seed":false,"campfire_upgraded":9,"win_rate":0.0,"timestamp":1614419147,"path_taken":["M","?","M","?","$","R","E","R","T","M","R","E","?","E","R","BOSS","M","?","$","M","?","E","?","R","T","R","E","?","E","?","R","BOSS","M","?","?","?","M","E","?","M","T","E","M","$","R","?","R","BOSS","R","$","E","BOSS"],"items_purchased_type":["Relic","Relic","Relic","Card","Relic","Relic","Relic","Relic","Potion","Relic"],"build_version":"2020-12-22","purchased_purges":6,"victory":true,"max_hp_per_floor":[75,75,75,75,75,75,75,75,75,75,75,75,75,75,75,75,50,55,55,55,55,55,55,55,55,55,55,55,55,55,55,55,55,44,44,49,49,54,54,54,54,54,54,54,54,54,54,54,54,59,59,59,59,63,68],"card_choices":[{"not_picked":[],"picked":"ChaosCard","floor":0},{"not_picked":["Heavy Blade","Pummel"],"picked":"Bomb","floor":1},{"not_picked":["Havoc","Evolve"],"picked":"Pommel Strike","floor":3},{"not_picked":["Iron Wave","Shockwave","Pummel"],"picked":"SKIP","floor":7},{"not_picked":["Armaments","Rupture"],"picked":"Sword Boomerang","floor":10},{"not_picked":["Armaments","Dark Embrace","Wild Strike"],"picked":"SKIP","floor":12},{"not_picked":["Ghostly Armor","Shrug It Off"],"picked":"Bomb","floor":14},{"not_picked":["Immolate","Impervious"],"picked":"Demon Form","floor":16},{"not_picked":["DemoMod:BlackBlade","Perfected Strike"],"picked":"Combust","floor":18},{"not_picked":["Twin Strike","Immolate"],"picked":"Shrug It Off+1","floor":21},{"not_picked":["Body Slam","Anger"],"picked":"Brutality","floor":23},{"not_picked":["Flame Barrier","Bloodletting"],"picked":"Armaments+1","floor":28},{"not_picked":["Pommel Strike","Havoc","Heavy Blade"],"picked":"SKIP","floor":29},{"not_picked":["Infernal Blade","Pummel","Body Slam"],"picked":"SKIP","floor":30},{"not_picked":["Berserk","Feed"],"picked":"Barricade","floor":33},{"not_picked":["Anger","Burning Pact"],"picked":"Twin Strike+1","floor":35},{"not_picked":["Pummel+1","Evolve+1"],"picked":"Rampage+1","floor":38},{"not_picked":["Pummel+1","Wild Strike+1"],"picked":"Body Slam+1","floor":39},{"not_picked":["Wild Strike+1","Thunderclap+1","Searing Blow+1"],"picked":"SKIP","floor":40},{"not_picked":["Whirlwind+1","Hemokinesis+1","Body Slam+1"],"picked":"SKIP","floor":42},{"not_picked":["Flex+1","Perfected Strike+1","Wild Strike+1"],"picked":"SKIP","floor":44},{"not_picked":["Headbutt+1","Clash+1","Iron Wave+1"],"picked":"SKIP","floor":45},{"not_picked":["Anger+1","Sword Boomerang+1"],"picked":"Entrench","floor":54}],"player_experience":1200307,"relics_obtained":[{"floor":4,"key":"Gambling Chip"},{"floor":7,"key":"testmod-Antiphasic"},{"floor":9,"key":"MawBank"},{"floor":12,"key":"Mummified Hand"},{"floor":14,"key":"Incense Burner"},{"floor":23,"key":"CeramicFish"},{"floor":26,"key":"Akabeko"},{"floor":28,"key":"Boot"},{"floor":30,"key":"Self Forming Clay"},{"floor":38,"key":"Molten Egg 2"},{"floor":38,"key":"War Paint"},{"floor":40,"key":"White Beast Statue"},{"floor":43,"key":"Mercury Hourglass"},{"floor":44,"key":"testmod-IntensifyImprint"},{"floor":54,"key":"Orichalcum"}],"event_choices":[{"damage_healed":0,"gold_gain":150,"player_choice":"AGREE","damage_taken":0,"max_hp_gain":0,"max_hp_loss":0,"event_name":"Liars Game","floor":2,"gold_loss":0,"cards_obtained":["Doubt"]},{"damage_healed":0,"gold_gain":75,"player_choice":"Gather Gold","damage_taken":11,"max_hp_gain":0,"max_hp_loss":0,"event_name":"World of Goop","floor":13,"gold_loss":0},{"damage_healed":0,"gold_gain":0,"player_choice":"Anchor","damage_taken":0,"relics_obtained":["Anchor"],"max_hp_gain":0,"max_hp_loss":0,"event_name":"blackbeard:ShipwreckEvent","floor":19,"gold_loss":0},{"damage_healed":0,"gold_gain":0,"cards_transformed":["Defend_R"],"player_choice":"Transformed","damage_taken":0,"max_hp_gain":0,"max_hp_loss":0,"event_name":"Transmorgrifier","floor":22,"gold_loss":0,"cards_obtained":["Second Wind"]},{"damage_healed":0,"gold_gain":0,"player_choice":"Inject Mutagens","damage_taken":0,"relics_obtained":["MutagenicStrength"],"max_hp_gain":0,"max_hp_loss":0,"event_name":"Drug Dealer","floor":31,"gold_loss":0},{"damage_healed":0,"gold_gain":0,"player_choice":"Ignored","damage_taken":0,"max_hp_gain":0,"max_hp_loss":0,"event_name":"Tomb of Lord Red Mask","floor":37,"gold_loss":0},{"damage_healed":0,"gold_gain":0,"player_choice":"Fight","damage_taken":0,"max_hp_gain":0,"max_hp_loss":0,"event_name":"HidenRoomEvent","floor":38,"gold_loss":0},{"cards_removed":["Defend_R"],"damage_healed":0,"gold_gain":0,"player_choice":"Removed Skill","damage_taken":0,"max_hp_gain":0,"max_hp_loss":0,"event_name":"Falling","floor":41,"gold_loss":0},{"damage_healed":0,"gold_gain":0,"player_choice":"Upgraded","damage_taken":0,"max_hp_gain":0,"max_hp_loss":0,"event_name":"Upgrade Shrine","floor":48,"gold_loss":0,"cards_upgraded":["Barricade"]}],"is_beta":false,"boss_relics":[{"not_picked":["testmod-BatchProcessingSystem","testmod-GoldenSoul"],"picked":"SlaversCollar"},{"not_picked":[]},{"not_picked":["Cursed Key","testmod-IncinerationGenerator"],"picked":"SacredBark"},{"not_picked":[]}],"items_purged_floors":[5,17,34,46,53,53],"is_endless":false,"potions_floor_spawned":[1,12,14,16,28,30,39,42,44,45,54],"ascension_level":15}}