{"host":"ayh4nqhr0ddw4ozv","time":1614384693,"event":{"mods":["BaseMod","Minty Spire (QoL Compilation)","Relic Stats","Replay The Spire","Robot Space Explorer","StSLib"],"gold_per_floor":[14,24,24,24,43,75,93,93,117,117,150,165,165,175,175,254,254,264,264,279,60,60,60,60,60,90,104,104,22,22,22,41,53,53,129,129,139,139,150,240,250,250,264,264,340,340,340,356,387,387,26,51,51,51,51,51,51,51,51],"floor_reached":58,"language":"ENG","playtime":7165,"items_purged":["Strike_P","Strike_P","ReachHeaven+1"],"score":1505,"play_id":"194f92d6-7fd6-4e5b-a897-1c3b1f608ebf","local_time":"20210226161133","is_ascension_mode":true,"campfire_choices":[{"data":"CarveReality","floor":10.0,"key":"SMITH"},{"data":"Eruption","floor":13.0,"key":"SMITH"},{"floor":15.0,"key":"DIG"},{"floor":25.0,"key":"REST"},{"floor":34.0,"key":"REST"},{"floor":42.0,"key":"REST"},{"floor":50.0,"key":"REST"},{"floor":53.0,"key":"RECALL"},{"floor":56.0,"key":"REST"}],"circlet_count":0,"master_deck":["AscendersBane","Defend_P+1","Defend_P+1","Eruption+1","Vigilance+1","Consecrate+1","CarveReality+1","InnerPeace","EmptyFist","Crescendo+1","ForeignInfluence+1","Steam+1","LessonLearned+1","MentalFortress+1","MentalFortress+1","FlurryOfBlows+1","DeusExMachina","ClearTheMind+1","SpiritShield+1","ThirdEye+1","Wallop+1","Study+1","CrushJoints+1","EmptyMind+1","Omniscience","Adaptation","Adaptation+1","FlurryOfBlows"],"relics":["PureWater","Bird Faced Urn","PreservedInsect","Smiling Mask","Blue Doll","Gambling Chip","Empty Cage","ReplayTheSpireMod:Ring of Collecting","Bag of Marbles","Prayer Wheel","Ring of Searing","Bag of Preparation","Fusion Hammer","Happy Flower","Ring of Panic","Replay:Wax Seal","Kunai","Pantograph"],"acts_visited":["Exordium","TheCity","TheBeyond","TheEnding"],"potions_floor_usage":[],"damage_taken":[{"damage":3.0,"enemies":"2 Louse","floor":1.0,"turns":3.0},{"damage":0.0,"enemies":"Cultist","floor":2.0,"turns":2.0},{"damage":4.0,"enemies":"Jaw Worm","floor":5.0,"turns":2.0},{"damage":12.0,"enemies":"Gremlin Nob","floor":6.0,"turns":2.0},{"damage":6.0,"enemies":"Blue Slaver","floor":7.0,"turns":5.0},{"damage":10.0,"enemies":"3 Sentries","floor":11.0,"turns":5.0},{"damage":4.0,"enemies":"Lots of Slimes","floor":12.0,"turns":3.0},{"damage":9.0,"enemies":"Exordium Thugs","floor":14.0,"turns":4.0},{"damage":1.0,"enemies":"Hexaghost","floor":16.0,"turns":7.0},{"damage":11.0,"enemies":"Shell Parasite","floor":18.0,"turns":3.0},{"damage":16.0,"enemies":"3 Byrds","floor":20.0,"turns":5.0},{"damage":12.0,"enemies":"Slavers","floor":26.0,"turns":3.0},{"damage":19.0,"enemies":"Shelled Parasite and Fungi","floor":27.0,"turns":5.0},{"damage":0.0,"enemies":"Centurion and Healer","floor":32.0,"turns":4.0},{"damage":6.0,"enemies":"Snake Plant","floor":33.0,"turns":4.0},{"damage":19.0,"enemies":"Automaton","floor":35.0,"turns":7.0},{"damage":5.0,"enemies":"Orb Walker","floor":37.0,"turns":2.0},{"damage":14.0,"enemies":"3 Shapes","floor":39.0,"turns":5.0},{"damage":0.0,"enemies":"Maw","floor":41.0,"turns":5.0},{"damage":0.0,"enemies":"Jaw Worm Horde","floor":43.0,"turns":2.0},{"damage":10.0,"enemies":"3 Darklings","floor":48.0,"turns":4.0},{"damage":11.0,"enemies":"Reptomancer","floor":49.0,"turns":7.0},{"damage":20.0,"enemies":"Giant Head","floor":52.0,"turns":5.0},{"damage":47.0,"enemies":"Time Eater","floor":54.0,"turns":12.0},{"damage":79,"enemies":"Shield and Spear","floor":58,"turns":3}],"seed_played":"-6861610009997123911","potions_obtained":[{"floor":2.0,"key":"Death Potion"},{"floor":3.0,"key":"CultistPotion"},{"floor":11.0,"key":"StancePotion"},{"floor":16.0,"key":"Swift Potion"},{"floor":26.0,"key":"SpeedPotion"},{"floor":32.0,"key":"SteroidPotion"},{"floor":39.0,"key":"Fire Potion"},{"floor":43.0,"key":"Elixir"},{"floor":49.0,"key":"Dexterity Potion"}],"is_trial":false,"path_per_floor":["M","M","?","$","M","E","M","?","T","R","E","M","R","M","R","B",null,"M","?","M","$","?","PTL","PTL","R","E","M","T","$","?","$","M","M","R","B",null,"M","?","M","?","M","R","M","?","T","PTL","PTL","M","E","R","$","E","R","B",null,"R","$","E"],"character_chosen":"WATCHER","items_purchased":["Bag of Marbles","Evaluate+1","Adaptation","Kunai"],"campfire_rested":5,"item_purchase_floors":[21,29,51,51],"current_hp_per_floor":[58,58,58,58,54,42,36,36,36,36,26,22,22,13,13,12,54,43,43,27,27,8,8,8,29,19,4,4,4,4,4,8,6,27,12,58,57,57,47,20,26,46,50,50,50,50,50,44,39,59,59,51,51,29,59,69,69,0,0],"gold":51,"neow_bonus":"ONE_RARE_RELIC","is_daily":false,"chose_seed":false,"campfire_upgraded":2,"win_rate":0.0,"timestamp":1614384693,"path_taken":["M","M","?","?","M","E","M","?","T","R","E","M","R","M","R","BOSS","M","?","M","$","?","PTL","PTL","R","E","M","T","$","?","$","M","?","R","BOSS","M","?","M","?","M","R","?","?","T","PTL","PTL","M","E","R","$","E","R","BOSS","R","$","E"],"items_purchased_type":["Relic","Card","Card","Relic"],"build_version":"2020-12-22","purchased_purges":3,"victory":false,"max_hp_per_floor":[68,68,68,68,68,68,68,68,68,68,68,68,68,68,68,68,68,68,68,68,68,73,73,73,73,73,73,73,73,73,73,73,73,73,73,73,73,69,69,69,69,69,69,69,69,69,69,69,69,69,69,69,69,69,69,69,69,69,69],"relic_stats":{"Happy Flower":[12],"counters":[25,109],"Bird Faced Urn":[71],"Gambling Chip":[49],"Pantograph":18,"Prayer Wheel":8,"PreservedInsect":347,"Bag of Preparation":[25],"Kunai":[13],"Smiling Mask":150,"obtain_stats":[{"Happy Flower":40,"Blue Doll":11,"PreservedInsect":6,"Bag of Preparation":28,"Smiling Mask":9,"Empty Cage":17,"Ring of Searing":28,"Bird Faced Urn":0,"Gambling Chip":15,"ReplayTheSpireMod:Ring of Collecting":19,"Pantograph":52,"Prayer Wheel":26,"Fusion Hammer":36,"Bag of Marbles":21,"Kunai":51,"PureWater":0,"Ring of Panic":45,"Replay:Wax Seal":49},{"Happy Flower":18,"Blue Doll":6,"PreservedInsect":4,"Bag of Preparation":13,"Smiling Mask":5,"Empty Cage":9,"Ring of Searing":13,"Bird Faced Urn":0,"Gambling Chip":8,"ReplayTheSpireMod:Ring of Collecting":10,"Pantograph":23,"Prayer Wheel":12,"Fusion Hammer":16,"Bag of Marbles":11,"Kunai":22,"PureWater":0,"Ring of Panic":20,"Replay:Wax Seal":22},{"Happy Flower":71,"Blue Doll":19,"PreservedInsect":9,"Bag of Preparation":49,"Smiling Mask":14,"Empty Cage":33,"Ring of Searing":49,"Bird Faced Urn":0,"Gambling Chip":26,"ReplayTheSpireMod:Ring of Collecting":36,"Pantograph":94,"Prayer Wheel":44,"Fusion Hammer":64,"Bag of Marbles":41,"Kunai":89,"PureWater":0,"Ring of Panic":78,"Replay:Wax Seal":89}]},"card_choices":[{"not_picked":["PathToVictory","EmptyBody"],"picked":"Consecrate","floor":1.0},{"not_picked":["JustLucky","ClearTheMind"],"picked":"CarveReality","floor":2.0},{"not_picked":["BowlingBash","Halt"],"picked":"InnerPeace","floor":5.0},{"not_picked":["FlyingSleeves","Replay:Battleflow"],"picked":"EmptyFist","floor":6.0},{"not_picked":["JustLucky","Replay:BluntJabs"],"picked":"Crescendo","floor":7.0},{"not_picked":["PathToVictory","Replay:Cycle","Ragnarok"],"picked":"SKIP","floor":11.0},{"not_picked":["Crescendo","Evaluate","PathToVictory"],"picked":"SKIP","floor":12.0},{"not_picked":["Vengeance","SashWhip"],"picked":"ReachHeaven","floor":14.0},{"not_picked":["Wish","Omniscience"],"picked":"LessonLearned","floor":16.0},{"not_picked":["PathToVictory","Prostrate","JustLucky"],"picked":"SKIP","floor":18.0},{"not_picked":["Pray+1","Halt+1"],"picked":"MentalFortress","floor":20.0},{"not_picked":["EmptyBody","CrushJoints"],"picked":"MentalFortress+1","floor":26.0},{"not_picked":["CutThroughFate","Collect+1"],"picked":"FlurryOfBlows","floor":27.0},{"not_picked":["FollowUp","Replay:ManipulateFuture","Nirvana"],"picked":"SKIP","floor":27.0},{"not_picked":["CutThroughFate","Replay:Vibes"],"picked":"DeusExMachina","floor":32.0},{"not_picked":["Replay:DivineShield","InnerPeace+1","ThirdEye"],"picked":"SKIP","floor":32.0},{"not_picked":["Replay:ManipulateFuture","Prostrate"],"picked":"ClearTheMind+1","floor":33.0},{"not_picked":["SignatureMove","Protect","Replay:AtTheReady+1"],"picked":"SKIP","floor":33.0},{"not_picked":["LessonLearned","Wish"],"picked":"SpiritShield","floor":35.0},{"not_picked":["InnerPeace","FollowUp"],"picked":"ThirdEye","floor":37.0},{"not_picked":["SignatureMove","Halt","Perseverance"],"picked":"SKIP","floor":37.0},{"not_picked":["Replay:Anticipation","Evaluate","Consecrate"],"picked":"SKIP","floor":39.0},{"not_picked":["SashWhip","Replay:AtTheReady","Halt"],"picked":"SKIP","floor":39.0},{"not_picked":["EmptyFist+1","ThirdEye"],"picked":"Wallop+1","floor":40.0},{"not_picked":["JustLucky+1","Judgement"],"picked":"Study+1","floor":40.0},{"not_picked":["CutThroughFate","Indignation+1"],"picked":"CrushJoints+1","floor":41.0},{"not_picked":["SashWhip","BowlingBash","ReachHeaven"],"picked":"SKIP","floor":41.0},{"not_picked":["Replay:Vibes","Evaluate","CrushJoints"],"picked":"SKIP","floor":43.0},{"not_picked":["Study+1","Replay:ManipulateFuture+1","FollowUp+1"],"picked":"SKIP","floor":43.0},{"not_picked":["InnerPeace","FearNoEvil"],"picked":"EmptyMind+1","floor":48.0},{"not_picked":["Protect","JustLucky"],"picked":"Omniscience","floor":48.0},{"not_picked":["DeceiveReality","Swivel","Worship"],"picked":"SKIP","floor":49.0},{"not_picked":["CrushJoints","SignatureMove"],"picked":"FlurryOfBlows","floor":52.0}],"player_experience":461279,"relics_obtained":[{"floor":6.0,"key":"PreservedInsect"},{"floor":9.0,"key":"Smiling Mask"},{"floor":11.0,"key":"Blue Doll"},{"floor":15.0,"key":"Gambling Chip"},{"floor":19.0,"key":"ReplayTheSpireMod:Ring of Collecting"},{"floor":26.0,"key":"Prayer Wheel"},{"floor":28.0,"key":"Ring of Searing"},{"floor":28.0,"key":"Bag of Preparation"},{"floor":40.0,"key":"Happy Flower"},{"floor":45.0,"key":"Ring of Panic"},{"floor":49.0,"key":"Replay:Wax Seal"},{"floor":52.0,"key":"Pantograph"}],"event_choices":[{"damage_healed":0.0,"max_hp_gain":0.0,"max_hp_loss":0.0,"gold_gain":0.0,"event_name":"Lab","player_choice":"Got Potions","floor":3.0,"gold_loss":0.0,"damage_taken":0.0},{"damage_healed":0.0,"max_hp_gain":5.0,"max_hp_loss":0.0,"gold_gain":0.0,"event_name":"Forgotten Altar","player_choice":"Shed Blood","floor":22.0,"gold_loss":0.0,"damage_taken":24.0},{"damage_healed":0.0,"max_hp_gain":0.0,"max_hp_loss":0.0,"gold_gain":0.0,"event_name":"Match and Keep!","player_choice":"0 cards matched","floor":30.0,"gold_loss":0.0,"damage_taken":0.0,"cards_obtained":[]},{"damage_healed":0.0,"max_hp_gain":0.0,"max_hp_loss":4.0,"gold_gain":0.0,"event_name":"Winding Halls","player_choice":"Max HP","floor":38.0,"gold_loss":0.0,"damage_taken":0.0},{"cards_removed":["Evaluate"],"damage_healed":0.0,"max_hp_gain":0.0,"max_hp_loss":0.0,"gold_gain":0.0,"event_name":"Falling","player_choice":"Removed Skill","floor":44.0,"gold_loss":0.0,"damage_taken":0.0}],"is_beta":false,"boss_relics":[{"not_picked":["Runic Dome","Replay:Drink Me"],"picked":"Empty Cage"},{"not_picked":["Painkiller Herb","Calling Bell"],"picked":"Fusion Hammer"}],"items_purged_floors":[21,29,51],"is_endless":false,"potions_floor_spawned":[2,5,11,16,20,26,32,39,43,48,49],"killed_by":"Shield and Spear","ascension_level":19}}