{"host":"kj5ejyofr70ax6r3","time":1614458237,"event":{"mods":["BaseMod","BetterRewards","Colored Map","GifTheSpireLib","Minty Spire (QoL Compilation)","Reliquary","Replay The Spire","Shop Mod","StSLib","The Dragon Tamer"],"gold_per_floor":[119,198,198,8,8,8,26,54,54,54,128,93,93,93,93,218,218,239,239,93,107,121,121,121,121,121],"floor_reached":24,"language":"ENG","playtime":1245,"items_purged":[],"score":240,"play_id":"9122a5bf-9293-4f86-aabc-7118b82ed041","local_time":"20210227143717","is_ascension_mode":false,"metric_token":659,"campfire_choices":[{"floor":6,"key":"REST"},{"floor":10,"key":"REST"},{"floor":13,"key":"REST"},{"floor":15,"key":"RECALL"},{"floor":23,"key":"REST"}],"dtmod_dragon_data":[0,56,0,-1,0,0],"circlet_count":0,"master_deck":["DTMod:Strike","DTMod:Strike","DTMod:Strike","DTMod:Strike","DTMod:DoubleHit+1","DTMod:TargetDefense","DTMod:TargetDefense","DTMod:TargetDefense","DTMod:TargetDefense","DTMod:SwitchingTactic","DTMod:ResonanceForm","DTMod:ForkedFire","DTMod:FlameSlash","Mayhem+1","DTMod:Threaten","DTMod:Training","DTMod:CalculatedDefense","DTMod:Harmonize","DTMod:MasterPlan","DTMod:SwitchingTactic","DTMod:ComboAttack","Mind Blast","DTMod:Observe","DTMod:Training"],"relics":["DTMod:MagicStone","MerchantsRug","Bag of Preparation","reliquary:BallBearing","Golden Idol"],"acts_visited":["Exordium","TheCity"],"potions_floor_usage":[],"damage_taken":[{"damage":0,"enemies":"2 Louse","floor":1,"turns":3},{"damage":0,"enemies":"Small Slimes","floor":7,"turns":2},{"damage":36,"enemies":"Gremlin Nob","floor":8,"turns":5},{"damage":0,"enemies":"Slime Boss","floor":16,"turns":11},{"damage":0,"enemies":"Shell Parasite","floor":18,"turns":7},{"damage":0,"enemies":"3 Byrds","floor":21,"turns":6},{"damage":27,"enemies":"Shelled Parasite and Fungi","floor":22,"turns":8},{"damage":56,"enemies":"Gremlin Leader","floor":24,"turns":7}],"seed_played":"2573852512572548662","potions_obtained":[{"floor":2,"key":"BlessingOfTheForge"},{"floor":2,"key":"CultistPotion"},{"floor":2,"key":"FairyPotion"},{"floor":21,"key":"Elixir"}],"is_trial":false,"path_per_floor":["M","?","?","$","?","R","M","E","T","R","?","?","R","?","R","B",null,"M","?","$","M","M","R","E"],"character_chosen":"THE_DT","items_purchased":["DTMod:ResonanceForm","MerchantsRug","Mayhem","DTMod:Threaten","DTMod:ComboAttack","Mind Blast"],"campfire_rested":4,"item_purchase_floors":[0,0,4,4,20,20],"current_hp_per_floor":[45,34,34,34,34,45,45,9,9,22,22,33,45,42,42,42,42,42,42,42,42,15,27,0,0,0],"gold":121,"neow_bonus":"","is_daily":false,"chose_seed":false,"campfire_upgraded":0,"win_rate":0.0,"timestamp":1614458237,"path_taken":["M","?","?","$","?","R","M","E","T","R","?","?","R","?","R","BOSS","M","?","$","?","M","R","E"],"items_purchased_type":["Card","Relic","Card","Card","Card","Card"],"build_version":"2020-12-22","purchased_purges":0,"victory":false,"max_hp_per_floor":[45,45,45,45,45,45,45,45,45,45,45,45,45,42,42,42,42,42,42,42,42,42,42,42,42,42],"card_choices":[{"not_picked":["DTMod:ComboAttack","DTMod:Hide"],"picked":"DTMod:ForkedFire","floor":1},{"not_picked":["DTMod:Weaken","DTMod:BurningEnergy"],"picked":"DTMod:FlameSlash","floor":2},{"not_picked":["DTMod:Conduct","DTMod:BuildUp"],"picked":"DTMod:Training","floor":7},{"not_picked":["DTMod:RecklessFlurry","DTMod:BurningEnergy"],"picked":"DTMod:CalculatedDefense","floor":8},{"not_picked":["DTMod:ResonanceForm","DTMod:FierySynthesis"],"picked":"DTMod:Harmonize","floor":16},{"not_picked":["DTMod:StarRain+1","DTMod:BurningEnergy"],"picked":"DTMod:MasterPlan","floor":18},{"not_picked":["DTMod:BuildUp+1","DTMod:CalculatedDefense"],"picked":"DTMod:Observe","floor":21},{"not_picked":["DTMod:BreakAttack","DTMod:Shift+1"],"picked":"DTMod:Training","floor":22}],"player_experience":150685,"relics_obtained":[{"floor":8,"key":"reliquary:BallBearing"}],"event_choices":[{"damage_healed":0,"gold_gain":0,"player_choice":"Grow","damage_taken":0,"max_hp_gain":0,"max_hp_loss":0,"event_name":"Living Wall","floor":5,"gold_loss":0,"cards_upgraded":["Mayhem"]},{"damage_healed":0,"gold_gain":74,"player_choice":"Gained Gold","damage_taken":0,"max_hp_gain":0,"max_hp_loss":0,"event_name":"Golden Wing","floor":11,"gold_loss":0},{"damage_healed":11,"gold_gain":0,"player_choice":"Healed","damage_taken":0,"max_hp_gain":0,"max_hp_loss":0,"event_name":"The Cleric","floor":12,"gold_loss":35},{"damage_healed":0,"gold_gain":0,"player_choice":"Lose Max HP","damage_taken":0,"relics_obtained":["Golden Idol"],"max_hp_gain":0,"max_hp_loss":3,"event_name":"Golden Idol","floor":14,"gold_loss":0},{"damage_healed":0,"gold_gain":0,"player_choice":"Copied","damage_taken":0,"max_hp_gain":0,"max_hp_loss":0,"event_name":"Duplicator","floor":19,"gold_loss":0,"cards_obtained":["DTMod:SwitchingTactic"]}],"is_beta":false,"boss_relics":[{"not_picked":["ReplayTheSpireMod:DimensionalGlitch","Philosopher\u0027s Stone"],"picked":"DTMod:MagicStone"}],"items_purged_floors":[],"is_endless":false,"potions_floor_spawned":[21],"killed_by":"Gremlin Leader","ascension_level":0}}