{"host":"ptk1shuto3uimndw","time":1614441106,"event":{"mods":["AchievementEnabler","BaseMod","Bestiary","Colored Map","Colored Powertips","Curses Come First","Minty Spire (QoL Compilation)","Quick Restart","Rare Cards Sparkle","Relic Stats","StSLib","Uncapped"],"gold_per_floor":[114,114,114,17,34,34,68,68,68,87,112,187,203,218,218,290,290,302,302,315,326,342,342,342,342],"floor_reached":24,"language":"ENG","playtime":678,"items_purged":[],"score":464,"play_id":"0d8c547f-ca82-41bb-a33c-6e8ad6844779","local_time":"20210227165146","is_ascension_mode":true,"campfire_choices":[{"data":"Sunder","floor":6,"key":"SMITH"},{"data":"Leap","floor":8,"key":"SMITH"},{"data":"Melter","floor":15,"key":"SMITH"},{"data":"Glacier","floor":23,"key":"SMITH"}],"circlet_count":0,"master_deck":["AscendersBane","Strike_B","Strike_B","Strike_B","Defend_B","Defend_B","Defend_B","Defend_B","Zap","Dualcast","Melter+1","Sunder+1","Coolheaded","Leap+1","Biased Cognition","Conserve Battery","Glacier+1","Reinforced Body"],"relics":["Cracked Core","NeowsBlessing","PreservedInsect","Shuriken","TungstenRod","Pantograph","Philosopher\u0027s Stone","Blood Vial"],"acts_visited":["Exordium","TheCity"],"potions_floor_usage":[13,16],"damage_taken":[{"damage":0,"enemies":"Small Slimes","floor":1,"turns":1},{"damage":0,"enemies":"2 Louse","floor":5,"turns":1},{"damage":0,"enemies":"Lagavulin","floor":7,"turns":2},{"damage":1,"enemies":"Jaw Worm","floor":10,"turns":3},{"damage":0,"enemies":"3 Sentries","floor":11,"turns":3},{"damage":0,"enemies":"3 Louse","floor":13,"turns":2},{"damage":6,"enemies":"Gremlin Gang","floor":14,"turns":5},{"damage":29,"enemies":"Slime Boss","floor":16,"turns":7},{"damage":3,"enemies":"Chosen","floor":18,"turns":4},{"damage":0,"enemies":"Spheric Guardian","floor":20,"turns":3},{"damage":18,"enemies":"Snake Plant","floor":21,"turns":4},{"damage":7,"enemies":"Snecko","floor":22,"turns":6},{"damage":48,"enemies":"Gremlin Leader","floor":24,"turns":7}],"seed_played":"-6200044472036553495","potions_obtained":[{"floor":5,"key":"Explosive Potion"},{"floor":7,"key":"PowerPotion"},{"floor":16,"key":"Regen Potion"},{"floor":20,"key":"EssenceOfDarkness"}],"is_trial":false,"path_per_floor":["M","?","?","$","M","R","E","R","T","M","E","?","M","M","R","B",null,"M","?","M","M","M","R","E"],"character_chosen":"DEFECT","items_purchased":["Sunder","Coolheaded"],"campfire_rested":0,"item_purchase_floors":[4,4],"current_hp_per_floor":[64,46,39,39,39,39,39,39,39,38,38,28,28,22,22,18,58,55,55,57,41,36,36,0,0],"gold":342,"neow_bonus":"THREE_ENEMY_KILL","is_daily":false,"chose_seed":false,"campfire_upgraded":4,"win_rate":0.0,"timestamp":1614441106,"path_taken":["M","?","?","$","M","R","E","R","T","M","E","?","?","M","R","BOSS","M","?","M","M","M","R","E"],"items_purchased_type":["Card","Card"],"build_version":"2020-12-22","purchased_purges":0,"victory":false,"max_hp_per_floor":[71,71,71,71,71,71,71,71,71,71,71,71,71,71,71,71,71,71,71,71,71,71,71,71,71],"relic_stats":{"Blood Vial":8,"counters":[13,48],"Shuriken":[5],"Pantograph":25,"PreservedInsect":77,"obtain_stats":[{"Blood Vial":19,"NeowsBlessing":0,"Shuriken":7,"Pantograph":11,"Philosopher\u0027s Stone":17,"PreservedInsect":2,"Cracked Core":0,"TungstenRod":9},{"Blood Vial":9,"NeowsBlessing":0,"Shuriken":3,"Pantograph":5,"Philosopher\u0027s Stone":8,"PreservedInsect":1,"Cracked Core":0,"TungstenRod":3},{"Blood Vial":28,"NeowsBlessing":0,"Shuriken":4,"Pantograph":10,"Philosopher\u0027s Stone":24,"PreservedInsect":1,"Cracked Core":0,"TungstenRod":4}],"TungstenRod":15},"card_choices":[{"not_picked":["Hologram","Turbo"],"picked":"Melter","floor":1},{"not_picked":["Conserve Battery","Coolheaded"],"picked":"Sweeping Beam","floor":5},{"not_picked":["Turbo","Tempest"],"picked":"Leap","floor":7},{"not_picked":["Beam Cell","Compile Driver","Rebound"],"picked":"SKIP","floor":10},{"not_picked":["Sweeping Beam","Go for the Eyes","Consume"],"picked":"SKIP","floor":11},{"not_picked":["Turbo","Blizzard","Darkness"],"picked":"SKIP","floor":13},{"not_picked":["Conserve Battery","Darkness","Recycle"],"picked":"SKIP","floor":14},{"not_picked":["Seek","Thunder Strike"],"picked":"Biased Cognition","floor":16},{"not_picked":["Hologram","Undo"],"picked":"Conserve Battery","floor":18},{"not_picked":["Gash","Barrage"],"picked":"Glacier","floor":20},{"not_picked":["Sunder","Barrage","Streamline"],"picked":"SKIP","floor":21},{"not_picked":["Steam","Rebound"],"picked":"Reinforced Body","floor":22}],"player_experience":291587,"relics_obtained":[{"floor":7,"key":"Shuriken"},{"floor":9,"key":"TungstenRod"},{"floor":11,"key":"Pantograph"}],"event_choices":[{"damage_healed":0,"gold_gain":0,"player_choice":"Success","damage_taken":18,"relics_obtained":["PreservedInsect"],"max_hp_gain":0,"max_hp_loss":0,"event_name":"Scrap Ooze","floor":2,"gold_loss":0},{"cards_removed":["Strike_B"],"damage_healed":0,"gold_gain":0,"player_choice":"Card Removal","damage_taken":7,"max_hp_gain":0,"max_hp_loss":0,"event_name":"Golden Wing","floor":3,"gold_loss":0},{"damage_healed":0,"gold_gain":75,"player_choice":"Gather Gold","damage_taken":11,"max_hp_gain":0,"max_hp_loss":0,"event_name":"World of Goop","floor":12,"gold_loss":0},{"cards_removed":["Sweeping Beam"],"damage_healed":0,"gold_gain":0,"player_choice":"Gave Card","damage_taken":0,"relics_obtained":["Blood Vial"],"max_hp_gain":0,"max_hp_loss":0,"event_name":"WeMeetAgain","floor":19,"gold_loss":0}],"is_beta":false,"boss_relics":[{"not_picked":["Fusion Hammer","Tiny House"],"picked":"Philosopher\u0027s Stone"}],"items_purged_floors":[],"is_endless":false,"potions_floor_spawned":[5,7,11,16,20,21],"killed_by":"Gremlin Leader","ascension_level":16}}