{"host":"8fnghcq8tvbg6z9e","time":1614414273,"event":{"mods":["BaseMod","Downfall","Minty Spire (QoL Compilation)","Quick Restart","StSLib"],"gold_per_floor":[99,249,249,249,274,274,320,320,220,238,37,55,73,73,73,73],"floor_reached":14,"language":"ZHS","playtime":350,"items_purged":["downfall:Malfunctioning"],"score":76,"play_id":"8e019005-1b45-4be3-9181-00d2da04ed49","local_time":"20210227162433","is_ascension_mode":false,"campfire_choices":[{"data":"hexamod:Float","floor":1,"key":"SMITH"},{"floor":9,"key":"RECALL"}],"circlet_count":0,"master_deck":["hexamod:Strike+1","hexamod:Strike","hexamod:Strike","hexamod:Strike","hexamod:Defend","hexamod:Defend+1","hexamod:Defend","hexamod:Defend+1","hexamod:Sear","hexamod:Float+1","downfall:Icky","hexamod:FourthSeal","hexamod:SoulSteal"],"relics":["hexamod:SpiritBrand","downfall:HeartsMalice","Lantern","downfall:HeartBlessingBlue","Membership Card"],"acts_visited":["Exordium"],"potions_floor_usage":[11,13],"damage_taken":[{"damage":0,"enemies":"Small Slimes","floor":4,"turns":1},{"damage":0,"enemies":"2 Louse","floor":6,"turns":1},{"damage":0,"enemies":"Jaw Worm","floor":8,"turns":1},{"damage":12,"enemies":"Exordium Thugs","floor":10,"turns":6},{"damage":0,"enemies":"downfall:FleeingMerchant","floor":11,"turns":4},{"damage":0,"enemies":"Large Slime","floor":12,"turns":5},{"damage":2,"enemies":"Lots of Slimes","floor":13,"turns":3},{"damage":0,"enemies":"Lagavulin","floor":14,"turns":2}],"seed_played":"2610134654153769016","potions_obtained":[{"floor":10,"key":"Fire Potion"},{"floor":10,"key":"SpeedPotion"},{"floor":11,"key":"hexamod:EctoCoolerPotion"},{"floor":12,"key":"SteroidPotion"},{"floor":13,"key":"SpeedPotion"}],"is_trial":false,"path_per_floor":["R","?","?","M","T","M","T","M","R","M","$","M","M","E"],"character_chosen":"THE_SPIRIT","items_purchased":["Membership Card"],"campfire_rested":0,"item_purchase_floors":[11],"current_hp_per_floor":[70,70,70,70,70,70,70,70,80,68,68,68,66,66,66,66],"gold":73,"neow_bonus":"THREE_ENEMY_KILL","is_daily":false,"chose_seed":false,"campfire_upgraded":1,"win_rate":0.0,"timestamp":1614414273,"path_taken":["R","?","?","M","?","M","T","?","R","M","$","M","M","E"],"items_purchased_type":["Relic"],"build_version":"2020-12-22","purchased_purges":1,"victory":false,"max_hp_per_floor":[70,70,70,70,70,70,70,70,80,80,80,80,80,80,80,80],"card_choices":[{"not_picked":["hexamod:HeatCrush","hexamod:NecessarySacrifice"],"picked":"hexamod:FourthSeal","floor":4},{"not_picked":["hexamod:NecessarySacrifice","hexamod:Hexaguard","hexamod:EtherealExpedition"],"picked":"SKIP","floor":6},{"not_picked":["hexamod:NightmareStrike","hexamod:NightmareGuise"],"picked":"hexamod:SoulSteal","floor":8},{"not_picked":["hexamod:GhostLash","hexamod:ThermalTransfer","hexamod:Firestarter"],"picked":"SKIP","floor":10},{"not_picked":["hexamod:NightmareStrike","hexamod:NightmareGuise","hexamod:GhostLash"],"picked":"SKIP","floor":11},{"not_picked":["hexamod:ThermalTransfer","hexamod:SpectralAdrenaline","hexamod:BurningTouch"],"picked":"SKIP","floor":12},{"not_picked":["hexamod:GhostShield","hexamod:SkipABeat","hexamod:GhostOfSpirePresent"],"picked":"SKIP","floor":13}],"player_experience":206072,"relics_obtained":[{"floor":5,"key":"Lantern"}],"event_choices":[],"is_beta":false,"boss_relics":[],"items_purged_floors":[11],"is_endless":false,"potions_floor_spawned":[10,13],"killed_by":"Lagavulin","ascension_level":0}}