{"host":"338bkdl2yirdp2ct","time":1614441185,"event":{"mods":["AchievementEnabler","BaseMod","Colored Powertips","Highlight Path","Minty Spire (QoL Compilation)","Quick Restart","Relic Sorter","Unceasing Turn Reminder","slay the spire mod where everything is the same but ironclad has a cowboy hat"],"gold_per_floor":[114,133,133,133,60,94,19,52,52,76,76,96,114,127,127,248,248,273,291,291,291,306,319,319,234,308,332,332,332,332,332],"floor_reached":30,"language":"ENG","playtime":1072,"items_purged":["Injury"],"score":317,"play_id":"5a166601-a91c-49e1-bbbe-6e802e75edae","local_time":"20210227075305","is_ascension_mode":false,"campfire_choices":[{"data":"True Grit","floor":11,"key":"SMITH"},{"data":"Spot Weakness","floor":15,"key":"SMITH"},{"data":"Feel No Pain","floor":24,"key":"SMITH"}],"circlet_count":0,"master_deck":["Strike_R","Strike_R","Strike_R+1","Strike_R+1","Defend_R","Defend_R","Defend_R","Defend_R","Bash","Power Through","Combust","True Grit+1","Reaper","Battle Trance","Spot Weakness+1","Corruption","Spot Weakness","Spot Weakness+1","Feel No Pain+1","Headbutt+1"],"relics":["Burning Blood","NeowsBlessing","Bloody Idol","Peace Pipe","Bronze Scales","InkBottle","Empty Cage","StrikeDummy","Kunai"],"acts_visited":["Exordium","TheCity"],"potions_floor_usage":[8,8,8,10,16,16,27,27,27],"damage_taken":[{"damage":0,"enemies":"Jaw Worm","floor":1,"turns":1},{"damage":0,"enemies":"2 Louse","floor":2,"turns":1},{"damage":3,"enemies":"3 Sentries","floor":6,"turns":1},{"damage":35,"enemies":"Lagavulin","floor":8,"turns":9},{"damage":6,"enemies":"Cultist","floor":10,"turns":3},{"damage":0,"enemies":"Looter","floor":12,"turns":2},{"damage":4,"enemies":"Red Slaver","floor":13,"turns":4},{"damage":0,"enemies":"3 Louse","floor":14,"turns":4},{"damage":7,"enemies":"The Guardian","floor":16,"turns":8},{"damage":25,"enemies":"Chosen","floor":18,"turns":6},{"damage":31,"enemies":"Spheric Guardian","floor":19,"turns":5},{"damage":18,"enemies":"Snake Plant","floor":22,"turns":4},{"damage":14,"enemies":"Centurion and Healer","floor":23,"turns":6},{"damage":33,"enemies":"Shelled Parasite and Fungi","floor":27,"turns":7},{"damage":40,"enemies":"3 Cultists","floor":30,"turns":3}],"seed_played":"5358600589180098960","potions_obtained":[{"floor":2,"key":"EntropicBrew"},{"floor":16,"key":"Energy Potion"},{"floor":19,"key":"SteroidPotion"},{"floor":27,"key":"Weak Potion"}],"is_trial":false,"path_per_floor":["M","M","?","?","$","E","$","E","T","M","R","M","M","M","R","B",null,"M","M","?","$","M","M","R","?","T","M","?","?","M"],"character_chosen":"IRONCLAD","items_purchased":["Bloodletting"],"campfire_rested":0,"item_purchase_floors":[5],"current_hp_per_floor":[80,80,80,64,64,67,67,53,53,53,53,59,64,80,80,79,80,61,44,44,44,32,45,45,45,45,36,36,28,0,0],"gold":332,"neow_bonus":"THREE_ENEMY_KILL","is_daily":false,"chose_seed":false,"campfire_upgraded":3,"win_rate":0.0,"timestamp":1614441185,"path_taken":["M","M","?","?","$","E","?","E","T","M","R","?","M","?","R","BOSS","M","M","?","$","M","?","R","?","T","M","?","?","?"],"items_purchased_type":["Card"],"build_version":"2020-12-22","purchased_purges":1,"victory":false,"max_hp_per_floor":[80,80,80,80,80,80,80,80,80,80,80,80,80,80,80,80,80,80,80,80,80,80,80,80,80,80,80,80,80,80,80],"card_choices":[{"not_picked":["Cleave","Shrug It Off"],"picked":"Power Through","floor":1},{"not_picked":["Havoc","Perfected Strike"],"picked":"Combust","floor":2},{"not_picked":["Pommel Strike","Infernal Blade","Armaments"],"picked":"SKIP","floor":6},{"not_picked":["Warcry","Rage"],"picked":"True Grit","floor":8},{"not_picked":["Thunderclap","Flex"],"picked":"Reaper","floor":10},{"not_picked":["Thunderclap","Burning Pact"],"picked":"Battle Trance","floor":12},{"not_picked":["Sever Soul","Cleave","Carnage"],"picked":"SKIP","floor":13},{"not_picked":["Body Slam","Inflame"],"picked":"Spot Weakness","floor":14},{"not_picked":["Juggernaut","Limit Break"],"picked":"Corruption","floor":16},{"not_picked":["Heavy Blade","Perfected Strike","Armaments"],"picked":"SKIP","floor":18},{"not_picked":["Havoc+1","Warcry"],"picked":"Spot Weakness","floor":19},{"not_picked":["Ghostly Armor","Dual Wield+1"],"picked":"Feel No Pain","floor":22},{"not_picked":["Body Slam+1","True Grit","Clash"],"picked":"SKIP","floor":23},{"not_picked":["Anger","Shrug It Off"],"picked":"Headbutt+1","floor":27}],"player_experience":1178584,"relics_obtained":[{"floor":6,"key":"Peace Pipe"},{"floor":8,"key":"Bronze Scales"},{"floor":9,"key":"InkBottle"},{"floor":26,"key":"Kunai"}],"event_choices":[{"damage_healed":0,"gold_gain":0,"player_choice":"Take Wound","damage_taken":0,"relics_obtained":["Golden Idol"],"max_hp_gain":0,"max_hp_loss":0,"event_name":"Golden Idol","floor":3,"gold_loss":0,"cards_obtained":["Injury"]},{"damage_healed":0,"gold_gain":0,"player_choice":"Entered Light","damage_taken":16,"max_hp_gain":0,"max_hp_loss":0,"event_name":"Shining Light","floor":4,"gold_loss":0,"cards_upgraded":["Strike_R","Strike_R"]},{"damage_healed":0,"gold_gain":0,"player_choice":"Copied","damage_taken":0,"max_hp_gain":0,"max_hp_loss":0,"event_name":"Duplicator","floor":20,"gold_loss":0,"cards_obtained":["Spot Weakness"]},{"damage_healed":0,"gold_gain":0,"player_choice":"Obtained Relic","damage_taken":0,"relics_obtained":["StrikeDummy"],"max_hp_gain":0,"max_hp_loss":0,"event_name":"Addict","floor":25,"gold_loss":85},{"damage_healed":0,"gold_gain":0,"player_choice":"Gave Idol","damage_taken":0,"relics_obtained":["Bloody Idol"],"max_hp_gain":0,"max_hp_loss":0,"event_name":"Forgotten Altar","floor":28,"relics_lost":["Golden Idol"],"gold_loss":0},{"damage_healed":0,"gold_gain":0,"player_choice":"Damaged","damage_taken":8,"max_hp_gain":0,"max_hp_loss":0,"event_name":"Wheel of Change","floor":29,"gold_loss":0}],"is_beta":false,"boss_relics":[{"not_picked":["Pandora\u0027s Box","Runic Cube"],"picked":"Empty Cage"}],"items_purged_floors":[7],"is_endless":false,"potions_floor_spawned":[2,12,14,16,19,22,27],"killed_by":"3 Cultists","ascension_level":0}}