{"host":"w3q5ijqu8eoknil3","time":1614448631,"event":{"mods":["AchievementEnabler","BaseMod","Block Reminder","Colored Map","Colored Powertips","Curses Come First","Dark Map","Minty Spire (QoL Compilation)","Quick Restart","Relic Stats","StSLib","ojb\u0027s Better Paths Mod","ojb\u0027s Info Mod","slay the spire mod where everything is the same but ironclad has a cowboy hat"],"gold_per_floor":[115,134,154,154,154,154,177,177,177],"floor_reached":8,"language":"ENG","playtime":317,"items_purged":[],"score":94,"play_id":"82d57f75-e916-4048-9e09-a9323adc8b07","local_time":"20210227175711","is_ascension_mode":true,"campfire_choices":[{"floor":6,"key":"REST"}],"circlet_count":0,"master_deck":["AscendersBane","Strike_G","Strike_G","Strike_G","Strike_G","Defend_G","Defend_G","Defend_G","Defend_G","Defend_G","Survivor","Neutralize","Acrobatics","Dagger Throw","Deadly Poison","Tactician"],"relics":["Fusion Hammer","Golden Idol"],"acts_visited":["Exordium"],"potions_floor_usage":[7,7],"damage_taken":[{"damage":0,"enemies":"2 Louse","floor":1,"turns":3},{"damage":5,"enemies":"Small Slimes","floor":2,"turns":4},{"damage":2,"enemies":"Jaw Worm","floor":3,"turns":4},{"damage":17,"enemies":"Gremlin Gang","floor":7,"turns":5},{"damage":47,"enemies":"3 Sentries","floor":8,"turns":10}],"seed_played":"-6173165208977858631","potions_obtained":[{"floor":2,"key":"Swift Potion"},{"floor":3,"key":"Block Potion"}],"is_trial":false,"path_per_floor":["M","M","M","?","?","R","M","E"],"character_chosen":"THE_SILENT","items_purchased":[],"campfire_rested":1,"item_purchase_floors":[],"current_hp_per_floor":[59,54,52,45,45,60,43,0,0],"gold":177,"neow_bonus":"BOSS_RELIC","is_daily":false,"chose_seed":false,"campfire_upgraded":0,"win_rate":0.0,"timestamp":1614448631,"path_taken":["M","M","M","?","?","R","?","E"],"items_purchased_type":[],"build_version":"2020-12-22","purchased_purges":0,"victory":false,"max_hp_per_floor":[66,66,66,66,60,60,60,60,60],"relic_stats":{"counters":[5,26],"Golden Idol":5,"obtain_stats":[{"Golden Idol":5,"Fusion Hammer":0,"Ring of the Snake":0},{"Golden Idol":3,"Fusion Hammer":0,"Ring of the Snake":0},{"Golden Idol":11,"Fusion Hammer":0,"Ring of the Snake":0}]},"card_choices":[{"not_picked":["Underhanded Strike","Concentrate"],"picked":"Acrobatics","floor":1},{"not_picked":["Tactician","Deflect"],"picked":"Dagger Throw","floor":2},{"not_picked":["Bane","Underhanded Strike"],"picked":"Deadly Poison","floor":3},{"not_picked":["Accuracy","Distraction"],"picked":"Tactician","floor":7}],"player_experience":1066074,"relics_obtained":[],"event_choices":[{"cards_removed":["Strike_G"],"damage_healed":0,"gold_gain":0,"player_choice":"Card Removal","damage_taken":7,"max_hp_gain":0,"max_hp_loss":0,"event_name":"Golden Wing","floor":4,"gold_loss":0},{"damage_healed":0,"gold_gain":0,"player_choice":"Lose Max HP","damage_taken":0,"relics_obtained":["Golden Idol"],"max_hp_gain":0,"max_hp_loss":6,"event_name":"Golden Idol","floor":5,"gold_loss":0}],"is_beta":false,"boss_relics":[],"items_purged_floors":[],"is_endless":false,"potions_floor_spawned":[2,3],"killed_by":"3 Sentries","ascension_level":19}}