{"host":"bvp2uifzy1c463d9","time":1614456400,"event":{"mods":["AchievementEnabler","BaseMod","Better Note","Block Reminder","Bossed Relics","Colored Map","Colored Powertips","Hermit","Highlight Path","Hubris","Infinite Spire","Minty Spire (QoL Compilation)","Relic Sorter","Relic Stats","Reliquary","Replay The Spire","StSLib","The Blue Laboratory","Wandering Minibosses"],"gold_per_floor":[116,38,38,38,38,38,58,92,103,103,150,163,177,192,218,263,263,263,263],"floor_reached":18,"language":"ENG","playtime":561,"items_purged":[],"score":184,"play_id":"5168ada4-7a01-4d59-b059-2a7188b43b3c","local_time":"20210227140640","is_ascension_mode":true,"campfire_choices":[{"data":"hermit:Cheat","floor":10,"key":"SMITH"},{"floor":17,"key":"REST"}],"circlet_count":0,"master_deck":["hermit:Strike_Hermit","hermit:Strike_Hermit","hermit:Strike_Hermit","hermit:Strike_Hermit","hermit:Defend_Hermit","hermit:Defend_Hermit","hermit:Defend_Hermit","hermit:Defend_Hermit","hermit:Snapshot","hermit:Covet","hermit:SprayPray","hermit:CursedWeapon","hermit:Cheat+1","hermit:Coalescence","hermit:HeroicBravado","hermit:HoleUp","hermit:Deadeye","hermit:Quickdraw","hermit:LoneWolf"],"relics":["hermit:Momento","NeowsBlessing","Letter Opener","Akabeko","Kunai"],"acts_visited":["Exordium"],"potions_floor_usage":[15],"damage_taken":[{"damage":0,"enemies":"2 Louse","floor":1,"turns":1},{"damage":0,"enemies":"Cultist","floor":7,"turns":1},{"damage":0,"enemies":"3 Sentries","floor":8,"turns":1},{"damage":14,"enemies":"Small Slimes","floor":9,"turns":3},{"damage":3,"enemies":"2 Fungi Beasts","floor":12,"turns":3},{"damage":22,"enemies":"Exordium Thugs","floor":13,"turns":6},{"damage":2,"enemies":"Large Slime","floor":14,"turns":5},{"damage":12,"enemies":"Gremlin Nob","floor":15,"turns":4},{"damage":53,"enemies":"Hexaghost","floor":18,"turns":14}],"seed_played":"-6947458591809894393","potions_obtained":[{"floor":6,"key":"blueLaboratory:ImpenetrablePotion"},{"floor":6,"key":"SpeedPotion"},{"floor":6,"key":"blueLaboratory:BottleOfVodka"}],"is_trial":false,"path_per_floor":["M","$","PTL","PTL","$","?","M","E","M","R","T","M","M","M","E","T","R_BF","B"],"character_chosen":"HERMIT","items_purchased":["hermit:CursedWeapon"],"campfire_rested":1,"item_purchase_floors":[2],"current_hp_per_floor":[75,75,75,75,75,75,75,75,61,61,61,58,36,34,22,22,44,0,0],"gold":263,"neow_bonus":"THREE_ENEMY_KILL","is_daily":false,"chose_seed":false,"campfire_upgraded":1,"win_rate":0.0,"timestamp":1614456400,"path_taken":["M","$","PTL","PTL","$","?","M","E","M","R","T","M","?","M","E","?","R_BF","BOSS"],"items_purchased_type":["Card"],"build_version":"2020-12-22","purchased_purges":0,"victory":false,"max_hp_per_floor":[75,75,75,75,75,75,75,75,75,75,75,75,75,75,75,75,75,75,75],"relic_stats":{"counters":[9,38],"Letter Opener":[55],"Kunai":[3],"obtain_stats":[{"NeowsBlessing":0,"Letter Opener":8,"Kunai":15,"hermit:Momento":0,"Akabeko":11},{"NeowsBlessing":0,"Letter Opener":3,"Kunai":8,"hermit:Momento":0,"Akabeko":4},{"NeowsBlessing":0,"Letter Opener":3,"Kunai":24,"hermit:Momento":0,"Akabeko":6}]},"card_choices":[{"not_picked":["hermit:Midnight","hermit:TrackingShot"],"picked":"hermit:SprayPray","floor":1},{"not_picked":["hermit:Snipe","hermit:Coalescence"],"picked":"hermit:Cheat","floor":7},{"not_picked":["hermit:HighCaliber","hermit:HoleUp"],"picked":"hermit:Coalescence","floor":8},{"not_picked":["hermit:Quickdraw","hermit:Desperado"],"picked":"hermit:HeroicBravado","floor":9},{"not_picked":["hermit:BigShot","hermit:Dive"],"picked":"hermit:HoleUp","floor":12},{"not_picked":["hermit:CalledShot","hermit:ItchyTrigger"],"picked":"hermit:Deadeye","floor":13},{"not_picked":["hermit:Glare","hermit:BodyArmor"],"picked":"hermit:Quickdraw","floor":14},{"not_picked":["hermit:HoleUp","hermit:Horror"],"picked":"hermit:LoneWolf","floor":15}],"player_experience":395664,"relics_obtained":[{"floor":8,"key":"Letter Opener"},{"floor":11,"key":"Akabeko"},{"floor":15,"key":"Kunai"}],"event_choices":[{"damage_healed":0,"gold_gain":0,"player_choice":"Got Potions","damage_taken":0,"max_hp_gain":0,"max_hp_loss":0,"event_name":"Lab","floor":6,"gold_loss":0}],"is_beta":false,"boss_relics":[],"items_purged_floors":[],"is_endless":false,"potions_floor_spawned":[12,13],"killed_by":"Hexaghost","ascension_level":5}}