{"host":"sr8h12zimc8zi8zs","time":1614428011,"event":{"mods":["2.2 Compatiblity","AchievementEnabler","BaseMod","CapriCore","Colored Map","GifTheSpireLib","GungeonMod","Minty Spire (QoL Compilation)","Permanent Neow","StSLib","The Jungle"],"gold_per_floor":[10,27,38,38,50,50,50],"floor_reached":6,"language":"KOR","playtime":465,"items_purged":[],"score":38,"play_id":"2b0801d5-d0f5-475a-92bb-0430c733add3","local_time":"20210227211331","is_ascension_mode":false,"campfire_choices":[],"circlet_count":0,"master_deck":["DemoMod:Strike_Huntress","DemoMod:Strike_Huntress","DemoMod:Strike_Huntress","DemoMod:Defend_Huntress","DemoMod:Defend_Huntress","DemoMod:Defend_Huntress","DemoMod:Defend_Huntress","DemoMod:Roll","DemoMod:ManualReload","DemoMod:RustySidearm","DemoMod:CrossBow","Secret Weapon","DemoMod:GunstockTap","DemoMod:HuntsMan","DemoMod:FastSwitch"],"relics":["DemoMod:Dog","DemoMod:GlassGuonStoneRelic"],"acts_visited":["Exordium"],"potions_floor_usage":[],"damage_taken":[{"damage":0,"enemies":"Small Slimes","floor":1,"turns":2},{"damage":0,"enemies":"Cultist","floor":2,"turns":4},{"damage":3,"enemies":"Jaw Worm","floor":3,"turns":6},{"damage":0,"enemies":"Blue Slaver","floor":5,"turns":4},{"damage":0,"enemies":"3 Sentries","floor":6,"turns":1}],"seed_played":"5155890278500323360","potions_obtained":[{"floor":3,"key":"Fire Potion"}],"is_trial":false,"path_per_floor":["M","M","M","$","M","E"],"character_chosen":"HUNTRESS","items_purchased":[],"campfire_rested":0,"item_purchase_floors":[],"current_hp_per_floor":[70,70,67,67,67,67,67],"gold":50,"neow_bonus":"RANDOM_COLORLESS_2","is_daily":false,"chose_seed":false,"campfire_upgraded":0,"win_rate":0.0,"timestamp":1614428011,"path_taken":["M","M","M","$","M","E"],"items_purchased_type":[],"build_version":"2020-12-22","purchased_purges":0,"victory":false,"max_hp_per_floor":[70,70,70,70,70,70,70],"card_choices":[{"not_picked":["DemoMod:Invincible","Master of Strategy"],"picked":"Secret Weapon","floor":0},{"not_picked":["DemoMod:GunstockTap","DemoMod:DoubleSwitch","DemoMod:PotionOfGunFriendShip"],"picked":"SKIP","floor":1},{"not_picked":["DemoMod:ThirdPartyController","DemoMod:SniperShot"],"picked":"DemoMod:GunstockTap","floor":2},{"not_picked":["DemoMod:SkilledReload","DemoMod:SpreadAmmo"],"picked":"DemoMod:HuntsMan","floor":3},{"not_picked":["DemoMod:Purify","DemoMod:ChanceBullets"],"picked":"DemoMod:FastSwitch","floor":5}],"player_experience":172845,"relics_obtained":[],"event_choices":[],"is_beta":false,"boss_relics":[],"items_purged_floors":[],"is_endless":false,"potions_floor_spawned":[3],"killed_by":"3 Sentries","ascension_level":0}}