{"host":"3i0tc1zs9k2bo7un","time":1614408650,"event":{"mods":["ATMod(°¢èªMod)","Act Like it!","Aspiration","BaseMod","Energized Spire","Gensokyo","Minty Spire (QoL Compilation)","MostiFishMod","Quick Restart","Reliquary","Replay The Spire","StSLib","TestMod","Wide Potions","¡¾ÒÅÎï¿¨ÅÆ¡¿REMEMod"],"gold_per_floor":[19,19,84,24,39,69,69,94,94,128,145,172,172,183,183,260,260,280,280,280,200,210,210,237,249,249,249,269,169,195,295,295,371,371,390,390,790,804,804,839,856,885,910,790,790,271,291,291,291,291,291,291,291,157,186,186],"floor_reached":57,"language":"ZHS","playtime":2549,"items_purged":["Strike_G","Defend_G","Defend_G","Defend_G","REME_LeechingPoison"],"score":3513,"play_id":"bb01c2bc-47f5-4ac9-8de1-87feb8a4fa69","local_time":"20210227145050","is_ascension_mode":true,"campfire_choices":[{"data":"Expertise","floor":13.0,"key":"SMITH"},{"data":"Strike_G","floor":15.0,"key":"PURGE"},{"data":"MostiFishMod:HiddenBlade","floor":23.0,"key":"SMITH"},{"data":"Defend_G","floor":32,"key":"PURGE"},{"data":"Grand Finale","floor":45,"key":"SMITH"},{"floor":49,"key":"RECALL"},{"data":"After Image","floor":53,"key":"SMITH"}],"circlet_count":0,"master_deck":["AscendersBane","Neutralize+1","AT_ChampionStep","Grand Finale+1","After Image+1","Expertise+1","Calculated Gamble","MostiFishMod:HiddenBlade+1","Blur"],"relics":["Ring of the Snake","testmod-TestBox","REME_ComplimentaryCards","AT_ATBox","The Courier","testmod-OneHitWonder","SynthV:TestCard","AT_BellDemon","Bronze Scales","testmod-RainbowHikingShoes","ImprovedEquipment","HornCleat","reliquary:NewFriend","reliquary:PurpleTingedLeaf","testmod-LifeArmor","testmod-Laevatain","GuanYuAspect","ReplayTheSpireMod:Lightbulb","Gensokyo:SongOfSouls","AT_ImmortalShieldbow","reliquary:RoseTintedGlasses","Centennial Puzzle","Replay:PocketPolymizer","MealTicket","AT_BellowingDragoncrestRing","reliquary:SharkskinSheath","CaptainsWheel","FossilizedHelix","Counterbalance","Paper Crane","ChiXiaoBlade","Omamori","Lantern","AT_RedTearstoneRing","Peace Pipe","InkBottle","Bird Faced Urn","testmod-Nyarlathotep","CeramicFish","reliquary:Bookmark","Bag of Marbles","AT_BladeRuinedKing","reliquary:GummyVitamins","Whetstone","Replay:Wax Seal","ReplayTheSpireMod:Shallot"],"acts_visited":["Gensokyo:Gensokyo","Gensokyo:Gensokyoer","Gensokyo:Gensokyoest","TheEnding"],"potions_floor_usage":[56],"damage_taken":[{"damage":7.0,"enemies":"Gensokyo:2_Kodama","floor":1.0,"turns":5.0},{"damage":0.0,"enemies":"Gensokyo:Python","floor":5.0,"turns":4.0},{"damage":0.0,"enemies":"Gensokyo:Aya","floor":6.0,"turns":4.0},{"damage":53.0,"enemies":"Gensokyo:Mamizou","floor":8.0,"turns":9.0},{"damage":0.0,"enemies":"Gensokyo:Aya","floor":10.0,"turns":3.0},{"damage":2.0,"enemies":"Gensokyo:3_Fairies","floor":11.0,"turns":3.0},{"damage":27.0,"enemies":"Gensokyo:Cirno","floor":12.0,"turns":6.0},{"damage":12.0,"enemies":"Gensokyo:Python_and_Kodama","floor":14.0,"turns":5.0},{"damage":0.0,"enemies":"Gensokyo:Reimu","floor":16.0,"turns":2.0},{"damage":0.0,"enemies":"Gensokyo:CosmicMonolith","floor":18.0,"turns":2.0},{"damage":0.0,"enemies":"Gensokyo:2_Gloops","floor":22.0,"turns":2.0},{"damage":0.0,"enemies":"Gensokyo:Tenshi","floor":24.0,"turns":2.0},{"damage":0.0,"enemies":"Gensokyo:Swordslinger","floor":25.0,"turns":2.0},{"damage":0.0,"enemies":"Gensokyo:Wraith","floor":28.0,"turns":2.0},{"damage":0.0,"enemies":"Gensokyo:Wraith","floor":31.0,"turns":1.0},{"damage":0,"enemies":"Gensokyo:Kaguya","floor":33,"turns":1},{"damage":0,"enemies":"Gensokyo:3_Boulders","floor":35,"turns":1},{"damage":0,"enemies":"Gensokyo:3_Bats","floor":38,"turns":1},{"damage":0,"enemies":"Gensokyo:Doremy","floor":40,"turns":1},{"damage":0,"enemies":"Gensokyo:3_Boulders","floor":41,"turns":1},{"damage":0,"enemies":"Gensokyo:Kasen","floor":42,"turns":1},{"damage":0,"enemies":"Gensokyo:4_Bats","floor":47,"turns":1},{"damage":0,"enemies":"Gensokyo:Shinki","floor":50,"turns":3},{"damage":0,"enemies":"Gensokyo:Scarlet_Devils","floor":51,"turns":1},{"damage":0,"enemies":"Shield and Spear","floor":55,"turns":1},{"damage":0,"enemies":"The Heart","floor":56,"turns":4}],"seed_played":"7070973184534612093","potions_obtained":[{"floor":3.0,"key":"Flashbang"},{"floor":3.0,"key":"Languid Potion"},{"floor":10.0,"key":"Elixir"}],"is_trial":false,"path_per_floor":["M","?","?","$","M","E","COS","E","T","E","M","E","R","M","R","B",null,"M","?","T","$","M","R","E","M","T","?","M","$","T","?","R","B",null,"M","?","?","M","?","E","M","E","T","$","R","$","M","?","R","B","B",null,"R","$","E","B",null],"character_chosen":"THE_SILENT","items_purchased":["reliquary:Bookmark","Bag of Marbles","AT_BladeRuinedKing","Whetstone"],"campfire_rested":0,"item_purchase_floors":[46,46,46,54],"current_hp_per_floor":[52,20,20,20,20,20,20,14,14,66,66,39,39,66,66,66,33,33,33,33,33,33,33,33,33,33,33,33,33,33,33,33,33,33,33,33,33,33,33,33,33,33,33,33,33,33,33,33,33,33,33,33,33,33,33,33],"gold":186,"neow_bonus":"THREE_RARE_CARDS","is_daily":false,"chose_seed":false,"campfire_upgraded":4,"win_rate":0.0,"timestamp":1614408650,"path_taken":["M","?","?","$","?","E","COS","E","T","E","M","E","R","M","R","BOSS","M","?","?","$","M","R","E","?","T","?","M","$","?","?","R","BOSS","M","?","?","M","?","E","M","E","T","?","R","$","M","?","R","BOSS","BOSS","R","$","E","BOSS"],"items_purchased_type":["Relic","Relic","Relic","Relic"],"build_version":"2020-12-22","purchased_purges":5,"victory":true,"max_hp_per_floor":[66,66,66,66,66,66,66,66,66,66,66,66,66,66,66,66,33,33,33,33,33,33,33,33,33,33,33,33,33,33,33,33,33,33,33,33,33,33,33,33,33,33,33,33,33,33,33,33,33,33,33,33,33,33,33,33],"card_choices":[{"not_picked":["Glass Knife","MostiFishMod:ShivMaster"],"picked":"After Image","floor":0.0},{"not_picked":["AT_WomanClash","Flying Knee","Cloak And Dagger"],"picked":"SKIP","floor":1.0},{"not_picked":["Setup","Leg Sweep","Sucker Punch","Underhanded Strike"],"picked":"Expertise","floor":3.0},{"not_picked":["Deflect","Dodge and Roll","Dagger Spray","Cloak And Dagger","MostiFishMod:PoisonShield"],"picked":"SKIP","floor":5.0},{"not_picked":["Deflect","Deadly Poison","Hidden Blade","Outmaneuver"],"picked":"REME_LeechingPoison","floor":6.0},{"not_picked":["Outmaneuver","AT_ThistleTea","Riddle With Holes","Fluid Movement","All Out Attack"],"picked":"SKIP","floor":8.0},{"not_picked":["AT_WindRun","Prepared","PiercingWail","MostiFishMod:WinterMarkForm"],"picked":"Calculated Gamble","floor":10.0},{"not_picked":["Slice","PiercingWail","Hidden Blade","Cloak And Dagger","AT_WindRun"],"picked":"SKIP","floor":11.0},{"not_picked":["Bane","Sucker Punch","Infinite Blades","REME_GreenPollution","Wraith Form v2"],"picked":"SKIP","floor":12.0},{"not_picked":["Outmaneuver","Caltrops","PiercingWail","Dagger Spray","Poisoned Stab"],"picked":"SKIP","floor":14.0},{"not_picked":["MostiFishMod:LethalBlade","ReplayTheSpireMod:From All Sides","Burst","Unload"],"picked":"MostiFishMod:HiddenBlade","floor":16.0},{"not_picked":["Expertise","Footwork","Hidden Blade","Accuracy+1"],"picked":"Blur","floor":18.0},{"not_picked":["AT_ShadowStep","Sneak Up+1","Sucker Punch","Outmaneuver","AT_WomanClash"],"picked":"SKIP","floor":22.0},{"not_picked":["Flechettes","Accuracy","Backflip","Heel Hook","Hidden Blade"],"picked":"SKIP","floor":24.0},{"not_picked":["ReplayTheSpireMod:Exploit Weakness","Quick Slash","Bouncing Flask","Eviscerate+1","All Out Attack+1"],"picked":"SKIP","floor":25.0},{"not_picked":["Backflip","Heel Hook+1","AT_ArcaneSupremacy","Slice","MostiFishMod:FrostNova"],"picked":"SKIP","floor":28.0},{"not_picked":["Setup","AT_TinkerSharpsword","Underhanded Strike","Outmaneuver+1","Dagger Throw"],"picked":"SKIP","floor":35},{"not_picked":["Dodge and Roll","MostiFishMod:ThornCasing","AT_TinkerSharpsword+1","Slice","Quick Slash+1"],"picked":"SKIP","floor":38},{"not_picked":["Predator+1","Cloak And Dagger+1","Grand Finale","Outmaneuver+1","Hidden Blade"],"picked":"SKIP","floor":40},{"not_picked":["Slice+1","Deadly Poison","Caltrops","Acrobatics","Underhanded Strike"],"picked":"SKIP","floor":41},{"not_picked":["MostiFishMod:ThornCasing","Corpse Explosion","AT_Desolate","Bane","Flechettes"],"picked":"SKIP","floor":42},{"not_picked":["Quick Slash+1","AT_KneejerkReflex","Blade Dance","Flying Knee+1","Backflip"],"picked":"SKIP","floor":47},{"not_picked":["Prepared","Backflip+1","PiercingWail","MostiFishMod:VineMother","Acrobatics"],"picked":"SKIP","floor":55}],"player_experience":733444,"relics_obtained":[{"floor":1.0,"key":"SynthV:TestCard"},{"floor":6.0,"key":"AT_BellDemon"},{"floor":8.0,"key":"Bronze Scales"},{"floor":8.0,"key":"testmod-RainbowHikingShoes"},{"floor":9.0,"key":"ImprovedEquipment"},{"floor":10.0,"key":"HornCleat"},{"floor":10.0,"key":"reliquary:NewFriend"},{"floor":12.0,"key":"reliquary:PurpleTingedLeaf"},{"floor":14.0,"key":"testmod-LifeArmor"},{"floor":16.0,"key":"testmod-Laevatain"},{"floor":18.0,"key":"ReplayTheSpireMod:Lightbulb"},{"floor":20.0,"key":"AT_ImmortalShieldbow"},{"floor":22.0,"key":"reliquary:RoseTintedGlasses"},{"floor":24.0,"key":"Centennial Puzzle"},{"floor":24.0,"key":"Replay:PocketPolymizer"},{"floor":25.0,"key":"MealTicket"},{"floor":26.0,"key":"AT_BellowingDragoncrestRing"},{"floor":28.0,"key":"reliquary:SharkskinSheath"},{"floor":31.0,"key":"CaptainsWheel"},{"floor":31.0,"key":"FossilizedHelix"},{"floor":31.0,"key":"Counterbalance"},{"floor":33,"key":"Paper Crane"},{"floor":35,"key":"Omamori"},{"floor":38,"key":"Lantern"},{"floor":40,"key":"AT_RedTearstoneRing"},{"floor":40,"key":"Peace Pipe"},{"floor":41,"key":"InkBottle"},{"floor":42,"key":"Bird Faced Urn"},{"floor":42,"key":"testmod-Nyarlathotep"},{"floor":43,"key":"CeramicFish"},{"floor":47,"key":"reliquary:GummyVitamins"},{"floor":55,"key":"Replay:Wax Seal"},{"floor":55,"key":"ReplayTheSpireMod:Shallot"}],"event_choices":[{"damage_healed":0,"gold_gain":400,"player_choice":"Sell","damage_taken":0,"max_hp_gain":0,"max_hp_loss":0,"event_name":"¶÷ÂåË¹µÄÅÌ×Ó","floor":37,"relics_lost":["DaveBox"],"gold_loss":0}],"is_beta":false,"boss_relics":[{"not_picked":["Runic Dome","energizedSpire:SpiderWeb"],"picked":"GuanYuAspect"},{"not_picked":["Kintsugi","RhineCircuit"],"picked":"ChiXiaoBlade"}],"items_purged_floors":[4,21,29,44,46],"is_endless":false,"potions_floor_spawned":[5,6,8,10,14,22,24,31,38,41,42,47],"ascension_level":20}}