{"host":"c97twqu0op5dg8i4","time":1614417718,"event":{"mods":["AchievementEnabler","BaseMod","Colored Map","Minty Spire (QoL Compilation)","Permanent Neow"],"gold_per_floor":[116,116,126,56,70,70,84,114,114,114,114,132,57,57,6,6,106,156,170,170,269,295,143,143,143,143,170,201,201,219,230,230,230,326,326,341,1340,1562,1572,1572,1572,1587,1587,1587],"floor_reached":43,"language":"ENG","playtime":2030,"items_purged":["Strike_G"],"score":692,"play_id":"849cd10a-60b1-4d2f-84c5-6704c84ad7f8","local_time":"20210227042158","is_ascension_mode":true,"campfire_choices":[{"data":"Crippling Poison","floor":6.0,"key":"SMITH"},{"floor":11.0,"key":"REST"},{"floor":14.0,"key":"REST"},{"data":"Crippling Poison","floor":16,"key":"SMITH"},{"data":"Noxious Fumes","floor":24,"key":"SMITH"},{"floor":25,"key":"REST"},{"data":"Backflip","floor":26,"key":"SMITH"},{"floor":33,"key":"REST"},{"floor":41,"key":"REST"}],"circlet_count":0,"master_deck":["AscendersBane","Strike_G","Strike_G","Defend_G","Defend_G","Defend_G","Defend_G","Survivor","Neutralize+1","Dagger Spray","Predator","Terror","Crippling Poison+1","Poisoned Stab+1","Adrenaline","Crippling Poison+1","Noxious Fumes+1","Backflip+1","Underhanded Strike","Infinite Blades","Noxious Fumes+1","Leg Sweep","Bullet Time","Normality","Normality"],"relics":["Ring of the Serpent","Bird Faced Urn","Gambling Chip","WingedGreaves","Tiny House","Red Mask","DollysMirror","MealTicket","Happy Flower","Enchiridion"],"acts_visited":["Exordium","TheCity","TheBeyond"],"potions_floor_usage":[22,34,34,43],"damage_taken":[{"damage":0.0,"enemies":"Small Slimes","floor":1.0,"turns":4.0},{"damage":0.0,"enemies":"Cultist","floor":3.0,"turns":3.0},{"damage":0.0,"enemies":"2 Louse","floor":5.0,"turns":3.0},{"damage":22.0,"enemies":"Exordium Thugs","floor":7.0,"turns":5.0},{"damage":17.0,"enemies":"3 Sentries","floor":8.0,"turns":5.0},{"damage":1.0,"enemies":"Blue Slaver","floor":12.0,"turns":3.0},{"damage":32,"enemies":"Hexaghost","floor":17,"turns":11},{"damage":0,"enemies":"3 Byrds","floor":19,"turns":2},{"damage":23,"enemies":"Masked Bandits","floor":22,"turns":4},{"damage":22,"enemies":"Gremlin Leader","floor":28,"turns":5},{"damage":4,"enemies":"Chosen","floor":30,"turns":4},{"damage":6,"enemies":"Centurion and Healer","floor":31,"turns":5},{"damage":68,"enemies":"Champ","floor":34,"turns":11},{"damage":12,"enemies":"Orb Walker","floor":36,"turns":5},{"damage":40,"enemies":"3 Darklings","floor":39,"turns":4},{"damage":21,"enemies":"4 Shapes","floor":42,"turns":4},{"damage":36,"enemies":"Reptomancer","floor":43,"turns":5}],"seed_played":"-3735200015716439913","potions_obtained":[{"floor":3.0,"key":"SteroidPotion"},{"floor":17,"key":"Block Potion"},{"floor":18,"key":"Poison Potion"},{"floor":22,"key":"PowerPotion"},{"floor":42,"key":"Explosive Potion"}],"is_trial":false,"path_per_floor":["M","?","M","$","M","R","M","E","T","$","R","M","$","R","?","R","B",null,"M","?","?","?","$","R","R","R","T","E","?","M","M","?","R","B",null,"M","?","?","M","?","R","M","E"],"character_chosen":"THE_SILENT","items_purchased":["Crippling Poison","DollysMirror"],"campfire_rested":5,"item_purchase_floors":[4,23],"current_hp_per_floor":[63,63,63,63,63,63,41,24,24,24,45,44,44,65,65,65,33,66,66,66,66,47,47,47,69,69,69,53,37,41,43,43,65,7,58,54,54,54,20,20,42,29,0,0],"gold":1587,"neow_bonus":"UPGRADE_CARD","is_daily":false,"chose_seed":false,"campfire_upgraded":4,"win_rate":0.0,"timestamp":1614417718,"path_taken":["M","?","M","?","M","R","M","E","T","$","R","M","$","R","?","R","BOSS","M","?","?","?","$","R","R","R","T","E","?","M","?","?","R","BOSS","M","?","?","M","?","R","M","E"],"items_purchased_type":["Card","Relic"],"build_version":"2020-12-22","purchased_purges":1,"victory":false,"max_hp_per_floor":[70,70,70,70,70,70,70,70,70,70,70,70,70,70,70,70,70,75,75,75,75,75,75,75,75,75,75,75,75,75,75,75,75,75,75,75,75,75,75,75,75,75,75,75],"card_choices":[{"not_picked":["Quick Slash","Prepared"],"picked":"Dagger Spray","floor":1.0},{"not_picked":["Poisoned Stab","Slice"],"picked":"Terror","floor":3.0},{"not_picked":["Dagger Spray","Bane"],"picked":"Poisoned Stab","floor":5.0},{"not_picked":["Expertise","Quick Slash"],"picked":"Adrenaline","floor":7.0},{"not_picked":["Night Terror","Predator"],"picked":"Crippling Poison","floor":8.0},{"not_picked":["Cloak And Dagger","Outmaneuver","Poisoned Stab"],"picked":"SKIP","floor":12.0},{"not_picked":["Heel Hook","Blade Dance"],"picked":"Noxious Fumes","floor":18},{"not_picked":["Reflex","Quick Slash"],"picked":"Backflip","floor":19},{"not_picked":["Riddle With Holes","Poisoned Stab"],"picked":"Leg Sweep","floor":28},{"not_picked":["Flying Knee","Concentrate","Prepared+1"],"picked":"SKIP","floor":30},{"not_picked":["Underhanded Strike+1","PiercingWail","Sucker Punch"],"picked":"SKIP","floor":31},{"not_picked":["Night Terror","Burst"],"picked":"Bullet Time","floor":34},{"not_picked":["All Out Attack+1","Bouncing Flask+1","Dagger Spray"],"picked":"SKIP","floor":36},{"not_picked":["Prepared+1","Riddle With Holes+1","Underhanded Strike"],"picked":"SKIP","floor":39},{"not_picked":["Dodge and Roll+1","Slice","Setup"],"picked":"SKIP","floor":42}],"player_experience":438323,"relics_obtained":[{"floor":8.0,"key":"Bird Faced Urn"},{"floor":9.0,"key":"Gambling Chip"},{"floor":22,"key":"Red Mask"},{"floor":27,"key":"MealTicket"},{"floor":28,"key":"Happy Flower"},{"floor":29,"key":"Enchiridion"}],"event_choices":[{"damage_healed":0.0,"max_hp_gain":0.0,"max_hp_loss":0.0,"gold_gain":0.0,"cards_transformed":["Strike_G"],"event_name":"Transmorgrifier","player_choice":"Transformed","floor":2.0,"gold_loss":0.0,"damage_taken":0.0,"cards_obtained":["Predator"]},{"damage_healed":0,"gold_gain":0,"player_choice":"Paid Gold","damage_taken":0,"relics_obtained":["WingedGreaves"],"max_hp_gain":0,"max_hp_loss":0,"event_name":"WeMeetAgain","floor":15,"gold_loss":51},{"damage_healed":0,"gold_gain":0,"cards_transformed":["Strike_G","Defend_G"],"player_choice":"Became Test Subject","damage_taken":0,"max_hp_gain":0,"max_hp_loss":0,"event_name":"Drug Dealer","floor":20,"gold_loss":0,"cards_obtained":["Underhanded Strike","Infinite Blades"]},{"damage_healed":0,"gold_gain":99,"player_choice":"Stole From Cult","damage_taken":0,"max_hp_gain":0,"max_hp_loss":0,"event_name":"Nest","floor":21,"gold_loss":0},{"damage_healed":0,"gold_gain":0,"player_choice":"Fought Bandits","damage_taken":0,"max_hp_gain":0,"max_hp_loss":0,"event_name":"Masked Bandits","floor":22,"gold_loss":0},{"damage_healed":0,"gold_gain":0,"player_choice":"Obtained Book","damage_taken":16,"max_hp_gain":0,"max_hp_loss":0,"event_name":"Cursed Tome","floor":29,"gold_loss":0},{"damage_healed":0,"gold_gain":0,"player_choice":"Upgraded","damage_taken":0,"max_hp_gain":0,"max_hp_loss":0,"event_name":"Upgrade Shrine","floor":32,"gold_loss":0,"cards_upgraded":["Noxious Fumes"]},{"damage_healed":0,"gold_gain":999,"player_choice":"Gold","damage_taken":0,"max_hp_gain":0,"max_hp_loss":0,"event_name":"MindBloom","floor":37,"gold_loss":0,"cards_obtained":["Normality","Normality"]},{"damage_healed":0,"gold_gain":222,"player_choice":"Wore Mask","damage_taken":0,"max_hp_gain":0,"max_hp_loss":0,"event_name":"Tomb of Lord Red Mask","floor":38,"gold_loss":0},{"damage_healed":0,"gold_gain":0,"player_choice":"0 cards matched","damage_taken":0,"max_hp_gain":0,"max_hp_loss":0,"event_name":"Match and Keep!","floor":40,"gold_loss":0,"cards_obtained":[]}],"is_beta":false,"boss_relics":[{"not_picked":["Black Star","Runic Dome"],"picked":"Tiny House"},{"not_picked":["HoveringKite","WristBlade"],"picked":"Ring of the Serpent"}],"items_purged_floors":[13],"is_endless":false,"potions_floor_spawned":[3,17,19,22,42],"killed_by":"Reptomancer","ascension_level":12}}