{"host":"ve9aztkoyqeblvav","time":1614432293,"event":{"mods":["Act Like it!","Aspiration","BaseMod","Colored Map","Colored Powertips","Highlight Path","Marked Mod","Minty Spire (QoL Compilation)","Pale of the Ancients","Quick Restart","Reorder Act Four","StSLib","The Hierophant","Waifu the Spire","[IsaacMod]ÒÔÈö¼âËþ"],"gold_per_floor":[116,126,85,85,8,8,8,8,8,333,353,370,175,188,188,264,264,281,68,86,86,86,86,106,122,122,141,41,56,36,36,36,111,111,131,131,144,24,44,44,44],"floor_reached":40,"language":"ZHS","playtime":2014,"items_purged":["Injury","Strike_G","Strike_G","Strike_G","Strike_G","Defend_G"],"score":1076,"play_id":"bea79d16-8c98-4fd5-b8bf-0bbe08011608","local_time":"20210227212453","is_ascension_mode":true,"campfire_choices":[{"data":"Calculated Gamble","floor":6.0,"key":"SMITH"},{"data":"Reflex","floor":8.0,"key":"SMITH"},{"data":"Envenom","floor":15.0,"key":"SMITH"},{"data":"Tools of the Trade","floor":23.0,"key":"SMITH"},{"floor":32.0,"key":"REST"}],"circlet_count":0,"master_deck":["AscendersBane","Defend_G","Defend_G","Defend_G","Defend_G","Survivor","Neutralize","Calculated Gamble+1","Flechettes","Reflex+1","Concentrate+1","Envenom+1","Phantasmal Killer+1","Tools of the Trade+1","Blade Dance+1","Backflip+1","Malaise+1","PiercingWail+1","Prepared+1"],"relics":["Ring of the Snake","HushsDoor","Unceasing Top","Chaos","NeowsBlessing","Toxic Egg 2","The Courier","Old Coin","BookOfRevelations","Turnip","aspiration:Lifesprig","Medical Kit","GuppysHead"],"acts_visited":["Exordium","TheCity","TheBeyond"],"potions_floor_usage":[39],"damage_taken":[{"damage":0.0,"enemies":"Cultist","floor":1.0,"turns":1.0},{"damage":0.0,"enemies":"2 Louse","floor":2.0,"turns":1.0},{"damage":0.0,"enemies":"Gremlin Nob","floor":10.0,"turns":1.0},{"damage":7.0,"enemies":"Jaw Worm","floor":11.0,"turns":5.0},{"damage":4.0,"enemies":"Exordium Thugs","floor":12.0,"turns":2.0},{"damage":14.0,"enemies":"Large Slime","floor":14.0,"turns":7.0},{"damage":0.0,"enemies":"The Guardian","floor":16.0,"turns":14.0},{"damage":0.0,"enemies":"Spheric Guardian","floor":18.0,"turns":5.0},{"damage":11.0,"enemies":"2 Thieves","floor":20.0,"turns":3.0},{"damage":5.0,"enemies":"Shelled Parasite and Fungi","floor":24.0,"turns":3.0},{"damage":5.0,"enemies":"Snake Plant","floor":25.0,"turns":7.0},{"damage":15.0,"enemies":"Sentry and Sphere","floor":27.0,"turns":6.0},{"damage":0.0,"enemies":"Centurion and Healer","floor":29.0,"turns":5.0},{"damage":0.0,"enemies":"Colosseum Slavers","floor":31.0,"turns":3.0},{"damage":0.0,"enemies":"Automaton","floor":33.0,"turns":11.0},{"damage":0.0,"enemies":"Orb Walker","floor":35.0,"turns":3.0},{"damage":0,"enemies":"3 Shapes","floor":37,"turns":6},{"damage":0,"enemies":"Maw","floor":39,"turns":8},{"damage":10,"enemies":"Reptomancer","floor":40,"turns":2}],"seed_played":"9018464168149379505","potions_obtained":[{"floor":1.0,"key":"Poison Potion"},{"floor":2.0,"key":"PowerPotion"},{"floor":18.0,"key":"Fruit Juice"},{"floor":20.0,"key":"SkillPotion"},{"floor":25.0,"key":"DuplicationPotion"},{"floor":29.0,"key":"AttackPotion"},{"floor":35.0,"key":"GhostInAJar"}],"is_trial":false,"path_per_floor":["M","M","$","?","$","R","$","R","T","E","M","M","$","M","R","B",null,"M","$","M","?","$","R","M","M","T","M","$","M","$","?","R","B",null,"M","?","M","$","M","E"],"character_chosen":"THE_SILENT","items_purchased":["Reflex","Concentrate+1","BookOfRevelations","Tools of the Trade","GhostInAJar","aspiration:Lifesprig","Prepared+1","GuppysHead"],"campfire_rested":1,"item_purchase_floors":[3,5,13,17,17,19,30,34],"current_hp_per_floor":[59,59,59,59,59,59,59,59,59,59,52,48,48,34,34,34,48,48,48,37,37,37,37,37,32,32,17,17,17,17,17,34,34,39,39,39,39,39,39,29,29],"gold":44,"neow_bonus":"THREE_ENEMY_KILL","is_daily":false,"chose_seed":false,"campfire_upgraded":4,"win_rate":0.0,"timestamp":1614432293,"path_taken":["M","M","?","?","$","R","$","R","T","E","M","M","$","?","R","BOSS","M","$","M","?","?","R","M","M","T","?","$","M","$","?","R","BOSS","M","?","M","$","M","E"],"items_purchased_type":["Card","Card","Relic","Card","Potion","Relic","Card","Relic"],"build_version":"2020-12-22","purchased_purges":6,"victory":false,"max_hp_per_floor":[66,66,66,66,66,66,66,66,66,66,66,66,66,66,66,66,53,53,53,53,53,53,53,58,58,58,58,58,58,58,58,58,58,41,41,41,41,41,41,41,41],"card_choices":[{"not_picked":["Eviscerate","Slice"],"picked":"Calculated Gamble","floor":1.0},{"not_picked":["Predator","Dagger Throw"],"picked":"Flechettes","floor":2.0},{"not_picked":["Deadly Poison+1","Choke"],"picked":"Bomb","floor":10.0},{"not_picked":["Heel Hook","Dagger Throw","Riddle With Holes"],"picked":"SKIP","floor":11.0},{"not_picked":["Dodge and Roll+1","Deadly Poison+1"],"picked":"Envenom","floor":12.0},{"not_picked":["Cloak And Dagger+1","Finisher","Riddle With Holes"],"picked":"SKIP","floor":14.0},{"not_picked":["Envenom","Tools of the Trade"],"picked":"Phantasmal Killer+1","floor":16.0},{"not_picked":["PiercingWail+1","Dagger Throw+1"],"picked":"Blade Dance+1","floor":18.0},{"not_picked":["Deadly Poison+1","Slice"],"picked":"Backflip+1","floor":20.0},{"not_picked":["Riddle With Holes","Crippling Poison+1"],"picked":"PiercingWail+1","floor":24.0},{"not_picked":["Backflip+1","Dagger Throw+1","Sucker Punch"],"picked":"SKIP","floor":25.0},{"not_picked":["Distraction+1","Concentrate+1","Outmaneuver+1"],"picked":"SKIP","floor":27.0},{"not_picked":["Crippling Poison+1","Noxious Fumes","Choke"],"picked":"SKIP","floor":29.0},{"not_picked":["Crippling Poison+1","Noxious Fumes","Choke"],"picked":"SKIP","floor":29.0},{"not_picked":["Deflect+1","Sucker Punch+1","Underhanded Strike"],"picked":"SKIP","floor":35.0},{"not_picked":["Sucker Punch","Poisoned Stab","Flying Knee"],"picked":"SKIP","floor":37},{"not_picked":["Crippling Poison+1","Setup+1","Bouncing Flask+1"],"picked":"SKIP","floor":39}],"player_experience":1738958,"relics_obtained":[{"floor":9.0,"key":"The Courier"},{"floor":10.0,"key":"Old Coin"}],"event_choices":[{"damage_healed":0.0,"max_hp_gain":0.0,"max_hp_loss":0.0,"gold_gain":0.0,"event_name":"The Library","player_choice":"Read","floor":21.0,"gold_loss":0.0,"damage_taken":0.0,"cards_obtained":["Malaise"]},{"damage_healed":0.0,"max_hp_gain":0.0,"max_hp_loss":0.0,"gold_gain":0.0,"event_name":"Colosseum","player_choice":"Fight","floor":31.0,"gold_loss":0.0,"damage_taken":0.0},{"damage_healed":0.0,"max_hp_gain":0.0,"max_hp_loss":0.0,"gold_gain":0.0,"event_name":"Colosseum","player_choice":"Fled From Nobs","floor":31.0,"gold_loss":0.0,"damage_taken":0.0},{"cards_removed":["Strike_G"],"damage_healed":0,"gold_gain":0,"player_choice":"Purged","damage_taken":0,"max_hp_gain":0,"max_hp_loss":0,"event_name":"Purifier","floor":36,"gold_loss":0}],"is_beta":false,"boss_relics":[{"not_picked":["Tingsha","Mango"],"picked":"Turnip"},{"not_picked":[]},{"not_picked":["aspiration:HiddenCompartment","Happy Flower"],"picked":"Medical Kit"},{"not_picked":[]}],"items_purged_floors":[13,17,19,28,34,38],"is_endless":false,"potions_floor_spawned":[1,2,14,18,20,25,29,35,37],"killed_by":"Reptomancer","ascension_level":20}}