{"host":"z39atn33tyek63fd","time":1614399170,"event":{"mods":["BaseMod","Minty Spire (QoL Compilation)","everything is the same but u backflip on backflip"],"gold_per_floor":[118,128,138,138,138,138,169,169,219,234,251,263,263,280,280,380,380,398,412,59,59,76,76,104,104,127,138,138,166,166,20,20,20,20],"floor_reached":33,"language":"ENG","playtime":2261,"items_purged":[],"score":320,"play_id":"18015eb2-733b-45bd-8a5e-bf8afdf5bad9","local_time":"20210226221250","is_ascension_mode":true,"campfire_choices":[{"data":"Ragnarok","floor":6,"key":"SMITH"},{"data":"Meditate","floor":8,"key":"SMITH"},{"floor":15,"key":"REST"},{"floor":23,"key":"REST"},{"floor":25,"key":"REST"},{"floor":30,"key":"REST"},{"floor":32,"key":"REST"}],"circlet_count":0,"master_deck":["Strike_P+1","Strike_P+1","Strike_P+1","Strike_P+1","Defend_P+1","Defend_P+1","Defend_P+1","Defend_P+1","Eruption","Vigilance","Ragnarok+1","Halt","Prostrate","Crescendo+1","CarveReality","Deep Breath","Meditate+1","ThirdEye","EmptyMind","DeceiveReality","Evaluate","Ragnarok","BattleHymn","ClearTheMind","CutThroughFate","ClearTheMind","EmptyBody+1","Fasting2","Clumsy","Wallop","ReachHeaven+1"],"relics":["PureWater","Art of War","Ancient Tea Set","Cursed Key","StrikeDummy","Matryoshka","Singing Bowl","Bag of Preparation","Red Mask","Sling"],"acts_visited":["Exordium","TheCity"],"potions_floor_usage":[16,29,33,33],"damage_taken":[{"damage":8,"enemies":"Jaw Worm","floor":1,"turns":3},{"damage":0,"enemies":"Cultist","floor":2,"turns":2},{"damage":8,"enemies":"2 Louse","floor":3,"turns":4},{"damage":13,"enemies":"Gremlin Nob","floor":7,"turns":3},{"damage":8,"enemies":"Blue Slaver","floor":10,"turns":3},{"damage":0,"enemies":"Exordium Wildlife","floor":11,"turns":3},{"damage":0,"enemies":"Looter","floor":12,"turns":3},{"damage":5,"enemies":"3 Louse","floor":14,"turns":2},{"damage":1,"enemies":"Slime Boss","floor":16,"turns":4},{"damage":13,"enemies":"Spheric Guardian","floor":18,"turns":4},{"damage":4,"enemies":"2 Thieves","floor":19,"turns":4},{"damage":16,"enemies":"Cultist and Chosen","floor":22,"turns":4},{"damage":25,"enemies":"Book of Stabbing","floor":24,"turns":5},{"damage":19,"enemies":"3 Cultists","floor":27,"turns":6},{"damage":30,"enemies":"Masked Bandits","floor":29,"turns":6},{"damage":61,"enemies":"Automaton","floor":33,"turns":6}],"seed_played":"3502141145907437598","potions_obtained":[{"floor":3,"key":"CultistPotion"},{"floor":7,"key":"SpeedPotion"},{"floor":12,"key":"Dexterity Potion"},{"floor":18,"key":"Energy Potion"},{"floor":22,"key":"StancePotion"},{"floor":27,"key":"DuplicationPotion"}],"is_trial":false,"path_per_floor":["M","M","M","?","?","R","E","R","T","M","M","M","?","M","R","B",null,"M","M","$","?","M","R","E","R","T","M","?","?","R","$","R","B"],"character_chosen":"WATCHER","items_purchased":["StrikeDummy","ClearTheMind","CutThroughFate","Sling"],"campfire_rested":5,"item_purchase_floors":[20,20,20,31],"current_hp_per_floor":[64,64,56,56,56,56,43,43,43,35,35,35,35,30,51,50,72,59,55,55,55,39,60,35,56,56,37,37,7,28,28,49,0,0],"gold":20,"neow_bonus":"ONE_RANDOM_RARE_CARD","is_daily":false,"chose_seed":false,"campfire_upgraded":2,"win_rate":0.0,"timestamp":1614399170,"path_taken":["M","M","M","?","?","R","E","R","T","?","M","M","?","M","R","BOSS","M","M","$","?","M","R","E","R","T","M","?","?","R","$","R","BOSS"],"items_purchased_type":["Relic","Card","Card","Relic"],"build_version":"2020-12-22","purchased_purges":0,"victory":false,"max_hp_per_floor":[72,72,72,72,72,72,72,72,72,72,72,72,72,72,72,72,72,72,72,72,72,72,72,72,72,72,72,72,72,72,72,72,72,72],"card_choices":[{"not_picked":["Indignation","PathToVictory"],"picked":"Halt","floor":1},{"not_picked":["Pray","CrushJoints"],"picked":"Prostrate","floor":2},{"not_picked":["Prostrate","BowlingBash"],"picked":"Crescendo","floor":3},{"not_picked":["Consecrate","Worship"],"picked":"Meditate","floor":7},{"not_picked":["BowlingBash","CrushJoints"],"picked":"ThirdEye","floor":10},{"not_picked":["SandsOfTime","TalkToTheHand"],"picked":"EmptyMind","floor":11},{"not_picked":["Weave","BowlingBash"],"picked":"DeceiveReality","floor":12},{"not_picked":["BowlingBash","JustLucky"],"picked":"Evaluate","floor":14},{"not_picked":["DevaForm","ConjureBlade"],"picked":"Ragnarok","floor":16},{"not_picked":["PathToVictory","LikeWater","FollowUp"],"picked":"SKIP","floor":18},{"not_picked":["Crescendo","TalkToTheHand"],"picked":"BattleHymn","floor":19},{"not_picked":["Swivel","Wireheading+1"],"picked":"EmptyBody+1","floor":22},{"not_picked":["WaveOfTheHand","Meditate+1"],"picked":"Fasting2","floor":24},{"not_picked":["Crescendo","FlurryOfBlows"],"picked":"Wallop","floor":27},{"not_picked":["Fasting2","CarveReality+1"],"picked":"ReachHeaven+1","floor":29}],"player_experience":831030,"relics_obtained":[{"floor":7,"key":"Art of War"},{"floor":9,"key":"Ancient Tea Set"},{"floor":24,"key":"Matryoshka"},{"floor":26,"key":"Singing Bowl"},{"floor":26,"key":"Bag of Preparation"},{"floor":29,"key":"Red Mask"}],"event_choices":[{"damage_healed":0,"gold_gain":0,"player_choice":"Ignored","damage_taken":0,"max_hp_gain":0,"max_hp_loss":0,"event_name":"Liars Game","floor":4,"gold_loss":0},{"damage_healed":0,"gold_gain":0,"player_choice":"2 cards matched","damage_taken":0,"max_hp_gain":0,"max_hp_loss":0,"event_name":"Match and Keep!","floor":5,"gold_loss":0,"cards_obtained":["CarveReality","Deep Breath"]},{"damage_healed":0,"gold_gain":0,"player_choice":"Grow","damage_taken":0,"max_hp_gain":0,"max_hp_loss":0,"event_name":"Living Wall","floor":13,"gold_loss":0,"cards_upgraded":["Crescendo"]},{"damage_healed":0,"gold_gain":0,"player_choice":"Read","damage_taken":0,"max_hp_gain":0,"max_hp_loss":0,"event_name":"The Library","floor":21,"gold_loss":0,"cards_obtained":["ClearTheMind"]},{"damage_healed":0,"gold_gain":0,"player_choice":"Simplicity","damage_taken":0,"max_hp_gain":0,"max_hp_loss":0,"event_name":"Back to Basics","floor":28,"gold_loss":0,"cards_upgraded":["Strike_P","Strike_P","Strike_P","Strike_P","Defend_P","Defend_P","Defend_P","Defend_P"]},{"damage_healed":0,"gold_gain":0,"player_choice":"Fought Bandits","damage_taken":0,"max_hp_gain":0,"max_hp_loss":0,"event_name":"Masked Bandits","floor":29,"gold_loss":0}],"is_beta":false,"boss_relics":[{"not_picked":["Pandora\u0027s Box","Tiny House"],"picked":"Cursed Key"}],"items_purged_floors":[],"is_endless":false,"potions_floor_spawned":[3,7,12,18,22,27],"killed_by":"Automaton","ascension_level":4}}