{"host":"dl909bjyolgrn2uw","time":1614446764,"event":{"mods":["2.2 Compatiblity","AchievementEnabler","BaseMod","Bestiary","Better Altar","Better Note","Better Sensory Stone","Better Skull","Better Vampires","Colored Powertips","Curses Come First","Downfall","Emptier Cage","Minty Spire (QoL Compilation)","Permanent Neow","Quick Restart","Rare Cards Sparkle","Relic Stats","Shop Mod","Spicy Shops","StSLib","SuperFastMode"],"gold_per_floor":[99,115,127,127,155,155,155,55,96,121,146,168,168,203,231,342,342,342,363,387,400,409,443,493,493,208,246,271,313,313,313,325,437,437,437,466,105,127,139,139,139,167,186,186,222,222,264,285,306,306],"floor_reached":51,"language":"ENG","playtime":3689,"items_purged":["bronze:Strike","bronze:Strike","bronze:Optimize"],"score":955,"play_id":"8104a23c-59a9-428d-a0f5-ce093acd6665","local_time":"20210227112604","is_ascension_mode":true,"campfire_choices":[{"data":"bronze:Goto","floor":1,"key":"SMITH"},{"floor":6,"key":"RECALL"},{"floor":8,"key":"REST"},{"data":"bronze:Repulsor","floor":13,"key":"SMITH"},{"data":"bronze:BronzeOrb","floor":18,"key":"SMITH"},{"data":"bronze:RecursiveStrike","floor":25,"key":"SMITH"},{"data":"bronze:Verify","floor":30,"key":"SMITH"},{"data":"bronze:MaxOutput","floor":35,"key":"SMITH"},{"data":"bronze:Boost","floor":40,"key":"SMITH"},{"data":"bronze:Flail","floor":44,"key":"SMITH"},{"data":"bronze:CloningBeam","floor":46,"key":"SMITH"}],"circlet_count":0,"master_deck":["bronze:Defend","bronze:Defend","bronze:Defend","bronze:Defend","bronze:Replicate","bronze:Goto+1","bronze:Repulsor+1","bronze:WhirlingStrike","bronze:Iterate","bronze:BronzeOrb+1","bronze:Flail+1","bronze:Boost+1","bronze:CloningBeam+1","bronze:Verify+1","bronze:Constructor+1","bronze:FineTuning+1","bronze:Boost","bronze:RecursiveStrike+1","bronze:Safeguard+1","bronze:Overload+1","bronze:CutThrough","bronze:ForceShield+1","bronze:MaxOutput+1","bronze:Overload+1","bronze:AlphaBuild","bronze:ForLoop+1","bronze:ChildClass+1","bronze:Branch+1","bronze:ForceShield+1","bronze:Fortify+1","bronze:Branch+1","bronze:Shell+1"],"relics":["bronze:BronzeCore","CeramicFish","Orichalcum","Bottled Tornado","downfall:HeartBlessingRed","MealTicket","Bottled Lightning","Coffee Dripper","Smiling Mask","Toy Ornithopter","Orrery","Akabeko","Blue Candle","Philosopher\u0027s Stone","PreservedInsect","Shuriken","Chemical X","Vajra","Pocketwatch","bronze:CableSpool","Molten Egg 2"],"acts_visited":["Exordium","TheCity","TheBeyond"],"potions_floor_usage":[16,16,27,33,33,33,50,50,50,50,50],"damage_taken":[{"damage":1,"enemies":"Jaw Worm","floor":2,"turns":4},{"damage":0,"enemies":"Cultist","floor":3,"turns":4},{"damage":0,"enemies":"2 Louse","floor":5,"turns":2},{"damage":8,"enemies":"3 Sentries","floor":9,"turns":5},{"damage":5,"enemies":"Exordium Wildlife","floor":10,"turns":3},{"damage":2,"enemies":"Lots of Slimes","floor":11,"turns":3},{"damage":0,"enemies":"downfall:LooterAlt","floor":12,"turns":1},{"damage":12,"enemies":"Lagavulin","floor":14,"turns":6},{"damage":4,"enemies":"Exordium Thugs","floor":15,"turns":2},{"damage":43,"enemies":"DF_ARCHETYPE_STREAMLINE","floor":16,"turns":8},{"damage":1,"enemies":"Chosen","floor":19,"turns":4},{"damage":0,"enemies":"3 Byrds","floor":20,"turns":3},{"damage":17,"enemies":"Snecko","floor":21,"turns":4},{"damage":22,"enemies":"Book of Stabbing","floor":23,"turns":5},{"damage":0,"enemies":"downfall:FleeingMerchant","floor":26,"turns":4},{"damage":16,"enemies":"Gremlin Leader","floor":27,"turns":5},{"damage":0,"enemies":"Shelled Parasite and Fungi","floor":28,"turns":4},{"damage":6,"enemies":"Book of Stabbing","floor":29,"turns":4},{"damage":2,"enemies":"3 Cultists","floor":32,"turns":5},{"damage":26,"enemies":"IC_MUSHROOM_ARCHETYPE","floor":33,"turns":7},{"damage":0,"enemies":"3 Darklings","floor":36,"turns":3},{"damage":0,"enemies":"downfall:FleeingMerchant","floor":37,"turns":4},{"damage":0,"enemies":"3 Shapes","floor":38,"turns":3},{"damage":0,"enemies":"Spire Growth","floor":39,"turns":3},{"damage":0,"enemies":"Reptomancer","floor":42,"turns":3},{"damage":13,"enemies":"Maw","floor":43,"turns":5},{"damage":0,"enemies":"Giant Head","floor":45,"turns":5},{"damage":0,"enemies":"Reptomancer","floor":47,"turns":4},{"damage":38,"enemies":"Writhing Mass","floor":48,"turns":3},{"damage":0,"enemies":"4 Shapes","floor":49,"turns":1},{"damage":9,"enemies":"SI_POISON_ARCHETYPE","floor":50,"turns":6}],"seed_played":"2793359344785714784","potions_obtained":[{"floor":9,"key":"FairyPotion"},{"floor":11,"key":"ColorlessPotion"},{"floor":14,"key":"FearPotion"},{"floor":16,"key":"SpeedPotion"},{"floor":20,"key":"bronze:FreeFunctionsPotion"},{"floor":27,"key":"DuplicationPotion"},{"floor":29,"key":"bronze:BuildAFunctionPotion"},{"floor":38,"key":"DuplicationPotion"},{"floor":39,"key":"EntropicBrew"}],"is_trial":false,"path_per_floor":["R","M","M","?","M","R","T","R","E","M","M","M","R","E","M","B",null,"R","M","M","M","?","E","T","R","$","E","M","E","R","?","M","B",null,"R","M","?","M","M","R","T","E","M","R","E","R","E","M","M","B",null],"character_chosen":"THE_AUTOMATON","items_purchased":["Orrery","PowerPotion","PreservedInsect","Shuriken","ColorlessPotion","SpeedPotion","Chemical X"],"campfire_rested":1,"item_purchase_floors":[26,26,37,37,37,37,37],"current_hp_per_floor":[70,69,69,36,36,36,36,57,49,44,42,42,42,30,26,5,70,70,69,69,52,52,30,30,30,45,34,34,28,28,28,26,15,70,70,70,70,70,70,70,70,70,57,57,57,57,57,19,19,35],"gold":306,"neow_bonus":"TRANSFORM_CARD","is_daily":false,"chose_seed":false,"campfire_upgraded":9,"win_rate":0.0,"timestamp":1614446764,"path_taken":["R","M","M","?","M","R","T","R","E","?","M","M","R","E","M","BOSS","R","M","?","M","?","E","T","R","?","E","?","E","R","?","M","BOSS","R","M","?","M","M","R","T","E","M","R","E","R","E","M","M","BOSS"],"items_purchased_type":["Relic","Potion","Relic","Relic","Potion","Potion","Relic"],"build_version":"2020-12-22","purchased_purges":3,"victory":true,"max_hp_per_floor":[70,70,70,70,70,70,70,70,70,70,70,70,70,70,70,70,70,70,70,70,70,70,70,70,70,70,70,70,70,70,70,70,70,70,70,70,70,70,70,70,70,70,70,70,70,70,70,70,70,70],"relic_stats":{"counters":[31,123],"Shuriken":[15],"CeramicFish":225,"Blue Candle":[0],"MealTicket":15,"PreservedInsect":243,"Chemical X":[7],"Orichalcum":[114],"Smiling Mask":150,"obtain_stats":[{"bronze:BronzeCore":0,"downfall:HeartBlessingRed":8,"CeramicFish":4,"Blue Candle":29,"Vajra":41,"PreservedInsect":37,"Orichalcum":4,"Bottled Tornado":7,"Smiling Mask":23,"Akabeko":27,"bronze:CableSpool":45,"Shuriken":37,"Orrery":26,"MealTicket":9,"Philosopher\u0027s Stone":34,"Molten Egg 2":47,"Coffee Dripper":17,"Bottled Lightning":14,"Chemical X":37,"Toy Ornithopter":24,"Pocketwatch":42},{"bronze:BronzeCore":0,"downfall:HeartBlessingRed":3,"CeramicFish":2,"Blue Candle":18,"Vajra":24,"PreservedInsect":22,"Orichalcum":2,"Bottled Tornado":3,"Smiling Mask":14,"Akabeko":16,"bronze:CableSpool":27,"Shuriken":22,"Orrery":15,"MealTicket":4,"Philosopher\u0027s Stone":20,"Molten Egg 2":28,"Coffee Dripper":10,"Bottled Lightning":8,"Chemical X":22,"Toy Ornithopter":14,"Pocketwatch":25},{"bronze:BronzeCore":0,"downfall:HeartBlessingRed":10,"CeramicFish":8,"Blue Candle":71,"Vajra":96,"PreservedInsect":90,"Orichalcum":8,"Bottled Tornado":10,"Smiling Mask":54,"Akabeko":63,"bronze:CableSpool":109,"Shuriken":90,"Orrery":58,"MealTicket":15,"Philosopher\u0027s Stone":83,"Molten Egg 2":113,"Coffee Dripper":38,"Bottled Lightning":28,"Chemical X":90,"Toy Ornithopter":54,"Pocketwatch":99}],"Toy Ornithopter":45,"Pocketwatch":[15]},"card_choices":[{"not_picked":["bronze:BuggyMess","bronze:DelayedGuard","bronze:BitShift"],"picked":"SKIP","floor":2},{"not_picked":["bronze:Deprecate","bronze:FineTuning"],"picked":"bronze:WhirlingStrike","floor":3},{"not_picked":["bronze:Fortify","bronze:Shell"],"picked":"bronze:Iterate","floor":5},{"not_picked":["bronze:DelayedSlice","bronze:WildBeam"],"picked":"bronze:BronzeOrb","floor":9},{"not_picked":["bronze:FineTuning","bronze:CutThrough"],"picked":"bronze:Optimize","floor":10},{"not_picked":["bronze:Backtrace","bronze:OilSpill"],"picked":"bronze:Flail","floor":11},{"not_picked":["bronze:Turbo","bronze:BronzeArmor"],"picked":"bronze:Boost","floor":12},{"not_picked":["bronze:BitShift","bronze:DarkDash","bronze:WildBeam"],"picked":"SKIP","floor":14},{"not_picked":["bronze:DelayedGuard","bronze:BuggyMess"],"picked":"bronze:CloningBeam","floor":15},{"not_picked":["bronze:ThunderWave","bronze:ShipIt"],"picked":"bronze:Verify","floor":16},{"not_picked":["bronze:WildBeam+1","bronze:Boost+1"],"picked":"bronze:Constructor+1","floor":19},{"not_picked":["bronze:Allocate","bronze:DelayedSlice"],"picked":"bronze:FineTuning+1","floor":20},{"not_picked":["bronze:Shell","bronze:Deprecate","bronze:Invalidate"],"picked":"SKIP","floor":21},{"not_picked":["bronze:Turbo","bronze:Iterate"],"picked":"bronze:RecursiveStrike","floor":23},{"not_picked":["bronze:DelayedSlice","bronze:SpaghettiCode"],"picked":"bronze:Safeguard+1","floor":26},{"not_picked":["bronze:Overheat","bronze:Invalidate+1"],"picked":"bronze:Overload+1","floor":26},{"not_picked":["bronze:ThunderWave","bronze:Philosophize"],"picked":"bronze:CutThrough","floor":26},{"not_picked":["bronze:Turbo","bronze:BugBarrage"],"picked":"bronze:ForceShield+1","floor":27},{"not_picked":["bronze:Overload","bronze:DelayedGuard"],"picked":"bronze:MaxOutput","floor":28},{"not_picked":["bronze:Overheat+1","bronze:WhirlingStrike+1"],"picked":"bronze:Overload+1","floor":29},{"not_picked":["bronze:Shield","bronze:Overload","bronze:Overheat+1"],"picked":"SKIP","floor":32},{"not_picked":["bronze:Break","bronze:Verify"],"picked":"bronze:AlphaBuild","floor":33},{"not_picked":["bronze:BronzeArmor+1","bronze:CutThrough"],"picked":"bronze:ForLoop+1","floor":36},{"not_picked":["bronze:FineTuning+1","bronze:Fortify+1"],"picked":"bronze:ChildClass+1","floor":37},{"not_picked":["bronze:Shield+1","bronze:WildBeam+1"],"picked":"bronze:Branch+1","floor":38},{"not_picked":["bronze:DarkDash+1","bronze:Separator","bronze:Deprecate+1"],"picked":"SKIP","floor":39},{"not_picked":["bronze:Safeguard+1","bronze:Shield+1","bronze:Deprecate+1"],"picked":"SKIP","floor":42},{"not_picked":["bronze:Allocate","bronze:DelayedSlice","bronze:Boost+1"],"picked":"SKIP","floor":43},{"not_picked":["bronze:ThunderWave","bronze:SpaghettiCode"],"picked":"bronze:ForceShield+1","floor":45},{"not_picked":["bronze:Deprecate","bronze:FineTuning"],"picked":"bronze:Fortify+1","floor":47},{"not_picked":["bronze:WildBeam+1","bronze:FollowUp+1"],"picked":"bronze:Branch+1","floor":48},{"not_picked":["bronze:Branch+1","bronze:Repulsor+1"],"picked":"bronze:Shell+1","floor":49}],"player_experience":584837,"relics_obtained":[{"floor":7,"key":"Bottled Tornado"},{"floor":9,"key":"MealTicket"},{"floor":14,"key":"Bottled Lightning"},{"floor":23,"key":"Smiling Mask"},{"floor":24,"key":"Toy Ornithopter"},{"floor":27,"key":"Akabeko"},{"floor":29,"key":"Blue Candle"},{"floor":41,"key":"Vajra"},{"floor":42,"key":"Pocketwatch"},{"floor":45,"key":"bronze:CableSpool"},{"floor":47,"key":"Molten Egg 2"}],"event_choices":[{"damage_healed":0,"gold_gain":0,"player_choice":"RE RE ","damage_taken":37,"relics_obtained":["CeramicFish","Orichalcum"],"max_hp_gain":0,"max_hp_loss":0,"event_name":"betterSkull:BetterSkull","floor":4,"gold_loss":0,"cards_upgraded":[]}],"is_beta":false,"boss_relics":[{"not_picked":["Runic Dome","Velvet Choker"],"picked":"Coffee Dripper"},{"not_picked":["Astrolabe","Black Star"],"picked":"Philosopher\u0027s Stone"}],"items_purged_floors":[26,26,37],"is_endless":false,"potions_floor_spawned":[9,11,14,15,16,20,27,29,38,39,47,48],"ascension_level":1}}