{"host":"gfxjwtol062e9znw","time":1614396214,"event":{"mods":["BaseMod","Colored Map","Minty Spire (QoL Compilation)","Rare Cards Sparkle","StSLib"],"gold_per_floor":[117,130,130,55,73,73,111,111,159,202,202,215,215,290,290,419,419,442,466,466,466,466],"floor_reached":21,"language":"ENG","playtime":647,"items_purged":["Defend_G"],"score":299,"play_id":"ee24ab25-ff1b-458e-88ed-c037fa325543","local_time":"20210227142334","is_ascension_mode":true,"campfire_choices":[{"floor":6.0,"key":"REST"},{"floor":8.0,"key":"REST"},{"floor":11.0,"key":"REST"},{"data":"Neutralize","floor":13.0,"key":"SMITH"},{"floor":15.0,"key":"REST"}],"circlet_count":0,"master_deck":["AscendersBane","Strike_G","Strike_G","Strike_G","Strike_G","Strike_G","Defend_G","Defend_G","Defend_G","Defend_G","Survivor","Neutralize+1","Deflect","Blade Dance","Deflect","Finisher","Cloak And Dagger","Unload","PiercingWail"],"relics":["Ring of the Snake","NeowsBlessing","Golden Idol","PreservedInsect","Blood Vial","Akabeko","Black Star"],"acts_visited":["Exordium","TheCity"],"potions_floor_usage":[21,21],"damage_taken":[{"damage":0.0,"enemies":"Small Slimes","floor":1.0,"turns":1.0},{"damage":0.0,"enemies":"Jaw Worm","floor":2.0,"turns":1.0},{"damage":0.0,"enemies":"Cultist","floor":5.0,"turns":1.0},{"damage":28.0,"enemies":"3 Sentries","floor":7.0,"turns":10.0},{"damage":23.0,"enemies":"Lagavulin","floor":10.0,"turns":5.0},{"damage":2.0,"enemies":"3 Louse","floor":12.0,"turns":3.0},{"damage":29.0,"enemies":"The Guardian","floor":16.0,"turns":16.0},{"damage":22.0,"enemies":"Shell Parasite","floor":18.0,"turns":8.0},{"damage":11.0,"enemies":"Chosen","floor":19.0,"turns":5.0},{"damage":37,"enemies":"Snecko","floor":21,"turns":4}],"seed_played":"-3733283661053266771","potions_obtained":[{"floor":5.0,"key":"CunningPotion"},{"floor":7.0,"key":"Strength Potion"},{"floor":10.0,"key":"Explosive Potion"},{"floor":12.0,"key":"PowerPotion"},{"floor":16.0,"key":"SpeedPotion"},{"floor":18.0,"key":"FearPotion"}],"is_trial":false,"path_per_floor":["M","M","?","$","M","R","E","R","T","E","R","M","R","?","R","B",null,"M","M","?","M"],"character_chosen":"THE_SILENT","items_purchased":[],"campfire_rested":4,"item_purchase_floors":[],"current_hp_per_floor":[63,63,46,46,46,67,39,60,60,39,60,60,60,49,70,41,63,43,34,28,0,0],"gold":466,"neow_bonus":"THREE_ENEMY_KILL","is_daily":false,"chose_seed":false,"campfire_upgraded":1,"win_rate":0.0,"timestamp":1614396214,"path_taken":["M","M","?","$","M","R","E","R","T","E","R","M","R","?","R","BOSS","M","M","?","?"],"items_purchased_type":[],"build_version":"2020-12-22","purchased_purges":1,"victory":false,"max_hp_per_floor":[70,70,70,70,70,70,70,70,70,70,70,70,70,70,70,70,70,70,70,70,70,70],"card_choices":[{"not_picked":["Blade Dance","Acrobatics"],"picked":"Deflect","floor":1.0},{"not_picked":["Reflex","Backflip"],"picked":"Blade Dance","floor":2.0},{"not_picked":["Blade Dance","Choke"],"picked":"Deflect","floor":5.0},{"not_picked":["Flechettes","Blade Dance","Infinite Blades"],"picked":"SKIP","floor":7.0},{"not_picked":["Quick Slash","Outmaneuver"],"picked":"Finisher","floor":10.0},{"not_picked":["Flying Knee","Finisher"],"picked":"Cloak And Dagger","floor":12.0},{"not_picked":["A Thousand Cuts","Bullet Time"],"picked":"Unload","floor":16.0},{"not_picked":["Choke","Blade Dance"],"picked":"PiercingWail","floor":18.0},{"not_picked":["Poisoned Stab+1","PiercingWail","Backflip"],"picked":"SKIP","floor":19.0}],"player_experience":216800,"relics_obtained":[{"floor":7.0,"key":"PreservedInsect"},{"floor":9.0,"key":"Blood Vial"},{"floor":10.0,"key":"Akabeko"}],"event_choices":[{"damage_healed":0.0,"max_hp_gain":0.0,"max_hp_loss":0.0,"gold_gain":0.0,"event_name":"Golden Idol","player_choice":"Take Damage","floor":3.0,"gold_loss":0.0,"damage_taken":17.0,"relics_obtained":["Golden Idol"]},{"damage_healed":0.0,"max_hp_gain":0.0,"max_hp_loss":0.0,"gold_gain":75.0,"event_name":"World of Goop","player_choice":"Gather Gold","floor":14.0,"gold_loss":0.0,"damage_taken":11.0},{"damage_healed":0.0,"max_hp_gain":0.0,"max_hp_loss":0.0,"gold_gain":0.0,"event_name":"Knowing Skull","player_choice":"","floor":20.0,"potions_obtained":[],"gold_loss":0.0,"damage_taken":6.0,"cards_obtained":[]}],"is_beta":false,"boss_relics":[{"not_picked":["Snecko Eye","Pandora\u0027s Box"],"picked":"Black Star"}],"items_purged_floors":[4],"is_endless":false,"potions_floor_spawned":[5,7,10,12,16,18],"killed_by":"Snecko","ascension_level":12}}