{"host":"gzz35fplm60aw28t","time":1614461710,"event":{"mods":["AchievementEnabler","BaseMod","ChefMod","Colored Powertips","Dark Map","DeckTracker","Minty Spire (QoL Compilation)","StSLib","SuperFastMode"],"gold_per_floor":[117,117,134,134,84,114,114,62,109,136,146,146,163,180,180,277,277,287,297,307,307,307,307],"floor_reached":22,"language":"ENG","playtime":1039,"items_purged":[],"score":254,"play_id":"fa257380-92a4-4443-a421-4382780eb10b","local_time":"20210227223510","is_ascension_mode":true,"campfire_choices":[{"data":"True Grit","floor":7.0,"key":"SMITH"},{"data":"Bash","floor":12.0,"key":"SMITH"},{"data":"Shrug It Off","floor":15.0,"key":"SMITH"}],"circlet_count":0,"master_deck":["Strike_R+1","Strike_R","Strike_R","Strike_R","Strike_R","Defend_R","Defend_R","Defend_R","Bash+1","Clash+1","True Grit+1","Reaper","Shrug It Off+1","Fire Breathing","Clothesline","Disarm","Reaper","Armaments+1","Ghostly Armor","Battle Trance","Burning Pact"],"relics":["Burning Blood","NeowsBlessing","Pen Nib","Meat on the Bone","Nunchaku","Lantern","Black Star"],"acts_visited":["Exordium","TheCity"],"potions_floor_usage":[22],"damage_taken":[{"damage":0.0,"enemies":"2 Louse","floor":1.0,"turns":1.0},{"damage":0.0,"enemies":"Jaw Worm","floor":3.0,"turns":1.0},{"damage":0.0,"enemies":"Gremlin Nob","floor":6.0,"turns":1.0},{"damage":35.0,"enemies":"3 Sentries","floor":10.0,"turns":7.0},{"damage":6.0,"enemies":"Small Slimes","floor":11.0,"turns":4.0},{"damage":0.0,"enemies":"Blue Slaver","floor":13.0,"turns":2.0},{"damage":0.0,"enemies":"Red Slaver","floor":14.0,"turns":3.0},{"damage":13.0,"enemies":"The Guardian","floor":16.0,"turns":11.0},{"damage":0.0,"enemies":"Chosen","floor":18.0,"turns":5.0},{"damage":43.0,"enemies":"Spheric Guardian","floor":19.0,"turns":6.0},{"damage":22.0,"enemies":"Cultist and Chosen","floor":20.0,"turns":6.0},{"damage":85,"enemies":"3 Cultists","floor":22,"turns":6}],"seed_played":"-25926376951087317","potions_obtained":[{"floor":11.0,"key":"ColorlessPotion"},{"floor":13.0,"key":"BlessingOfTheForge"},{"floor":19.0,"key":"ElixirPotion"},{"floor":20.0,"key":"Regen Potion"}],"is_trial":false,"path_per_floor":["M","?","M","?","?","E","R","$","T","E","M","R","M","M","R","B",null,"M","M","M","?","M"],"character_chosen":"IRONCLAD","items_purchased":["Shrug It Off"],"campfire_rested":0,"item_purchase_floors":[8],"current_hp_per_floor":[80,80,80,64,64,70,70,70,70,53,61,61,67,73,73,67,80,80,55,56,56,0,0],"gold":307,"neow_bonus":"THREE_ENEMY_KILL","is_daily":false,"chose_seed":false,"campfire_upgraded":3,"win_rate":0.0,"timestamp":1614461710,"path_taken":["M","?","M","?","?","E","R","?","T","E","?","R","M","M","R","BOSS","M","M","M","?","?"],"items_purchased_type":["Card"],"build_version":"2020-12-22","purchased_purges":0,"victory":false,"max_hp_per_floor":[80,80,80,80,80,80,80,80,80,80,80,80,80,80,80,80,80,80,80,80,80,80,80],"card_choices":[{"not_picked":["Heavy Blade","Rage"],"picked":"Clash","floor":1.0},{"not_picked":["Twin Strike","Whirlwind"],"picked":"True Grit","floor":3.0},{"not_picked":["Uppercut","Clothesline"],"picked":"Reaper","floor":6.0},{"not_picked":["Body Slam","Anger"],"picked":"Fire Breathing","floor":10.0},{"not_picked":["Carnage","Dark Embrace"],"picked":"Clothesline","floor":11.0},{"not_picked":["Cleave","Twin Strike"],"picked":"Disarm","floor":13.0},{"not_picked":["Pommel Strike","Heavy Blade","Pummel"],"picked":"SKIP","floor":14.0},{"not_picked":["Bludgeon","Fiend Fire"],"picked":"Reaper","floor":16.0},{"not_picked":["Iron Wave","Warcry"],"picked":"Armaments+1","floor":18.0},{"not_picked":["Clothesline+1","Carnage"],"picked":"Ghostly Armor","floor":19.0},{"not_picked":["Havoc","Rampage"],"picked":"Battle Trance","floor":20.0}],"player_experience":117301,"relics_obtained":[{"floor":6.0,"key":"Meat on the Bone"},{"floor":9.0,"key":"Nunchaku"},{"floor":10.0,"key":"Lantern"}],"event_choices":[{"damage_healed":0.0,"max_hp_gain":0.0,"max_hp_loss":0.0,"gold_gain":0.0,"event_name":"Big Fish","player_choice":"Box","floor":2.0,"gold_loss":0.0,"damage_taken":0.0,"relics_obtained":["Pen Nib"],"cards_obtained":["Regret"]},{"damage_healed":0.0,"max_hp_gain":0.0,"max_hp_loss":0.0,"gold_gain":0.0,"event_name":"Shining Light","player_choice":"Entered Light","floor":4.0,"gold_loss":0.0,"damage_taken":16.0,"cards_upgraded":["Clash","Strike_R"]},{"cards_removed":["Regret"],"damage_healed":0.0,"max_hp_gain":0.0,"max_hp_loss":0.0,"gold_gain":0.0,"event_name":"The Cleric","player_choice":"Card Removal","floor":5.0,"gold_loss":50.0,"damage_taken":0.0},{"damage_healed":0.0,"max_hp_gain":0.0,"max_hp_loss":0.0,"gold_gain":0.0,"cards_transformed":["Defend_R"],"event_name":"Transmorgrifier","player_choice":"Transformed","floor":21.0,"gold_loss":0.0,"damage_taken":0.0,"cards_obtained":["Burning Pact"]}],"is_beta":false,"boss_relics":[{"not_picked":["Runic Pyramid","Sozu"],"picked":"Black Star"}],"items_purged_floors":[],"is_endless":false,"potions_floor_spawned":[11,13,19,20],"killed_by":"3 Cultists","ascension_level":3}}