{"host":"7qoz5gmva6til3yp","time":1614422094,"event":{"mods":["2.2 Compatiblity","BaseMod","Minty Spire (QoL Compilation)","StSLib","SuperFastMode"],"gold_per_floor":[119,132,151,171,186,186,211,211,211,224,224,237,267,267,267,367,367,367,367,224,224,224],"floor_reached":21,"language":"KOR","playtime":420,"items_purged":["Strike_R"],"score":193,"play_id":"bdbd6181-ac88-4893-9ea3-808a4ce52fc0","local_time":"20210227193454","is_ascension_mode":false,"campfire_choices":[{"data":"Infernal Blade","floor":6,"key":"SMITH"},{"floor":11,"key":"REST"},{"floor":15,"key":"REST"}],"circlet_count":0,"master_deck":["Strike_R","Strike_R","Defend_R","Defend_R","Defend_R","Bash","Thunderclap+1","Bloodletting+1","Dark Embrace+1","Whirlwind","Rupture","Infernal Blade+1","Hemokinesis","Carnage","Second Wind","Corruption","Pommel Strike","Flame Barrier","Burning Pact"],"relics":["Astrolabe","Mango","CaptainsWheel","WingedGreaves","Letter Opener","Ectoplasm"],"acts_visited":["Exordium","TheCity"],"potions_floor_usage":[16],"damage_taken":[{"damage":0,"enemies":"2 Louse","floor":1,"turns":2},{"damage":0,"enemies":"Small Slimes","floor":2,"turns":4},{"damage":1,"enemies":"Cultist","floor":3,"turns":3},{"damage":18,"enemies":"Looter","floor":4,"turns":4},{"damage":15,"enemies":"Blue Slaver","floor":5,"turns":2},{"damage":31,"enemies":"Gremlin Nob","floor":7,"turns":4},{"damage":13,"enemies":"3 Louse","floor":10,"turns":2},{"damage":4,"enemies":"Large Slime","floor":12,"turns":3},{"damage":32,"enemies":"Lagavulin","floor":13,"turns":7},{"damage":24,"enemies":"Slime Boss","floor":16,"turns":6},{"damage":15,"enemies":"Chosen","floor":18,"turns":2},{"damage":10,"enemies":"Spheric Guardian","floor":19,"turns":4}],"seed_played":"6426203622901049851","potions_obtained":[{"floor":2,"key":"Weak Potion"},{"floor":10,"key":"SteroidPotion"},{"floor":12,"key":"Ancient Potion"},{"floor":16,"key":"Fire Potion"}],"is_trial":false,"path_per_floor":["M","M","M","M","M","R","E","?","T","M","R","M","E","?","R","B",null,"M","M","$","?"],"character_chosen":"IRONCLAD","items_purchased":["Burning Pact"],"campfire_rested":2,"item_purchase_floors":[20],"current_hp_per_floor":[80,80,79,61,46,46,29,26,26,13,41,37,5,5,33,9,94,79,69,69,69,69],"gold":224,"neow_bonus":"BOSS_RELIC","is_daily":false,"chose_seed":false,"campfire_upgraded":1,"win_rate":0.0,"timestamp":1614422094,"path_taken":["M","M","M","M","M","R","E","?","T","M","R","M","E","?","R","BOSS","M","?","$","?"],"items_purchased_type":["Card"],"build_version":"2020-12-22","purchased_purges":1,"victory":false,"max_hp_per_floor":[80,80,80,80,80,80,94,94,94,94,94,94,94,94,94,94,94,94,94,94,94,94],"card_choices":[{"not_picked":["Heavy Blade","Cleave","Armaments"],"picked":"SKIP","floor":1},{"not_picked":["Second Wind","Havoc"],"picked":"Whirlwind","floor":2},{"not_picked":["Disarm","Seeing Red"],"picked":"Rupture","floor":3},{"not_picked":["Rampage","Flex"],"picked":"Infernal Blade","floor":4},{"not_picked":["Heavy Blade","True Grit","Wild Strike"],"picked":"SKIP","floor":5},{"not_picked":["Fire Breathing","Anger"],"picked":"Hemokinesis","floor":7},{"not_picked":["Inflame","Searing Blow","Disarm"],"picked":"SKIP","floor":10},{"not_picked":["Seeing Red","Anger"],"picked":"Carnage","floor":12},{"not_picked":["Perfected Strike","Body Slam"],"picked":"Second Wind","floor":13},{"not_picked":["Berserk","Juggernaut"],"picked":"Corruption","floor":16},{"not_picked":["Headbutt","Perfected Strike"],"picked":"Pommel Strike","floor":18},{"not_picked":["Disarm+1","Headbutt"],"picked":"Flame Barrier","floor":19}],"player_experience":506102,"relics_obtained":[{"floor":7,"key":"Mango"},{"floor":9,"key":"WingedGreaves"},{"floor":13,"key":"Letter Opener"}],"event_choices":[{"damage_healed":0,"gold_gain":0,"player_choice":"Success","damage_taken":3,"relics_obtained":["CaptainsWheel"],"max_hp_gain":0,"max_hp_loss":0,"event_name":"Scrap Ooze","floor":8,"gold_loss":0},{"damage_healed":0,"gold_gain":0,"player_choice":"Ignored","damage_taken":0,"max_hp_gain":0,"max_hp_loss":0,"event_name":"NoteForYourself","floor":14,"gold_loss":0}],"is_beta":false,"boss_relics":[{"not_picked":["SacredBark","Fusion Hammer"],"picked":"Ectoplasm"}],"items_purged_floors":[20],"is_endless":false,"potions_floor_spawned":[2,10,12,16,18],"ascension_level":0}}