{"host":"ftbiwowwddq7t5tz","time":1614449690,"event":{"mods":["100% Spire Juice","Act Like it!","Aspiration","BaseMod","Colored Map","Conspire","Hermit","Library of Ruina","Library of Ruina Extra","Lobotomy","LobotomyExtend","Minty Spire (QoL Compilation)","Reliquary","Replay The Spire","Spicy Shops","StSLib","The Blackbeard","The Cursed","The Marked","[GremlinLeader]The Maniac"],"gold_per_floor":[114,39,54,65,65,91,106,106,106,106,119,142,173,197,197,202,202],"floor_reached":16,"language":"ZHS","playtime":684,"items_purged":["hermit:Defend_Hermit"],"score":112,"play_id":"8601a1c0-e20f-44bf-96c2-7c5cd225152c","local_time":"20210228021450","is_ascension_mode":false,"campfire_choices":[{"floor":10,"key":"RECALL"},{"data":"hermit:Showdown","floor":15,"key":"SMITH"}],"circlet_count":0,"master_deck":["hermit:Strike_Hermit","hermit:Strike_Hermit","hermit:Strike_Hermit","hermit:Strike_Hermit","hermit:Defend_Hermit","hermit:Defend_Hermit","hermit:Defend_Hermit","hermit:Snapshot","hermit:Covet","hermit:Showdown+1","hermit:Deadeye","hermit:GoldenBullet","hermit:Scavenge","Amnesia","hermit:FullyLoaded"],"relics":["hermit:Momento","aspiration:Nostalgia","Ring of the Snake","LetterFromLob","PageOfSingingMachine","Pet Ghost","reliquary:SilkGlove"],"acts_visited":["Exordium"],"potions_floor_usage":[13,16,16,16],"damage_taken":[{"damage":1,"enemies":"Cultist","floor":1,"turns":3},{"damage":0,"enemies":"2 Louse","floor":3,"turns":1},{"damage":6,"enemies":"Jaw Worm","floor":4,"turns":3},{"damage":25,"enemies":"Replay:BlueRogue","floor":6,"turns":5},{"damage":19,"enemies":"Exordium Thugs","floor":7,"turns":3},{"damage":7,"enemies":"2 Fungi Beasts","floor":11,"turns":2},{"damage":8,"enemies":"conspire:2 RoseBushes","floor":12,"turns":3},{"damage":8,"enemies":"Gremlin Nob","floor":13,"turns":3},{"damage":54,"enemies":"The Guardian","floor":16,"turns":7}],"seed_played":"4250624890170229362","potions_obtained":[{"floor":1,"key":"Swift Potion"},{"floor":4,"key":"GamblersBrew"},{"floor":11,"key":"Reflective Coating"},{"floor":13,"key":"BlessingOfTheForge"}],"is_trial":false,"path_per_floor":["M","$","M","M","$","E","M","?","T","R","M","M","E","T","R","B"],"character_chosen":"HERMIT","items_purchased":[],"campfire_rested":0,"item_purchase_floors":[],"current_hp_per_floor":[74,74,74,68,68,43,24,75,75,75,68,60,52,52,52,0,0],"gold":202,"neow_bonus":"NOSTALGIA","is_daily":false,"chose_seed":false,"campfire_upgraded":1,"win_rate":0.0,"timestamp":1614449690,"path_taken":["M","$","M","?","?","E","M","?","T","R","?","M","E","?","R","BOSS"],"items_purchased_type":[],"build_version":"2020-12-22","purchased_purges":1,"victory":false,"max_hp_per_floor":[75,75,75,75,75,75,75,75,75,75,75,75,75,75,75,75,75],"card_choices":[{"not_picked":["hermit:Misfire","hermit:Malice"],"picked":"hermit:Showdown","floor":1},{"not_picked":["hermit:HoleUp","hermit:Gestalt"],"picked":"hermit:Deadeye","floor":3},{"not_picked":["hermit:Quickdraw","hermit:Snipe","hermit:Desperado"],"picked":"SKIP","floor":4},{"not_picked":["hermit:Misfire","hermit:TrackingShot"],"picked":"hermit:GoldenBullet","floor":6},{"not_picked":["hermit:Virtue","hermit:LowProfile"],"picked":"hermit:Scavenge","floor":7},{"not_picked":["hermit:Snipe","hermit:Headshot","hermit:WideOpen"],"picked":"SKIP","floor":11},{"not_picked":["hermit:Desperado","hermit:Ricochet","hermit:WideOpen"],"picked":"SKIP","floor":12},{"not_picked":["hermit:LowProfile","hermit:Coalescence"],"picked":"hermit:FullyLoaded","floor":13}],"player_experience":78691,"relics_obtained":[{"floor":1,"key":"LetterFromLob"},{"floor":6,"key":"PageOfSingingMachine"},{"floor":13,"key":"Pet Ghost"},{"floor":14,"key":"reliquary:SilkGlove"}],"event_choices":[],"is_beta":false,"boss_relics":[],"items_purged_floors":[2],"is_endless":false,"potions_floor_spawned":[1,4,11,12,13],"killed_by":"The Guardian","ascension_level":0}}