{"host":"188x3om7sf6mgxv1","time":1614404888,"event":{"mods":["BaseMod","Block Reminder","Minty Spire (QoL Compilation)","Relic Stats","StSLib"],"gold_per_floor":[116,66,66,76,90,165,165,197,250,23,37,71,89,102,102,199,199,218,231,249,249,269,299,299,334,334,368,49,67,67,67,67,168,218,229,229,229,248,72,104,104,132,132,132,143,177,187,220,220,220,220,220,20,52,52,52],"floor_reached":55,"language":"ENG","playtime":2691,"items_purged":["Strike_G","Clumsy","Regret","Neutralize"],"score":1290,"play_id":"c3d00c51-29f9-4958-83f8-d928bd3583d7","local_time":"20210227004808","is_ascension_mode":true,"campfire_choices":[{"data":"Glass Knife","floor":7,"key":"SMITH"},{"data":"Blade Dance","floor":15,"key":"SMITH"},{"data":"Accuracy","floor":24,"key":"SMITH"},{"floor":30,"key":"REST"},{"floor":32,"key":"REST"},{"floor":44,"key":"RECALL"},{"floor":49,"key":"REST"},{"data":"Wraith Form v2","floor":52,"key":"SMITH"}],"circlet_count":0,"master_deck":["Strike_G","Defend_G","Defend_G+1","Defend_G","Defend_G","Defend_G","Survivor","Glass Knife+1","Blur","Venomology","Blade Dance","Blade Dance+1","Deadly Poison","Accuracy+1","Leg Sweep","Leg Sweep","Bouncing Flask","Wraith Form v2+1","Blade Dance","PiercingWail","Calculated Gamble+1","Blade Dance","PiercingWail","Calculated Gamble+1","Blade Dance","Accuracy","Riddle With Holes","Finisher","After Image","Acrobatics+1","Panache","Well Laid Plans","Acrobatics","Footwork+1","Crippling Poison+1","Blade Dance+1","Escape Plan","Night Terror","PiercingWail"],"relics":["Ring of the Snake","Tiny Chest","Akabeko","Prayer Wheel","Cursed Key","Boot","Smiling Mask","Ice Cream","Incense Burner","Ornamental Fan","ClockworkSouvenir","Tiny House","PreservedInsect","Bottled Tornado","Blue Candle","Shuriken","Centennial Puzzle"],"acts_visited":["Exordium","TheCity","TheBeyond","TheEnding"],"potions_floor_usage":[8,8,12,12,13,16,16,22,23,25,25,33,35,40,40,46,46,48,55],"damage_taken":[{"damage":3,"enemies":"2 Louse","floor":1,"turns":3},{"damage":1,"enemies":"Cultist","floor":4,"turns":4},{"damage":0,"enemies":"Small Slimes","floor":5,"turns":3},{"damage":14,"enemies":"Gremlin Nob","floor":8,"turns":5},{"damage":0,"enemies":"2 Fungi Beasts","floor":11,"turns":3},{"damage":12,"enemies":"3 Sentries","floor":12,"turns":7},{"damage":0,"enemies":"3 Louse","floor":13,"turns":1},{"damage":4,"enemies":"Blue Slaver","floor":14,"turns":3},{"damage":5,"enemies":"Slime Boss","floor":16,"turns":8},{"damage":3,"enemies":"2 Thieves","floor":18,"turns":4},{"damage":0,"enemies":"Chosen","floor":19,"turns":4},{"damage":3,"enemies":"Centurion and Healer","floor":20,"turns":6},{"damage":5,"enemies":"Shelled Parasite and Fungi","floor":22,"turns":7},{"damage":4,"enemies":"Book of Stabbing","floor":23,"turns":6},{"damage":21,"enemies":"Gremlin Leader","floor":25,"turns":7},{"damage":13,"enemies":"Book of Stabbing","floor":27,"turns":4},{"damage":0,"enemies":"3 Cultists","floor":29,"turns":6},{"damage":31,"enemies":"Automaton","floor":33,"turns":8},{"damage":2,"enemies":"3 Darklings","floor":35,"turns":6},{"damage":2,"enemies":"3 Shapes","floor":38,"turns":5},{"damage":1,"enemies":"Giant Head","floor":40,"turns":7},{"damage":0,"enemies":"Nemesis","floor":42,"turns":2},{"damage":8,"enemies":"Spire Growth","floor":45,"turns":5},{"damage":13,"enemies":"Reptomancer","floor":46,"turns":3},{"damage":9,"enemies":"Maw","floor":47,"turns":5},{"damage":0,"enemies":"Giant Head","floor":48,"turns":6},{"damage":32,"enemies":"Donu and Deca","floor":50,"turns":8},{"damage":43,"enemies":"Shield and Spear","floor":54,"turns":8},{"damage":35,"enemies":"The Heart","floor":55,"turns":2}],"seed_played":"1965393093438266797","potions_obtained":[{"floor":1,"key":"Dexterity Potion"},{"floor":5,"key":"Weak Potion"},{"floor":11,"key":"Regen Potion"},{"floor":12,"key":"Swift Potion"},{"floor":14,"key":"SkillPotion"},{"floor":18,"key":"Swift Potion"},{"floor":34,"key":"Weak Potion"},{"floor":35,"key":"CunningPotion"},{"floor":40,"key":"SkillPotion"},{"floor":47,"key":"Swift Potion"}],"is_trial":false,"path_per_floor":["M","?","?","M","M","?","R","E","T","$","M","E","M","M","R","B",null,"M","M","M","?","M","E","R","E","T","E","$","M","R","?","R","B",null,"M","?","T","M","$","E","?","E","T","R","M","E","M","E","R","B",null,"R","$","E","B"],"character_chosen":"THE_SILENT","items_purchased":["Accuracy","Leg Sweep","ClockworkSouvenir","Accuracy","Block Potion","Well Laid Plans","Acrobatics","Night Terror"],"campfire_rested":3,"item_purchase_floors":[10,10,28,28,28,39,39,53],"current_hp_per_floor":[60,60,60,59,59,48,48,34,34,34,34,37,37,33,33,28,60,57,57,54,54,49,45,45,24,24,11,11,11,32,32,53,22,63,61,51,51,49,49,57,57,57,57,57,49,36,27,27,49,17,61,61,61,18,0,0],"gold":52,"neow_bonus":"THREE_RARE_CARDS","is_daily":false,"chose_seed":false,"campfire_upgraded":4,"win_rate":0.0,"timestamp":1614404888,"path_taken":["M","?","?","M","?","?","R","E","T","$","M","E","M","M","R","BOSS","M","M","M","?","M","E","R","E","T","E","$","M","R","?","R","BOSS","M","?","?","M","$","E","?","E","T","R","M","E","?","E","R","BOSS","R","$","E","BOSS"],"items_purchased_type":["Card","Card","Relic","Card","Potion","Card","Card","Card"],"build_version":"2020-12-22","purchased_purges":4,"victory":false,"max_hp_per_floor":[70,70,70,70,70,70,70,70,70,70,70,70,70,70,70,70,70,70,70,70,70,70,70,70,70,70,70,70,70,70,70,70,70,75,75,75,75,75,75,75,75,75,75,75,75,75,75,75,75,75,75,75,75,75,75,75],"relic_stats":{"counters":[29,146],"Blue Candle":[0],"PreservedInsect":318,"Cursed Key":2,"Boot":[110],"Smiling Mask":225,"Centennial Puzzle":[0],"Ornamental Fan":[264],"Shuriken":[15],"Tiny Chest":1,"Prayer Wheel":11,"obtain_stats":[{"Ice Cream":25,"Tiny House":34,"Blue Candle":46,"PreservedInsect":40,"Incense Burner":26,"Bottled Tornado":42,"Cursed Key":17,"Boot":21,"Smiling Mask":23,"Akabeko":9,"ClockworkSouvenir":28,"Centennial Puzzle":54,"Ornamental Fan":27,"Shuriken":48,"Tiny Chest":8,"Prayer Wheel":12,"Ring of the Snake":0},{"Ice Cream":15,"Tiny House":18,"Blue Candle":24,"PreservedInsect":21,"Incense Burner":15,"Bottled Tornado":22,"Cursed Key":9,"Boot":12,"Smiling Mask":14,"Akabeko":4,"ClockworkSouvenir":16,"Centennial Puzzle":28,"Ornamental Fan":16,"Shuriken":26,"Tiny Chest":4,"Prayer Wheel":6,"Ring of the Snake":0},{"Ice Cream":71,"Tiny House":89,"Blue Candle":117,"PreservedInsect":107,"Incense Burner":71,"Bottled Tornado":109,"Cursed Key":37,"Boot":51,"Smiling Mask":64,"Akabeko":15,"ClockworkSouvenir":75,"Centennial Puzzle":144,"Ornamental Fan":75,"Shuriken":128,"Tiny Chest":15,"Prayer Wheel":25,"Ring of the Snake":0}],"Ring of the Snake":[58]},"card_choices":[{"not_picked":["Phantasmal Killer","Storm of Steel"],"picked":"Glass Knife","floor":0},{"not_picked":["Expertise","Dodge and Roll"],"picked":"Blur","floor":1},{"not_picked":["Quick Slash","Prepared"],"picked":"Blade Dance","floor":4},{"not_picked":["Deadly Poison","Footwork"],"picked":"Blade Dance","floor":5},{"not_picked":["Dagger Spray","Reflex"],"picked":"Deadly Poison","floor":8},{"not_picked":["Dagger Throw","Endless Agony","Bane"],"picked":"SKIP","floor":11},{"not_picked":["Concentrate","Dagger Spray","Prepared"],"picked":"SKIP","floor":12},{"not_picked":["Bane","Flying Knee"],"picked":"Leg Sweep","floor":13},{"not_picked":["Dagger Throw","Venomology","Quick Slash"],"picked":"SKIP","floor":13},{"not_picked":["Concentrate","Dagger Throw"],"picked":"Bouncing Flask","floor":14},{"not_picked":["Bouncing Flask","Underhanded Strike","Slice"],"picked":"SKIP","floor":14},{"not_picked":["Grand Finale","After Image"],"picked":"Wraith Form v2","floor":16},{"not_picked":["Slice","Deflect"],"picked":"Blade Dance","floor":18},{"not_picked":["Deflect+1","Poisoned Stab"],"picked":"PiercingWail","floor":18},{"not_picked":["Caltrops+1","Deflect"],"picked":"Calculated Gamble+1","floor":19},{"not_picked":["A Thousand Cuts","Cloak And Dagger","Flying Knee"],"picked":"SKIP","floor":19},{"not_picked":["Eviscerate","Caltrops"],"picked":"Blade Dance","floor":20},{"not_picked":["Slice+1","Skewer","Cloak And Dagger"],"picked":"SKIP","floor":20},{"not_picked":["Setup","Deflect"],"picked":"PiercingWail","floor":22},{"not_picked":["Predator","Riddle With Holes+1","Poisoned Stab+1"],"picked":"SKIP","floor":22},{"not_picked":["Quick Slash","Dash"],"picked":"Calculated Gamble+1","floor":23},{"not_picked":["Blur","Eviscerate","Poisoned Stab"],"picked":"SKIP","floor":25},{"not_picked":["Terror","Choke"],"picked":"Blade Dance","floor":27},{"not_picked":["Predator","Cloak And Dagger","Riddle With Holes+1"],"picked":"SKIP","floor":29},{"not_picked":["Bane+1","Predator","Dagger Spray"],"picked":"SKIP","floor":29},{"not_picked":["Glass Knife","Venomology"],"picked":"After Image","floor":33},{"not_picked":["Underhanded Strike+1","Eviscerate"],"picked":"Acrobatics+1","floor":35},{"not_picked":["Slice+1","Leg Sweep+1","Riddle With Holes"],"picked":"SKIP","floor":35},{"not_picked":["Trip","Dramatic Entrance"],"picked":"Panache","floor":36},{"not_picked":["Dagger Spray+1","Sucker Punch+1","Outmaneuver"],"picked":"SKIP","floor":38},{"not_picked":["Bane+1","Deadly Poison+1","Blur"],"picked":"SKIP","floor":38},{"not_picked":["PiercingWail+1","Deflect"],"picked":"Footwork+1","floor":40},{"not_picked":["Bane","Tools of the Trade","Acrobatics+1"],"picked":"SKIP","floor":42},{"not_picked":["Quick Slash+1","Underhanded Strike"],"picked":"Crippling Poison+1","floor":45},{"not_picked":["Underhanded Strike+1","Flechettes+1","Finisher+1"],"picked":"SKIP","floor":45},{"not_picked":["Prepared","Bane+1"],"picked":"Blade Dance+1","floor":46},{"not_picked":["Underhanded Strike","Deadly Poison+1"],"picked":"Escape Plan","floor":47},{"not_picked":["Crippling Poison+1","Poisoned Stab","Cloak And Dagger+1"],"picked":"SKIP","floor":47},{"not_picked":["Riddle With Holes","Slice+1","Quick Slash+1"],"picked":"SKIP","floor":48},{"not_picked":["Dagger Throw","Blur"],"picked":"PiercingWail","floor":54}],"player_experience":106982,"relics_obtained":[{"floor":8,"key":"Tiny Chest"},{"floor":9,"key":"Akabeko"},{"floor":12,"key":"Prayer Wheel"},{"floor":23,"key":"Smiling Mask"},{"floor":25,"key":"Ice Cream"},{"floor":26,"key":"Incense Burner"},{"floor":27,"key":"Ornamental Fan"},{"floor":40,"key":"PreservedInsect"},{"floor":42,"key":"Bottled Tornado"},{"floor":46,"key":"Blue Candle"},{"floor":48,"key":"Shuriken"},{"floor":54,"key":"Centennial Puzzle"}],"event_choices":[{"cards_removed":["Pain"],"damage_healed":0,"gold_gain":0,"player_choice":"Card Removal","damage_taken":0,"max_hp_gain":0,"max_hp_loss":0,"event_name":"The Cleric","floor":2,"gold_loss":50},{"damage_healed":0,"gold_gain":0,"cards_transformed":["Strike_G"],"player_choice":"Transformed","damage_taken":0,"max_hp_gain":0,"max_hp_loss":0,"event_name":"Transmorgrifier","floor":3,"gold_loss":0,"cards_obtained":["Venomology"]},{"damage_healed":0,"gold_gain":75,"player_choice":"Gather Gold","damage_taken":11,"max_hp_gain":0,"max_hp_loss":0,"event_name":"World of Goop","floor":6,"gold_loss":0},{"damage_healed":0,"gold_gain":0,"player_choice":"Opened","damage_taken":0,"relics_obtained":["Boot"],"max_hp_gain":0,"max_hp_loss":0,"event_name":"The Mausoleum","floor":21,"gold_loss":0},{"damage_healed":0,"gold_gain":0,"cards_transformed":["Strike_G","Strike_G"],"player_choice":"Became Test Subject","damage_taken":0,"max_hp_gain":0,"max_hp_loss":0,"event_name":"Drug Dealer","floor":31,"gold_loss":0,"cards_obtained":["Riddle With Holes","Finisher"]},{"damage_healed":0,"gold_gain":0,"player_choice":"Memory 3","damage_taken":10,"max_hp_gain":0,"max_hp_loss":0,"event_name":"SensoryStone","floor":36,"gold_loss":0},{"damage_healed":0,"gold_gain":0,"player_choice":"Bought 0 Potions","damage_taken":0,"max_hp_gain":0,"max_hp_loss":0,"event_name":"The Woman in Blue","floor":41,"gold_loss":0}],"is_beta":false,"boss_relics":[{"not_picked":["WristBlade","Sozu"],"picked":"Cursed Key"},{"not_picked":["Runic Pyramid","Coffee Dripper"],"picked":"Tiny House"}],"items_purged_floors":[10,28,39,53],"is_endless":false,"potions_floor_spawned":[1,5,11,12,14,18,19,22,35,40,42,47],"killed_by":"The Heart","ascension_level":9}}