{"host":"or8fr2mp0k3eluj8","time":1614428459,"event":{"mods":["AchievementEnabler","BaseMod","Colored Map","DeckTracker","Keyboard Shortcuts","Minty Spire (QoL Compilation)","StSLib","SuperFastMode","everything is the same but u backflip on backflip"],"gold_per_floor":[113,125,125,138,63,63,81,81,106,117,132,157,176,76,76,180,180,198,185,60,60,60,60],"floor_reached":22,"language":"KOR","playtime":746,"items_purged":["Strike_R","Strike_R","Strike_R"],"score":235,"play_id":"52c91cb7-6c49-467d-838c-98277219010c","local_time":"20210227212059","is_ascension_mode":true,"campfire_choices":[{"data":"Demon Form","floor":6,"key":"SMITH"},{"floor":15,"key":"REST"}],"circlet_count":0,"master_deck":["Strike_R","Strike_R","Defend_R","Defend_R","Defend_R","Bash","Demon Form+1","Heavy Blade","Cleave","Twin Strike","Flame Barrier","Berserk","Pummel"],"relics":["Burning Blood","Omamori","Red Skull","Calling Bell","Oddly Smooth Stone","Letter Opener","Thread and Needle"],"acts_visited":["Exordium","TheCity"],"potions_floor_usage":[16,16],"damage_taken":[{"damage":18,"enemies":"Jaw Worm","floor":1,"turns":4},{"damage":8,"enemies":"Small Slimes","floor":2,"turns":4},{"damage":6,"enemies":"Cultist","floor":4,"turns":3},{"damage":0,"enemies":"Exordium Wildlife","floor":7,"turns":3},{"damage":18,"enemies":"Red Slaver","floor":10,"turns":4},{"damage":26,"enemies":"Blue Slaver","floor":11,"turns":3},{"damage":13,"enemies":"Lagavulin","floor":12,"turns":6},{"damage":13,"enemies":"Exordium Wildlife","floor":13,"turns":3},{"damage":22,"enemies":"Slime Boss","floor":16,"turns":5},{"damage":27,"enemies":"Chosen","floor":18,"turns":5},{"damage":26,"enemies":"2 Thieves","floor":19,"turns":5},{"damage":28,"enemies":"Cultist and Chosen","floor":22,"turns":5}],"seed_played":"122484564182987987","potions_obtained":[{"floor":4,"key":"AttackPotion"},{"floor":7,"key":"HeartOfIron"},{"floor":16,"key":"BlessingOfTheForge"},{"floor":18,"key":"SteroidPotion"}],"is_trial":false,"path_per_floor":["M","M","?","M","$","R","M","?","T","M","M","E","M","$","R","B",null,"M","M","$","?","M"],"character_chosen":"IRONCLAD","items_purchased":[],"campfire_rested":1,"item_purchase_floors":[],"current_hp_per_floor":[60,58,58,58,58,58,64,64,64,52,32,25,18,18,39,23,60,39,19,19,19,0,0],"gold":60,"neow_bonus":"THREE_RARE_CARDS","is_daily":false,"chose_seed":false,"campfire_upgraded":1,"win_rate":0.0,"timestamp":1614428459,"path_taken":["M","M","?","M","$","R","M","?","T","M","M","E","M","$","R","BOSS","M","?","$","?","?"],"items_purchased_type":[],"build_version":"2020-12-22","purchased_purges":3,"victory":false,"max_hp_per_floor":[72,72,72,72,72,72,72,72,72,72,72,72,72,72,72,72,72,72,72,72,72,72,72],"card_choices":[{"not_picked":["Limit Break","Reaper"],"picked":"Demon Form","floor":0},{"not_picked":["Clothesline","Sentinel"],"picked":"Heavy Blade","floor":1},{"not_picked":["Dark Embrace","Iron Wave","Perfected Strike"],"picked":"SKIP","floor":2},{"not_picked":["Carnage","Warcry"],"picked":"Cleave","floor":4},{"not_picked":["Carnage","Infernal Blade"],"picked":"Twin Strike","floor":7},{"not_picked":["Cleave","Rampage"],"picked":"Flame Barrier","floor":10},{"not_picked":["Dual Wield","Warcry"],"picked":"Berserk","floor":11},{"not_picked":["Inflame","Headbutt","True Grit"],"picked":"SKIP","floor":12},{"not_picked":["Anger","Carnage"],"picked":"Pummel","floor":13},{"not_picked":["Armaments","Rampage","Wild Strike"],"picked":"SKIP","floor":18},{"not_picked":["Clothesline+1","Brutality","Perfected Strike"],"picked":"SKIP","floor":19}],"player_experience":489022,"relics_obtained":[{"floor":9,"key":"Omamori"},{"floor":12,"key":"Red Skull"},{"floor":17,"key":"Oddly Smooth Stone"},{"floor":17,"key":"Letter Opener"},{"floor":17,"key":"Thread and Needle"}],"event_choices":[{"damage_healed":0,"gold_gain":0,"player_choice":"Ignored","damage_taken":0,"max_hp_gain":0,"max_hp_loss":0,"event_name":"Liars Game","floor":3,"gold_loss":0},{"damage_healed":0,"gold_gain":0,"player_choice":"Ignored","damage_taken":0,"max_hp_gain":0,"max_hp_loss":0,"event_name":"NoteForYourself","floor":8,"gold_loss":0},{"cards_removed":["Defend_R"],"damage_healed":0,"gold_gain":0,"player_choice":"Purged","damage_taken":0,"max_hp_gain":0,"max_hp_loss":0,"event_name":"Purifier","floor":21,"gold_loss":0}],"is_beta":false,"boss_relics":[{"not_picked":["Runic Pyramid","Coffee Dripper"],"picked":"Calling Bell"}],"items_purged_floors":[5,14,20],"is_endless":false,"potions_floor_spawned":[4,7,16,18],"killed_by":"Cultist and Chosen","ascension_level":5}}