{"host":"nihqlga4zpmrcpl9","time":1614455114,"event":{"mods":["BaseMod","Downfall","LagranYue(拉格朗・月)","Marisa（F雨　魔理沙）","Minty Spire (QoL Compilation)","Replay The Spire","Shop Mod","StSLib","The Bug Knight","The Cursed","The Hierophant","The Servant 0.9.4"],"gold_per_floor":[99,117,131,142,155,155,155,155,185,199,99,199,4,22,40,40,40,40],"floor_reached":16,"language":"ZHS","playtime":1611,"items_purged":[],"score":104,"play_id":"606feb52-5c37-4954-94c4-01fc703db9d7","local_time":"20210228034514","is_ascension_mode":false,"campfire_choices":[{"data":"Guardian:CurlUp","floor":1,"key":"SMITH"},{"data":"Guardian:EvasiveProtocol","floor":6,"key":"SMITH"},{"data":"Guardian:RevengeProtocol","floor":11,"key":"SMITH"}],"circlet_count":0,"master_deck":["Guardian:Strike_Guardian","Guardian:Strike_Guardian","Guardian:Strike_Guardian","Guardian:Defend_Guardian","Guardian:Defend_Guardian","Guardian:Defend_Guardian","Guardian:Defend_Guardian","Guardian:CurlUp+1","Guardian:TwinSlam","Guardian:EvasiveProtocol+1","Guardian:Recover+1","Guardian:RevengeProtocol+1","Guardian:Gem_Yellow","Guardian:Planning","Guardian:Gem_Cyan","Guardian:RollAttack","Guardian:TimeCapacitor","Guardian:TemporalStrike","Guardian:PiercingHide"],"relics":["Guardian:ModeShifter","LagranYue:RandomDrawCardRelic","Bottled Tornado","Durian","downfall:HeartBlessingGreen","MerchantsRug"],"acts_visited":["Exordium"],"potions_floor_usage":[],"damage_taken":[{"damage":6,"enemies":"2 Louse","floor":2,"turns":2},{"damage":0,"enemies":"Cultist","floor":3,"turns":4},{"damage":0,"enemies":"Small Slimes","floor":4,"turns":4},{"damage":0,"enemies":"Blue Slaver","floor":5,"turns":8},{"damage":25,"enemies":"3 Sentries","floor":9,"turns":19},{"damage":6,"enemies":"Red Slaver","floor":10,"turns":4},{"damage":25,"enemies":"downfall:Heads","floor":12,"turns":6},{"damage":0,"enemies":"downfall:FleeingMerchant","floor":13,"turns":4},{"damage":6,"enemies":"Large Slime","floor":14,"turns":11},{"damage":9,"enemies":"Lots of Slimes","floor":15,"turns":6},{"damage":17,"enemies":"DF_ARCHETYPE_STREAMLINE","floor":16,"turns":9}],"seed_played":"3205027967351467314","potions_obtained":[{"floor":2,"key":"PowerPotion"},{"floor":9,"key":"Fire Potion"},{"floor":10,"key":"Fire Potion"},{"floor":15,"key":"Dexterity Potion"}],"is_trial":false,"path_per_floor":["R","M","M","M","M","R","T","?","E","M","R","?","$","M","M","B"],"character_chosen":"GUARDIAN","items_purchased":["MerchantsRug","Guardian:TimeCapacitor"],"campfire_rested":0,"item_purchase_floors":[13,13],"current_hp_per_floor":[88,82,82,82,82,82,82,82,62,56,56,31,31,25,16,0,0,0],"gold":40,"neow_bonus":"TEN_PERCENT_HP_BONUS","is_daily":false,"chose_seed":false,"campfire_upgraded":3,"win_rate":0.0,"timestamp":1614455114,"path_taken":["R","M","M","M","M","R","T","?","E","?","R","?","$","M","M","BOSS"],"items_purchased_type":["Relic","Card"],"build_version":"2020-12-22","purchased_purges":0,"victory":false,"max_hp_per_floor":[88,88,88,88,88,88,88,88,93,93,93,93,93,93,93,93,93,93],"card_choices":[{"not_picked":["Guardian:Clone","Guardian:Gem_Red"],"picked":"Guardian:Gem_Green","floor":2},{"not_picked":["Guardian:RefractedBeam","Guardian:ShieldCharger"],"picked":"Guardian:EvasiveProtocol","floor":3},{"not_picked":["Guardian:VentSteam","Guardian:Suspension"],"picked":"Guardian:Recover","floor":4},{"not_picked":["Guardian:Gem_Yellow","Guardian:Gem_Red"],"picked":"Guardian:RevengeProtocol","floor":5},{"not_picked":["Guardian:SentryBeam","Guardian:Harden"],"picked":"Guardian:Gem_Yellow","floor":9},{"not_picked":["Guardian:Incinerate","Guardian:MultiBeam"],"picked":"Guardian:Gem_Cyan","floor":10},{"not_picked":["Guardian:VentSteam","Guardian:MultiBeam"],"picked":"Guardian:Gem_Cyan","floor":12},{"not_picked":["Guardian:TimeBomb","Guardian:CrystalBeam"],"picked":"Guardian:RollAttack","floor":13},{"not_picked":["Guardian:FloatingOrbs","Guardian:Emergency"],"picked":"Guardian:TemporalStrike","floor":14},{"not_picked":["Guardian:RollAttack","Guardian:Suspension"],"picked":"Guardian:PiercingHide","floor":15}],"player_experience":923260,"relics_obtained":[{"floor":7,"key":"Bottled Tornado"},{"floor":9,"key":"Durian"}],"event_choices":[{"damage_healed":0,"gold_gain":0,"player_choice":"Ignored","damage_taken":0,"max_hp_gain":0,"max_hp_loss":0,"event_name":"NoteForYourself","floor":8,"gold_loss":0}],"is_beta":false,"boss_relics":[],"items_purged_floors":[],"is_endless":false,"potions_floor_spawned":[2,9,10,15],"killed_by":"DF_ARCHETYPE_STREAMLINE","ascension_level":0}}