{"host":"dbkc9h3etq50r1dq","time":1614457278,"event":{"mods":["100% Spire Juice","AchievementEnabler","BaseMod","Block Reminder","Colored Powertips","Curses Come First","Dark Map","Highlight Path","Keyboard Shortcuts","Minty Spire (QoL Compilation)","Permanent Neow","Potion Indicator Mod","Random Character Button","Rare Cards Sparkle","StSLib","SuperFastMode","Weighted Paths"],"gold_per_floor":[111,111,126,51,63,63,89,89,89,89,103,134,134,177,177,298,298,312,337,237,261,461,461,480,499,499,102,102,137,407,6,6,135,135,159,159,159,159,180,211,211,254,254,254,278,278,312,312,312,312],"floor_reached":51,"language":"ZHS","playtime":2128,"items_purged":["Strike_R","Strike_R","Strike_R","Reaper"],"score":1408,"play_id":"6ac500be-19fe-4ea6-aa85-65b5e2290964","local_time":"20210228042118","is_ascension_mode":true,"campfire_choices":[{"data":"Barricade","floor":6.0,"key":"SMITH"},{"data":"Body Slam","floor":13.0,"key":"SMITH"},{"data":"Body Slam","floor":15.0,"key":"SMITH"},{"data":"Armaments","floor":23.0,"key":"SMITH"},{"data":"Offering","floor":28.0,"key":"SMITH"},{"floor":32.0,"key":"REST"},{"data":"Body Slam","floor":41.0,"key":"SMITH"},{"data":"Warcry","floor":44,"key":"SMITH"},{"data":"Bash","floor":49,"key":"SMITH"}],"circlet_count":0,"master_deck":["Defend_R","Defend_R","Defend_R","Defend_R","Bash+1","Barricade+1","Body Slam+1","Warcry+1","Body Slam+1","Flame Barrier+1","Shrug It Off","Power Through","Offering+1","Armaments+1","Shrug It Off+1","Shrug It Off","Body Slam+1","Entrench+1","Offering"],"relics":["Burning Blood","Eternal Feather","Golden Idol","Torii","Darkstone Periapt","Mummified Hand","Mark of Pain","Ancient Tea Set","Blue Candle","StoneCalendar","Bronze Scales","SlaversCollar","Sundial","Art of War","Ornamental Fan","Bottled Lightning"],"acts_visited":["Exordium","TheCity","TheBeyond"],"potions_floor_usage":[50],"damage_taken":[{"damage":0.0,"enemies":"Small Slimes","floor":1.0,"turns":3.0},{"damage":10.0,"enemies":"Cultist","floor":3.0,"turns":5.0},{"damage":3.0,"enemies":"Jaw Worm","floor":5.0,"turns":4.0},{"damage":27.0,"enemies":"Gremlin Nob","floor":7.0,"turns":5.0},{"damage":0.0,"enemies":"Large Slime","floor":11.0,"turns":8.0},{"damage":2.0,"enemies":"Lagavulin","floor":12.0,"turns":8.0},{"damage":0.0,"enemies":"3 Sentries","floor":14.0,"turns":4.0},{"damage":15.0,"enemies":"Hexaghost","floor":16.0,"turns":8.0},{"damage":7.0,"enemies":"3 Byrds","floor":18.0,"turns":5.0},{"damage":6.0,"enemies":"Shell Parasite","floor":19.0,"turns":4.0},{"damage":6.0,"enemies":"3 Cultists","floor":21.0,"turns":4.0},{"damage":7.0,"enemies":"Cultist and Chosen","floor":24.0,"turns":6.0},{"damage":32.0,"enemies":"Sentry and Sphere","floor":25.0,"turns":11.0},{"damage":17.0,"enemies":"Gremlin Leader","floor":29.0,"turns":8.0},{"damage":6.0,"enemies":"Automaton","floor":33.0,"turns":8.0},{"damage":6.0,"enemies":"3 Shapes","floor":35.0,"turns":3.0},{"damage":6.0,"enemies":"3 Darklings","floor":39.0,"turns":3.0},{"damage":37.0,"enemies":"Reptomancer","floor":40.0,"turns":7.0},{"damage":6,"enemies":"Giant Head","floor":42,"turns":14},{"damage":6,"enemies":"Maw","floor":45,"turns":5},{"damage":6,"enemies":"Reptomancer","floor":47,"turns":2},{"damage":12,"enemies":"Time Eater","floor":50,"turns":5}],"seed_played":"-3480792463576946029","potions_obtained":[{"floor":1.0,"key":"Block Potion"},{"floor":11.0,"key":"Swift Potion"},{"floor":12.0,"key":"EntropicBrew"},{"floor":16.0,"key":"LiquidMemories"},{"floor":18.0,"key":"Fire Potion"},{"floor":19.0,"key":"Strength Potion"},{"floor":24.0,"key":"Ancient Potion"},{"floor":29.0,"key":"Swift Potion"},{"floor":39.0,"key":"BlessingOfTheForge"},{"floor":45,"key":"EssenceOfSteel"}],"is_trial":false,"path_per_floor":["M","?","M","$","M","R","E","?","T","?","M","E","R","E","R","B",null,"M","M","$","M","?","R","M","M","T","$","R","E","?","$","R","B",null,"M","$","$","?","M","E","R","E","T","R","M","?","E","?","R","B",null],"character_chosen":"IRONCLAD","items_purchased":["Blue Candle","Shrug It Off","Bronze Scales","HeartOfIron"],"campfire_rested":1,"item_purchase_floors":[27,27,31,31],"current_hp_per_floor":[78,78,74,74,77,77,56,56,56,56,70,74,74,74,74,65,72,73,74,74,74,74,74,74,48,48,48,57,64,31,31,62,62,71,71,71,71,71,71,40,49,49,49,58,58,58,58,58,67,61],"gold":312,"neow_bonus":"ONE_RANDOM_RARE_CARD","is_daily":false,"chose_seed":false,"campfire_upgraded":8,"win_rate":0.0,"timestamp":1614457278,"path_taken":["M","?","?","$","M","R","E","?","T","?","M","E","R","E","R","BOSS","M","M","$","M","?","R","M","M","T","?","R","E","?","$","R","BOSS","M","?","$","?","?","E","R","E","T","R","M","?","E","?","R","BOSS"],"items_purchased_type":["Relic","Card","Relic","Potion"],"build_version":"2020-12-22","purchased_purges":4,"victory":true,"max_hp_per_floor":[80,80,80,80,80,80,80,74,74,74,74,74,74,74,74,74,74,74,74,74,74,74,74,74,74,74,74,74,74,74,74,74,74,74,74,74,74,74,74,74,74,74,74,74,74,74,74,74,74,74],"card_choices":[{"not_picked":["Fire Breathing","Clothesline"],"picked":"Body Slam","floor":1.0},{"not_picked":["Clothesline","Headbutt","Wild Strike"],"picked":"SKIP","floor":3.0},{"not_picked":["Anger","Pummel"],"picked":"Body Slam","floor":5.0},{"not_picked":["Feel No Pain","Evolve"],"picked":"Reaper","floor":7.0},{"not_picked":["Perfected Strike","Flame Barrier"],"picked":"Shrug It Off","floor":11.0},{"not_picked":["Carnage","Fiend Fire","Sentinel"],"picked":"SKIP","floor":12.0},{"not_picked":["Clash","Body Slam"],"picked":"Power Through","floor":14.0},{"not_picked":["Double Tap","Limit Break"],"picked":"Offering","floor":16.0},{"not_picked":["Iron Wave+1","Searing Blow"],"picked":"Armaments","floor":18.0},{"not_picked":["Warcry","Twin Strike+1"],"picked":"Shrug It Off+1","floor":19.0},{"not_picked":["Heavy Blade","Dark Embrace"],"picked":"Uppercut+1","floor":21.0},{"not_picked":["Heavy Blade","Thunderclap","Inflame+1"],"picked":"SKIP","floor":24.0},{"not_picked":["Searing Blow+1","Clash+1","Infernal Blade"],"picked":"SKIP","floor":25.0},{"not_picked":["Spot Weakness+1","Sever Soul+1","Headbutt"],"picked":"SKIP","floor":29.0},{"not_picked":["Spot Weakness+1","Sever Soul+1","Headbutt"],"picked":"SKIP","floor":29.0},{"not_picked":["Pommel Strike","Shockwave+1","Combust+1"],"picked":"SKIP","floor":35.0},{"not_picked":["Twin Strike+1","Clothesline+1","Power Through"],"picked":"SKIP","floor":39.0},{"not_picked":["Uppercut","Thunderclap"],"picked":"Entrench+1","floor":40.0},{"not_picked":["Armaments","Flame Barrier","Pommel Strike"],"picked":"SKIP","floor":42},{"not_picked":["Clash","Blood for Blood+1","Havoc+1"],"picked":"SKIP","floor":45},{"not_picked":["Disarm","Perfected Strike+1"],"picked":"Offering","floor":47}],"player_experience":217453,"relics_obtained":[{"floor":7.0,"key":"Eternal Feather"},{"floor":9.0,"key":"Torii"},{"floor":12.0,"key":"Darkstone Periapt"},{"floor":14.0,"key":"Mummified Hand"},{"floor":26.0,"key":"Ancient Tea Set"},{"floor":29.0,"key":"StoneCalendar"},{"floor":40.0,"key":"Sundial"},{"floor":42,"key":"Art of War"},{"floor":43,"key":"Ornamental Fan"},{"floor":47,"key":"Bottled Lightning"}],"event_choices":[{"damage_healed":0.0,"max_hp_gain":0.0,"max_hp_loss":0.0,"gold_gain":0.0,"cards_transformed":["Strike_R"],"event_name":"Transmorgrifier","player_choice":"Transformed","floor":2.0,"gold_loss":0.0,"damage_taken":0.0,"cards_obtained":["Warcry"]},{"damage_healed":0.0,"max_hp_gain":0.0,"max_hp_loss":6.0,"gold_gain":0.0,"event_name":"Golden Idol","player_choice":"Lose Max HP","floor":8.0,"gold_loss":0.0,"damage_taken":0.0,"relics_obtained":["Golden Idol"]},{"damage_healed":0.0,"max_hp_gain":0.0,"max_hp_loss":0.0,"gold_gain":0.0,"cards_transformed":["Strike_R"],"event_name":"Transmorgrifier","player_choice":"Transformed","floor":10.0,"gold_loss":0.0,"damage_taken":0.0,"cards_obtained":["Flame Barrier"]},{"damage_healed":0.0,"max_hp_gain":0.0,"max_hp_loss":0.0,"gold_gain":200.0,"event_name":"Wheel of Change","player_choice":"Gold","floor":22.0,"gold_loss":0.0,"damage_taken":0.0},{"damage_healed":0.0,"max_hp_gain":0.0,"max_hp_loss":0.0,"gold_gain":270.0,"event_name":"Knowing Skull","player_choice":"GOLD GOLD GOLD POTION ","floor":30.0,"potions_obtained":["Energy Potion"],"gold_loss":0.0,"damage_taken":33.0,"cards_obtained":[]},{"damage_healed":0.0,"max_hp_gain":0.0,"max_hp_loss":0.0,"gold_gain":0.0,"event_name":"Match and Keep!","player_choice":"1 cards matched","floor":38.0,"gold_loss":0.0,"damage_taken":0.0,"cards_obtained":["Body Slam"]},{"cards_removed":["Uppercut"],"damage_healed":0,"gold_gain":0,"player_choice":"Removed Attack","damage_taken":0,"max_hp_gain":0,"max_hp_loss":0,"event_name":"Falling","floor":46,"gold_loss":0},{"damage_healed":0,"gold_gain":0,"player_choice":"Forge","damage_taken":0,"max_hp_gain":0,"max_hp_loss":0,"event_name":"Accursed Blacksmith","floor":48,"gold_loss":0,"cards_upgraded":["Flame Barrier"]}],"is_beta":false,"boss_relics":[{"not_picked":["Runic Cube","Philosopher\u0027s Stone"],"picked":"Mark of Pain"},{"not_picked":["Snecko Eye","Runic Dome"],"picked":"SlaversCollar"}],"items_purged_floors":[4,20,27,31],"is_endless":false,"potions_floor_spawned":[1,11,12,16,18,19,24,29,39,45],"ascension_level":9}}