{"host":"yunadyb0795wtij7","time":1614414817,"event":{"mods":["BaseMod","Downfall","Minty Spire (QoL Compilation)","StSLib","[IsaacMod]ÒÔÈö¼âËþ"],"gold_per_floor":[99,110,153,213,228,270,270,270,307,318,345,383,383,383,383],"floor_reached":13,"language":"ZHS","playtime":3330,"items_purged":[],"score":89,"play_id":"e28937b8-1d1b-415a-9d37-653034153c11","local_time":"20210227163337","is_ascension_mode":false,"campfire_choices":[{"data":"BettingIsNotGood","floor":1,"key":"SMITH"}],"circlet_count":0,"master_deck":["Slimebound:Strike_Slimebound","Slimebound:Strike_Slimebound","Slimebound:Strike_Slimebound","Slimebound:Tackle","Slimebound:Defend_Slimebound","Slimebound:Defend_Slimebound+1","Slimebound:Defend_Slimebound","Slimebound:Defend_Slimebound","Slimebound:Split","Slimebound:CorrosiveSpit","BettingIsNotGood+1","Slimebound:Recollect","Slimebound:SplitBruiser+1","Slimebound:Grow+1","downfall:Malfunctioning","Slimebound:LeechLife","Slimebound:SplitLeeching","Slimebound:LevelUp"],"relics":["Slimebound:AbsorbEndCombat","HushsDoor","Leech","CaptainsWheel","Matryoshka","SatanicBible"],"acts_visited":["Exordium"],"potions_floor_usage":[],"damage_taken":[{"damage":5,"enemies":"2 Louse","floor":2,"turns":2},{"damage":8,"enemies":"Jaw Worm","floor":3,"turns":3},{"damage":37,"enemies":"Gremlin Nob","floor":4,"turns":5},{"damage":7,"enemies":"Cultist","floor":5,"turns":3},{"damage":17,"enemies":"Large Slime","floor":6,"turns":5},{"damage":33,"enemies":"Exordium Wildlife","floor":9,"turns":4},{"damage":12,"enemies":"Blue Slaver","floor":10,"turns":4},{"damage":18,"enemies":"3 Sentries","floor":11,"turns":3},{"damage":13,"enemies":"downfall:LooterAlt","floor":12,"turns":3},{"damage":21,"enemies":"Gremlin Nob","floor":13,"turns":2}],"seed_played":"7492403959698701372","potions_obtained":[{"floor":2,"key":"EssenceOfSteel"},{"floor":4,"key":"Slimebound:ThreeZeroPotion"},{"floor":9,"key":"Slimebound:SpawnSlimePotion"}],"is_trial":false,"path_per_floor":["R","M","M","?","M","M","T","?","M","M","E","M","E"],"character_chosen":"SLIMEBOUND","items_purchased":[],"campfire_rested":0,"item_purchase_floors":[],"current_hp_per_floor":[71,66,71,53,60,53,53,53,25,34,20,11,0,0,0],"gold":383,"neow_bonus":"TEN_PERCENT_HP_BONUS","is_daily":false,"chose_seed":false,"campfire_upgraded":1,"win_rate":0.0,"timestamp":1614414817,"path_taken":["R","M","M","?","M","?","T","?","M","M","E","M","E"],"items_purchased_type":[],"build_version":"2020-12-22","purchased_purges":0,"victory":false,"max_hp_per_floor":[71,71,71,71,71,71,71,71,71,71,71,71,71,71,71],"card_choices":[{"not_picked":[],"picked":"BettingIsNotGood","floor":0},{"not_picked":["Slimebound:RejuvenatingLick","Slimebound:LeechingTouch","Slimebound:FlameTackle"],"picked":"SKIP","floor":2},{"not_picked":["Slimebound:SpikyOuterGoop","Slimebound:FinishingTackle"],"picked":"Slimebound:Recollect","floor":3},{"not_picked":["Slimebound:ProtectTheBoss","Slimebound:LivingWall"],"picked":"Slimebound:SplitBruiser","floor":4},{"not_picked":["Slimebound:LeechingTouch","Slimebound:SlimeSpikes","Slimebound:RollThrough"],"picked":"SKIP","floor":5},{"not_picked":["Slimebound:PressTheAttack","Slimebound:ItLooksTasty"],"picked":"Slimebound:Grow","floor":6},{"not_picked":["Slimebound:SlimeSpikes","Slimebound:SplitAcid"],"picked":"Slimebound:LeechLife","floor":9},{"not_picked":["Slimebound:RainOfGoop","Slimebound:LeechingTouch","Slimebound:BestDefense"],"picked":"SKIP","floor":10},{"not_picked":["Slimebound:Prepare","Slimebound:Schlurp"],"picked":"Slimebound:SplitLeeching","floor":11},{"not_picked":["Slimebound:LeadByExample","Slimebound:Dissolve"],"picked":"Slimebound:LevelUp","floor":12}],"player_experience":1036,"relics_obtained":[{"floor":7,"key":"Matryoshka"},{"floor":11,"key":"SatanicBible"}],"event_choices":[],"is_beta":false,"boss_relics":[],"items_purged_floors":[],"is_endless":false,"potions_floor_spawned":[2,4,9,11],"killed_by":"Gremlin Nob","ascension_level":0}}