{"host":"8is2j71l4wmybkoi","time":1614432794,"event":{"mods":["AchievementEnabler","BaseMod","Colored Map","DeckTracker","Minty Spire (QoL Compilation)","Rare Cards Sparkle","Relic Stats","StSLib","SuperFastMode"],"gold_per_floor":[115,115,115,132,148,148,161,161,161,161,193,93,93,107,107,182,182,199,199,249,19,109,139,139,152,152,166,177,177,193,203,203,277,277,288,288,288,298,198,198,198],"floor_reached":40,"language":"KOR","playtime":1355,"items_purged":["Strike_G","Strike_G"],"score":711,"play_id":"035ca33f-15b8-4163-a48d-29a17f86f927","local_time":"20210227223314","is_ascension_mode":true,"campfire_choices":[{"data":"Neutralize","floor":6.0,"key":"SMITH"},{"data":"Calculated Gamble","floor":8.0,"key":"SMITH"},{"data":"Flying Knee","floor":10.0,"key":"SMITH"},{"data":"Acrobatics","floor":13,"key":"SMITH"},{"data":"Outmaneuver","floor":15,"key":"SMITH"},{"floor":24,"key":"REST"},{"floor":32,"key":"REST"}],"circlet_count":0,"master_deck":["AscendersBane","Strike_G+1","Strike_G+1","Defend_G","Defend_G","Survivor","Neutralize+1","Flying Knee+1","Calculated Gamble+1","Backstab","Acrobatics+1","Underhanded Strike","Outmaneuver+1","Corpse Explosion","Dagger Throw","Necronomicurse","Backflip+1","Grand Finale","Prepared+1","PiercingWail+1"],"relics":["Ring of the Snake","Pantograph","White Beast Statue","Pen Nib","Empty Cage","Necronomicon","TheAbacus","Whetstone","Mummified Hand","Runic Pyramid"],"acts_visited":["Exordium","TheCity","TheBeyond"],"potions_floor_usage":[11,16,16,18,23,23,25,25,25,30,33,33,33,40,40],"damage_taken":[{"damage":2.0,"enemies":"2 Louse","floor":1.0,"turns":3.0},{"damage":2.0,"enemies":"Cultist","floor":4.0,"turns":4.0},{"damage":0.0,"enemies":"Small Slimes","floor":5.0,"turns":3.0},{"damage":0.0,"enemies":"Looter","floor":7.0,"turns":3.0},{"damage":25,"enemies":"Lagavulin","floor":11,"turns":4},{"damage":3,"enemies":"Lots of Slimes","floor":14,"turns":3},{"damage":18,"enemies":"Slime Boss","floor":16,"turns":8},{"damage":4,"enemies":"Shell Parasite","floor":18,"turns":5},{"damage":18,"enemies":"Book of Stabbing","floor":23,"turns":4},{"damage":6,"enemies":"3 Byrds","floor":25,"turns":3},{"damage":0,"enemies":"Cultist and Chosen","floor":27,"turns":3},{"damage":10,"enemies":"Sentry and Sphere","floor":28,"turns":4},{"damage":4,"enemies":"Shelled Parasite and Fungi","floor":30,"turns":3},{"damage":0,"enemies":"Snake Plant","floor":31,"turns":2},{"damage":44,"enemies":"Automaton","floor":33,"turns":9},{"damage":0,"enemies":"3 Darklings","floor":35,"turns":1},{"damage":1,"enemies":"Orb Walker","floor":38,"turns":3},{"damage":64,"enemies":"Giant Head","floor":40,"turns":9}],"seed_played":"3757181347783726121","potions_obtained":[{"floor":4.0,"key":"AttackPotion"},{"floor":7.0,"key":"Strength Potion"},{"floor":11,"key":"FearPotion"},{"floor":16,"key":"EssenceOfSteel"},{"floor":18,"key":"LiquidMemories"},{"floor":23,"key":"EntropicBrew"},{"floor":25,"key":"Strength Potion"},{"floor":27,"key":"BlessingOfTheForge"},{"floor":28,"key":"ColorlessPotion"},{"floor":30,"key":"AttackPotion"},{"floor":31,"key":"DistilledChaos"},{"floor":33,"key":"Fruit Juice"},{"floor":35,"key":"SpeedPotion"},{"floor":38,"key":"Energy Potion"}],"is_trial":false,"path_per_floor":["M","?","?","M","M","R","M","R","T","R","E","$","R","M","R","B",null,"M","?","?","$","?","E","R","M","T","M","M","?","M","M","R","B",null,"M","?","?","M","$","E"],"character_chosen":"THE_SILENT","items_purchased":["Underhanded Strike","TheAbacus","CunningPotion"],"campfire_rested":2,"item_purchase_floors":[12,21,21],"current_hp_per_floor":[57,57,57,55,55,55,55,55,55,55,30,30,30,27,27,34,58,54,33,33,33,21,3,22,28,28,28,18,18,14,14,33,19,58,58,58,58,57,57,0,0],"gold":198,"neow_bonus":"REMOVE_CARD","is_daily":false,"chose_seed":false,"campfire_upgraded":5,"win_rate":0.0,"timestamp":1614432794,"path_taken":["M","?","?","?","M","R","M","R","T","R","E","$","R","M","R","BOSS","M","?","?","$","?","E","R","M","T","M","?","?","M","?","R","BOSS","M","?","?","?","?","E"],"items_purchased_type":["Card","Relic","Potion"],"build_version":"2020-12-22","purchased_purges":2,"victory":false,"max_hp_per_floor":[66,66,66,66,66,66,66,66,66,66,66,66,66,66,66,66,66,66,66,66,66,66,66,66,66,66,66,66,66,66,66,66,71,71,71,71,71,71,71,71,71],"relic_stats":{"TheAbacus":[144],"counters":[18,74],"Mummified Hand":[0],"Pantograph":50,"Pen Nib":[18],"Necronomicon":[23],"Whetstone":["Strike_G","Strike_G"],"obtain_stats":[{"TheAbacus":21,"Mummified Hand":26,"Pantograph":3,"Pen Nib":11,"Necronomicon":19,"Whetstone":23,"Empty Cage":17,"White Beast Statue":9,"Ring of the Snake":0,"Runic Pyramid":34},{"TheAbacus":8,"Mummified Hand":10,"Pantograph":1,"Pen Nib":5,"Necronomicon":8,"Whetstone":9,"Empty Cage":7,"White Beast Statue":4,"Ring of the Snake":0,"Runic Pyramid":15},{"TheAbacus":33,"Mummified Hand":40,"Pantograph":3,"Pen Nib":17,"Necronomicon":33,"Whetstone":37,"Empty Cage":28,"White Beast Statue":13,"Ring of the Snake":0,"Runic Pyramid":61}],"Ring of the Snake":[36]},"card_choices":[{"not_picked":["Poisoned Stab","Flying Knee"],"picked":"Backflip","floor":1.0},{"not_picked":["Setup","Quick Slash"],"picked":"Flying Knee","floor":4.0},{"not_picked":["Crippling Poison","Expertise"],"picked":"Calculated Gamble","floor":5.0},{"not_picked":["Concentrate","Prepared"],"picked":"Backstab","floor":7.0},{"not_picked":["Dodge and Roll","Deflect"],"picked":"Acrobatics","floor":11},{"not_picked":["Blade Dance","Endless Agony"],"picked":"Outmaneuver","floor":14},{"not_picked":["Envenom","Glass Knife"],"picked":"Corpse Explosion","floor":16},{"not_picked":["Bane","Dagger Spray"],"picked":"Dagger Throw","floor":18},{"not_picked":["Dash","Sucker Punch+1","Catalyst"],"picked":"SKIP","floor":23},{"not_picked":["Quick Slash","PiercingWail"],"picked":"Backflip","floor":25},{"not_picked":["Leg Sweep","Sucker Punch","Quick Slash"],"picked":"SKIP","floor":27},{"not_picked":["Underhanded Strike+1","Blade Dance"],"picked":"Grand Finale","floor":28},{"not_picked":["Poisoned Stab","Flechettes"],"picked":"Prepared","floor":30},{"not_picked":["Terror","Heel Hook","Skewer+1"],"picked":"SKIP","floor":31},{"not_picked":["Dagger Throw","Underhanded Strike","Deflect"],"picked":"SKIP","floor":35},{"not_picked":["Cloak And Dagger","Quick Slash"],"picked":"PiercingWail+1","floor":38}],"player_experience":1360088,"relics_obtained":[{"floor":9.0,"key":"White Beast Statue"},{"floor":11,"key":"Pen Nib"},{"floor":19,"key":"Necronomicon"},{"floor":23,"key":"Whetstone"},{"floor":26,"key":"Mummified Hand"}],"event_choices":[{"cards_removed":["Defend_G"],"damage_healed":0.0,"max_hp_gain":0.0,"max_hp_loss":0.0,"gold_gain":0.0,"event_name":"Living Wall","player_choice":"Forget","floor":2.0,"gold_loss":0.0,"damage_taken":0.0},{"cards_removed":["Backflip"],"damage_healed":0.0,"max_hp_gain":0.0,"max_hp_loss":0.0,"gold_gain":0.0,"event_name":"WeMeetAgain","player_choice":"Gave Card","floor":3.0,"gold_loss":0.0,"damage_taken":0.0,"relics_obtained":["Pantograph"]},{"damage_healed":0,"gold_gain":0,"player_choice":"Obtained Book","damage_taken":21,"max_hp_gain":0,"max_hp_loss":0,"event_name":"Cursed Tome","floor":19,"gold_loss":0},{"damage_healed":0,"gold_gain":50,"player_choice":"Stole From Cult","damage_taken":0,"max_hp_gain":0,"max_hp_loss":0,"event_name":"Nest","floor":20,"gold_loss":0},{"damage_healed":0,"gold_gain":90,"player_choice":"GOLD ","damage_taken":12,"max_hp_gain":0,"max_hp_loss":0,"event_name":"Knowing Skull","floor":22,"potions_obtained":[],"gold_loss":0,"cards_obtained":[]},{"damage_healed":0,"gold_gain":0,"player_choice":"Forge","damage_taken":0,"max_hp_gain":0,"max_hp_loss":0,"event_name":"Accursed Blacksmith","floor":29,"gold_loss":0,"cards_upgraded":["Backflip"]},{"damage_healed":0,"gold_gain":0,"player_choice":"Ignored","damage_taken":0,"max_hp_gain":0,"max_hp_loss":0,"event_name":"Tomb of Lord Red Mask","floor":36,"gold_loss":0},{"damage_healed":0,"gold_gain":0,"player_choice":"Upgraded","damage_taken":0,"max_hp_gain":0,"max_hp_loss":0,"event_name":"Upgrade Shrine","floor":37,"gold_loss":0,"cards_upgraded":["Prepared"]}],"is_beta":false,"boss_relics":[{"not_picked":["Fusion Hammer","Ring of the Serpent"],"picked":"Empty Cage"},{"not_picked":["Astrolabe","SlaversCollar"],"picked":"Runic Pyramid"}],"items_purged_floors":[12,39],"is_endless":false,"potions_floor_spawned":[4,7,11,14,16,18,23,25,27,28,30,31,33,35,38],"killed_by":"Giant Head","ascension_level":15}}