{"host":"2rbn7ywmirq5y689","time":1614444030,"event":{"mods":["BaseMod","Bestiary","Colored Map","Colored Powertips","Highlight Path","Minty Spire (QoL Compilation)","Rare Cards Sparkle","Relic Stats","StSLib"],"gold_per_floor":[117,133,144,155,175,175,175,175],"floor_reached":7,"language":"ENG","playtime":457,"items_purged":[],"score":54,"play_id":"516c75cf-0d1a-4559-8e16-20b0f42fd051","local_time":"20210228004030","is_ascension_mode":true,"campfire_choices":[{"data":"Sword Boomerang","floor":6.0,"key":"SMITH"}],"circlet_count":0,"master_deck":["Strike_R","Strike_R","Strike_R","Strike_R","Strike_R","Defend_R","Defend_R","Defend_R","Defend_R","Bash","Impervious","Sword Boomerang+1","Dropkick","Shrug It Off","Corruption"],"relics":["Burning Blood"],"acts_visited":["Exordium"],"potions_floor_usage":[],"damage_taken":[{"damage":8.0,"enemies":"2 Louse","floor":1.0,"turns":4.0},{"damage":0.0,"enemies":"Small Slimes","floor":2.0,"turns":4.0},{"damage":15.0,"enemies":"Cultist","floor":3.0,"turns":5.0},{"damage":11.0,"enemies":"Large Slime","floor":4.0,"turns":6.0},{"damage":13.0,"enemies":"Red Slaver","floor":5.0,"turns":6.0},{"damage":67,"enemies":"3 Sentries","floor":7,"turns":7}],"seed_played":"5080615135902499630","potions_obtained":[{"floor":1.0,"key":"ElixirPotion"},{"floor":2.0,"key":"Strength Potion"},{"floor":3.0,"key":"DistilledChaos"}],"is_trial":false,"path_per_floor":["M","M","M","M","M","R","E"],"character_chosen":"IRONCLAD","items_purchased":[],"campfire_rested":0,"item_purchase_floors":[],"current_hp_per_floor":[78,80,71,66,59,59,0,0],"gold":175,"neow_bonus":"ONE_RANDOM_RARE_CARD","is_daily":false,"chose_seed":false,"campfire_upgraded":1,"win_rate":0.0,"timestamp":1614444030,"path_taken":["M","M","M","M","M","R","E"],"items_purchased_type":[],"build_version":"2020-12-22","purchased_purges":0,"victory":false,"max_hp_per_floor":[80,80,80,80,80,80,80,80],"relic_stats":{"counters":[6,32],"obtain_stats":[{"Burning Blood":0},{"Burning Blood":0},{"Burning Blood":0}],"Burning Blood":26},"card_choices":[{"not_picked":["Pummel","Rampage"],"picked":"Sword Boomerang","floor":1.0},{"not_picked":["Headbutt","Intimidate","Warcry"],"picked":"SKIP","floor":2.0},{"not_picked":["Wild Strike","Sentinel"],"picked":"Dropkick","floor":3.0},{"not_picked":["Anger","Sword Boomerang"],"picked":"Shrug It Off","floor":4.0},{"not_picked":["Warcry","Pommel Strike"],"picked":"Corruption","floor":5.0}],"player_experience":237571,"relics_obtained":[],"event_choices":[],"is_beta":false,"boss_relics":[],"items_purged_floors":[],"is_endless":false,"potions_floor_spawned":[1,2,3],"killed_by":"3 Sentries","ascension_level":4}}