{"host":"h1u6xqmj9cu6hxuk","time":1614446562,"event":{"mods":["BaseMod","BetterRewards","Downfall","Duelist Mod","Hermit","Hubris","Marisa????????","Minty Spire (QoL Compilation)","StSLib","The Animator","The Bug Knight","The Cursed","The Disciple","The Mystic","The Runesmith","The Senshi","The Servant 0.9.4","The Wild Card"],"gold_per_floor":[116,133,58,71,71,71,71,90,113,142,142,153,153,172,172,270,270,290,310,329,429,449,477,487,487,487,515,226,253,271,281,281,402,402,413,413,428,442,456,456,473,473,473,484,496,496,506,46,46,46,46],"floor_reached":50,"language":"ENG","playtime":6968,"items_purged":["HollowMod:QuickDashStart","Injury","HollowMod:BrokenVessel"],"score":517,"play_id":"4db3110c-4021-4b10-8f12-53fa8c76727a","local_time":"20210227122242","is_ascension_mode":false,"campfire_choices":[{"data":"1","floor":7.0,"key":"LIFT"},{"data":"2","floor":11.0,"key":"LIFT"},{"floor":15.0,"key":"REST"},{"floor":25,"key":"REST"},{"data":"Magnetism","floor":32,"key":"SMITH"},{"data":"HollowMod:SlysStrikes","floor":40,"key":"SMITH"},{"floor":42,"key":"RECALL"},{"floor":49,"key":"REST"}],"circlet_count":0,"master_deck":["HollowMod:NailStrikeStart","HollowMod:NailStrikeStart","HollowMod:QuickDashStart","HollowMod:QuickDashStart","HollowMod:QuickDashStart","HollowMod:FocusHealStart","HollowMod:PogoStrike","HollowMod:FastStrike","HollowMod:VengefulVoid","HollowMod:Grubsong+1","HollowMod:HowlingWraiths","HollowMod:DashSlash+1","HollowMod:MantisMark","HollowMod:InfectionAssault","HollowMod:SlysStrikes+1","HollowMod:LifebloodCocoon+1","HollowMod:TaintedHusks","HollowMod:RecoilStrike","HollowMod:SoulEater","HollowMod:SoulStrike","HollowMod:BlackTendrils+1","Magnetism+1","HollowMod:NewLittleFool","HollowMod:Weaversong","HollowMod:MantisMark+1","HollowMod:ShapeofUnn+1","HollowMod:RecoilStrike+1","Parasite","HollowMod:SoulMaster","HollowMod:HornetsHelp"],"relics":["HollowMod:VesselMask","HandDrill","Girya","Potion Belt","Happy Flower","hubris:Spice","Cursed Key","Red Mask","Velvet Choker","Bag of Marbles","Kunai"],"acts_visited":["Exordium","TheCity","TheBeyond"],"potions_floor_usage":[27,30,31,33,50,50,50,50],"damage_taken":[{"damage":0.0,"enemies":"2 Louse","floor":1.0,"turns":2.0},{"damage":2.0,"enemies":"Small Slimes","floor":2.0,"turns":5.0},{"damage":1.0,"enemies":"Cultist","floor":4.0,"turns":3.0},{"damage":15.0,"enemies":"Exordium Thugs","floor":8.0,"turns":5.0},{"damage":17.0,"enemies":"Gremlin Nob","floor":10.0,"turns":3.0},{"damage":9.0,"enemies":"Lots of Slimes","floor":12.0,"turns":3.0},{"damage":0.0,"enemies":"Looter","floor":14.0,"turns":2.0},{"damage":44.0,"enemies":"HollowMod:FalseKnight","floor":16.0,"turns":7.0},{"damage":0,"enemies":"3 Byrds","floor":18,"turns":3},{"damage":6,"enemies":"Shell Parasite","floor":19,"turns":2},{"damage":5,"enemies":"Sentry and Sphere","floor":20,"turns":3},{"damage":23,"enemies":"Centurion and Healer","floor":22,"turns":3},{"damage":23,"enemies":"Slavers","floor":23,"turns":3},{"damage":16,"enemies":"Snake Plant","floor":24,"turns":3},{"damage":0,"enemies":"Masked Bandits","floor":27,"turns":2},{"damage":0,"enemies":"theDuelist:KaibaA2","floor":29,"turns":2},{"damage":1,"enemies":"Shelled Parasite and Fungi","floor":30,"turns":4},{"damage":14,"enemies":"Sentry and Sphere","floor":31,"turns":4},{"damage":20,"enemies":"hubris:MusketHawk","floor":33,"turns":6},{"damage":8,"enemies":"3 Shapes","floor":35,"turns":3},{"damage":4,"enemies":"3 Darklings","floor":37,"turns":4},{"damage":4,"enemies":"Writhing Mass","floor":38,"turns":4},{"damage":23,"enemies":"Maw","floor":39,"turns":6},{"damage":0,"enemies":"Sphere and 2 Shapes","floor":41,"turns":3},{"damage":25,"enemies":"3 Darklings","floor":44,"turns":3},{"damage":23,"enemies":"Jaw Worm Horde","floor":45,"turns":4},{"damage":21,"enemies":"Sphere and 2 Shapes","floor":47,"turns":5},{"damage":63,"enemies":"Donu and Deca","floor":50,"turns":4}],"seed_played":"-6454360541233096996","potions_obtained":[{"floor":4.0,"key":"Fruit Juice"},{"floor":8.0,"key":"SteroidPotion"},{"floor":12.0,"key":"AttackPotion"},{"floor":20,"key":"Explosive Potion"},{"floor":24,"key":"hexamod:SoulburnPotion"},{"floor":27,"key":"ColorlessPotion"},{"floor":29,"key":"SkillPotion"},{"floor":30,"key":"Block Potion"},{"floor":31,"key":"Ancient Potion"},{"floor":35,"key":"BlessingOfTheForge"},{"floor":39,"key":"champ:CounterPotion"},{"floor":44,"key":"LiquidBronze"}],"is_trial":false,"path_per_floor":["M","M","$","M","?","$","R","M","T","E","R","M","?","M","R","B",null,"M","M","M","?","M","E","M","R","T","?","$","E","M","M","R","B",null,"M","?","M","M","M","R","M","R","T","M","M","?","M","$","R","B"],"character_chosen":"THE_BUGKNIGHT","items_purchased":["HandDrill","Magnetism","HollowMod:HornetsHelp","Kunai"],"campfire_rested":3,"item_purchase_floors":[0,28,48,48],"current_hp_per_floor":[40,48,48,58,55,55,55,46,46,37,37,28,10,10,36,2,88,88,82,83,83,60,45,29,55,55,55,55,55,63,60,60,46,72,64,72,68,70,52,52,59,59,59,42,34,34,20,20,39,0,0],"gold":46,"neow_bonus":"","is_daily":false,"chose_seed":false,"campfire_upgraded":2,"win_rate":0.0,"timestamp":1614446562,"path_taken":["M","M","$","M","?","$","R","M","T","E","R","M","?","M","R","BOSS","M","M","M","?","?","E","M","R","T","?","?","E","M","?","R","BOSS","M","?","M","?","M","R","M","R","T","M","M","?","M","?","R","BOSS"],"items_purchased_type":["Relic","Card","Card","Relic"],"build_version":"2020-12-22","purchased_purges":3,"victory":false,"max_hp_per_floor":[75,75,75,80,80,80,80,80,80,88,88,88,88,88,88,88,88,88,88,88,88,88,96,88,88,88,88,88,80,80,80,80,72,72,72,72,72,72,72,72,72,72,72,64,64,64,64,64,64,64,64],"card_choices":[{"not_picked":["HollowMod:ChannelNail","HollowMod:CloakDash"],"picked":"HollowMod:Grubsong","floor":1.0},{"not_picked":["HollowMod:SiblingsSouls","HollowMod:LifebloodCocoon"],"picked":"HollowMod:HowlingWraiths","floor":2.0},{"not_picked":["HollowMod:LifebloodCocoon","HollowMod:DescendingDark"],"picked":"HollowMod:DashSlash","floor":4.0},{"not_picked":["HollowMod:DescendingDark","HollowMod:DoubleDash"],"picked":"HollowMod:MantisMark","floor":8.0},{"not_picked":["HollowMod:BaldurShell","HollowMod:CloakDash"],"picked":"HollowMod:InfectionAssault","floor":10.0},{"not_picked":["HollowMod:MonarchWings","HollowMod:ChannelNail"],"picked":"HollowMod:BrokenVessel","floor":12.0},{"not_picked":["HollowMod:DoubleDash","HollowMod:SharpenedNail","HollowMod:DescendingDark"],"picked":"SKIP","floor":14.0},{"not_picked":["HollowMod:PureVessel","HollowMod:LordofShades"],"picked":"HollowMod:SlysStrikes","floor":16.0},{"not_picked":["HollowMod:HeavyBlow","HollowMod:DashSlash"],"picked":"HollowMod:LifebloodCocoon+1","floor":18},{"not_picked":["HollowMod:VengefulVoid+1","HollowMod:WraithStrike"],"picked":"HollowMod:TaintedHusks","floor":19},{"not_picked":["HollowMod:GreatSlash","HollowMod:FastStrike"],"picked":"HollowMod:RecoilStrike","floor":20},{"not_picked":["HollowMod:VengefulVoid","HollowMod:SoulVessel+1"],"picked":"HollowMod:SoulEater","floor":22},{"not_picked":["HollowMod:DreamGate","HollowMod:DoubleDash"],"picked":"HollowMod:SoulStrike","floor":23},{"not_picked":["HollowMod:PureNailStrike+1","HollowMod:SoulSplash"],"picked":"hubris:SpiceAddiction","floor":24},{"not_picked":["HollowMod:NewJinnsSoul","HollowMod:LordofShades"],"picked":"HollowMod:BlackTendrils+1","floor":27},{"not_picked":["HollowMod:MawleksShell+1","HollowMod:GoodIntentions+1","HollowMod:HowlingWraiths"],"picked":"SKIP","floor":29},{"not_picked":["HollowMod:InfectedCysts+1","HollowMod:MothsMistake"],"picked":"HollowMod:NewLittleFool","floor":30},{"not_picked":["HollowMod:TaintedHusks","hubris:SpiceAddiction"],"picked":"HollowMod:Weaversong","floor":31},{"not_picked":["HollowMod:ZotesMagnificence","HollowMod:MidwifesHunger"],"picked":"hubris:SpiceAddiction","floor":33},{"not_picked":["HollowMod:CloakDash+1","HollowMod:ChannelNail+1"],"picked":"HollowMod:MantisMark+1","floor":35},{"not_picked":["HollowMod:GreatSlash","HollowMod:ShadowDash"],"picked":"HollowMod:ShapeofUnn+1","floor":37},{"not_picked":["HollowMod:GoodIntentions+1","HollowMod:GreatSlash+1","HollowMod:PureNailStrike"],"picked":"SKIP","floor":38},{"not_picked":["HollowMod:SharpenedNail","HollowMod:NewJinnsSoul","HollowMod:ChannelNail"],"picked":"SKIP","floor":39},{"not_picked":["HollowMod:TaintedHusks+1","HollowMod:NewJinnsSoul+1"],"picked":"HollowMod:RecoilStrike+1","floor":41},{"not_picked":["HollowMod:Grubsong","HollowMod:WraithStrike"],"picked":"hubris:SpiceAddiction","floor":44},{"not_picked":["HollowMod:HeavyBlow+1","HollowMod:InfectedAttack+1"],"picked":"HollowMod:SoulMaster","floor":45},{"not_picked":["HollowMod:SiblingsSouls+1","hubris:SpiceAddiction","HollowMod:CycloneSlash"],"picked":"SKIP","floor":47}],"player_experience":305716,"relics_obtained":[{"floor":9.0,"key":"Happy Flower"},{"floor":10.0,"key":"hubris:Spice"},{"floor":23,"key":"hubris:Spice"},{"floor":27,"key":"Red Mask"},{"floor":29,"key":"hubris:Spice"},{"floor":43,"key":"Bag of Marbles"}],"event_choices":[{"damage_healed":0.0,"max_hp_gain":0.0,"max_hp_loss":0.0,"gold_gain":0.0,"event_name":"Scrap Ooze","player_choice":"Success","floor":5.0,"gold_loss":0.0,"damage_taken":3.0,"relics_obtained":["Potion Belt"]},{"damage_healed":0.0,"max_hp_gain":0.0,"max_hp_loss":0.0,"gold_gain":0.0,"event_name":"Shining Light","player_choice":"Entered Light","floor":13.0,"gold_loss":0.0,"damage_taken":18.0,"cards_upgraded":["HollowMod:Grubsong","HollowMod:DashSlash"]},{"damage_healed":0,"gold_gain":100,"player_choice":"Pray","damage_taken":0,"max_hp_gain":0,"max_hp_loss":0,"event_name":"Golden Shrine","floor":21,"gold_loss":0},{"damage_healed":0,"gold_gain":0,"player_choice":"Fought Bandits","damage_taken":0,"max_hp_gain":0,"max_hp_loss":0,"event_name":"Masked Bandits","floor":27,"gold_loss":0},{"damage_healed":8,"gold_gain":0,"player_choice":"Full Heal","damage_taken":0,"max_hp_gain":0,"max_hp_loss":0,"event_name":"Wheel of Change","floor":36,"gold_loss":0}],"is_beta":false,"boss_relics":[{"not_picked":["Tiny House","hubris:Spice"],"picked":"Cursed Key"},{"not_picked":["hubris:Spice","hubris:Spice"],"picked":"Velvet Choker"}],"items_purged_floors":[3,28,48],"is_endless":false,"potions_floor_spawned":[4,8,12,20,24,27,29,30,31,35,39,44],"killed_by":"Donu and Deca","ascension_level":0}}