{"host":"tg75n96cfgtlqktk","time":1614455299,"event":{"mods":["BaseMod","Colored Map","Downfall","Minty Spire (QoL Compilation)","StSLib"],"gold_per_floor":[110,110,110,110,127,127,160,171,198,271,304,316,332,342,342,443,443,459,459,77,96,108,143,143,173,224,224,252,274,286,316,328,340,340],"floor_reached":33,"language":"ENG","playtime":3468,"items_purged":["Strike_P"],"score":477,"play_id":"843409d5-d873-4584-a658-03d88ce6f401","local_time":"20210227124819","is_ascension_mode":true,"campfire_choices":[{"data":"ThirdEye","floor":6,"key":"SMITH"},{"data":"1","floor":15,"key":"LIFT"},{"floor":24,"key":"REST"},{"floor":27,"key":"REST"},{"data":"ForeignInfluence","floor":32,"key":"SMITH"}],"circlet_count":0,"master_deck":["Strike_P","Strike_P","Defend_P","Defend_P","Defend_P","Eruption","Vigilance","Wallop","Weave","ThirdEye+1","WaveOfTheHand","ReachHeaven","Adaptation","EmptyFist","ThirdEye","ForeignInfluence+1","Scrawl","TalkToTheHand","Weave","Crescendo","Master of Strategy","EmptyFist+1","Wallop","CutThroughFate","JustLucky+1","FearNoEvil","Weave+1"],"relics":["PureWater","NeowsBlessing","Nunchaku","Oddly Smooth Stone","Pen Nib","Mercury Hourglass","Girya","VioletLotus","Nilry\u0027s Codex","Membership Card","MealTicket","Frozen Egg 2","Lantern","MawBank"],"acts_visited":["Exordium","TheCity"],"potions_floor_usage":[16,16,21,22,23,29],"damage_taken":[{"damage":0,"enemies":"Small Slimes","floor":1,"turns":1},{"damage":0,"enemies":"2 Louse","floor":5,"turns":1},{"damage":0,"enemies":"3 Sentries","floor":7,"turns":2},{"damage":6,"enemies":"Jaw Worm","floor":8,"turns":2},{"damage":0,"enemies":"Gremlin Nob","floor":11,"turns":2},{"damage":1,"enemies":"Looter","floor":12,"turns":3},{"damage":0,"enemies":"Blue Slaver","floor":13,"turns":2},{"damage":0,"enemies":"2 Fungi Beasts","floor":14,"turns":2},{"damage":2,"enemies":"Hexaghost","floor":16,"turns":6},{"damage":14,"enemies":"Spheric Guardian","floor":18,"turns":3},{"damage":14,"enemies":"3 Byrds","floor":21,"turns":2},{"damage":14,"enemies":"Centurion and Healer","floor":22,"turns":4},{"damage":10,"enemies":"Slavers","floor":23,"turns":4},{"damage":13,"enemies":"Gremlin Leader","floor":25,"turns":6},{"damage":42,"enemies":"Book of Stabbing","floor":28,"turns":3},{"damage":0,"enemies":"Shelled Parasite and Fungi","floor":29,"turns":3},{"damage":11,"enemies":"Sentry and Sphere","floor":31,"turns":3},{"damage":48,"enemies":"Automaton","floor":33,"turns":6}],"seed_played":"3871251575853173736","potions_obtained":[{"floor":8,"key":"Explosive Potion"},{"floor":11,"key":"Regen Potion"},{"floor":12,"key":"Ambrosia"},{"floor":13,"key":"GamblersBrew"},{"floor":16,"key":"LiquidBronze"},{"floor":22,"key":"BlessingOfTheForge"},{"floor":23,"key":"DuplicationPotion"},{"floor":25,"key":"SteroidPotion"},{"floor":29,"key":"hexamod:SoulburnPotion"}],"is_trial":false,"path_per_floor":["M","?","?","?","M","R","E","M","T","T","E","M","M","M","R","B",null,"M","?","$","M","M","E","R","E","T","R","E","M","?","M","R","B"],"character_chosen":"WATCHER","items_purchased":["Membership Card","Weave","Crescendo","FairyPotion","Master of Strategy"],"campfire_rested":2,"item_purchase_floors":[20,20,20,20,20],"current_hp_per_floor":[65,65,53,46,46,46,46,40,40,40,40,39,39,39,39,37,63,49,33,33,19,14,4,25,12,12,33,21,21,45,34,34,0,0],"gold":340,"neow_bonus":"THREE_ENEMY_KILL","is_daily":false,"chose_seed":false,"campfire_upgraded":2,"win_rate":0.0,"timestamp":1614455299,"path_taken":["M","?","?","?","M","R","E","M","T","?","E","M","M","M","R","BOSS","M","?","$","M","M","E","R","E","T","R","E","M","?","M","R","BOSS"],"items_purchased_type":["Relic","Card","Card","Potion","Card"],"build_version":"2020-12-22","purchased_purges":1,"victory":false,"max_hp_per_floor":[72,72,72,72,72,72,72,72,72,72,72,72,72,72,72,72,72,72,72,72,72,72,72,72,72,72,72,72,72,72,72,72,72,72],"card_choices":[{"not_picked":["Evaluate","ClearTheMind"],"picked":"Wallop","floor":1},{"not_picked":["Crescendo","WaveOfTheHand"],"picked":"ThirdEye","floor":5},{"not_picked":["FollowUp","SignatureMove"],"picked":"WaveOfTheHand","floor":7},{"not_picked":["CrushJoints","Crescendo"],"picked":"ReachHeaven","floor":8},{"not_picked":["Evaluate","Prostrate"],"picked":"Adaptation","floor":11},{"not_picked":["SandsOfTime","Pray"],"picked":"EmptyFist","floor":12},{"not_picked":["Consecrate","BowlingBash"],"picked":"ThirdEye","floor":13},{"not_picked":["Perseverance","Prostrate"],"picked":"ForeignInfluence","floor":14},{"not_picked":["Devotion","DeusExMachina"],"picked":"Scrawl","floor":16},{"not_picked":["Consecrate","FearNoEvil"],"picked":"TalkToTheHand","floor":18},{"not_picked":["BowlingBash","CrushJoints"],"picked":"EmptyFist+1","floor":21},{"not_picked":["Devotion","Swivel","BattleHymn"],"picked":"SKIP","floor":22},{"not_picked":["Collect","SashWhip+1"],"picked":"Wallop","floor":23},{"not_picked":["Consecrate","Crescendo+1"],"picked":"CutThroughFate","floor":25},{"not_picked":["Prostrate","DeceiveReality"],"picked":"JustLucky+1","floor":28},{"not_picked":["BowlingBash+1","WreathOfFlame"],"picked":"FearNoEvil","floor":29},{"not_picked":["CutThroughFate+1","Indignation+1"],"picked":"Weave+1","floor":31}],"player_experience":2905155,"relics_obtained":[{"floor":7,"key":"Oddly Smooth Stone"},{"floor":9,"key":"Pen Nib"},{"floor":10,"key":"Mercury Hourglass"},{"floor":11,"key":"Girya"},{"floor":19,"key":"Nilry\u0027s Codex"},{"floor":23,"key":"MealTicket"},{"floor":25,"key":"Frozen Egg 2"},{"floor":26,"key":"Lantern"},{"floor":28,"key":"MawBank"}],"event_choices":[{"damage_healed":0,"gold_gain":0,"cards_transformed":["Strike_P"],"player_choice":"Change","damage_taken":0,"max_hp_gain":0,"max_hp_loss":0,"event_name":"Living Wall","floor":2,"gold_loss":0,"cards_obtained":["Weave"]},{"damage_healed":0,"gold_gain":0,"player_choice":"Success","damage_taken":12,"relics_obtained":["Nunchaku"],"max_hp_gain":0,"max_hp_loss":0,"event_name":"Scrap Ooze","floor":3,"gold_loss":0},{"cards_removed":["Defend_P"],"damage_healed":0,"gold_gain":0,"player_choice":"Card Removal","damage_taken":7,"max_hp_gain":0,"max_hp_loss":0,"event_name":"Golden Wing","floor":4,"gold_loss":0},{"damage_healed":0,"gold_gain":0,"player_choice":"Obtained Book","damage_taken":16,"max_hp_gain":0,"max_hp_loss":0,"event_name":"Cursed Tome","floor":19,"gold_loss":0},{"damage_healed":24,"gold_gain":0,"player_choice":"Heal","damage_taken":0,"max_hp_gain":0,"max_hp_loss":0,"event_name":"The Library","floor":30,"gold_loss":0}],"is_beta":false,"boss_relics":[{"not_picked":["Philosopher\u0027s Stone","Coffee Dripper"],"picked":"VioletLotus"}],"items_purged_floors":[20],"is_endless":false,"potions_floor_spawned":[8,11,12,13,16,22,23,25,29],"killed_by":"Automaton","ascension_level":6}}