{"host":"19r1ww88x2tc73i0","time":1614403232,"event":{"mods":["BaseMod","BetterRewards","Colored Map","Minty Spire (QoL Compilation)","Relic Stats","StSLib","SuperFastMode","slay the spire mod where everything is the same but ironclad has a cowboy hat"],"gold_per_floor":[116,31,31,31,31,48,48,60,60,60,91,110,110,128,128,202,202,219,237,1,16,32,32,63,63,63,63,80,80,5,25,25,25,25],"floor_reached":33,"language":"ENG","playtime":981,"items_purged":["Defend_R"],"score":534,"play_id":"b8326fde-176f-49fa-a3cf-849d82eb9c2d","local_time":"25640227122032","is_ascension_mode":true,"campfire_choices":[{"data":"Inflame","floor":7,"key":"SMITH"},{"data":"Feel No Pain","floor":10,"key":"SMITH"},{"data":"Anger","floor":13,"key":"SMITH"},{"data":"Warcry","floor":15,"key":"SMITH"},{"floor":23,"key":"REST"},{"data":"Offering","floor":25,"key":"SMITH"},{"data":"1","floor":27,"key":"LIFT"},{"data":"2","floor":29,"key":"LIFT"},{"floor":32,"key":"REST"}],"circlet_count":0,"master_deck":["AscendersBane","Strike_R+1","Strike_R","Strike_R","Strike_R","Strike_R","Defend_R","Defend_R","Defend_R","Bash+1","Immolate+1","Feel No Pain+1","Inflame+1","Anger+1","Warcry+1","Headbutt","Shrug It Off","Offering+1","Flex","Battle Trance","Flame Barrier","Sentinel","True Grit+1","Whirlwind"],"relics":["Burning Blood","Gremlin Horn","StrikeDummy","Mark of Pain","Red Skull","Darkstone Periapt","Girya"],"acts_visited":["Exordium","TheCity"],"potions_floor_usage":[16,16,19,24,31],"damage_taken":[{"damage":7.0,"enemies":"Jaw Worm","floor":1.0,"turns":2.0},{"damage":8,"enemies":"Small Slimes","floor":6,"turns":3},{"damage":8,"enemies":"2 Louse","floor":8,"turns":2},{"damage":35,"enemies":"Lagavulin","floor":11,"turns":7},{"damage":0,"enemies":"Lots of Slimes","floor":12,"turns":1},{"damage":0,"enemies":"Large Slime","floor":14,"turns":2},{"damage":3,"enemies":"Slime Boss","floor":16,"turns":6},{"damage":23,"enemies":"2 Thieves","floor":18,"turns":3},{"damage":0,"enemies":"Spheric Guardian","floor":19,"turns":2},{"damage":21,"enemies":"Snake Plant","floor":21,"turns":3},{"damage":16,"enemies":"Snecko","floor":22,"turns":3},{"damage":19,"enemies":"Gremlin Leader","floor":24,"turns":4},{"damage":26,"enemies":"Shelled Parasite and Fungi","floor":28,"turns":4},{"damage":6,"enemies":"Snake Plant","floor":31,"turns":2},{"damage":33,"enemies":"Champ","floor":33,"turns":6}],"seed_played":"-7669959153396734174","potions_obtained":[{"floor":1.0,"key":"BlessingOfTheForge"},{"floor":14,"key":"Energy Potion"},{"floor":16,"key":"BlessingOfTheForge"},{"floor":22,"key":"SpeedPotion"},{"floor":28,"key":"ColorlessPotion"}],"is_trial":false,"path_per_floor":["M","$","?","?","?","M","R","M","T","R","E","M","R","M","R","B",null,"M","M","$","M","M","R","E","R","T","R","M","R","$","M","R","B"],"character_chosen":"IRONCLAD","items_purchased":["Inflame","Red Skull","Flame Barrier"],"campfire_rested":2,"item_purchase_floors":[2,20,20],"current_hp_per_floor":[67,67,44,44,44,42,42,40,40,40,11,17,17,23,23,26,63,46,52,52,37,27,49,36,36,36,36,16,16,16,16,38,5,5],"gold":25,"neow_bonus":"ONE_RANDOM_RARE_CARD","is_daily":false,"chose_seed":false,"campfire_upgraded":5,"win_rate":0.0,"timestamp":1614403232,"path_taken":["M","$","?","?","?","M","R","M","T","R","E","M","R","?","R","BOSS","M","M","$","M","M","R","E","R","T","R","M","R","$","M","R","BOSS"],"items_purchased_type":["Card","Relic","Card"],"build_version":"2020-12-22","purchased_purges":1,"victory":false,"max_hp_per_floor":[75,75,75,75,75,75,75,75,75,75,75,75,75,75,75,75,75,75,75,75,75,75,75,75,75,75,75,75,75,75,75,75,75,75],"relic_stats":{"Darkstone Periapt":0,"Gremlin Horn":[6,6],"counters":[15,50],"obtain_stats":[{"Darkstone Periapt":24,"Girya":26,"Gremlin Horn":9,"Mark of Pain":17,"StrikeDummy":11,"Burning Blood":0,"Red Skull":20},{"Darkstone Periapt":12,"Girya":12,"Gremlin Horn":3,"Mark of Pain":7,"StrikeDummy":4,"Burning Blood":0,"Red Skull":9},{"Darkstone Periapt":38,"Girya":38,"Gremlin Horn":7,"Mark of Pain":23,"StrikeDummy":14,"Burning Blood":0,"Red Skull":28}],"Burning Blood":84},"card_choices":[{"not_picked":["Armaments","Anger"],"picked":"Feel No Pain","floor":1.0},{"not_picked":["Body Slam","Clash"],"picked":"Anger","floor":6},{"not_picked":["Cleave","Armaments"],"picked":"Warcry","floor":8},{"not_picked":["Combust","Hemokinesis"],"picked":"Headbutt","floor":11},{"not_picked":["Uppercut","Wild Strike"],"picked":"Shrug It Off","floor":12},{"not_picked":["Blood for Blood","Warcry","Iron Wave"],"picked":"SKIP","floor":14},{"not_picked":["Reaper","Impervious"],"picked":"Offering","floor":16},{"not_picked":["Fire Breathing","Armaments"],"picked":"Flex","floor":18},{"not_picked":["Heavy Blade","Havoc"],"picked":"Battle Trance","floor":19},{"not_picked":["Dropkick","Rampage"],"picked":"Sentinel","floor":21},{"not_picked":["Dual Wield","Flame Barrier","Cleave"],"picked":"SKIP","floor":22},{"not_picked":["Thunderclap","Bloodletting"],"picked":"True Grit+1","floor":24},{"not_picked":["Dual Wield","Sentinel","Bloodletting"],"picked":"SKIP","floor":28},{"not_picked":["Dual Wield","Warcry+1"],"picked":"Whirlwind","floor":31}],"player_experience":1169556,"relics_obtained":[{"floor":9,"key":"Gremlin Horn"},{"floor":11,"key":"StrikeDummy"},{"floor":24,"key":"Darkstone Periapt"},{"floor":26,"key":"Girya"}],"event_choices":[{"damage_healed":0.0,"max_hp_gain":0.0,"max_hp_loss":0.0,"gold_gain":0.0,"event_name":"Shining Light","player_choice":"Entered Light","floor":3.0,"gold_loss":0.0,"damage_taken":23.0,"cards_upgraded":["Strike_R","Bash"]},{"damage_healed":0,"gold_gain":0,"player_choice":"Fled","damage_taken":0,"max_hp_gain":0,"max_hp_loss":0,"event_name":"Scrap Ooze","floor":4,"gold_loss":0},{"damage_healed":0,"gold_gain":0,"player_choice":"Grow","damage_taken":0,"max_hp_gain":0,"max_hp_loss":0,"event_name":"Living Wall","floor":5,"gold_loss":0,"cards_upgraded":["Immolate"]}],"is_beta":false,"boss_relics":[{"not_picked":["Velvet Choker","Sozu"],"picked":"Mark of Pain"}],"items_purged_floors":[30],"is_endless":false,"potions_floor_spawned":[1,14,16,22,28],"killed_by":"Champ","ascension_level":20}}