{"host":"b1dzdo8uo7e6jx8g","time":1614461133,"event":{"mods":["AchievementEnabler","BaseMod","BetterRewards","Colored Map","Downfall","Highlight Path","Minty Spire (QoL Compilation)","StSLib"],"gold_per_floor":[99,99,99,99,99,130,130,130,130,130],"floor_reached":9,"language":"ENG","playtime":182,"items_purged":[],"score":61,"play_id":"113046cc-960c-4613-b64e-770a8e430f01","local_time":"20210227222533","is_ascension_mode":true,"campfire_choices":[{"data":"Eruption","floor":1,"key":"SMITH"}],"circlet_count":0,"master_deck":["Strike_P","Strike_P","Strike_P","Strike_P","Defend_P","Defend_P","Defend_P","Defend_P","Eruption+1","Vigilance","FollowUp","Crescendo","Halt","Eruption+1"],"relics":["PureWater","downfall:HeartsMalice","Vajra","Juzu Bracelet","Bird Faced Urn"],"acts_visited":["Exordium"],"potions_floor_usage":[],"damage_taken":[{"damage":0,"enemies":"Jaw Worm","floor":2,"turns":1},{"damage":0,"enemies":"Small Slimes","floor":3,"turns":1},{"damage":0,"enemies":"Cultist","floor":5,"turns":1},{"damage":21,"enemies":"3 Sentries","floor":6,"turns":9},{"damage":31,"enemies":"Lagavulin","floor":9,"turns":2}],"seed_played":"9220445836627485275","potions_obtained":[{"floor":6,"key":"Strength Potion"}],"is_trial":false,"path_per_floor":["R","M","M","?","M","E","T","?","E"],"character_chosen":"WATCHER","items_purchased":[],"campfire_rested":0,"item_purchase_floors":[],"current_hp_per_floor":[72,72,72,47,47,26,26,26,0,0],"gold":130,"neow_bonus":"THREE_ENEMY_KILL","is_daily":false,"chose_seed":false,"campfire_upgraded":1,"win_rate":0.0,"timestamp":1614461133,"path_taken":["R","M","M","?","M","E","T","?","E"],"items_purchased_type":[],"build_version":"2020-12-22","purchased_purges":0,"victory":false,"max_hp_per_floor":[72,72,72,72,72,72,72,72,72,72],"card_choices":[{"not_picked":["CutThroughFate","EmptyBody"],"picked":"FollowUp","floor":2},{"not_picked":["Meditate","ThirdEye"],"picked":"Crescendo","floor":3},{"not_picked":["EmptyBody","BowlingBash"],"picked":"Halt","floor":5},{"not_picked":["EmptyBody","Evaluate","EmptyMind"],"picked":"SKIP","floor":6}],"player_experience":274443,"relics_obtained":[{"floor":6,"key":"Juzu Bracelet"},{"floor":7,"key":"Bird Faced Urn"}],"event_choices":[{"damage_healed":0,"gold_gain":0,"player_choice":"Success","damage_taken":25,"relics_obtained":["Vajra"],"max_hp_gain":0,"max_hp_loss":0,"event_name":"Scrap Ooze","floor":4,"gold_loss":0}],"is_beta":false,"boss_relics":[],"items_purged_floors":[],"is_endless":false,"potions_floor_spawned":[6],"killed_by":"Lagavulin","ascension_level":2}}