{"host":"6p0attdrtjqaih7v","time":1614410968,"event":{"mods":["2.2 Compatiblity","AchievementEnabler","BaseMod","Better Skull","Better Third Choice","Better Vampires","Card Filter","Colored Powertips","Hermit","Highlight Path","Hubris","Key Reminder","Minty Spire (QoL Compilation)","Permanent Neow","Quick Restart","Random Character Button","Relic Filter","Relic Stats","Reliquary","Replay The Spire","Robot Space Explorer","StSLib","The Construct","The Hayseed","The Runesmith","The Witch"],"gold_per_floor":[118,43,58,133,133,133,133,133],"floor_reached":7,"language":"ENG","playtime":232,"items_purged":[],"score":76,"play_id":"492ffd7a-ac24-4712-8393-4f69d807251f","local_time":"20210227022928","is_ascension_mode":true,"campfire_choices":[{"data":"construct:ModeShift","floor":6,"key":"SMITH"}],"circlet_count":0,"master_deck":["AscendersBane","construct:Strike_Gold","construct:Strike_Gold","construct:Strike_Gold","construct:Strike_Gold","construct:Defend_Gold","construct:Defend_Gold","construct:Defend_Gold","construct:Defend_Gold","construct:AttackMode","construct:DefenseMode","construct:FlammableFog","construct:ModeShift+1"],"relics":["construct:ClockworkPhoenix","Juzu Bracelet"],"acts_visited":["Exordium"],"potions_floor_usage":[7],"damage_taken":[{"damage":8,"enemies":"2 Louse","floor":1,"turns":4},{"damage":21,"enemies":"Jaw Worm","floor":3,"turns":8},{"damage":36,"enemies":"3 Sentries","floor":7,"turns":7}],"seed_played":"-6200071991475987367","potions_obtained":[{"floor":1,"key":"Energy Potion"}],"is_trial":false,"path_per_floor":["M","?","M","?","T","R","E"],"character_chosen":"THE_CONSTRUCT_MOD","items_purchased":[],"campfire_rested":0,"item_purchase_floors":[],"current_hp_per_floor":[64,64,43,32,32,32,0,0],"gold":133,"neow_bonus":"REMOVE_CARD","is_daily":false,"chose_seed":false,"campfire_upgraded":1,"win_rate":0.0,"timestamp":1614410968,"path_taken":["M","?","M","?","?","R","E"],"items_purchased_type":[],"build_version":"2020-12-22","purchased_purges":0,"victory":false,"max_hp_per_floor":[80,80,80,80,80,80,80,80],"relic_stats":{"counters":[3,19],"Juzu Bracelet":0,"obtain_stats":[{"Juzu Bracelet":5,"construct:ClockworkPhoenix":0},{"Juzu Bracelet":2,"construct:ClockworkPhoenix":0},{"Juzu Bracelet":12,"construct:ClockworkPhoenix":0}]},"card_choices":[{"not_picked":["construct:FlameCore","construct:Impenetrable"],"picked":"construct:FlammableFog","floor":1},{"not_picked":["construct:Reinforce","construct:FierceBash"],"picked":"construct:ModeShift","floor":3}],"player_experience":1239841,"relics_obtained":[{"floor":5,"key":"Juzu Bracelet"}],"event_choices":[{"cards_removed":["construct:Defend_Gold"],"damage_healed":0,"gold_gain":0,"player_choice":"Card Removal","damage_taken":0,"max_hp_gain":0,"max_hp_loss":0,"event_name":"The Cleric","floor":2,"gold_loss":75},{"damage_healed":0,"gold_gain":75,"player_choice":"Gather Gold","damage_taken":11,"max_hp_gain":0,"max_hp_loss":0,"event_name":"World of Goop","floor":4,"gold_loss":0}],"is_beta":false,"boss_relics":[],"items_purged_floors":[],"is_endless":false,"potions_floor_spawned":[1],"killed_by":"3 Sentries","ascension_level":19}}