{"host":"glqsg3p5q4u9u1ra","time":1614446763,"event":{"mods":["Act Like it!","Arknights","BaseMod","Better Third Choice","BetterRewards","Colored Map","Downfall","Friendly Minions","Gensokyo","GifTheSpireLib","Hallownest","Highlight Path","Infinite Spire","Mimic Mod","Minty Spire (QoL Compilation)","Pale of the Ancients","Reliquary","Replay The Spire","Ruina","Spicy Shops","Spire Birthday Party","StSLib","The Blue Laboratory","The Bug Knight","The Exalted","The Servant 0.9.4","Wandering Minibosses"],"gold_per_floor":[119,131,131,131,315,355,371,406,431,460,460,4,4,23,23,120,129,149,58,70,70,70,70,32,32,78,145,157,188,220,231,249,348,357,367,367,157,157,189,189,207,239,239,275,284,601,601,618,618,618,639,670,697,23,23,40,49,22,22,50],"floor_reached":61,"language":"ENG","playtime":2501,"items_purged":["ats:Defend","Doubt","Clumsy","ats:Armor Crushing Shot","Shame"],"score":1313,"play_id":"4f268918-2b4b-4312-8210-af940b285126","local_time":"20210227092603","is_ascension_mode":true,"campfire_choices":[{"floor":11,"key":"REST"},{"data":"Sadistic Nature","floor":15,"key":"SMITH"},{"data":"ats:Strike G","floor":23,"key":"PURGE"},{"data":"ats:Strike C","floor":25,"key":"PURGE"},{"data":"ats:Strike S","floor":32,"key":"PURGE"},{"data":"ats:Healing Strengthening","floor":40,"key":"SMITH"},{"data":"ats:Healing Strengthening","floor":47,"key":"SMITH"},{"data":"infinitespire:Fortify","floor":49,"key":"SMITH"},{"data":"ats:Volcano","floor":55,"key":"SMITH"},{"data":"ats:Burning Ground","floor":57,"key":"SMITH"}],"circlet_count":0,"master_deck":["ats:Emotion Absorption+1","ats:Shell Defense+1","ats:Shell Defense+1","ats:Counter Healing Mode","ats:Composite Medical Shells+1","Sadistic Nature+1","ats:Apocalypse","CurseOfTheBell","ats:Healing Strengthening+1","ats:Volcano","ats:Volcano+1","ats:Healing Strengthening+1","ats:Volcano","ats:Poison Spread","ats:Healing Drone+1","ats:Nebulous Foxfire","ats:Nebulous Foxfire","infinitespire:Fortify+1","ats:Thorns+1","ats:Poison Spread","ats:Burning Ground+1","ats:Very Hot Blade","ats:Very Hot Blade","Panacea","ats:Very Hot Blade","ats:Healing Drone"],"relics":["ats:Sanity","CeramicFish","ats:Originium","Gremlin Food","Replay:Bottled Eggs","reliquary:Knoch","reliquary:Sideboard","Happy Flower","Strawberry","Calling Bell","Guardian:PocketSentry","ats:Lavender","Peace Pipe","wanderingMiniBosses:ThiefScarf","ats:Spiritual Recovery","Membership Card","Pen Nib","Meat on the Bone","Replay:Drink Me","Chameleon Ring","BargainBundle","Boot","Bronze Scales","reliquary:WeakTea","reliquary:Bookmark","Turnip","ats:Berate","infinitespire:Midas Blood","Meat on the Bone","reliquary:SilkGlove","Honey Jar","ReplayTheSpireMod:Shallot","Gensokyo:Companionship","paleoftheancients:Timepiece","paleoftheancients:KeyRelic","Oddly Smooth Stone","Mercury Hourglass","paleoftheancients:SoulOfTheWatcher","Akabeko","Kunai","Bromod:ArcaneAegis","ats:Support"],"acts_visited":["Exordium","Exordium","ruina:Briah","Gensokyo:Gensokyoest"],"potions_floor_usage":[6,6,8,16,16,20,24,24,28,29,42,50,50,51,56,60,60,60,60],"damage_taken":[{"damage":0,"enemies":"Small Slimes","floor":1,"turns":3},{"damage":0,"enemies":"ats:Genji","floor":2,"turns":6},{"damage":30,"enemies":"3 Sentries","floor":6,"turns":9},{"damage":12,"enemies":"2 Louse","floor":7,"turns":4},{"damage":22,"enemies":"HollowMod:MossKnight","floor":8,"turns":14},{"damage":72,"enemies":"Gremlin Nob","floor":10,"turns":8},{"damage":0,"enemies":"Looter","floor":14,"turns":3},{"damage":50,"enemies":"Hexaghost","floor":16,"turns":9},{"damage":33,"enemies":"ruina:Nosferatu","floor":18,"turns":6},{"damage":1,"enemies":"ruina:2_Scarecrows","floor":20,"turns":4},{"damage":0,"enemies":"ruina:KingOfGreed","floor":24,"turns":6},{"damage":34,"enemies":"ruina:KnightOfDespair","floor":27,"turns":5},{"damage":21,"enemies":"ruina:3_Scarecrows","floor":28,"turns":4},{"damage":49,"enemies":"ruina:Mountain","floor":29,"turns":6},{"damage":7,"enemies":"ruina:Woodsman","floor":30,"turns":6},{"damage":48,"enemies":"ruina:Woodsman","floor":31,"turns":5},{"damage":50,"enemies":"ruina:Ozma","floor":33,"turns":7},{"damage":2,"enemies":"Gensokyo:3_Bats","floor":35,"turns":3},{"damage":33,"enemies":"Gensokyo:3_Boulders","floor":39,"turns":10},{"damage":66,"enemies":"Gensokyo:Marisa","floor":42,"turns":7},{"damage":21,"enemies":"Gensokyo:3_Boulders","floor":44,"turns":4},{"damage":0,"enemies":"Gensokyo:AtlasGolem","floor":46,"turns":5},{"damage":9,"enemies":"Gensokyo:Dusk_and_Dawn","floor":48,"turns":3},{"damage":0,"enemies":"Gensokyo:Yuyuko","floor":50,"turns":5},{"damage":4,"enemies":"Gensokyo:Yuyuko","floor":51,"turns":13},{"damage":64,"enemies":"Gensokyo:Yuyuko","floor":52,"turns":6},{"damage":0,"enemies":"Gensokyo:Yuyuko","floor":56,"turns":5},{"damage":46,"enemies":"paleoftheancients:N","floor":60,"turns":15}],"seed_played":"-3255758306359304571","potions_obtained":[{"floor":1,"key":"sneckomod:MuddlingPotion"},{"floor":2,"key":"Energy Potion"},{"floor":6,"key":"ats:Burn Small Potion"},{"floor":16,"key":"SpeedPotion"},{"floor":20,"key":"LifebloodPotion"},{"floor":24,"key":"SteroidPotion"},{"floor":27,"key":"blueLaboratory:BubblePotion"},{"floor":28,"key":"blueLaboratory:NullPotion"},{"floor":35,"key":"blueLaboratory:BottledHope"},{"floor":44,"key":"blueLaboratory:TrueEctoplasm"},{"floor":48,"key":"blueLaboratory:BottleOfRum"},{"floor":52,"key":"blueLaboratory:NullPotion"},{"floor":56,"key":"blueLaboratory:HeartbeatPotion"}],"is_trial":false,"path_per_floor":["M","M","?","?","?","E","M","E","T","E","R","$","?","M","R","B",null,"M","$","M","?","?","R","M","R","T","M","M","E","MIM","M","R","B",null,"M","?","COS","?","MIM","R","$","E","T","M","AVR","M","R","M","R","B","M","M","?","$","R","M","R","$","?","B",null],"character_chosen":"DOCTOR_CLASS","items_purchased":["Membership Card","ats:Shell Defense","AttackPotion","Sadistic Nature","ats:Spiritual Recovery","Happy Flower","ats:Apocalypse","ats:Sashimi Platter","Strawberry","BlessingOfTheForge","ats:Healing Strengthening","ats:Volcano","PowerPotion","BargainBundle","Boot","Bronze Scales","reliquary:WeakTea","reliquary:Bookmark","ats:Nebulous Foxfire","Turnip","BlessingOfTheForge","Strength Potion","ats:Very Hot Blade","Akabeko","Kunai","Bromod:ArcaneAegis","ats:Support","DuplicationPotion","Weak Potion","FearPotion","blueLaboratory:StoneskinPotion","Panacea","ats:Healing Drone"],"campfire_rested":1,"item_purchase_floors":[0,0,0,12,12,12,12,12,12,12,19,19,19,41,41,41,41,41,41,41,41,41,54,54,54,54,54,54,54,54,54,54,58],"current_hp_per_floor":[72,72,72,69,69,44,43,72,72,12,33,40,40,56,56,54,79,59,59,79,87,82,82,82,82,82,76,69,58,82,61,61,71,62,62,62,62,62,56,56,56,42,42,62,62,62,62,62,62,62,62,62,62,62,62,62,62,62,62,62],"gold":50,"neow_bonus":"","is_daily":false,"chose_seed":false,"campfire_upgraded":6,"win_rate":0.0,"timestamp":1614446763,"path_taken":["M","M","?","?","?","E","M","E","T","E","R","$","?","M","R","BOSS","M","$","M","?","?","R","M","R","T","M","M","E","?","M","R","BOSS","M","?","COS","?","?","R","$","E","T","?","AVR","M","R","?","R","BOSS","M","M","?","$","R","M","R","$","?","BOSS"],"items_purchased_type":["Relic","Card","Potion","Card","Relic","Relic","Card","Card","Relic","Potion","Card","Card","Potion","Relic","Relic","Relic","Relic","Relic","Card","Relic","Potion","Potion","Card","Relic","Relic","Relic","Relic","Potion","Potion","Potion","Potion","Card","Card"],"build_version":"2020-12-22","purchased_purges":5,"victory":true,"max_hp_per_floor":[72,72,72,72,72,72,72,72,72,72,72,79,79,79,79,79,79,79,79,79,87,82,82,82,82,82,82,82,82,82,82,82,82,62,62,62,62,62,62,62,62,62,62,62,62,62,62,62,62,62,62,62,62,62,62,62,62,62,62,62],"card_choices":[{"not_picked":["ats:Flexible Camouflage","ats:Absolute Focus"],"picked":"ats:Counter Healing Mode","floor":1},{"not_picked":["ats:Guard Mode","ats:Hook Shot"],"picked":"ats:Explosion Area Strengthen","floor":2},{"not_picked":["ats:Magnetic Hammer","ats:Flexible Camouflage"],"picked":"ats:Composite Medical Shells","floor":6},{"not_picked":["ats:Rat Pack","ats:Beaten Up","ats:Guard Mode"],"picked":"SKIP","floor":7},{"not_picked":["ats:Rat Pack","ats:Charging Defense","ats:Chain Hook"],"picked":"SKIP","floor":8},{"not_picked":["ats:Disruption Kick","ats:Assault Order","ats:Literary Storm"],"picked":"SKIP","floor":10},{"not_picked":["ats:Encircling Forest","ats:Revitalization"],"picked":"ats:Poison Spread","floor":14},{"not_picked":["ats:Disruption Kick","ats:Shadow Assault"],"picked":"ats:Volcano","floor":16},{"not_picked":["ats:Very Hot Blade","ats:Curse Doll"],"picked":"ats:Healing Strengthening","floor":18},{"not_picked":["ats:Charging Defense+1","ats:Mental Burst+1","ats:Guard Mode+1"],"picked":"SKIP","floor":20},{"not_picked":["ats:Explosion Area Strengthen","ats:Powerful Strike+1","ats:Ignite"],"picked":"SKIP","floor":24},{"not_picked":["ats:Cat Scratch","ats:True Silver Slash","ats:Composite Medical Shells+1"],"picked":"SKIP","floor":27},{"not_picked":["ats:Explosion Area Strengthen","ats:Flexible Camouflage","ats:Assault Order+1"],"picked":"SKIP","floor":28},{"not_picked":["ats:Literary Storm","ats:Cat Scratch"],"picked":"ats:Healing Drone+1","floor":29},{"not_picked":["ats:Consecutive Shot Auto","ats:Hammer On"],"picked":"ats:Revitalization","floor":30},{"not_picked":["ats:Closed Bolt Burst Fire","ats:Poison Spread+1","ats:Absolute Focus"],"picked":"SKIP","floor":31},{"not_picked":["ats:Ambush","ats:Fractured Body"],"picked":"ats:Nebulous Foxfire","floor":33},{"not_picked":["ats:Defend Order+1","ats:Flame Of Heaven","ats:Curse Doll+1"],"picked":"SKIP","floor":35},{"not_picked":["ats:Ambush","ats:Shadow Assault"],"picked":"ats:Echo Reverb","floor":42},{"not_picked":["ats:Consecutive Shot Auto+1","ats:Ambush"],"picked":"ats:Dogmatic Field","floor":42},{"not_picked":["ats:Rapid Magazine","ats:Cat Scratch+1","ats:Curse Doll"],"picked":"SKIP","floor":44},{"not_picked":["ats:Magnetic Hammer","ats:Cat Scratch","ats:Ignite"],"picked":"ats:Absolute Focus","floor":46},{"not_picked":["ats:Serious Mode","ats:Assault Order","ats:Very Hot Blade+1"],"picked":"ats:Thorns+1","floor":48},{"not_picked":["ats:Hammer On+1","ats:Spore Proliferation+1","ats:Counter Healing Mode"],"picked":"ats:Poison Spread","floor":51},{"not_picked":["ats:Blood Oath","ats:Shell Defense+1","ats:Absolute Focus+1"],"picked":"ats:Burning Ground","floor":52},{"not_picked":["ats:Automatic Cover+1","ats:Powerful Strike","ats:Shell Defense"],"picked":"ats:Very Hot Blade","floor":56}],"player_experience":1178511,"relics_obtained":[{"floor":6,"key":"ats:Originium"},{"floor":6,"key":"Gremlin Food"},{"floor":8,"key":"ats:Originium"},{"floor":8,"key":"Replay:Bottled Eggs"},{"floor":9,"key":"reliquary:Knoch"},{"floor":10,"key":"ats:Originium"},{"floor":10,"key":"reliquary:Sideboard"},{"floor":17,"key":"Guardian:PocketSentry"},{"floor":17,"key":"ats:Lavender"},{"floor":17,"key":"Peace Pipe"},{"floor":27,"key":"wanderingMiniBosses:ThiefScarf"},{"floor":27,"key":"ats:Spiritual Recovery"},{"floor":27,"key":"Membership Card"},{"floor":29,"key":"ats:Originium"},{"floor":29,"key":"Pen Nib"},{"floor":30,"key":"Meat on the Bone"},{"floor":39,"key":"Chameleon Ring"},{"floor":42,"key":"infinitespire:Midas Blood"},{"floor":43,"key":"reliquary:SculptingSteel"},{"floor":51,"key":"paleoftheancients:SoulOfTheWatcher"},{"floor":52,"key":"paleoftheancients:SoulOfTheGuardian"},{"floor":56,"key":"paleoftheancients:SoulOfTheHexaghost"}],"event_choices":[{"damage_healed":0,"gold_gain":0,"player_choice":"Grow","damage_taken":0,"max_hp_gain":0,"max_hp_loss":0,"event_name":"Living Wall","floor":3,"gold_loss":0,"cards_upgraded":["ats:Emotion Absorption"]},{"damage_healed":0,"gold_gain":0,"player_choice":"Relic ","damage_taken":3,"max_hp_gain":0,"max_hp_loss":0,"event_name":"betterThird:BetterScrap","floor":4,"gold_loss":0,"cards_obtained":["Expertise"]},{"damage_healed":0,"gold_gain":175,"player_choice":"AGREE","damage_taken":131,"max_hp_gain":0,"max_hp_loss":0,"event_name":"betterThird:BetterSerpent","floor":5,"gold_loss":0},{"cards_removed":["ats:Sashimi Platter"],"damage_healed":0,"gold_gain":0,"player_choice":"Purged","damage_taken":0,"max_hp_gain":0,"max_hp_loss":0,"event_name":"Purifier","floor":53,"gold_loss":0}],"is_beta":false,"boss_relics":[{"not_picked":["ats:Sanity Plus","Snecko Eye"],"picked":"Calling Bell"},{"not_picked":["Philosopher\u0027s Stone","Busted Crown"],"picked":"Replay:Drink Me"}],"items_purged_floors":[0,12,41,45,54],"is_endless":false,"potions_floor_spawned":[1,2,6,16,20,24,27,28,35,44,48,52,56],"ascension_level":2}}