{"host":"of8gj1gadsx6jhxl","time":1614461079,"event":{"mods":["BaseMod","Bestiary","Colored Map","Minty Spire (QoL Compilation)","Reliquary","Shop Mod","StSLib"],"gold_per_floor":[114,126,146,159,159,194,269,269,293,293,293,4,28,53,53,201,201,221,221,136,174,8,8,8],"floor_reached":23,"language":"ENG","playtime":2344,"items_purged":[],"score":208,"play_id":"9323c5e4-7d2d-4538-89b5-25f3e2cf0115","local_time":"20210227162439","is_ascension_mode":true,"campfire_choices":[{"data":"Fusion","floor":8,"key":"SMITH"},{"floor":11,"key":"REST"},{"floor":15,"key":"REST"}],"circlet_count":0,"master_deck":["Strike_B+1","Strike_B+1","Strike_B+1","Strike_B+1","Defend_B+1","Defend_B+1","Defend_B+1","Defend_B+1","Zap","Dualcast","Double Energy+1","Lockon","Gash","Multi-Cast","Fusion+1","Ball Lightning","Thunder Strike","Hologram","Gash","Thunder Strike","Gash","Auto Shields+1","Mayhem"],"relics":["Cracked Core","Golden Idol","Nunchaku","Lantern","reliquary:SilkGlove","Runic Pyramid","Ancient Tea Set","Red Mask"],"acts_visited":["Exordium","TheCity"],"potions_floor_usage":[6,6,16],"damage_taken":[{"damage":7,"enemies":"Small Slimes","floor":1,"turns":4},{"damage":1,"enemies":"2 Louse","floor":2,"turns":3},{"damage":7,"enemies":"Jaw Worm","floor":3,"turns":2},{"damage":0,"enemies":"Large Slime","floor":4,"turns":5},{"damage":32,"enemies":"Gremlin Nob","floor":6,"turns":4},{"damage":28,"enemies":"Exordium Wildlife","floor":13,"turns":3},{"damage":1,"enemies":"Looter","floor":14,"turns":2},{"damage":13,"enemies":"Slime Boss","floor":16,"turns":7},{"damage":6,"enemies":"Chosen","floor":18,"turns":4},{"damage":46,"enemies":"Masked Bandits","floor":21,"turns":4},{"damage":25,"enemies":"Gremlin Leader","floor":23,"turns":2}],"seed_played":"5847278917867852566","potions_obtained":[{"floor":1,"key":"PowerPotion"},{"floor":3,"key":"FearPotion"},{"floor":4,"key":"GamblersBrew"},{"floor":13,"key":"ColorlessPotion"}],"is_trial":false,"path_per_floor":["M","M","M","M","?","E","?","R","T","?","R","$","M","M","R","B",null,"M","?","?","?","$","E"],"character_chosen":"DEFECT","items_purchased":["Thunder Strike","Hologram","reliquary:SilkGlove","Mayhem"],"campfire_rested":2,"item_purchase_floors":[12,12,12,22],"current_hp_per_floor":[68,67,60,60,60,28,17,17,17,17,37,37,9,8,28,15,69,63,63,63,17,17,0,0],"gold":8,"neow_bonus":"THREE_CARDS","is_daily":false,"chose_seed":false,"campfire_upgraded":1,"win_rate":0.0,"timestamp":1614461079,"path_taken":["M","M","M","M","?","E","?","R","T","?","R","$","M","M","R","BOSS","M","?","?","?","$","E"],"items_purchased_type":["Card","Card","Relic","Card"],"build_version":"2020-12-22","purchased_purges":0,"victory":false,"max_hp_per_floor":[75,75,75,75,69,69,69,69,69,69,69,69,69,69,69,69,69,69,69,69,69,69,69,69],"card_choices":[{"not_picked":["Conserve Battery","Compile Driver"],"picked":"Double Energy","floor":0},{"not_picked":["Recycle","Stack"],"picked":"Lockon","floor":1},{"not_picked":["Compile Driver","Glacier"],"picked":"Gash","floor":2},{"not_picked":["Rebound","Leap"],"picked":"Multi-Cast","floor":3},{"not_picked":["Rebound","Beam Cell"],"picked":"Fusion","floor":4},{"not_picked":["Barrage","Hologram"],"picked":"Ball Lightning","floor":6},{"not_picked":["Stack","Leap"],"picked":"Gash","floor":13},{"not_picked":["Skim","Redo","Sweeping Beam"],"picked":"SKIP","floor":14},{"not_picked":["Fission","Multi-Cast"],"picked":"Thunder Strike","floor":16},{"not_picked":["Melter","Stack"],"picked":"Gash","floor":18},{"not_picked":["Stack","Aggregate"],"picked":"Auto Shields+1","floor":21}],"player_experience":194803,"relics_obtained":[{"floor":6,"key":"Nunchaku"},{"floor":9,"key":"Lantern"},{"floor":21,"key":"Red Mask"}],"event_choices":[{"damage_healed":0,"gold_gain":0,"player_choice":"Lose Max HP","damage_taken":0,"relics_obtained":["Golden Idol"],"max_hp_gain":0,"max_hp_loss":6,"event_name":"Golden Idol","floor":5,"gold_loss":0},{"damage_healed":0,"gold_gain":75,"player_choice":"Gather Gold","damage_taken":11,"max_hp_gain":0,"max_hp_loss":0,"event_name":"World of Goop","floor":7,"gold_loss":0},{"damage_healed":0,"gold_gain":0,"player_choice":"Grow","damage_taken":0,"max_hp_gain":0,"max_hp_loss":0,"event_name":"Living Wall","floor":10,"gold_loss":0,"cards_upgraded":["Double Energy"]},{"damage_healed":0,"gold_gain":0,"player_choice":"Simplicity","damage_taken":0,"max_hp_gain":0,"max_hp_loss":0,"event_name":"Back to Basics","floor":19,"gold_loss":0,"cards_upgraded":["Strike_B","Strike_B","Strike_B","Strike_B","Defend_B","Defend_B","Defend_B","Defend_B"]},{"damage_healed":0,"gold_gain":0,"player_choice":"Obtained Relic","damage_taken":0,"relics_obtained":["Ancient Tea Set"],"max_hp_gain":0,"max_hp_loss":0,"event_name":"Addict","floor":20,"gold_loss":85},{"damage_healed":0,"gold_gain":0,"player_choice":"Fought Bandits","damage_taken":0,"max_hp_gain":0,"max_hp_loss":0,"event_name":"Masked Bandits","floor":21,"gold_loss":0}],"is_beta":false,"boss_relics":[{"not_picked":["Nuclear Battery","Coffee Dripper"],"picked":"Runic Pyramid"}],"items_purged_floors":[],"is_endless":false,"potions_floor_spawned":[1,3,4,13],"killed_by":"Gremlin Leader","ascension_level":2}}