{"host":"i4vlfbz13gs2xtdj","time":1614399275,"event":{"mods":["Act Like it!","BaseMod","Colored Map","Curses Come First","Downfall","Minty Spire (QoL Compilation)","StSLib"],"gold_per_floor":[99,118,118,218,60,72,72,72,82,98,98,198,212,245,262,364,364,64,99,149,184,201,201,201,262,274,293,343,369,380,448,462,557,557,557,571,583,633,1682,1732,1804,1820,1845,1859,1871,1884,1945,923,937,937,937,962,5,5,5,5,5,5],"floor_reached":56,"language":"ENG","playtime":7085,"items_purged":["Slimebound:Defend_Slimebound","Slimebound:Defend_Slimebound"],"score":832,"play_id":"34a73f50-b4b9-4ca1-8449-c4f201159e40","local_time":"20210226231435","is_ascension_mode":false,"campfire_choices":[{"floor":1,"key":"RECALL"},{"data":"Slimebound:CorrosiveSpit","floor":8,"key":"SMITH"},{"data":"Slimebound:CheckThePlaybook","floor":11,"key":"SMITH"},{"data":"Slimebound:Split","floor":18,"key":"SMITH"},{"data":"Slimebound:SamplingLick","floor":23,"key":"SMITH"},{"data":"Slimebound:Chomp","floor":35,"key":"SMITH"},{"floor":54,"key":"REST"}],"circlet_count":0,"master_deck":["Slimebound:Tackle","Slimebound:Defend_Slimebound+1","Slimebound:Split+1","Slimebound:CorrosiveSpit+1","Slimebound:Schlurp","Slimebound:HauntingLick","Slimebound:LeechEnergy","Slimebound:CheckThePlaybook+1","Slimebound:Prepare","Slimebound:SamplingLick+1","Slimebound:SplitMire","Slimebound:OozeBath","Slimebound:SplitBruiser","Slimebound:Tackle+1","Slimebound:Tackle+1","Slimebound:Tackle+1","Slimebound:LivingWall+1","Slimebound:Equalize+1","Slimebound:Chomp+1","Slimebound:SlimeSpikes","Slimebound:Recollect","Slimebound:Repurpose","Slimebound:LeechLife","expansioncontent:AwakenDeath","Slimebound:SplitSpecialist+1","Slimebound:GoopTackle+1","expansioncontent:DashGenerateEvil","Jack Of All Trades","Slimebound:ComboTackle","Slimebound:LeechEnergy","Slimebound:HauntingLick","Slimebound:LivingWall","Slimebound:Gluttony","expansioncontent:QuickStudy"],"relics":["Slimebound:AbsorbEndCombat","Blue Candle","HandDrill","downfall:CloakOfManyFaces","CultistMask","FaceOfCleric","NlothsMask","GremlinMask","SsserpentHead","Bottled Flame","SacredBark","downfall:HeartBlessingBlue","downfall:HeartBlessingGreen","downfall:HeartBlessingRed","Ancient Tea Set","Omamori","Busted Crown","InkBottle","TungstenRod","Mummified Hand","OrangePellets","Meat on the Bone","Anchor","Vajra","Mercury Hourglass","Chemical X"],"acts_visited":["Exordium","TheCity","TheBeyond","TheEnding"],"potions_floor_usage":[2,12,12,14,16,16,16,26,26,29,29,42,43,43,43,50,50,50,55,55,55],"damage_taken":[{"damage":3,"enemies":"Jaw Worm","floor":2,"turns":5},{"damage":0,"enemies":"downfall:FleeingMerchant","floor":5,"turns":4},{"damage":0,"enemies":"Small Slimes","floor":6,"turns":3},{"damage":0,"enemies":"Cultist","floor":9,"turns":3},{"damage":3,"enemies":"2 Fungi Beasts","floor":10,"turns":3},{"damage":10,"enemies":"downfall:FaceTrader","floor":12,"turns":4},{"damage":13,"enemies":"Exordium Wildlife","floor":13,"turns":3},{"damage":15,"enemies":"Gremlin Nob","floor":14,"turns":4},{"damage":4,"enemies":"Red Slaver","floor":15,"turns":3},{"damage":21,"enemies":"WA_ARCHETYPE_RETAIN","floor":16,"turns":4},{"damage":2,"enemies":"downfall:FleeingMerchant","floor":19,"turns":4},{"damage":24,"enemies":"downfall:FleeingMerchant","floor":21,"turns":4},{"damage":16,"enemies":"Spheric Guardian","floor":22,"turns":3},{"damage":22,"enemies":"downfall:LooterAlt2","floor":25,"turns":4},{"damage":9,"enemies":"Snecko","floor":26,"turns":3},{"damage":5,"enemies":"3 Cultists","floor":27,"turns":4},{"damage":39,"enemies":"Slavers","floor":29,"turns":5},{"damage":18,"enemies":"Shelled Parasite and Fungi","floor":30,"turns":3},{"damage":14,"enemies":"Chosen and Byrds","floor":31,"turns":5},{"damage":9,"enemies":"Cultist and Chosen","floor":32,"turns":4},{"damage":42,"enemies":"SI_MIRROR_ARCHETYPE","floor":33,"turns":8},{"damage":9,"enemies":"3 Darklings","floor":36,"turns":6},{"damage":21,"enemies":"3 Shapes","floor":37,"turns":3},{"damage":31,"enemies":"Spire Growth","floor":42,"turns":4},{"damage":10,"enemies":"Giant Head","floor":43,"turns":5},{"damage":22,"enemies":"3 Darklings","floor":44,"turns":4},{"damage":22,"enemies":"Jaw Worm Horde","floor":45,"turns":4},{"damage":64,"enemies":"Spire Growth","floor":46,"turns":4},{"damage":13,"enemies":"Sphere and 2 Shapes","floor":47,"turns":3},{"damage":0,"enemies":"downfall:FleeingMerchant","floor":48,"turns":2},{"damage":22,"enemies":"Writhing Mass","floor":49,"turns":5},{"damage":73,"enemies":"IC_BLOCK_ARCHETYPE","floor":50,"turns":8},{"damage":79,"enemies":"downfall:CharBossMerchant","floor":52,"turns":6},{"damage":91,"enemies":"downfall:NeowBoss","floor":55,"turns":15},{"damage":87,"enemies":"downfall:NeowBossFinal","floor":56,"turns":6}],"seed_played":"-3946932109143950059","potions_obtained":[{"floor":0,"key":"hexamod:SoulburnPotion"},{"floor":0,"key":"Slimebound:SlimedPotion"},{"floor":0,"key":"Weak Potion"},{"floor":6,"key":"SpeedPotion"},{"floor":10,"key":"FearPotion"},{"floor":14,"key":"EntropicBrew"},{"floor":16,"key":"SpeedPotion"},{"floor":25,"key":"EssenceOfSteel"},{"floor":26,"key":"Fire Potion"},{"floor":31,"key":"DuplicationPotion"},{"floor":33,"key":"FearPotion"},{"floor":36,"key":"AttackPotion"},{"floor":42,"key":"DistilledChaos"},{"floor":45,"key":"DuplicationPotion"},{"floor":52,"key":"SteroidPotion"}],"is_trial":false,"path_per_floor":["R","M","?","?","$","M","T","R","M","M","R","?","M","E","M","B",null,"R","$","?","$","M","R","T","M","M","M","?","E","M","M","M","B",null,"R","M","M","?","?","?","T","M","E","M","M","M","M","$","M","B",null,"E","$","R","B","B"],"character_chosen":"SLIMEBOUND","items_purchased":["HandDrill","Mummified Hand","OrangePellets","Meat on the Bone","FearPotion","SpeedPotion","expansioncontent:DashGenerateEvil","Jack Of All Trades","Slimebound:ComboTackle","Slimebound:LeechEnergy","Slimebound:HauntingLick","Slimebound:LivingWall","Slimebound:Gluttony","Vajra","Mercury Hourglass","expansioncontent:QuickStudy","Block Potion","Ancient Potion","Chemical X"],"campfire_rested":1,"item_purchase_floors":[5,48,48,48,48,48,48,48,48,48,48,48,48,53,53,53,53,53,53],"current_hp_per_floor":[65,65,60,60,65,65,65,65,65,65,65,55,47,39,40,28,69,79,80,80,63,52,52,52,37,35,39,39,17,16,23,23,2,90,90,88,76,76,76,68,68,58,83,79,74,31,42,55,64,42,101,51,51,81,31,0,0,0],"gold":5,"neow_bonus":"THREE_SMALL_POTIONS","is_daily":false,"chose_seed":false,"campfire_upgraded":5,"win_rate":0.0,"timestamp":1614399275,"path_taken":["R","M","?","?","$","M","T","R","M","M","R","?","M","E","M","BOSS","R","?","?","?","M","R","T","?","M","M","?","E","M","?","M","BOSS","R","M","M","?","?","?","T","M","E","M","M","M","?","$","M","BOSS","E","$","R","BOSS","BOSS"],"items_purchased_type":["Relic","Relic","Relic","Relic","Potion","Potion","Card","Card","Card","Card","Card","Card","Card","Relic","Relic","Card","Potion","Potion","Relic"],"build_version":"2020-12-22","purchased_purges":2,"victory":false,"max_hp_per_floor":[65,65,65,65,65,65,65,65,65,65,65,65,66,67,68,69,69,79,80,80,81,82,82,82,83,84,85,85,86,87,88,89,90,90,90,91,92,92,92,92,92,93,94,95,96,97,98,99,100,101,101,102,102,102,103,103,103,103],"card_choices":[{"not_picked":["Slimebound:SplitBruiser","Slimebound:GrowthPunch"],"picked":"Slimebound:Schlurp","floor":2},{"not_picked":["Slimebound:LivingWall","Slimebound:Schlurp"],"picked":"Slimebound:HauntingLick","floor":5},{"not_picked":["Slimebound:Equalize","Slimebound:ComboTackle"],"picked":"Slimebound:LeechEnergy","floor":6},{"not_picked":["Slimebound:GoopTackle","Slimebound:RollThrough","Slimebound:LeechEnergy"],"picked":"SKIP","floor":9},{"not_picked":["Slimebound:SplitBruiser","Slimebound:FinishingTackle"],"picked":"Slimebound:CheckThePlaybook","floor":10},{"not_picked":["Slimebound:Chomp","Slimebound:DivideAndConquer"],"picked":"Slimebound:Prepare","floor":12},{"not_picked":["Slimebound:ViciousTackle","Slimebound:Grow","Slimebound:SlimeSpikes"],"picked":"SKIP","floor":13},{"not_picked":["Slimebound:Equalize","Slimebound:SplitAcid"],"picked":"Slimebound:SamplingLick","floor":14},{"not_picked":["Slimebound:RainOfGoop","Slimebound:Schlurp"],"picked":"Slimebound:SplitMire","floor":15},{"not_picked":["Slimebound:Overexert","Slimebound:WasteNot"],"picked":"Slimebound:OozeBath","floor":16},{"not_picked":["Slimebound:Schlurp","Slimebound:FinishingTackle"],"picked":"Slimebound:SplitBruiser","floor":19},{"not_picked":["Slimebound:FinishingTackle","Slimebound:Equalize+1","Slimebound:FormOfPuddle+1"],"picked":"SKIP","floor":21},{"not_picked":["Slimebound:PressTheAttack","Slimebound:Dissolve+1","Slimebound:FinishingTackle"],"picked":"SKIP","floor":22},{"not_picked":["Slimebound:SplitLeeching","Slimebound:GoopTackle"],"picked":"Slimebound:LivingWall+1","floor":25},{"not_picked":["Slimebound:RollThrough","Slimebound:SplitAcid"],"picked":"Slimebound:Equalize+1","floor":26},{"not_picked":["Slimebound:LeechingTouch","Slimebound:ComboTackle"],"picked":"Slimebound:Chomp","floor":27},{"not_picked":["Slimebound:SplitBruiser","Slimebound:WasteNot"],"picked":"Slimebound:SlimeSpikes","floor":29},{"not_picked":["Slimebound:SlimeBrawl","Slimebound:GoopTackle"],"picked":"Slimebound:Recollect","floor":30},{"not_picked":["Slimebound:MegaLick","Slimebound:Chomp+1"],"picked":"Slimebound:Repurpose","floor":31},{"not_picked":["Slimebound:ItLooksTasty","Slimebound:Prepare+1","Slimebound:Schlurp"],"picked":"SKIP","floor":32},{"not_picked":["Slimebound:MinionMaster","Slimebound:MassFeed"],"picked":"Slimebound:LeechLife","floor":33},{"not_picked":["Slimebound:Prepare+1"],"picked":"SKIP","floor":36},{"not_picked":["Slimebound:SlimeSpikes"],"picked":"SKIP","floor":37},{"not_picked":["expansioncontent:GuardianWhirl","expansioncontent:YouAreMine"],"picked":"expansioncontent:AwakenDeath","floor":38},{"not_picked":["Slimebound:SplitAcid"],"picked":"SKIP","floor":42},{"not_picked":[],"picked":"Slimebound:SplitSpecialist+1","floor":43},{"not_picked":[],"picked":"Slimebound:GoopTackle+1","floor":44},{"not_picked":["Slimebound:DivideAndConquer"],"picked":"SKIP","floor":45},{"not_picked":["Slimebound:PressTheAttack"],"picked":"SKIP","floor":46},{"not_picked":["Slimebound:LeechingTouch+1"],"picked":"SKIP","floor":47},{"not_picked":["Slimebound:SlimeBrawl"],"picked":"SKIP","floor":48},{"not_picked":["Slimebound:LeechingTouch+1"],"picked":"SKIP","floor":49},{"not_picked":["Slimebound:Schlurp"],"picked":"SKIP","floor":52}],"player_experience":246583,"relics_obtained":[{"floor":12,"key":"downfall:CloakOfManyFaces"},{"floor":14,"key":"Bottled Flame"},{"floor":28,"key":"Ancient Tea Set"},{"floor":29,"key":"Omamori"},{"floor":41,"key":"InkBottle"},{"floor":43,"key":"TungstenRod"},{"floor":52,"key":"Anchor"}],"event_choices":[{"damage_healed":0,"gold_gain":0,"player_choice":"Relic","damage_taken":0,"max_hp_gain":0,"max_hp_loss":0,"event_name":"Wheel of Change","floor":28,"gold_loss":0}],"is_beta":false,"boss_relics":[{"not_picked":["Cursed Key","Empty Cage"],"picked":"SacredBark"},{"not_picked":["Astrolabe","Slimebound:TarBlob"],"picked":"Busted Crown"}],"items_purged_floors":[48,53],"is_endless":false,"potions_floor_spawned":[6,10,14,16,25,26,31,33,36,42,45,49,52],"killed_by":"downfall:NeowBossFinal","ascension_level":0}}