{"host":"fa9lu700uj5rxl8c","time":1614403982,"event":{"mods":["2.2 Compatiblity","A Penny For Your Troubles","AchievementEnabler","Act Like it!","AlwaysNeverKeys","Aspiration","Bard","BaseMod","Beaked The Cultist","Better Altar","Better Match","Better Note","Better Sensory Stone","Better Silent Start","Better Skull","Better Third Choice","BetterRewards","Bossed Relics","CCEM2","ChefMod","Colored Map","Colored Powertips","Conspire","Curses Come First","Displayed Cursed Tome","Downfall","Energized Spire","Friendly Minions","FruityMod","Gensokyo","GifTheSpireLib","Hallownest","Hermit","Infinite Spire","Ironclad Rager","Jorbs\u0027s Wanderer Trilogy","Luminous","Mad Scientist","Minty Spire (QoL Compilation)","Permanent Neow","Quarter Circle Forward PUNCH!","Random Character Button","Reliquary","Reorder Act Four","Replay The Spire","Robot Space Explorer","Ruina","Shop Mod","Spicy Shops","Spikes Relics","Spire Arcade","StSLib","Stuff the Spire","SuperFastMode","The Blackbeard","The Blue Laboratory","The Bug Knight","The Construct","The Cursed","The Disciple","The Exalted","The Forsaken","The Hierophant","The IronCluck","The Judge","The Juggernuat","The Marked","The Mystic","The Necromancer","The Runesmith","The Sage","The Saiyan","TheBandit","TheFirefly","Transform Curses","Wandering Minibosses"],"gold_per_floor":[121,130,12,21,50,72,72,110,110,21,21,21,60,86,86,190,190,234,278,278,324,333,390,390,431,457,457,799,840,849,29,29,157,157,222,302,348,357,400,400,459,536,536,595,633,678,678,723,723,723,723],"floor_reached":50,"language":"ENG","playtime":4474,"items_purged":["Strike_P"],"score":880,"play_id":"04d6cf53-142d-49cb-baa5-14b1cecd9980","local_time":"20210227063302","is_ascension_mode":false,"campfire_choices":[{"data":"Wormhole","floor":7,"key":"SMITH"},{"data":"Convergence","floor":12,"key":"SMITH"},{"data":"Creativity","floor":15,"key":"SMITH"},{"data":"Umbra","floor":24,"key":"SMITH"},{"data":"Flux","floor":27,"key":"SMITH"},{"data":"Midas Touch","floor":32,"key":"SMITH"},{"data":"Overload","floor":40,"key":"SMITH"},{"data":"StrokeOfGenius","floor":47,"key":"SMITH"},{"data":"ReflectionWard","floor":49,"key":"SMITH"}],"circlet_count":0,"master_deck":["Strike_P","Strike_P","Defend_P","Defend_P","Defend_P","Defend_P","AstralHaze","Wormhole+1","EssenceDart","Flux+1","MagicMissile","Burn","Genesis","Creativity+1","Convergence+1","NullStorm","SiphonPower","PlasmaWave","Sadistic Nature+1","PhaseCoil","PrismaticSphere","ForceRipple+1","ArcaneArmor","Vortex","Coalescence+1","Flicker+1","PulseBarrier","EssenceDart+1","PhaseCoil+1","Singularity","Equinox","Retrograde","Genesis+1","EssenceDart","EssenceDart","MagicMissile+1","Vacuum","Umbra+1","Strike_P","Strike_P","Defend_P","Defend_P","Defend_P","Defend_P","AstralHaze","Wormhole+1","EssenceDart","Flux+1","MagicMissile","Burn","Genesis","Creativity+1","Convergence+1","NullStorm","SiphonPower","PlasmaWave","Sadistic Nature+1","PhaseCoil","PrismaticSphere","ForceRipple+1","ArcaneArmor","Vortex","Coalescence+1","Flicker+1","PulseBarrier","EssenceDart+1","PhaseCoil+1","Singularity","Equinox","Retrograde","Genesis+1","EssenceDart","EssenceDart","MagicMissile+1","Vacuum","Umbra+1","Entropy","Retrograde","Equinox","theForsaken:PlagueCurse","Anomaly+1","Flicker","Midas Touch+1","MindOverMatter","PeriaptOfPotency+1","ReflectionWard+1","EtherBlast","Channel","Genesis","Overload+1","Comet+1","StrokeOfGenius+1","StrokeOfGenius+1","UnstableOrb","Surge+1","Pain","ArcaneArmor","Vortex","StrokeOfGenius","Syzygy+1","VoidRay","Irradiate+1","Retrograde+1","Disperse","Irradiate+1","Feedback","MagicMissile","Comet+1","Anomaly+1","UnstableOrb+1","MagicMissile","PrismaticSphere","PhaseCoil+1","Irradiate+1","Nova+1","EssenceDart","SiphonSpeed"],"relics":["Arcanosphere","MerchantsRug","CeramicFish","Guardian:PocketSentry","Bromod:ArcanePulse","Frozen Egg 2","qcfpunch:Red_Beret","Bottled Lightning","StuffTheSpire:DarkSteelAnvil","Pet Ghost","energizedSpire:StickyHand","GremlinMask","Pen Nib","StuffTheSpire:Mouthbags","theForsaken:PlagueMask","conspire:TreasureMap","Guide Book","StuffTheSpire:Nightcore","aspiration:MobileForge","CCEMRelics:OrganicArmor","WarpedTongs","Juzu Bracelet","CrustySpines","Bromod:ArcaneMomentum","CCEMRelics:PorcelainBowl"],"acts_visited":["Exordium","TheCity","TheBeyond"],"potions_floor_usage":[8,13],"damage_taken":[{"damage":2,"enemies":"conspire:RoseBush","floor":1,"turns":3},{"damage":0,"enemies":"Small Slimes","floor":5,"turns":2},{"damage":2,"enemies":"Cultist","floor":6,"turns":3},{"damage":11,"enemies":"Gremlin Nob","floor":8,"turns":4},{"damage":2,"enemies":"3 Sentries","floor":13,"turns":4},{"damage":2,"enemies":"conspire:2 RoseBushes","floor":14,"turns":2},{"damage":46,"enemies":"The Guardian","floor":16,"turns":9},{"damage":0,"enemies":"Chosen","floor":18,"turns":2},{"damage":2,"enemies":"Cultist and Chosen","floor":19,"turns":5},{"damage":2,"enemies":"Chosen and Byrds","floor":21,"turns":5},{"damage":0,"enemies":"Replay:Snechameleon","floor":23,"turns":7},{"damage":10,"enemies":"conspire:HollyBat","floor":25,"turns":8},{"damage":0,"enemies":"Snecko","floor":29,"turns":2},{"damage":11,"enemies":"Collector","floor":33,"turns":6},{"damage":0,"enemies":"3 Shapes","floor":35,"turns":3},{"damage":11,"enemies":"2 Orb Walkers","floor":36,"turns":2},{"damage":0,"enemies":"Orb Walker","floor":37,"turns":1},{"damage":0,"enemies":"Writhing Mass","floor":39,"turns":5},{"damage":0,"enemies":"Giant Head","floor":41,"turns":4},{"damage":0,"enemies":"Mind Bloom Boss Battle","floor":42,"turns":4},{"damage":0,"enemies":"Reptomancer","floor":44,"turns":3},{"damage":0,"enemies":"Maw","floor":45,"turns":4},{"damage":35,"enemies":"Sphere and 2 Shapes","floor":46,"turns":5},{"damage":4,"enemies":"Jaw Worm Horde","floor":48,"turns":2},{"damage":31,"enemies":"conspire:OrnateMirror","floor":50,"turns":2}],"seed_played":"2100730004963322539","potions_obtained":[{"floor":5,"key":"LifebloodPotion"},{"floor":13,"key":"blueLaboratory:Moonshine"},{"floor":16,"key":"blueLaboratory:BottleOfVodka"},{"floor":29,"key":"Guardian:BlockOnCardUsePotion"},{"floor":33,"key":"blueLaboratory:FruitPreserves"},{"floor":36,"key":"Strength Potion"}],"is_trial":false,"path_per_floor":["M","?","$","?","M","M","R","E","T","$","?","R","E","M","R","B",null,"M","M","?","M","?","E","R","M","T","R","?","M","?","$","R","B",null,"M","?","M","?","M","R","E","?","T","E","M","M","R","M","R","B"],"character_chosen":"THE_SEEKER","items_purchased":["MerchantsRug","CeramicFish","Guardian:PocketSentry","Wormhole","EssenceDart","Flux","blueLaboratory:Moonshine","Genesis","Creativity","Convergence","StuffTheSpire:DarkSteelAnvil","Sadistic Nature+1","Anomaly+1","conspire:TreasureMap","Flicker","Guide Book","StuffTheSpire:Nightcore","Midas Touch"],"campfire_rested":0,"item_purchase_floors":[0,0,0,0,0,0,0,3,3,3,10,10,31,31,31,31,31,31],"current_hp_per_floor":[73,73,73,73,73,71,71,60,60,60,60,60,58,56,56,10,75,75,73,73,71,71,71,71,61,61,61,61,61,61,61,61,50,75,75,64,64,64,64,64,64,64,64,64,64,29,29,25,25,0,0],"gold":723,"neow_bonus":"","is_daily":false,"chose_seed":false,"campfire_upgraded":9,"win_rate":0.0,"timestamp":1614403982,"path_taken":["M","?","$","?","M","M","R","E","T","$","?","R","E","?","R","BOSS","M","M","?","?","?","E","R","M","T","R","?","M","?","$","R","BOSS","M","?","M","?","?","R","E","?","T","E","M","M","R","M","R","BOSS"],"items_purchased_type":["Relic","Relic","Relic","Card","Card","Card","Potion","Card","Card","Card","Relic","Card","Card","Relic","Card","Relic","Relic","Card"],"build_version":"2020-12-22","purchased_purges":1,"victory":false,"max_hp_per_floor":[75,75,75,75,75,75,75,75,75,75,75,75,75,75,75,75,75,75,75,75,75,75,75,75,75,75,75,75,75,75,75,75,75,75,75,75,75,75,75,75,75,75,75,75,75,75,75,75,75,75,75],"card_choices":[{"not_picked":["VoidRay","Hypothesis"],"picked":"MagicMissile","floor":1},{"not_picked":["PulseBarrier","Illuminate"],"picked":"NullStorm","floor":5},{"not_picked":["Irradiate","Retrograde"],"picked":"SiphonPower","floor":6},{"not_picked":["DisruptionField","UnstableOrb"],"picked":"PlasmaWave","floor":8},{"not_picked":["Vacuum","DarkMatter"],"picked":"PhaseCoil","floor":13},{"not_picked":["Surge","Flux"],"picked":"PrismaticSphere","floor":14},{"not_picked":["ThoughtRaze","ReflectionWard"],"picked":"ForceRipple","floor":16},{"not_picked":["ArcaneArmor","Coalescence+1"],"picked":"Vortex","floor":18},{"not_picked":["PulseBarrier","EssenceDart+1"],"picked":"Flicker+1","floor":19},{"not_picked":["PhaseCoil+1","Singularity"],"picked":"Umbra","floor":21},{"not_picked":["Retrograde","EssenceDart"],"picked":"Genesis+1","floor":23},{"not_picked":["EssenceDart","MagicMissile+1"],"picked":"Vacuum","floor":25},{"not_picked":["Retrograde","Equinox"],"picked":"Entropy","floor":29},{"not_picked":["MindOverMatter","PeriaptOfPotency+1"],"picked":"ReflectionWard","floor":33},{"not_picked":["Channel","Genesis"],"picked":"EtherBlast","floor":35},{"not_picked":["Overload","Comet+1"],"picked":"StrokeOfGenius+1","floor":36},{"not_picked":["StrokeOfGenius","UnstableOrb"],"picked":"Surge+1","floor":37},{"not_picked":["ArcaneArmor","StrokeOfGenius"],"picked":"Vortex","floor":39},{"not_picked":["VoidRay","Irradiate+1"],"picked":"Syzygy+1","floor":41},{"not_picked":["Retrograde+1","Irradiate+1"],"picked":"Disperse","floor":42},{"not_picked":["Feedback","MagicMissile"],"picked":"Comet+1","floor":44},{"not_picked":["Anomaly+1","MagicMissile"],"picked":"UnstableOrb+1","floor":45},{"not_picked":["PrismaticSphere","Irradiate+1"],"picked":"PhaseCoil+1","floor":46},{"not_picked":["Nova+1","EssenceDart"],"picked":"SiphonSpeed","floor":48}],"player_experience":517431,"relics_obtained":[{"floor":8,"key":"qcfpunch:Red_Beret"},{"floor":9,"key":"Bottled Lightning"},{"floor":13,"key":"Pet Ghost"},{"floor":23,"key":"Pen Nib"},{"floor":26,"key":"StuffTheSpire:Mouthbags"},{"floor":36,"key":"CCEMRelics:OrganicArmor"},{"floor":41,"key":"Juzu Bracelet"},{"floor":42,"key":"CrustySpines"},{"floor":43,"key":"Bromod:ArcaneMomentum"},{"floor":44,"key":"CCEMRelics:PorcelainBowl"}],"event_choices":[{"damage_healed":73,"gold_gain":0,"player_choice":"Embrace Burn","damage_taken":0,"max_hp_gain":0,"max_hp_loss":75,"event_name":"betterThird:BetterShining","floor":2,"gold_loss":0},{"cards_removed":["Injury"],"damage_healed":0,"gold_gain":0,"player_choice":"Purged","damage_taken":0,"max_hp_gain":0,"max_hp_loss":0,"event_name":"Purifier","floor":11,"gold_loss":0},{"damage_healed":0,"gold_gain":0,"player_choice":"Trade","damage_taken":0,"relics_obtained":["GremlinMask"],"max_hp_gain":0,"max_hp_loss":0,"event_name":"FaceTrader","floor":20,"gold_loss":0},{"damage_healed":0,"gold_gain":0,"cards_transformed":["Strike_P"],"player_choice":"Transformed","damage_taken":0,"max_hp_gain":0,"max_hp_loss":0,"event_name":"Transmorgrifier","floor":22,"gold_loss":0,"cards_obtained":["Equinox"]},{"damage_healed":0,"gold_gain":0,"player_choice":"Obtain Plague Curse","damage_taken":0,"max_hp_gain":0,"max_hp_loss":0,"event_name":"Plague Doctor","floor":30,"gold_loss":0,"cards_obtained":["theForsaken:PlagueCurse"]},{"damage_healed":0,"gold_gain":0,"player_choice":"Fight","damage_taken":0,"max_hp_gain":0,"max_hp_loss":0,"event_name":"Mysterious Sphere","floor":36,"gold_loss":0},{"damage_healed":0,"gold_gain":0,"player_choice":"Rummage","damage_taken":0,"relics_obtained":["WarpedTongs"],"max_hp_gain":0,"max_hp_loss":0,"event_name":"Accursed Blacksmith","floor":38,"gold_loss":0,"cards_obtained":["Pain"]},{"damage_healed":0,"gold_gain":0,"player_choice":"Fight","damage_taken":0,"max_hp_gain":0,"max_hp_loss":0,"event_name":"MindBloom","floor":42,"gold_loss":0}],"is_beta":false,"boss_relics":[{"not_picked":["Bromod:ArcaneBarrier","Replay:Wanted Poster"],"picked":"energizedSpire:StickyHand"},{"not_picked":["CosmicIsotope","energizedSpire:DeadBattery"],"picked":"aspiration:MobileForge"}],"items_purged_floors":[0],"is_endless":false,"potions_floor_spawned":[5,13,16,21,25,29,33,36,37,41,42],"killed_by":"conspire:OrnateMirror","ascension_level":0}}