{"host":"yvapux1qyejt934z","time":1614440964,"event":{"mods":["Aspiration","BaseMod","Bestiary","Better Third Choice","Downfall","Energized Spire","Evolution","GifTheSpireLib","Jorbs\u0027s Wanderer Trilogy","Koishi","Minty Spire (QoL Compilation)","Relic Stats","Reliquary","Remilia??????","Replay The Spire","Shade Mod","StSLib","Stuff the Spire","The Blue Laboratory","The Cursed","The Disciple","The Hierophant","The Marked","The Necromancer","The Servant 0.9.4"],"gold_per_floor":[111,61,73,91,111,111,141,141,167,167,167,187,205,11,11,114,114,126,136,136,136,151,151,4,4,30,76,106,106,145,145,145,256,256,285,285,302,117,145,172,9,9,36,59,59,101,101,119,119,131],"floor_reached":51,"language":"ENG","playtime":3992,"items_purged":[],"score":865,"play_id":"bffa0680-180d-40dc-b601-2d853dde78c5","local_time":"20210227104924","is_ascension_mode":false,"campfire_choices":[{"data":"Shade:SensePrey","floor":6,"key":"SMITH"},{"data":"Shade:Brains","floor":8,"key":"SMITH"},{"data":"Shade:Bonestorm","floor":10,"key":"SMITH"},{"data":"Shade:AnimateDead","floor":15,"key":"SMITH"},{"data":"Shade:GoDigging","floor":23,"key":"SMITH"},{"data":"Shade:Bonestorm","floor":25,"key":"SMITH"},{"data":"Shade:LichForm","floor":32,"key":"SMITH"},{"data":"Shade:FreshBones","floor":42,"key":"SMITH"},{"data":"Shade:AuraOfUnlife","floor":45,"key":"SMITH"},{"data":"Shade:CommandSoldier","floor":47,"key":"SMITH"},{"data":"Shade:Brains","floor":49,"key":"SMITH"}],"circlet_count":0,"master_deck":["Shade:Strike_Shade","Shade:Strike_Shade","Shade:Defend_Shade","Shade:Defend_Shade","Shade:Defend_Shade","Shade:AnimateDead+1","Shade:CarefulCut","Shade:Bonestorm+1","Shade:SensePrey+1","Shade:Brains+1","Shade:AncientSpear","Shade:GoDigging+1","Shade:LoseControl","Shade:GraveStillness","Shade:Premonition","Shade:FleshToFlesh","Shade:OneIsEnough","Shade:Frenzy+1","Shade:CallWraith+1","Shade:StitchTogether","Shade:Bonestorm+1","Shade:Premonition","Shade:Brains+1","Shade:DarkOfNight","Shade:FleshToFlesh+1","Shade:CommandSoldier+1","Shade:LichForm+1","Shade:SoulPierce","Shade:CoffinDance+1","Shade:BoneShards+1","Shade:LyeBath","Shade:ScuttlingHand","Shade:CallOfTheGrave","Shade:FreshBones+1","Shade:FreshBones+1","Shade:AuraOfUnlife+1","Shade:PoundOfFlesh","Shade:SpectralStrikes","Parasite","Shade:SkeletonHug"],"relics":["Shade:YorickSkull","EVO:Axolotl","NeowsBlessing","betterThird:SlimedRelic","reliquary:NewFriend","reliquary:ExpiredCoupon","StuffTheSpire:Gunfinga","Empty Cage","sneckomod:BabySnecko","FaceOfCleric","Replay:Bandana","Unceasing Top","Shade:Thing","Ring of Hypnosis","ReplayTheSpireMod:Ring of Collecting","Honey Jar","ReplayTheSpireMod:Ring of Exchange","reliquary:Knoch","Ring of Panic","Pen Nib","Mango"],"acts_visited":["Exordium","TheCity","TheBeyond"],"potions_floor_usage":[7,7,30,30,30,33,46,50,50],"damage_taken":[{"damage":0,"enemies":"Jaw Worm","floor":1,"turns":1},{"damage":0,"enemies":"Cultist","floor":3,"turns":1},{"damage":0,"enemies":"2 Louse","floor":4,"turns":1},{"damage":0,"enemies":"Exordium Wildlife","floor":5,"turns":4},{"damage":2,"enemies":"3 Sentries","floor":7,"turns":3},{"damage":0,"enemies":"Exordium Thugs","floor":12,"turns":4},{"damage":0,"enemies":"Large Slime","floor":13,"turns":3},{"damage":27,"enemies":"Slime Boss","floor":16,"turns":20},{"damage":0,"enemies":"2 Thieves","floor":18,"turns":4},{"damage":0,"enemies":"Spheric Guardian","floor":19,"turns":6},{"damage":5,"enemies":"Snake Plant","floor":22,"turns":4},{"damage":10,"enemies":"Gremlin Leader","floor":27,"turns":6},{"damage":5,"enemies":"Cultist and Chosen","floor":28,"turns":5},{"damage":0,"enemies":"Slavers","floor":30,"turns":4},{"damage":16,"enemies":"Pondfish","floor":33,"turns":11},{"damage":13,"enemies":"3 Darklings","floor":35,"turns":3},{"damage":5,"enemies":"Orb Walker","floor":37,"turns":3},{"damage":7,"enemies":"Spire Growth","floor":39,"turns":4},{"damage":17,"enemies":"3 Darklings","floor":40,"turns":3},{"damage":5,"enemies":"R_Hoarder","floor":46,"turns":4},{"damage":6,"enemies":"Writhing Mass","floor":48,"turns":4},{"damage":30,"enemies":"Replay:Hell Engine","floor":50,"turns":8}],"seed_played":"6371077444794557788","potions_obtained":[{"floor":3,"key":"Toxic Potion"},{"floor":4,"key":"blueLaboratory:SavagePotion"},{"floor":7,"key":"blueLaboratory:PyrophylliteBrew"},{"floor":12,"key":"Guardian:BlockOnCardUsePotion"},{"floor":16,"key":"Strength Potion"},{"floor":18,"key":"blueLaboratory:RememoryPotion"},{"floor":30,"key":"bronze:BurnAndBuffPotion"},{"floor":33,"key":"Swift Potion"},{"floor":37,"key":"Regen Potion"},{"floor":40,"key":"champ:CounterPotion"},{"floor":46,"key":"FearPotion"}],"is_trial":false,"path_per_floor":["M","?","M","M","M","R","E","R","T","R","?","M","M","$","R","B",null,"M","M","?","?","M","R","$","R","T","E","M","?","E","?","R","B",null,"M","?","M","$","M","M","$","R","T","T","R","E","R","M","R","B",null],"character_chosen":"SHADE","items_purchased":["StuffTheSpire:Gunfinga","Shade:FleshToFlesh","Shade:Bonestorm","Shade:Premonition","Shade:Brains","Shade:LyeBath","Shade:ScuttlingHand","Shade:CallOfTheGrave","Shade:AuraOfUnlife","Shade:PoundOfFlesh"],"campfire_rested":0,"item_purchase_floors":[14,14,24,24,24,38,38,38,41,41],"current_hp_per_floor":[65,54,54,54,54,54,52,52,52,52,52,52,52,52,52,25,65,65,65,65,65,61,61,61,61,61,57,60,60,68,68,68,54,70,58,58,54,54,48,32,32,32,32,32,32,54,54,49,49,20],"gold":131,"neow_bonus":"THREE_ENEMY_KILL","is_daily":false,"chose_seed":false,"campfire_upgraded":11,"win_rate":0.0,"timestamp":1614440964,"path_taken":["M","?","M","M","M","R","E","R","T","R","?","?","M","$","R","BOSS","M","M","?","?","?","R","$","R","T","E","M","?","E","?","R","BOSS","M","?","?","$","M","M","$","R","T","?","R","E","R","M","R","BOSS"],"items_purchased_type":["Relic","Card","Card","Card","Card","Card","Card","Card","Card","Card"],"build_version":"2020-12-22","purchased_purges":0,"victory":true,"max_hp_per_floor":[65,65,65,65,65,65,65,65,65,65,65,65,65,65,65,65,65,65,65,65,65,66,66,66,66,66,67,68,68,69,69,69,70,70,71,71,72,72,73,74,74,74,74,74,74,89,89,90,90,91],"relic_stats":{"FaceOfCleric":12,"counters":[22,106],"Pen Nib":[2],"obtain_stats":[{"ReplayTheSpireMod:Ring of Exchange":43,"NeowsBlessing":0,"Ring of Hypnosis":31,"Shade:YorickSkull":0,"Mango":46,"Pen Nib":44,"EVO:Axolotl":0,"Empty Cage":17,"reliquary:ExpiredCoupon":9,"sneckomod:BabySnecko":20,"StuffTheSpire:Gunfinga":14,"Replay:Bandana":26,"FaceOfCleric":21,"betterThird:SlimedRelic":2,"ReplayTheSpireMod:Ring of Collecting":31,"Honey Jar":34,"reliquary:NewFriend":7,"reliquary:Knoch":43,"Ring of Panic":44,"Unceasing Top":27,"Shade:Thing":30},{"ReplayTheSpireMod:Ring of Exchange":19,"NeowsBlessing":0,"Ring of Hypnosis":14,"Shade:YorickSkull":0,"Mango":20,"Pen Nib":19,"EVO:Axolotl":0,"Empty Cage":8,"reliquary:ExpiredCoupon":5,"sneckomod:BabySnecko":10,"StuffTheSpire:Gunfinga":7,"Replay:Bandana":11,"FaceOfCleric":10,"betterThird:SlimedRelic":1,"ReplayTheSpireMod:Ring of Collecting":14,"Honey Jar":15,"reliquary:NewFriend":5,"reliquary:Knoch":19,"Ring of Panic":19,"Unceasing Top":12,"Shade:Thing":14},{"ReplayTheSpireMod:Ring of Exchange":90,"NeowsBlessing":0,"Ring of Hypnosis":66,"Shade:YorickSkull":0,"Mango":94,"Pen Nib":90,"EVO:Axolotl":0,"Empty Cage":37,"reliquary:ExpiredCoupon":10,"sneckomod:BabySnecko":47,"StuffTheSpire:Gunfinga":17,"Replay:Bandana":51,"FaceOfCleric":47,"betterThird:SlimedRelic":1,"ReplayTheSpireMod:Ring of Collecting":66,"Honey Jar":77,"reliquary:NewFriend":10,"reliquary:Knoch":90,"Ring of Panic":90,"Unceasing Top":57,"Shade:Thing":66}],"Unceasing Top":[1]},"card_choices":[{"not_picked":["Shade:Frenzy","Shade:FeralStrike"],"picked":"Shade:Bonestorm","floor":1},{"not_picked":["Shade:Trample","Shade:CommandSoldier"],"picked":"Shade:SensePrey","floor":3},{"not_picked":["Shade:ClawBack","Shade:PoundOfFlesh"],"picked":"Shade:Brains","floor":4},{"not_picked":["Shade:LastGasp","Shade:ClawBack"],"picked":"Shade:AncientSpear","floor":5},{"not_picked":["Shade:AncientSpear","Shade:LoseControl"],"picked":"Shade:GoDigging","floor":7},{"not_picked":["Shade:FuneraryArmor","Shade:SkeletonArmy"],"picked":"Shade:GraveStillness","floor":12},{"not_picked":["Shade:GreyBargain","Shade:Haruspicy"],"picked":"Shade:Premonition","floor":13},{"not_picked":["Shade:LastGasp","Shade:Tombstone"],"picked":"Shade:OneIsEnough","floor":16},{"not_picked":["Shade:DangerousRitual","Shade:GraveStillness"],"picked":"Shade:Frenzy+1","floor":18},{"not_picked":["Shade:Trample+1","Shade:Frenzy"],"picked":"Shade:CallWraith+1","floor":19},{"not_picked":["Shade:Haruspicy+1","Shade:FeralStrike+1"],"picked":"Shade:StitchTogether","floor":22},{"not_picked":["Shade:FleshToFlesh","Shade:StitchTogether"],"picked":"Shade:DarkOfNight","floor":27},{"not_picked":["Shade:Brains","Shade:AncientSpear"],"picked":"Shade:FleshToFlesh+1","floor":28},{"not_picked":["Shade:ClawBack+1","Shade:PoundOfFlesh"],"picked":"Shade:LichForm","floor":30},{"not_picked":["Shade:OneIsEnough","Shade:UnbarTheGrave"],"picked":"Shade:SoulPierce","floor":33},{"not_picked":["Shade:Awaken","Shade:FreshBones","Shade:SanguineRitual"],"picked":"Shade:CoffinDance+1","floor":35},{"not_picked":["Shade:PotionOfRestlessness","Shade:ClawBack","Shade:AncientSpear"],"picked":"Shade:BoneShards+1","floor":37},{"not_picked":["Shade:SoulPierce","Shade:FuneraryArmor+1","Shade:CommandSoldier"],"picked":"Shade:FreshBones","floor":39},{"not_picked":["Shade:BoneShards+1","Shade:Premonition+1","Shade:FeralStrike"],"picked":"Shade:FreshBones+1","floor":40},{"not_picked":["Shade:Premonition","Shade:FleshToFlesh","Shade:SanguineRitual+1"],"picked":"Shade:SpectralStrikes","floor":46},{"not_picked":["Shade:ExtraLimbs","Shade:PoundOfFlesh","Shade:GreyBargain+1"],"picked":"Shade:SkeletonHug","floor":48}],"player_experience":49290,"relics_obtained":[{"floor":7,"key":"reliquary:NewFriend"},{"floor":9,"key":"reliquary:ExpiredCoupon"},{"floor":26,"key":"Replay:Bandana"},{"floor":27,"key":"Unceasing Top"},{"floor":30,"key":"Shade:Thing"},{"floor":31,"key":"Ring of Hypnosis"},{"floor":31,"key":"ReplayTheSpireMod:Ring of Collecting"},{"floor":43,"key":"ReplayTheSpireMod:Ring of Exchange"},{"floor":43,"key":"reliquary:Knoch"},{"floor":44,"key":"Ring of Panic"},{"floor":44,"key":"Pen Nib"},{"floor":46,"key":"Mango"}],"event_choices":[{"damage_healed":0,"gold_gain":0,"player_choice":"Slimed","damage_taken":11,"max_hp_gain":0,"max_hp_loss":0,"event_name":"betterThird:BetterGoop","floor":2,"gold_loss":50},{"damage_healed":0,"gold_gain":0,"cards_transformed":["Shade:Strike_Shade"],"player_choice":"Transformed","damage_taken":0,"max_hp_gain":0,"max_hp_loss":0,"event_name":"Transmorgrifier","floor":11,"gold_loss":0,"cards_obtained":["Shade:LoseControl"]},{"damage_healed":0,"gold_gain":0,"player_choice":"Trade","damage_taken":0,"relics_obtained":["FaceOfCleric"],"max_hp_gain":0,"max_hp_loss":0,"event_name":"FaceTrader","floor":21,"gold_loss":0},{"damage_healed":0,"gold_gain":0,"player_choice":"Read","damage_taken":0,"max_hp_gain":0,"max_hp_loss":0,"event_name":"The Library","floor":29,"gold_loss":0,"cards_obtained":["Shade:CommandSoldier"]},{"cards_removed":["Voices","downfall:Bewildered"],"damage_healed":0,"gold_gain":0,"player_choice":"Removed Curses","damage_taken":0,"max_hp_gain":0,"max_hp_loss":0,"event_name":"Fountain of Cleansing","floor":36,"gold_loss":0}],"is_beta":false,"boss_relics":[{"not_picked":["Replay:Drink Me","energizedSpire:DeadBattery"],"picked":"Empty Cage"},{"not_picked":["aspiration:WatcherSkillbook","StuffTheSpire:ModemDavis"],"picked":"Honey Jar"}],"items_purged_floors":[],"is_endless":false,"potions_floor_spawned":[3,4,7,12,16,18,30,33,37,40,46],"ascension_level":0}}