{"host":"jsd6g3c2vo13e69c","time":1614443986,"event":{"mods":["2.2 Compatiblity","Act Like it!","BaseMod","Better Altar","Better Match","Better Note","Better Sensory Stone","Better Third Choice","BetterRewards","Colored Map","Colored Powertips","Downfall","Friendly Minions","GifTheSpireLib","Googly Eyes","Gremlin Mod","Hermit","Hubris","Infinite Spire","Melee Mod","Minty Spire (QoL Compilation)","Permanent Neow","Quick Restart","Random Character Button","Replay The Spire","Shop Mod","Spire Arcade","StSLib","The Cursed","The Disciple","The Forsaken","thorton"],"gold_per_floor":[0,17,32,32,32,44,44,44,56,70,80,80,97,115,125,125,125],"floor_reached":16,"language":"ENG","playtime":466,"items_purged":[],"score":98,"play_id":"327a0210-db27-4a31-a0a5-f19f6f0194c2","local_time":"20210227113946","is_ascension_mode":false,"campfire_choices":[{"data":"meleeMod_IKilledMufasa","floor":8,"key":"SMITH"},{"data":"meleeMod_RapidJabs","floor":12,"key":"SMITH"}],"circlet_count":0,"master_deck":["meleeMod_Jab","meleeMod_Jab","meleeMod_Jab","meleeMod_Jab","meleeMod_Shield","meleeMod_NeutralAir","meleeMod_BackAir+1","meleeMod_NoDI+1","downfall:Haunted","meleeMod_IKilledMufasa+1","meleeMod_ShieldPoke","meleeMod_RapidJabs+1","meleeMod_SoftKnee","meleeMod_BlueFalcon","meleeMod_GetUpAttack"],"relics":["meleeMod_LosersMang0","Du-Vu Doll","hubris:MedicalManual"],"acts_visited":["Exordium"],"potions_floor_usage":[10,13],"damage_taken":[{"damage":7,"enemies":"Small Slimes","floor":2,"turns":2},{"damage":0,"enemies":"2 Louse","floor":3,"turns":1},{"damage":0,"enemies":"Cultist","floor":6,"turns":2},{"damage":4,"enemies":"Gremlin Gang","floor":9,"turns":3},{"damage":10,"enemies":"Large Slime","floor":10,"turns":3},{"damage":8,"enemies":"Lots of Slimes","floor":11,"turns":3},{"damage":12,"enemies":"Exordium Thugs","floor":13,"turns":1},{"damage":25,"enemies":"Gremlin Gang","floor":14,"turns":3},{"damage":0,"enemies":"2 Fungi Beasts","floor":15,"turns":2},{"damage":24,"enemies":"IC_STATUS_ARCHETYPE","floor":16,"turns":2}],"seed_played":"1436272592043652731","potions_obtained":[{"floor":3,"key":"Cursed Concoction"},{"floor":6,"key":"Death Potion"},{"floor":9,"key":"sneckomod:MuddlingPotion"},{"floor":15,"key":"hexamod:SoulburnPotion"}],"is_trial":false,"path_per_floor":["R_BF","M","M","?","?","M","T","R","M","M","M","R","M","M","M","B"],"character_chosen":"FALCON","items_purchased":[],"campfire_rested":0,"item_purchase_floors":[],"current_hp_per_floor":[85,78,78,78,78,78,78,78,74,64,56,56,44,19,19,0,0],"gold":125,"neow_bonus":"ONE_RARE_RELIC","is_daily":false,"chose_seed":false,"campfire_upgraded":2,"win_rate":0.0,"timestamp":1614443986,"path_taken":["R_BF","M","M","?","?","M","T","R","M","M","M","R","?","M","M","BOSS"],"items_purchased_type":[],"build_version":"2020-12-22","purchased_purges":0,"victory":false,"max_hp_per_floor":[85,85,85,85,85,85,85,85,85,85,85,85,85,85,85,85,85],"card_choices":[{"not_picked":["meleeMod_DownSmash","meleeMod_ForwardTilt"],"picked":"meleeMod_NoDI","floor":2},{"not_picked":["meleeMod_DashDance","meleeMod_ForwardTilt","meleeMod_CrouchCancel"],"picked":"SKIP","floor":3},{"not_picked":["meleeMod_BMoveSpecialist","meleeMod_UpTilt"],"picked":"meleeMod_IKilledMufasa","floor":6},{"not_picked":["meleeMod_CommandGrab","meleeMod_UpAir"],"picked":"meleeMod_ShieldPoke","floor":9},{"not_picked":["meleeMod_CommandGrab","meleeMod_DownTilt","meleeMod_RaptorBoost"],"picked":"SKIP","floor":10},{"not_picked":["meleeMod_Cautious","meleeMod_FalconDive"],"picked":"meleeMod_RapidJabs","floor":11},{"not_picked":["meleeMod_SweetSpot","meleeMod_FireFlower"],"picked":"meleeMod_SoftKnee","floor":13},{"not_picked":["meleeMod_ShieldPoke","meleeMod_Gentleman"],"picked":"meleeMod_BlueFalcon","floor":14},{"not_picked":["meleeMod_ForwardTilt","meleeMod_FalconPunch"],"picked":"meleeMod_GetUpAttack","floor":15}],"player_experience":543108,"relics_obtained":[{"floor":7,"key":"hubris:MedicalManual"}],"event_choices":[],"is_beta":false,"boss_relics":[],"items_purged_floors":[],"is_endless":false,"potions_floor_spawned":[3,6,9,15],"killed_by":"IC_STATUS_ARCHETYPE","ascension_level":0}}