{"host":"fc4hh3zaz3zk8cya","time":1614398347,"event":{"mods":["BaseMod","BetterRewards","Colored Map","Colored Powertips","Downfall","GifTheSpireLib","Gremlin Mod","Hermit","Highlight Path","Infinite Spire","Minty Spire (QoL Compilation)","Permanent Neow","Quick Restart","Relic Stats","Replay The Spire","Shop Mod","StSLib","Stuff the Spire","The Bladedancer","The Construct","The Cursed","The Disciple","The Hayseed","The Hierophant","The Necromancer","The Poker Player","The Runesmith","everything is the same but u backflip on backflip","slay the spire mod where everything is the same but ironclad has a cowboy hat"],"gold_per_floor":[99,112,63,81,256,256,256,256],"floor_reached":6,"language":"ENG","playtime":273,"items_purged":[],"score":34,"play_id":"52cd75d0-0ddc-4459-a5ae-df29e6a80016","local_time":"20210226225907","is_ascension_mode":false,"campfire_choices":[{"data":"Slimebound:Strike_Slimebound","floor":1,"key":"PURGE"}],"circlet_count":0,"master_deck":["Slimebound:Strike_Slimebound","Slimebound:Tackle","Slimebound:Defend_Slimebound","Slimebound:Defend_Slimebound","Slimebound:Defend_Slimebound","Slimebound:Split","Slimebound:CorrosiveSpit","Slimebound:FinishingTackle","Slimebound:GoopTackle","Slimebound:GoopTackle","Slimebound:RollThrough","Doubt"],"relics":["Slimebound:AbsorbEndCombat"],"acts_visited":["Exordium"],"potions_floor_usage":[],"damage_taken":[{"damage":0,"enemies":"2 Louse","floor":2,"turns":3},{"damage":0,"enemies":"downfall:FleeingMerchant","floor":3,"turns":4},{"damage":15,"enemies":"Jaw Worm","floor":4,"turns":2},{"damage":41,"enemies":"3 Sentries","floor":6,"turns":6}],"seed_played":"126971783655771292","potions_obtained":[],"is_trial":false,"path_per_floor":["R_BF","M","$","M","?","E"],"character_chosen":"SLIMEBOUND","items_purchased":["Slimebound:GoopTackle"],"campfire_rested":0,"item_purchase_floors":[3],"current_hp_per_floor":[59,59,59,46,46,5,5,5],"gold":256,"neow_bonus":"REMOVE_TWO","is_daily":false,"chose_seed":false,"campfire_upgraded":0,"win_rate":0.0,"timestamp":1614398347,"path_taken":["R_BF","M","$","M","?","E"],"items_purchased_type":["Card"],"build_version":"2020-12-22","purchased_purges":0,"victory":false,"max_hp_per_floor":[59,59,59,59,59,59,59,59],"relic_stats":{"counters":[4,15],"obtain_stats":[{"Slimebound:AbsorbEndCombat":0},{"Slimebound:AbsorbEndCombat":0},{"Slimebound:AbsorbEndCombat":0}]},"card_choices":[{"not_picked":["Slimebound:Prepare","Slimebound:LeadByExample","Slimebound:Gluttony"],"picked":"SKIP","floor":2},{"not_picked":["Slimebound:SlimeBrawl","Slimebound:HauntingLick"],"picked":"Slimebound:FinishingTackle","floor":3},{"not_picked":["Slimebound:LeechEnergy","Slimebound:ProtectTheBoss"],"picked":"Slimebound:RollThrough","floor":4}],"player_experience":172450,"relics_obtained":[],"event_choices":[],"is_beta":false,"boss_relics":[],"items_purged_floors":[],"is_endless":false,"potions_floor_spawned":[],"killed_by":"3 Sentries","ascension_level":0}}