{"host":"9gxprskaw0c5jpbt","time":1614386684,"event":{"mods":["AchievementEnabler","BaseMod","Colored Map","Highlight Path","KOR Keyword Fix","Minty Spire (QoL Compilation)","Rare Cards Sparkle","StSLib","SuperFastMode","everything is the same but u backflip on backflip"],"gold_per_floor":[118,132,282,282,54,54,64,64,64,64,80,93,116,131,131,222,285,303,303,353,9,23,23,23,23],"floor_reached":24,"language":"KOR","playtime":1194,"items_purged":["Doubt"],"score":348,"play_id":"a0a48c26-c342-42ad-adb7-42b91d8f4c42","local_time":"20210227094444","is_ascension_mode":true,"campfire_choices":[{"data":"A Thousand Cuts","floor":6.0,"key":"SMITH"},{"data":"Neutralize","floor":10.0,"key":"SMITH"},{"floor":15.0,"key":"REST"},{"floor":23,"key":"REST"}],"circlet_count":0,"master_deck":["AscendersBane","Strike_G","Strike_G","Strike_G+1","Strike_G","Strike_G","Defend_G","Defend_G","Defend_G","Defend_G","Defend_G","Survivor","Neutralize+1","A Thousand Cuts+1","Acrobatics","Slice","Sucker Punch","Quick Slash","Injury","Blur","Prepared","Caltrops","Slice","Envenom","Prepared","Underhanded Strike","Writhe","Well Laid Plans","Poisoned Stab","Terror"],"relics":["Ring of the Snake","Oddly Smooth Stone","Golden Idol","White Beast Statue","Tiny House","Snake Skull","Strange Spoon"],"acts_visited":["Exordium","TheCity"],"potions_floor_usage":[16,16,22],"damage_taken":[{"damage":7.0,"enemies":"2 Louse","floor":1.0,"turns":3.0},{"damage":8.0,"enemies":"Cultist","floor":2.0,"turns":5.0},{"damage":6.0,"enemies":"Jaw Worm","floor":7.0,"turns":3.0},{"damage":0.0,"enemies":"2 Fungi Beasts","floor":11.0,"turns":3.0},{"damage":3.0,"enemies":"Blue Slaver","floor":12.0,"turns":4.0},{"damage":28.0,"enemies":"Large Slime","floor":13.0,"turns":8.0},{"damage":13.0,"enemies":"2 Fungi Beasts","floor":14.0,"turns":4.0},{"damage":32,"enemies":"The Guardian","floor":16,"turns":11},{"damage":47,"enemies":"Shell Parasite","floor":18,"turns":7},{"damage":18,"enemies":"3 Byrds","floor":22,"turns":4},{"damage":53,"enemies":"Book of Stabbing","floor":24,"turns":5}],"seed_played":"7454261775369734168","potions_obtained":[{"floor":1.0,"key":"FearPotion"},{"floor":11.0,"key":"DistilledChaos"},{"floor":13.0,"key":"Fruit Juice"},{"floor":14.0,"key":"Fire Potion"},{"floor":16,"key":"FairyPotion"},{"floor":17,"key":"SteroidPotion"},{"floor":18,"key":"AttackPotion"},{"floor":22,"key":"Swift Potion"}],"is_trial":false,"path_per_floor":["M","M","?","?","$","R","M","?","T","R","M","M","M","M","R","B",null,"M","?","?","$","M","R","E"],"character_chosen":"THE_SILENT","items_purchased":["Oddly Smooth Stone","Sucker Punch","Well Laid Plans","Poisoned Stab","Strange Spoon"],"campfire_rested":2,"item_purchase_floors":[5,5,21,21,21],"current_hp_per_floor":[52,44,44,60,60,60,54,54,54,54,54,51,28,15,34,2,54,7,7,7,7,21,42,0,0],"gold":23,"neow_bonus":"THREE_RARE_CARDS","is_daily":false,"chose_seed":false,"campfire_upgraded":2,"win_rate":0.0,"timestamp":1614386684,"path_taken":["M","M","?","?","$","R","?","?","T","R","M","M","M","M","R","BOSS","M","?","?","$","M","R","E"],"items_purchased_type":["Relic","Card","Card","Card","Relic"],"build_version":"2020-12-22","purchased_purges":1,"victory":false,"max_hp_per_floor":[60,60,60,60,60,60,60,60,60,60,60,60,65,65,65,65,70,70,70,70,70,70,70,70,70],"card_choices":[{"not_picked":["Burst","After Image"],"picked":"A Thousand Cuts","floor":0.0},{"not_picked":["Flechettes","Cloak And Dagger"],"picked":"Acrobatics","floor":1.0},{"not_picked":["Leg Sweep","Catalyst"],"picked":"Slice","floor":2.0},{"not_picked":["Sucker Punch","Dagger Spray"],"picked":"Quick Slash","floor":7.0},{"not_picked":["Endless Agony","Dagger Throw"],"picked":"Blur","floor":11.0},{"not_picked":["Skewer","Catalyst"],"picked":"Prepared","floor":12.0},{"not_picked":["Dagger Spray","Sucker Punch"],"picked":"Caltrops","floor":13.0},{"not_picked":["Dagger Throw","A Thousand Cuts"],"picked":"Slice","floor":14.0},{"not_picked":["Corpse Explosion","Malaise"],"picked":"Envenom","floor":16},{"not_picked":["Blur","Quick Slash"],"picked":"Prepared","floor":17},{"not_picked":["All Out Attack+1","Quick Slash"],"picked":"Underhanded Strike","floor":18},{"not_picked":["Outmaneuver","Dodge and Roll"],"picked":"Terror","floor":22}],"player_experience":1000747,"relics_obtained":[{"floor":9.0,"key":"White Beast Statue"}],"event_choices":[{"damage_healed":0.0,"max_hp_gain":0.0,"max_hp_loss":0.0,"gold_gain":150.0,"event_name":"Liars Game","player_choice":"AGREE","floor":3.0,"gold_loss":0.0,"damage_taken":0.0,"cards_obtained":["Doubt"]},{"damage_healed":16.0,"max_hp_gain":0.0,"max_hp_loss":0.0,"gold_gain":0.0,"event_name":"Wheel of Change","player_choice":"Full Heal","floor":4.0,"gold_loss":0.0,"damage_taken":0.0},{"damage_healed":0.0,"max_hp_gain":0.0,"max_hp_loss":0.0,"gold_gain":0.0,"event_name":"Golden Idol","player_choice":"Take Wound","floor":8.0,"gold_loss":0.0,"damage_taken":0.0,"relics_obtained":["Golden Idol"],"cards_obtained":["Injury"]},{"damage_healed":0,"gold_gain":0,"player_choice":"Opened","damage_taken":0,"relics_obtained":["Snake Skull"],"max_hp_gain":0,"max_hp_loss":0,"event_name":"The Mausoleum","floor":19,"gold_loss":0,"cards_obtained":["Writhe"]},{"damage_healed":0,"gold_gain":50,"player_choice":"Stole From Cult","damage_taken":0,"max_hp_gain":0,"max_hp_loss":0,"event_name":"Nest","floor":20,"gold_loss":0}],"is_beta":false,"boss_relics":[{"not_picked":["Ectoplasm","Astrolabe"],"picked":"Tiny House"}],"items_purged_floors":[21],"is_endless":false,"potions_floor_spawned":[1,11,12,13,14,16,18,22],"killed_by":"Book of Stabbing","ascension_level":17}}