{"host":"fbdlh90rovbiajun","time":1614442355,"event":{"mods":["AchievementEnabler","BaseMod","Colored Map","Keyboard Shortcuts","Minty Spire (QoL Compilation)","SuperFastMode"],"gold_per_floor":[209,209,11,11,11,11,38,57,132,159,159,32,45,9,9,110,410,425,445,445,458,458,458,458,458],"floor_reached":24,"language":"KOR","playtime":548,"items_purged":["Strike_R"],"score":232,"play_id":"2b98c524-ea9b-42d5-aec2-ed74c8d616da","local_time":"20210228011235","is_ascension_mode":true,"campfire_choices":[{"data":"Iron Wave","floor":6,"key":"SMITH"},{"data":"Thunderclap","floor":11,"key":"SMITH"},{"floor":15,"key":"REST"},{"floor":23,"key":"REST"}],"circlet_count":0,"master_deck":["Strike_R","Strike_R","Defend_R+1","Defend_R","Defend_R","Defend_R+1","Bash","Thunderclap+1","Iron Wave+1","Limit Break","Cleave","Heavy Blade","Headbutt+1","Clash+1","Inflame","Offering","CurseOfTheBell","Flex+1","Infernal Blade"],"relics":["Burning Blood","Red Skull","Molten Egg 2","Shuriken","Calling Bell","Akabeko","Paper Frog","Old Coin","Enchiridion"],"acts_visited":["Exordium","TheCity"],"potions_floor_usage":[21],"damage_taken":[{"damage":9.0,"enemies":"2 Louse","floor":1.0,"turns":3.0},{"damage":17,"enemies":"Gremlin Nob","floor":7,"turns":4},{"damage":2,"enemies":"Jaw Worm","floor":8,"turns":4},{"damage":20,"enemies":"3 Sentries","floor":10,"turns":6},{"damage":0,"enemies":"Small Slimes","floor":13,"turns":2},{"damage":23,"enemies":"The Guardian","floor":16,"turns":6},{"damage":11,"enemies":"Chosen","floor":18,"turns":3},{"damage":10,"enemies":"2 Thieves","floor":19,"turns":3},{"damage":51,"enemies":"Centurion and Healer","floor":21,"turns":5},{"damage":51,"enemies":"Book of Stabbing","floor":24,"turns":3}],"seed_played":"-5438229702115503629","potions_obtained":[{"floor":10,"key":"FearPotion"},{"floor":13,"key":"Energy Potion"},{"floor":18,"key":"Explosive Potion"},{"floor":21,"key":"Fruit Juice"}],"is_trial":false,"path_per_floor":["M","?","$","?","?","R","E","M","T","E","R","$","M","$","R","B",null,"M","M","?","M","?","R","E"],"character_chosen":"IRONCLAD","items_purchased":["Iron Wave","Limit Break","Clash+1","Inflame"],"campfire_rested":2,"item_purchase_floors":[3,3,12,14],"current_hp_per_floor":[77,61,61,54,54,54,43,47,47,33,33,33,39,39,63,46,80,75,71,71,31,15,40,0,0],"gold":458,"neow_bonus":"HUNDRED_GOLD","is_daily":false,"chose_seed":false,"campfire_upgraded":2,"win_rate":0.0,"timestamp":1614442355,"path_taken":["M","?","$","?","?","R","E","M","T","E","R","?","M","$","R","BOSS","M","M","?","M","?","R","E"],"items_purchased_type":["Card","Card","Card","Card"],"build_version":"2020-12-22","purchased_purges":1,"victory":false,"max_hp_per_floor":[80,80,80,80,80,80,80,80,80,80,80,80,80,80,80,80,80,80,80,80,85,85,85,85,85],"card_choices":[{"not_picked":["Armaments","Disarm"],"picked":"Thunderclap","floor":1.0},{"not_picked":["Wild Strike","Anger"],"picked":"Cleave","floor":7},{"not_picked":["Sever Soul","Perfected Strike"],"picked":"Heavy Blade","floor":8},{"not_picked":["Disarm","Iron Wave+1"],"picked":"Headbutt+1","floor":10},{"not_picked":["Fire Breathing","Demon Form","Perfected Strike+1"],"picked":"SKIP","floor":13},{"not_picked":["Corruption","Berserk"],"picked":"Offering","floor":16},{"not_picked":["Perfected Strike+1","Pommel Strike+1"],"picked":"Flex+1","floor":18},{"not_picked":["Power Through","Body Slam+1"],"picked":"Infernal Blade","floor":19},{"not_picked":["Whirlwind+1","Entrench","Dual Wield"],"picked":"SKIP","floor":21}],"player_experience":145738,"relics_obtained":[{"floor":7,"key":"Red Skull"},{"floor":9,"key":"Molten Egg 2"},{"floor":10,"key":"Shuriken"},{"floor":17,"key":"Akabeko"},{"floor":17,"key":"Paper Frog"},{"floor":17,"key":"Old Coin"},{"floor":22,"key":"Enchiridion"}],"event_choices":[{"damage_healed":0.0,"max_hp_gain":0.0,"max_hp_loss":0.0,"gold_gain":0.0,"event_name":"Shining Light","player_choice":"Entered Light","floor":2.0,"gold_loss":0.0,"damage_taken":16.0,"cards_upgraded":["Defend_R","Defend_R"]},{"cards_removed":["Strike_R"],"damage_healed":0.0,"max_hp_gain":0.0,"max_hp_loss":0.0,"gold_gain":0.0,"event_name":"Golden Wing","player_choice":"Card Removal","floor":4.0,"gold_loss":0.0,"damage_taken":7.0},{"cards_removed":["Strike_R"],"damage_healed":0,"gold_gain":0,"player_choice":"Forget","damage_taken":0,"max_hp_gain":0,"max_hp_loss":0,"event_name":"Living Wall","floor":5,"gold_loss":0},{"damage_healed":0,"gold_gain":0,"player_choice":"Ignored","damage_taken":0,"max_hp_gain":0,"max_hp_loss":0,"event_name":"Vampires","floor":20,"gold_loss":0},{"damage_healed":0,"gold_gain":0,"player_choice":"Obtained Book","damage_taken":16,"max_hp_gain":0,"max_hp_loss":0,"event_name":"Cursed Tome","floor":22,"gold_loss":0}],"is_beta":false,"boss_relics":[{"not_picked":["Black Blood","Velvet Choker"],"picked":"Calling Bell"}],"items_purged_floors":[12],"is_endless":false,"potions_floor_spawned":[10,13,18,21],"killed_by":"Book of Stabbing","ascension_level":3}}