{"host":"njcl8kinlkfw245p","time":1614401887,"event":{"mods":["BaseMod","Block Reminder","Colored Map","Googly Eyes","KinomotoSakuraMod(????)","Minty Spire (QoL Compilation)","StSLib","The Senshi","Unceasing Turn Reminder","everything is the same but u backflip on backflip"],"gold_per_floor":[118,133,148,113,163,163,178,178,204,154,154,184,184,201,201,201,201],"floor_reached":16,"language":"ENG","playtime":899,"items_purged":[],"score":195,"play_id":"8582ba83-9ef8-43a1-a14c-9dd48371c322","local_time":"20210226205807","is_ascension_mode":true,"campfire_choices":[{"data":"theSenshi:GlimpseOfThePast","floor":6,"key":"SMITH"},{"data":"theSenshi:InTheNickOfTime","floor":8,"key":"SMITH"},{"data":"theSenshi:MoonPrismPowerMakeUp","floor":11,"key":"SMITH"},{"floor":13,"key":"REST"},{"floor":15,"key":"REST"}],"circlet_count":0,"master_deck":["AscendersBane","theSenshi:SailorKick","theSenshi:SailorKick","theSenshi:SailorKick","theSenshi:SailorKick","theSenshi:SailorBlock","theSenshi:SailorBlock","theSenshi:SailorBlock","theSenshi:SailorBlock","theSenshi:RoseThrow","theSenshi:MoonPrismPowerMakeUp+1","theSenshi:GlimpseOfThePast+1","theSenshi:UranusStrength","theSenshi:SailorMarsAssists","theSenshi:MoonHealingEscalation","theSenshi:InTheNickOfTime+1","theSenshi:SchoolBag","theSenshi:SailorPlanetAttack","theSenshi:MoonPunch"],"relics":["theSenshi:TransformationBroochRelic","Dream Catcher","Anchor"],"acts_visited":["Exordium"],"potions_floor_usage":[12,12],"damage_taken":[{"damage":7,"enemies":"2 Louse","floor":1,"turns":4},{"damage":10,"enemies":"Cultist","floor":2,"turns":6},{"damage":6,"enemies":"Small Slimes","floor":3,"turns":4},{"damage":20,"enemies":"2 Fungi Beasts","floor":7,"turns":5},{"damage":41,"enemies":"Gremlin Nob","floor":12,"turns":5},{"damage":21,"enemies":"Large Slime","floor":14,"turns":10},{"damage":53,"enemies":"Hexaghost","floor":16,"turns":14}],"seed_played":"976730090087340","potions_obtained":[{"floor":1,"key":"DistilledChaos"},{"floor":3,"key":"BlessingOfTheForge"}],"is_trial":false,"path_per_floor":["M","M","M","?","?","R","M","R","T","$","R","E","R","M","R","B"],"character_chosen":"THE_SENSHI","items_purchased":["theSenshi:SchoolBag"],"campfire_rested":2,"item_purchase_floors":[10],"current_hp_per_floor":[61,51,45,63,56,56,36,36,36,36,36,5,27,21,43,0,0],"gold":201,"neow_bonus":"ONE_RANDOM_RARE_CARD","is_daily":false,"chose_seed":false,"campfire_upgraded":3,"win_rate":0.0,"timestamp":1614401887,"path_taken":["M","M","M","?","?","R","M","R","T","$","R","E","R","?","R","BOSS"],"items_purchased_type":["Card"],"build_version":"2020-12-22","purchased_purges":0,"victory":false,"max_hp_per_floor":[75,75,75,75,75,75,75,75,75,75,75,75,75,75,75,75,75],"card_choices":[{"not_picked":["theSenshi:SailorUranusAssists","theSenshi:SailorStarFighterAssists"],"picked":"theSenshi:UranusStrength","floor":1},{"not_picked":["theSenshi:SailorMercuryAssists","theSenshi:Sidestep"],"picked":"theSenshi:SailorMarsAssists","floor":2},{"not_picked":["theSenshi:LateForSchool","theSenshi:SailorMercuryAssists"],"picked":"theSenshi:MoonHealingEscalation","floor":3},{"not_picked":["theSenshi:LunasBite","theSenshi:SailorMarsAssists"],"picked":"theSenshi:InTheNickOfTime","floor":7},{"not_picked":["theSenshi:GatheringStrength","theSenshi:TuxedoSmokingBomber"],"picked":"theSenshi:SailorPlanetAttack","floor":12},{"not_picked":["theSenshi:SailorMercuryAssists","theSenshi:CrisisMakeUp"],"picked":"theSenshi:MoonPunch","floor":14}],"player_experience":980173,"relics_obtained":[{"floor":9,"key":"Dream Catcher"},{"floor":12,"key":"Anchor"}],"event_choices":[{"damage_healed":18,"gold_gain":0,"player_choice":"Healed","damage_taken":0,"max_hp_gain":0,"max_hp_loss":0,"event_name":"The Cleric","floor":4,"gold_loss":35},{"damage_healed":0,"gold_gain":50,"player_choice":"Touch","damage_taken":7,"max_hp_gain":0,"max_hp_loss":0,"event_name":"FaceTrader","floor":5,"gold_loss":0}],"is_beta":false,"boss_relics":[],"items_purged_floors":[],"is_endless":false,"potions_floor_spawned":[1,3,7],"killed_by":"Hexaghost","ascension_level":19}}