{"host":"gj3450u0c4def4mj","time":1614405917,"event":{"mods":["Act Like it!","Aya Shameimaru","BaseMod","Gensokyo","Minty Spire (QoL Compilation)","StSLib"],"gold_per_floor":[115,115,134,134,154,154,187,187,210,223,22,22,34,68,68,167,167,183,264,277,277,296,321,332,332,332,332,85,85,85,105,105,202,202,213,228,228,242,118,143,143,157,157,157,157,175,194,208,208,208,208,208,28,61,61],"floor_reached":56,"language":"ENG","playtime":5665,"items_purged":["shameimaru:Strike","shameimaru:Strike","shameimaru:Strike"],"score":1309,"play_id":"f4db4b6a-aa60-45c5-96ba-347d89bc3f3a","local_time":"20210227010517","is_ascension_mode":false,"campfire_choices":[{"data":"shameimaru:HurricaneOfFreedom","floor":6.0,"key":"SMITH"},{"floor":8.0,"key":"RECALL"},{"data":"shameimaru:Imitation","floor":12.0,"key":"SMITH"},{"data":"shameimaru:AdverseWind","floor":15.0,"key":"SMITH"},{"data":"shameimaru:EvasiveForm","floor":25.0,"key":"SMITH"},{"floor":27.0,"key":"REST"},{"data":"shameimaru:DashingDomination","floor":29.0,"key":"SMITH"},{"data":"shameimaru:WhispersOfTheWind","floor":32.0,"key":"SMITH"},{"data":"shameimaru:ClangingWindchime","floor":41,"key":"SMITH"},{"data":"shameimaru:DashingDomination","floor":45,"key":"SMITH"},{"data":"shameimaru:IllusoryDominance","floor":49,"key":"SMITH"},{"data":"shameimaru:LibraryResearch","floor":52,"key":"SMITH"}],"circlet_count":0,"master_deck":["shameimaru:Strike","shameimaru:Defend","shameimaru:Defend","shameimaru:Defend","shameimaru:Defend","shameimaru:PlayfulTaunt","shameimaru:SnapshotStrike","shameimaru:HurricaneOfFreedom+1","shameimaru:AdverseWind+1","shameimaru:GustFan","shameimaru:BreezeOfReminiscence","shameimaru:GustFan","shameimaru:Imitation+1","shameimaru:AirCutter","shameimaru:EvasiveForm+1","shameimaru:GuidingBreeze+1","shameimaru:AdverseWind","shameimaru:AirSlash","shameimaru:DashingDomination+1","shameimaru:AirSlash","shameimaru:WhispersOfTheWind+1","shameimaru:ClangingWindchime+1","shameimaru:Preparation","shameimaru:DashingDomination+1","shameimaru:LibraryResearch+1","shameimaru:Foresight+1","shameimaru:Preparation","shameimaru:EvasiveManeuver","shameimaru:AirSlash","shameimaru:IllusoryDominance+1","shameimaru:EvasiveForm","Purity"],"relics":["shameimaru:blackbirdwings","NeowsBlessing","Centennial Puzzle","TheAbacus","Shuriken","Bottled Tornado","Turnip","Happy Flower","Membership Card","Coffee Dripper","Bottled Flame","Vajra","CaptainsWheel"],"acts_visited":["Gensokyo:Gensokyo","Gensokyo:Gensokyoer","Gensokyo:Gensokyoest","TheEnding"],"potions_floor_usage":[55,55,55],"damage_taken":[{"damage":0.0,"enemies":"Gensokyo:2_Kodama","floor":1.0,"turns":1.0},{"damage":0.0,"enemies":"Gensokyo:3_Fairies","floor":3.0,"turns":1.0},{"damage":0.0,"enemies":"Gensokyo:Gryphon","floor":5.0,"turns":1.0},{"damage":8.0,"enemies":"Gensokyo:Cirno","floor":7.0,"turns":5.0},{"damage":0.0,"enemies":"Gensokyo:LivingMonolith","floor":10.0,"turns":2.0},{"damage":6.0,"enemies":"Gensokyo:Python_and_Kodama","floor":13.0,"turns":3.0},{"damage":5.0,"enemies":"Gensokyo:Aya","floor":14.0,"turns":5.0},{"damage":9.0,"enemies":"Gensokyo:Kokoro","floor":16.0,"turns":8.0},{"damage":2.0,"enemies":"Gensokyo:AngelMirror","floor":18.0,"turns":5.0},{"damage":18.0,"enemies":"Gensokyo:3_Dogs","floor":20.0,"turns":4.0},{"damage":11.0,"enemies":"Gensokyo:Wraith","floor":22.0,"turns":4.0},{"damage":20.0,"enemies":"Gensokyo:Tenshi","floor":23.0,"turns":6.0},{"damage":20.0,"enemies":"Gensokyo:Mirror_and_Dog","floor":24.0,"turns":3.0},{"damage":5.0,"enemies":"Gensokyo:Slime_Group","floor":31.0,"turns":3.0},{"damage":0.0,"enemies":"Gensokyo:Eternal_Rivals","floor":33.0,"turns":9.0},{"damage":0,"enemies":"Gensokyo:3_Boulders","floor":35,"turns":4},{"damage":0,"enemies":"Gensokyo:AncientGuardian","floor":36,"turns":3},{"damage":0,"enemies":"Gensokyo:AtlasGolem","floor":38,"turns":3},{"damage":0,"enemies":"Gensokyo:Marisa","floor":40,"turns":2},{"damage":0,"enemies":"Gensokyo:SeedOfUnknown","floor":42,"turns":3},{"damage":0,"enemies":"Gensokyo:3_Boulders","floor":46,"turns":2},{"damage":20,"enemies":"Gensokyo:Sharpion","floor":47,"turns":2},{"damage":0,"enemies":"Gensokyo:Rafflesia","floor":48,"turns":2},{"damage":0,"enemies":"Gensokyo:Shinki","floor":50,"turns":3},{"damage":0,"enemies":"Shield and Spear","floor":54,"turns":3},{"damage":1,"enemies":"The Heart","floor":55,"turns":5}],"seed_played":"3351963131584652647","potions_obtained":[{"floor":1.0,"key":"AttackPotion"},{"floor":5.0,"key":"PowerPotion"},{"floor":14.0,"key":"SpeedPotion"},{"floor":16.0,"key":"LiquidMemories"},{"floor":22.0,"key":"SkillPotion"},{"floor":24.0,"key":"Weak Potion"},{"floor":35,"key":"DistilledChaos"},{"floor":46,"key":"EntropicBrew"},{"floor":54,"key":"FairyPotion"}],"is_trial":false,"path_per_floor":["M","?","M","?","M","R","E","R","T","M","$","R","M","E","R","B",null,"M","T","M","COS","M","E","M","R","T","R","$","R","?","M","R","B",null,"M","M","?","M","$","E","R","M","T","?","R","M","M","M","R","B",null,"R","$","E","B",null],"character_chosen":"AYA","items_purchased":["TheAbacus","shameimaru:Imitation","Membership Card","shameimaru:DashingDomination","shameimaru:AirSlash","shameimaru:DashingDomination","shameimaru:LibraryResearch","shameimaru:EvasiveForm","Purity"],"campfire_rested":1,"item_purchase_floors":[11,11,28,28,28,39,39,53,53],"current_hp_per_floor":[80,80,80,72,72,72,64,64,64,64,64,64,58,53,53,44,80,78,78,60,60,49,29,9,9,9,33,33,33,33,28,28,28,80,80,80,80,80,80,80,80,80,80,80,80,80,60,60,60,60,80,80,80,80,79],"gold":61,"neow_bonus":"THREE_ENEMY_KILL","is_daily":false,"chose_seed":false,"campfire_upgraded":10,"win_rate":0.0,"timestamp":1614405917,"path_taken":["M","?","M","?","M","R","E","R","T","M","$","R","M","E","R","BOSS","M","?","M","COS","M","E","?","R","T","R","$","R","?","M","R","BOSS","M","M","?","M","$","E","R","?","T","?","R","M","M","M","R","BOSS","R","$","E","BOSS"],"items_purchased_type":["Relic","Card","Relic","Card","Card","Card","Card","Card","Card"],"build_version":"2020-12-22","purchased_purges":3,"victory":true,"max_hp_per_floor":[80,80,80,80,80,80,80,80,80,80,80,80,80,80,80,80,80,80,80,80,80,80,80,80,80,80,80,80,80,80,80,80,80,80,80,80,80,80,80,80,80,80,80,80,80,80,80,80,80,80,80,80,80,80,80],"card_choices":[{"not_picked":["shameimaru:MassDeletion","shameimaru:ExclusiveScoop"],"picked":"shameimaru:HurricaneOfFreedom","floor":1.0},{"not_picked":["shameimaru:Imitation","shameimaru:BlindingSpeed"],"picked":"shameimaru:AdverseWind","floor":3.0},{"not_picked":["shameimaru:GaleBlade","shameimaru:Photoshoot"],"picked":"shameimaru:GustFan","floor":5.0},{"not_picked":["shameimaru:CandidShot","shameimaru:CherishingBreeze"],"picked":"shameimaru:BreezeOfReminiscence","floor":7.0},{"not_picked":["shameimaru:SuddenOutburst","shameimaru:DashingGrace"],"picked":"shameimaru:GustFan","floor":10.0},{"not_picked":["shameimaru:ExclusiveScoop","shameimaru:DoctoredImage","shameimaru:HighlightReel"],"picked":"SKIP","floor":13.0},{"not_picked":["shameimaru:FlutteringFeyFan","shameimaru:Photoshoot"],"picked":"shameimaru:AirCutter","floor":14.0},{"not_picked":["shameimaru:Duality","shameimaru:SpiralingTempest"],"picked":"shameimaru:EvasiveForm","floor":16.0},{"not_picked":["shameimaru:SuddenOutburst","shameimaru:RapidFirePhotography","shameimaru:InvertedColours"],"picked":"SKIP","floor":18.0},{"not_picked":["shameimaru:DashingGrace+1","shameimaru:RapidFirePhotography"],"picked":"shameimaru:GuidingBreeze+1","floor":20.0},{"not_picked":["shameimaru:RapidFirePhotography","shameimaru:ExclusiveScoop"],"picked":"shameimaru:Photocopier","floor":22.0},{"not_picked":["shameimaru:PhotoAlbum","shameimaru:QuickReporting"],"picked":"shameimaru:AirSlash","floor":23.0},{"not_picked":["shameimaru:GustFan","shameimaru:FreezeFrame","shameimaru:QuickReporting"],"picked":"SKIP","floor":24.0},{"not_picked":["shameimaru:HurricaneOfFreedom","shameimaru:LoadedStatement"],"picked":"shameimaru:WhispersOfTheWind","floor":31.0},{"not_picked":["shameimaru:GatherEvidence","shameimaru:PhotographicDisposal"],"picked":"shameimaru:ClangingWindchime","floor":33.0},{"not_picked":["shameimaru:SuddenOutburst+1","shameimaru:Persuade","shameimaru:GaleBlade"],"picked":"SKIP","floor":35},{"not_picked":["shameimaru:LoadedStatement+1","shameimaru:Telescoping","shameimaru:RapidFirePhotography+1"],"picked":"SKIP","floor":36},{"not_picked":["shameimaru:GaleBullet","shameimaru:GroupPhoto"],"picked":"shameimaru:Preparation","floor":38},{"not_picked":["shameimaru:Galeforce","shameimaru:Persuade"],"picked":"shameimaru:Foresight+1","floor":40},{"not_picked":["shameimaru:Imitation","shameimaru:Foresight"],"picked":"shameimaru:Preparation","floor":42},{"not_picked":["shameimaru:PeerlessWind","shameimaru:PressRelease+1"],"picked":"shameimaru:EvasiveManeuver","floor":46},{"not_picked":["shameimaru:CandidShot","shameimaru:QuickReporting"],"picked":"shameimaru:AirSlash","floor":47},{"not_picked":["shameimaru:Galeforce+1","shameimaru:AdverseWind+1"],"picked":"shameimaru:IllusoryDominance","floor":48},{"not_picked":["shameimaru:Photoshoot","shameimaru:GaleBlade","shameimaru:GatherEvidence"],"picked":"SKIP","floor":54}],"player_experience":19837,"relics_obtained":[{"floor":7.0,"key":"Centennial Puzzle"},{"floor":14.0,"key":"Shuriken"},{"floor":19.0,"key":"Bottled Tornado"},{"floor":23.0,"key":"Turnip"},{"floor":26.0,"key":"Happy Flower"},{"floor":40,"key":"Bottled Flame"},{"floor":43,"key":"Vajra"},{"floor":54,"key":"CaptainsWheel"}],"event_choices":[],"is_beta":false,"boss_relics":[{"not_picked":["Empty Cage","Runic Dome"],"picked":"shameimaru:blackbirdwings"},{"not_picked":["Fusion Hammer","Snecko Eye"],"picked":"Coffee Dripper"}],"items_purged_floors":[28,39,53],"is_endless":false,"potions_floor_spawned":[1,5,14,16,22,23,24,35,36,46,48,54],"ascension_level":0}}