{"host":"0r455zfix56tawas","time":1614421625,"event":{"mods":["AlwaysNeverKeys","BaseMod","Colored Powertips","Downfall","Highlight Path","Minty Spire (QoL Compilation)","Permanent Neow","StSLib","The Necromancer","The Servant 0.9.4"],"gold_per_floor":[119,136,136,154,169,169,185,201,226,226,241,267,267,46,46,143,143,163,163,178,178,11,30,64,96,169,90,110,110,142,165,177,189,189],"floor_reached":33,"language":"ENG","playtime":929,"items_purged":[],"score":339,"play_id":"01760a0a-918e-4e22-9508-c8448a3c933e","local_time":"20210227112705","is_ascension_mode":false,"campfire_choices":[{"data":"Dodge and Roll","floor":6,"key":"SMITH"},{"data":"Dodge and Roll","floor":10,"key":"SMITH"},{"floor":13,"key":"REST"},{"data":"Noxious Fumes","floor":15,"key":"SMITH"},{"data":"Footwork","floor":29,"key":"SMITH"},{"floor":32,"key":"REST"}],"circlet_count":0,"master_deck":["Strike_G","Strike_G","Strike_G","Strike_G","Strike_G","Defend_G","Defend_G+1","Defend_G","Defend_G+1","Defend_G","Survivor","Neutralize","Sadistic Nature","Dodge and Roll+1","Poisoned Stab","Poisoned Stab","Dodge and Roll+1","Sucker Punch","PiercingWail","Noxious Fumes+1","Bullet Time","Writhe","Cloak And Dagger","Footwork+1","PiercingWail+1","Blur+1","Cloak And Dagger","Sucker Punch+1"],"relics":["Ring of the Snake","Vajra","War Paint","Oddly Smooth Stone","Sozu","Juzu Bracelet","Membership Card","Red Mask","Orichalcum","White Beast Statue","ClockworkSouvenir","MawBank"],"acts_visited":["Exordium","TheCity"],"potions_floor_usage":[7,23],"damage_taken":[{"damage":0,"enemies":"Jaw Worm","floor":1,"turns":4},{"damage":0,"enemies":"Cultist","floor":2,"turns":4},{"damage":0,"enemies":"2 Louse","floor":4,"turns":2},{"damage":4,"enemies":"Blue Slaver","floor":5,"turns":4},{"damage":5,"enemies":"Looter","floor":7,"turns":2},{"damage":7,"enemies":"2 Fungi Beasts","floor":8,"turns":3},{"damage":0,"enemies":"3 Louse","floor":11,"turns":4},{"damage":15,"enemies":"Lagavulin","floor":12,"turns":6},{"damage":0,"enemies":"The Guardian","floor":16,"turns":8},{"damage":6,"enemies":"Shell Parasite","floor":18,"turns":6},{"damage":0,"enemies":"Spheric Guardian","floor":20,"turns":5},{"damage":2,"enemies":"Snecko","floor":23,"turns":5},{"damage":19,"enemies":"Masked Bandits","floor":24,"turns":7},{"damage":5,"enemies":"Book of Stabbing","floor":25,"turns":8},{"damage":0,"enemies":"3 Cultists","floor":28,"turns":5},{"damage":23,"enemies":"Gremlin Leader","floor":30,"turns":7},{"damage":0,"enemies":"Snake Plant","floor":31,"turns":5},{"damage":29,"enemies":"Collector","floor":33,"turns":6}],"seed_played":"-5856242887971815212","potions_obtained":[{"floor":3,"key":"GamblersBrew"},{"floor":3,"key":"BlessingOfTheForge"},{"floor":3,"key":"Dexterity Potion"},{"floor":4,"key":"AttackPotion"},{"floor":5,"key":"champ:CounterPotion"},{"floor":16,"key":"hexamod:SoulburnPotion"}],"is_trial":false,"path_per_floor":["M","M","?","M","M","R","M","M","T","R","M","E","R","$","R","B",null,"M","?","M","?","$","M","?","E","T","$","M","R","E","M","R","B"],"character_chosen":"THE_SILENT","items_purchased":["Noxious Fumes","Oddly Smooth Stone","Membership Card","Footwork","ClockworkSouvenir"],"campfire_rested":2,"item_purchase_floors":[14,14,22,22,27],"current_hp_per_floor":[63,63,63,63,59,59,54,47,47,47,47,32,50,50,50,50,63,57,57,57,57,57,55,36,31,31,31,31,31,8,8,26,0,0],"gold":189,"neow_bonus":"RANDOM_COLORLESS_2","is_daily":false,"chose_seed":false,"campfire_upgraded":4,"win_rate":0.0,"timestamp":1614421625,"path_taken":["M","M","?","M","M","R","M","?","T","R","M","E","R","$","R","BOSS","M","?","M","?","$","M","?","E","T","?","M","R","E","M","R","BOSS"],"items_purchased_type":["Card","Relic","Relic","Card","Relic"],"build_version":"2020-12-22","purchased_purges":0,"victory":false,"max_hp_per_floor":[63,63,63,63,63,63,63,63,63,63,63,63,63,63,63,63,63,63,63,63,63,63,63,63,63,63,63,63,63,63,63,63,63,63],"card_choices":[{"not_picked":["Metamorphosis","Master of Strategy"],"picked":"Sadistic Nature","floor":0},{"not_picked":["Riddle With Holes","Eviscerate"],"picked":"Dodge and Roll","floor":1},{"not_picked":["Bane","Choke"],"picked":"Poisoned Stab","floor":2},{"not_picked":["Distraction","Heel Hook","Deflect"],"picked":"SKIP","floor":4},{"not_picked":["Outmaneuver","Terror"],"picked":"Poisoned Stab","floor":5},{"not_picked":["Eviscerate","Outmaneuver","Bane"],"picked":"SKIP","floor":7},{"not_picked":["Prepared","Infinite Blades"],"picked":"Dodge and Roll","floor":8},{"not_picked":["Dash","Acrobatics"],"picked":"Sucker Punch","floor":11},{"not_picked":["Concentrate","Flying Knee"],"picked":"PiercingWail","floor":12},{"not_picked":["Storm of Steel","Phantasmal Killer"],"picked":"Bullet Time","floor":16},{"not_picked":["Deflect","Poisoned Stab","Slice+1"],"picked":"SKIP","floor":18},{"not_picked":["Leg Sweep","Backstab"],"picked":"Cloak And Dagger","floor":20},{"not_picked":["Riddle With Holes","Well Laid Plans+1"],"picked":"PiercingWail+1","floor":23},{"not_picked":["Predator","Cloak And Dagger+1"],"picked":"Blur+1","floor":24},{"not_picked":["Crippling Poison+1","Backflip+1"],"picked":"Cloak And Dagger","floor":25},{"not_picked":["Calculated Gamble","Well Laid Plans","Deadly Poison"],"picked":"SKIP","floor":28},{"not_picked":["Corpse Explosion","Flechettes","Slice"],"picked":"SKIP","floor":30},{"not_picked":["Skewer","Poisoned Stab"],"picked":"Sucker Punch+1","floor":31}],"player_experience":1042711,"relics_obtained":[{"floor":9,"key":"Vajra"},{"floor":12,"key":"War Paint"},{"floor":24,"key":"Red Mask"},{"floor":25,"key":"Orichalcum"},{"floor":26,"key":"White Beast Statue"},{"floor":30,"key":"MawBank"}],"event_choices":[{"damage_healed":0,"gold_gain":0,"player_choice":"Got Potions","damage_taken":0,"max_hp_gain":0,"max_hp_loss":0,"event_name":"Lab","floor":3,"gold_loss":0},{"damage_healed":0,"gold_gain":0,"player_choice":"Opened","damage_taken":0,"relics_obtained":["Juzu Bracelet"],"max_hp_gain":0,"max_hp_loss":0,"event_name":"The Mausoleum","floor":19,"gold_loss":0,"cards_obtained":["Writhe"]},{"damage_healed":0,"gold_gain":0,"player_choice":"Fought Bandits","damage_taken":0,"max_hp_gain":0,"max_hp_loss":0,"event_name":"Masked Bandits","floor":24,"gold_loss":0}],"is_beta":false,"boss_relics":[{"not_picked":["Tiny House","bronze:MakeshiftBattery"],"picked":"Sozu"}],"items_purged_floors":[],"is_endless":false,"potions_floor_spawned":[4,5,16,20,24,28,30,31],"killed_by":"Collector","ascension_level":0}}