{"host":"xnjcin1g6gswdgtt","time":1614409041,"event":{"mods":["2.2 Compatiblity","Act Like it!","Arknights","Aspiration","Astrologer","BaseMod","Beaked The Cultist","Better Altar","Better Match","Better Note","Better Sensory Stone","Better Skull","Better Third Choice","Better Vampires","BetterRewards","Bossed Relics","Card Forge","CatGirl Mod","ChefMod","Colored Map","Colored Powertips","Conspire","Dota2Spire","Downfall","Duelist Mod","Elementarium","Energized Spire","Friendly Minions","Gold Saver","Gremlin Mod","GungeonMod","Hero for Fun","Highlight Path","Hubris","Jedi Mod","JesterMod","Marisa????????","Marked Mod","Menagerie","Minty Spire (QoL Compilation)","Pale of the Ancients","QueenMod","Quick Restart","Rare Cards Sparkle","Relic Stats","Reliquary","Replay The Spire","Robot Space Explorer","Ruina","Shade Mod","Shapeshifter Mod","Shop Mod","Small Relic Pack","Smile Girya","Spicy Shops","StSLib","The Alterego","The Animator","The Blue Laboratory","The Clintock","The Construct","The Cursed","The Death Knight","The Disciple","The Dragon Tamer","The Forsaken","The Hierophant","The Marked","The Mystic","The Necromancer","The Poker Player","The Runesmith","The Saiyan","The Servant 0.9.4","The Showman","The Wild Card","TheBandit","TheSwordswoman","TheVacant","Trackpad","Yuri Mod","??????REMEMod"],"gold_per_floor":[1567,1567,1582,1600,1600,1617,1617,1640,1640,1708,867,885,774,794,873,975,975,987,1001,838,854,866,895,895,914,914,928,977,988,385,410,410,410,410],"floor_reached":33,"language":"ENG","playtime":7274,"items_purged":["theDuelist:Sparks+1","theDuelist:ExodiaHead+22"],"score":381,"play_id":"8b7830c8-8a83-4ca9-9886-484632631750","local_time":"20210227005721","is_ascension_mode":false,"campfire_choices":[{"floor":7.0,"key":"RECALL"},{"floor":24.0,"key":"REST"},{"floor":32,"key":"REST"}],"circlet_count":0,"master_deck":["theDuelist:CastleWalls+1","theDuelist:CastleWalls+1","theDuelist:DarkMagician+1","theDuelist:MysticalElf+1","theDuelist:MysticalElf+1","theDuelist:NeoMagic+1","theDuelist:NeoMagic+1","theDuelist:Yami+1","theDuelist:InjectionFairy+1","theDuelist:ExodiaLL+1","theDuelist:BlueDragonSummoner+1","theDuelist:YamiForm+1","theDuelist:ExodiaLA+1","theDuelist:BlueDragonSummoner+1","theDuelist:DoomShaman+1","theDuelist:SangaThunder+1","Madness+1","theDuelist:ExodiaRL+1","theDuelist:InfernoFireBlast+4","theDuelist:RainbowKuriboh+1","theDuelist:WitchBlackRose+1","theDuelist:MindAir+1","theDuelist:Relinquished+1","theDuelist:ApprenticeIllusionMagician+5","theDuelist:RainbowKuriboh+1","theDuelist:SkilledDarkMagician+1","theDuelist:LegendaryFlameLord+1","theDuelist:ApprenticeIllusionMagician+5","theDuelist:InariFire+1","theDuelist:FrontierWiseman+1","theDuelist:FairyBox+1","theDuelist:RainbowKuriboh"],"relics":["theDuelist:MillenniumPuzzle","Hammer of Thor","Anvil of the Gods","REME_ComplimentaryCards","Anchor","reliquary:Firecrackers","DemoMod:PinkGuonStone","aspiration:FrozenJewel","Orrery","Anchor","Empty Cage","Lantern","MerchantsRug","reliquary:NewFriend","Dota2Spire:EtherealBlade","Tough Bandages","DemoMod:Relodestone","conspire:IceCreamScoop","Frozen Eye","DemoMod:DecoyRelic","DemoMod:ChaffGrenade","Darkstone Periapt"],"acts_visited":["Exordium","TheCity"],"potions_floor_usage":[],"damage_taken":[{"damage":0.0,"enemies":"2 Louse","floor":1.0,"turns":3.0},{"damage":0.0,"enemies":"Cultist","floor":3.0,"turns":3.0},{"damage":0.0,"enemies":"Small Slimes","floor":4.0,"turns":4.0},{"damage":0.0,"enemies":"Blue Slaver","floor":6.0,"turns":2.0},{"damage":0.0,"enemies":"3 Louse","floor":12.0,"turns":2.0},{"damage":0.0,"enemies":"Looter","floor":14.0,"turns":3.0},{"damage":0.0,"enemies":"The Guardian","floor":16.0,"turns":7.0},{"damage":0.0,"enemies":"Chosen","floor":18.0,"turns":3.0},{"damage":0.0,"enemies":"Shell Parasite","floor":19.0,"turns":4.0},{"damage":14.0,"enemies":"Snake Plant","floor":21.0,"turns":4.0},{"damage":0.0,"enemies":"conspire:HollyBat","floor":22.0,"turns":8.0},{"damage":0.0,"enemies":"theDuelist:KaibaA2","floor":23.0,"turns":6.0},{"damage":0.0,"enemies":"3 Cultists","floor":25.0,"turns":4.0},{"damage":0.0,"enemies":"Snake Plant","floor":27.0,"turns":3.0},{"damage":13.0,"enemies":"Snake Plant","floor":28.0,"turns":7.0},{"damage":0.0,"enemies":"Sentry and Sphere","floor":29.0,"turns":3.0},{"damage":2,"enemies":"Slavers","floor":31,"turns":4},{"damage":87,"enemies":"Pondfish","floor":33,"turns":8}],"seed_played":"6692925982752480103","potions_obtained":[{"floor":14.0,"key":"blueLaboratory:LouseDecoction"},{"floor":15.0,"key":"hexamod:SoulburnPotion"},{"floor":15.0,"key":"SkillPotion"},{"floor":19.0,"key":"Regen Potion"},{"floor":27.0,"key":"Dexterity Potion"},{"floor":28.0,"key":"blueLaboratory:FruitPunch"},{"floor":29.0,"key":"theDuelist:VampireVial"},{"floor":31,"key":"blueLaboratory:BottledHope"}],"is_trial":false,"path_per_floor":["M","?","M","M","?","M","R","T","T","?","$","M","?","M","R_BF","B",null,"M","M","$","M","M","E","R","M","T","M","?","M","$","E","R","B"],"character_chosen":"THE_DUELIST","items_purchased":["DemoMod:PinkGuonStone","aspiration:FrozenJewel","theDuelist:YamiForm","Orrery","Lantern","MerchantsRug","theDuelist:MindAir","theDuelist:Relinquished","theDuelist:ApprenticeIllusionMagician","DemoMod:DecoyRelic","DemoMod:ChaffGrenade"],"campfire_rested":2,"item_purchase_floors":[11,11,11,11,20,20,20,20,20,30,30],"current_hp_per_floor":[80,80,80,80,80,80,80,80,80,80,87,87,87,87,53,53,87,87,87,87,82,87,87,87,87,87,87,74,74,74,72,87,0,0],"gold":410,"neow_bonus":"RANDOM_COMMON_RELIC","is_daily":false,"chose_seed":false,"campfire_upgraded":0,"win_rate":0.0,"timestamp":1614409041,"path_taken":["M","?","M","?","?","M","R","?","T","?","$","M","?","?","R_BF","BOSS","M","?","$","?","M","E","R","M","T","M","?","?","$","E","R","BOSS"],"items_purchased_type":["Relic","Relic","Card","Relic","Relic","Relic","Card","Card","Card","Relic","Relic"],"build_version":"2020-12-22","purchased_purges":2,"victory":false,"max_hp_per_floor":[80,80,80,80,80,80,80,80,80,80,87,87,87,87,87,87,87,87,87,87,87,87,87,87,87,87,87,87,87,87,87,87,87,87],"relic_stats":{"Darkstone Periapt":0,"Tough Bandages":[21],"counters":[18,77],"obtain_stats":[{"Darkstone Periapt":31,"Lantern":20,"reliquary:Firecrackers":9,"Hammer of Thor":0,"DemoMod:GlassGuonStoneRelic":4,"theDuelist:MillenniumPuzzle":0,"Dota2Spire:EtherealBlade":26,"Empty Cage":17,"Frozen Eye":29,"theDuelist:BoosterPackPoolRelic":0,"Tough Bandages":28,"reliquary:NewFriend":23,"theDuelist:CardPoolAddRelic":0,"theDuelist:CardPoolOptionsRelic":0,"theDuelist:CardPoolRelic":0,"MerchantsRug":20,"DemoMod:ChaffGrenade":30,"DemoMod:PinkGuonStone":11,"theDuelist:CardPoolSaveRelic":0,"Seething Fire":0,"aspiration:FrozenJewel":11,"theDuelist:CardPoolMinusRelic":0,"Anchor":0,"Anvil of the Gods":0,"theDuelist:CardPoolBasicRelic":0,"Orrery":11,"DemoMod:DecoyRelic":30,"DemoMod:Relodestone":28,"conspire:IceCreamScoop":28,"REME_ComplimentaryCards":0},{"Darkstone Periapt":17,"Lantern":9,"reliquary:Firecrackers":4,"Hammer of Thor":0,"DemoMod:GlassGuonStoneRelic":3,"theDuelist:MillenniumPuzzle":0,"Dota2Spire:EtherealBlade":13,"Empty Cage":7,"Frozen Eye":16,"theDuelist:BoosterPackPoolRelic":0,"Tough Bandages":15,"reliquary:NewFriend":12,"theDuelist:CardPoolAddRelic":0,"theDuelist:CardPoolOptionsRelic":0,"theDuelist:CardPoolRelic":0,"MerchantsRug":9,"DemoMod:ChaffGrenade":16,"DemoMod:PinkGuonStone":4,"theDuelist:CardPoolSaveRelic":0,"Seething Fire":0,"aspiration:FrozenJewel":4,"theDuelist:CardPoolMinusRelic":0,"Anchor":0,"Anvil of the Gods":0,"theDuelist:CardPoolBasicRelic":0,"Orrery":4,"DemoMod:DecoyRelic":16,"DemoMod:Relodestone":15,"conspire:IceCreamScoop":15,"REME_ComplimentaryCards":0},{"Darkstone Periapt":69,"Lantern":30,"reliquary:Firecrackers":12,"Hammer of Thor":0,"DemoMod:GlassGuonStoneRelic":10,"theDuelist:MillenniumPuzzle":0,"Dota2Spire:EtherealBlade":52,"Empty Cage":23,"Frozen Eye":64,"theDuelist:BoosterPackPoolRelic":0,"Tough Bandages":62,"reliquary:NewFriend":48,"theDuelist:CardPoolAddRelic":0,"theDuelist:CardPoolOptionsRelic":0,"theDuelist:CardPoolRelic":0,"MerchantsRug":30,"DemoMod:ChaffGrenade":65,"DemoMod:PinkGuonStone":12,"theDuelist:CardPoolSaveRelic":0,"Seething Fire":0,"aspiration:FrozenJewel":12,"theDuelist:CardPoolMinusRelic":0,"Anchor":0,"Anvil of the Gods":0,"theDuelist:CardPoolBasicRelic":0,"Orrery":12,"DemoMod:DecoyRelic":65,"DemoMod:Relodestone":62,"conspire:IceCreamScoop":62,"REME_ComplimentaryCards":0}]},"card_choices":[{"not_picked":["theDuelist:MagiciansRod","theDuelist:StatueAnguishPattern","theDuelist:MindAir"],"picked":"theDuelist:Yami","floor":1.0},{"not_picked":["theDuelist:NeoMagic","theDuelist:Illusionist","theDuelist:OnslaughtFireKings","theDuelist:CircleFireKings"],"picked":"theDuelist:InjectionFairy","floor":3.0},{"not_picked":["theDuelist:SangaThunder","theDuelist:InjectionFairy","theDuelist:FlyingSaucer","theDuelist:Mudballman"],"picked":"theDuelist:ExodiaLL","floor":4.0},{"not_picked":["theDuelist:DarkMagician","theDuelist:LordD","theDuelist:BlizzardWarrior","theDuelist:BadReaction"],"picked":"theDuelist:BlueDragonSummoner","floor":6.0},{"not_picked":["theDuelist:CosmoBrain","theDuelist:TimeWizard","theDuelist:DarkMagician","theDuelist:AncientElf"],"picked":"theDuelist:ExodiaLA","floor":11.0},{"not_picked":["theDuelist:ExodiaRL","theDuelist:ExodiaRA","theDuelist:ExodiaLL","theDuelist:ExodiaLA"],"picked":"theDuelist:ExodiaHead","floor":11.0},{"not_picked":["theDuelist:NeoMagic","theDuelist:MysticalElf","theDuelist:SpellShatteringArrow","theDuelist:DarkMagician"],"picked":"theDuelist:BlueDragonSummoner","floor":11.0},{"not_picked":["theDuelist:CircleFireKings","theDuelist:CrystalWingDragon","theDuelist:BookSecret","theDuelist:CharcoalInpachi"],"picked":"theDuelist:DoomShaman","floor":11.0},{"not_picked":["theDuelist:SpellShatteringArrow","theDuelist:BlizzardWarrior","theDuelist:DarkMagician","theDuelist:LegendaryExodia"],"picked":"theDuelist:SangaThunder","floor":11.0},{"not_picked":["theDuelist:ExodiaLL","theDuelist:ExodiaLA","theDuelist:ThousandEyesIdol","theDuelist:FogKing","theDuelist:BlizzardPrincess"],"picked":"SKIP","floor":12.0},{"not_picked":["theDuelist:SangaThunder","theDuelist:DarkMagician","theDuelist:Mudballman","theDuelist:BlueDragonSummoner"],"picked":"theDuelist:ExodiaRL","floor":14.0},{"not_picked":["theDuelist:ExodiaLA","theDuelist:LegendaryExodia","theDuelist:ApprenticeIllusionMagician","theDuelist:Wildfire"],"picked":"theDuelist:InfernoFireBlast","floor":15.0},{"not_picked":["theDuelist:RainbowDarkDragon","theDuelist:IrisEarthMother","theDuelist:RainbowMagician","theDuelist:RainbowOverdragon"],"picked":"theDuelist:RainbowKuriboh","floor":16.0},{"not_picked":["theDuelist:Wildfire","theDuelist:SangaWater","theDuelist:SangaEarth+1"],"picked":"SKIP","floor":18.0},{"not_picked":["theDuelist:LegendaryExodia","theDuelist:NeoMagic","theDuelist:Illusionist","theDuelist:AncientElf"],"picked":"theDuelist:WitchBlackRose","floor":19.0},{"not_picked":["theDuelist:RainbowDarkDragon","theDuelist:IrisEarthMother","theDuelist:RainbowMagician","theDuelist:RainbowOverdragon"],"picked":"theDuelist:RainbowKuriboh","floor":21.0},{"not_picked":["theDuelist:SpellShatteringArrow","theDuelist:BlizzardWarrior","theDuelist:SilentDoom","theDuelist:MythicalBeast"],"picked":"theDuelist:SkilledDarkMagician+1","floor":22.0},{"not_picked":["theDuelist:SkilledDarkMagician","theDuelist:MythicalBeast","theDuelist:BlizzardPrincess","theDuelist:Wildfire+1"],"picked":"theDuelist:LegendaryFlameLord","floor":23.0},{"not_picked":["theDuelist:SkilledDarkMagician","theDuelist:ExodiaHead","theDuelist:CharcoalInpachi","theDuelist:RainbowDarkDragon"],"picked":"theDuelist:ApprenticeIllusionMagician","floor":25.0},{"not_picked":["theDuelist:MagiciansRod","theDuelist:VoidExpansion","theDuelist:BadReaction"],"picked":"theDuelist:InariFire","floor":27.0},{"not_picked":["theDuelist:BattleOx","theDuelist:GilfordLegend","theDuelist:PreventRat","theDuelist:BlackPendant"],"picked":"theDuelist:FrontierWiseman","floor":28.0},{"not_picked":["theDuelist:WhiteHowling","theDuelist:IcyCrevasse","theDuelist:Graverobber","theDuelist:BadReaction+1"],"picked":"theDuelist:FairyBox","floor":29.0},{"not_picked":["theDuelist:RainbowMagician","theDuelist:IrisEarthMother+1","theDuelist:RainbowDarkDragon","theDuelist:RainbowOverdragon"],"picked":"theDuelist:RainbowKuriboh","floor":31}],"player_experience":303531,"relics_obtained":[{"floor":9.0,"key":"reliquary:Firecrackers"},{"floor":23.0,"key":"reliquary:NewFriend"},{"floor":26.0,"key":"Dota2Spire:EtherealBlade"},{"floor":28.0,"key":"Tough Bandages"},{"floor":28.0,"key":"DemoMod:Relodestone"},{"floor":28.0,"key":"conspire:IceCreamScoop"},{"floor":31,"key":"Darkstone Periapt"}],"event_choices":[{"damage_healed":0.0,"max_hp_gain":0.0,"max_hp_loss":0.0,"gold_gain":0.0,"event_name":"Visit from Anubis","player_choice":"Scored: 1398","duelist":true,"floor":2.0,"gold_loss":0.0,"damage_taken":0.0},{"damage_healed":0.0,"max_hp_gain":0.0,"max_hp_loss":0.0,"gold_gain":68.0,"event_name":"Golden Wing","player_choice":"Gained Gold","floor":10.0,"gold_loss":0.0,"damage_taken":0.0},{"damage_healed":0.0,"max_hp_gain":0.0,"max_hp_loss":0.0,"gold_gain":0.0,"event_name":"Relic Duplicator","player_choice":"Duplicated Relic - Anchor","duelist":true,"floor":13.0,"gold_loss":0.0,"damage_taken":0.0},{"damage_healed":0.0,"max_hp_gain":0.0,"max_hp_loss":0.0,"gold_gain":0.0,"event_name":"Battle City","player_choice":"Fight","duelist":true,"floor":28.0,"gold_loss":0.0,"damage_taken":0.0}],"is_beta":false,"boss_relics":[{"not_picked":["energizedSpire:OgreHead","jedi:hotpepper"],"picked":"Empty Cage"}],"items_purged_floors":[20,30],"is_endless":false,"potions_floor_spawned":[14,19,23,27,28,29,31],"killed_by":"Pondfish","ascension_level":0}}