{"host":"w5vfr18i2ft1pzo2","time":1614419042,"event":{"mods":["AchievementEnabler","Act Like it!","Aspiration","BaseMod","Better Debug","Better Third Choice","BetterRewards","Bossed Relics","Colored Map","Colored Powertips","Conspire","Curses Come First","DNKmod","Defuse TimeMaze Blight","Dota2Spire","Elementarium","Energized Spire","Evolution","Extra Virgin Snecko Oil","Force Act Four","Fox Events","Friendly Minions","Gensokyo","GifTheSpireLib","Gold Saver","Halation","Hallownest","Hubris","Hyrulean Relics","Infinite Spire","Jedi Mod","Library of Ruina","Library of Ruina Extra","Marisa????????","Minty Spire (QoL Compilation)","MostiFishMod","Poor People Problems","Prisma Mod","Reimu??????","Relic Filter Mod","Reliquary","Remilia??????","Replay The Spire","Ruina","RumiaBox-????????","SacredBarkPlus","Shapeshifter Mod","Shop Mod","Small Relic Pack","Spicy Shops","Spikes Relics","StS++","StSLib","Stuff the Spire","SuperFastMode","Synergy Search","The Animator","The Blue Laboratory","The Dragonkin","The Servant 0.9.4","TheWitcher","Trackpad","Treasure Hunter","Uncapped","Wandering Minibosses","Yakumo Yukari mod","noobMod","??????REMEMod"],"gold_per_floor":[116,116,116,116,116,158,158,158,183,183,131,131,131,152,152,284,284,302,323,108,131,131,131,150,150,150,170,195,608,608,608,608,735,735,756,756,756,783,809,809,834,865,910,950,950,950,976,976,976,978,978,978,767,819,874,874,874,170,255,345,345,43,148,148,237,237,357,357,367],"floor_reached":70,"language":"ENG","playtime":3254,"items_purged":["jedi:BattleThirst"],"score":1189,"play_id":"d2adbacd-aa4f-4a98-b466-eb75c19b98fc","local_time":"20210227174402","is_ascension_mode":false,"campfire_choices":[{"floor":8.0,"key":"RECALL"},{"data":"Duel_lor","floor":10.0,"key":"SMITH"},{"data":"Gensokyo:Dawn","floor":13.0,"key":"SMITH"},{"data":"Parry2","floor":15.0,"key":"SMITH"},{"data":"TH:BikiniMail","floor":23.0,"key":"SMITH"},{"data":"ReplayTheSpireMod:Haul","floor":30.0,"key":"SMITH"},{"data":"TheArtOfRapidSteps","floor":32.0,"key":"SMITH"},{"data":"SunsetBlade","floor":40.0,"key":"SMITH"},{"data":"infinitespire:UltimateForm","floor":46.0,"key":"SMITH"},{"data":"BiXi","floor":49.0,"key":"SMITH"},{"data":"BiAn","floor":52,"key":"SMITH"},{"data":"FrontalAssault","floor":68,"key":"SMITH"}],"circlet_count":0,"master_deck":["Dodge+1","LightDefense","LightAttack+1","LightAttack+1","LightAttack","LightDefense","LightDefense","LightDefense","ChargeAndCover","FocusedStrikes","Gensokyo:Dawn+1","DarkCloud+1","TH:CopperCoins+1","TH:BikiniMail+1","Duel_lor+1","TH:TreasureMap+1","BiAn+1","TH:TreasureMap","Parry2","TH:CopperCoins+1","TieShanKao","ToOvercomeCrisis+1","YourShield","QuickAttack","TheWillOfTheCity+1","relicPack:ZaWorld+1","Replay:Fractal Strike+1","Inflame+1","Defragment","Footwork","animator:HigakiRinne","Seeing Red+1","TH:TreasureMap","TheArtOfRapidSteps","SunsetBlade+1","Unlock1","BoundaryOfDeath+1","BladeWhirl","YoureAHindrance+1","TH:TreasureMap","DarkCloud","BiXi","TH:DeckOfManyThings","ForTheFamily+1","TH:BikiniMail","TH:BikiniMail+1","Quickness","Discovery+1","RulesOfTheBackstreets+1","BiAn+1","IronWall","TH:CursedSword+1","ReplayUltimateDefense+1","IllEndYou","Rewind+1","Chrysalis+1","TheWillOfTheCity+1","SwordOfVolition+1","ShockingBlow+1","TH:BikiniMail","TH:TreasureMap","TH:TreasureMap","FrontalAssault+1"],"relics":["animator:TheWolleyCore","animator:AncientMedallion"],"acts_visited":["Exordium","ruina:Briah","TheBeyond","TheEnding","EYB:TheUnnamedReign"],"potions_floor_usage":[],"damage_taken":[{"damage":0.0,"enemies":"Small Slimes","floor":1.0,"turns":2.0},{"damage":4.0,"enemies":"3 Sentries","floor":6.0,"turns":5.0},{"damage":0.0,"enemies":"Jaw Worm","floor":14.0,"turns":2.0},{"damage":0.0,"enemies":"Fading Forest","floor":16.0,"turns":8.0},{"damage":0.0,"enemies":"ruina:BadWolf","floor":18.0,"turns":3.0},{"damage":0.0,"enemies":"ruina:2_Scarecrows","floor":19.0,"turns":2.0},{"damage":69.0,"enemies":"ruina:Woodsman","floor":21.0,"turns":3.0},{"damage":0.0,"enemies":"ruina:3_Scarecrows","floor":24.0,"turns":3.0},{"damage":0.0,"enemies":"ruina:QueenOfHate","floor":27.0,"turns":2.0},{"damage":0.0,"enemies":"ruina:KnightOfDespair","floor":28.0,"turns":2.0},{"damage":7.0,"enemies":"ruina:3_Scarecrows","floor":29.0,"turns":5.0},{"damage":0.0,"enemies":"ruina:Red_and_Wolf","floor":33.0,"turns":5.0},{"damage":0.0,"enemies":"Orb Walker","floor":35.0,"turns":3.0},{"damage":0.0,"enemies":"3 Shapes","floor":39.0,"turns":2.0},{"damage":0.0,"enemies":"Transient","floor":41.0,"turns":7.0},{"damage":8.0,"enemies":"Nemesis","floor":42.0,"turns":4.0},{"damage":1.0,"enemies":"Giant Head","floor":44.0,"turns":5.0},{"damage":5.0,"enemies":"Sphere and 2 Shapes","floor":47.0,"turns":4.0},{"damage":22.0,"enemies":"Replay:Hell Engine","floor":50.0,"turns":5.0},{"damage":16,"enemies":"animator:TRIPLE_SHAPES_WEAK","floor":54,"turns":5},{"damage":0,"enemies":"animator:UNNAMED_HAT","floor":55,"turns":1},{"damage":19,"enemies":"animator:TRIPLE_LAGAVULIN","floor":59,"turns":5},{"damage":11,"enemies":"animator:UNNAMED_CULTIST_2","floor":60,"turns":3},{"damage":7,"enemies":"animator:ULTIMATE_CUBE","floor":63,"turns":7},{"damage":0,"enemies":"animator:ULTIMATE_CRYSTAL","floor":67,"turns":4}],"seed_played":"-7585284587095912093","potions_obtained":[{"floor":1.0,"key":"Elixir"},{"floor":19.0,"key":"blueLaboratory:BottleOfRum"},{"floor":21.0,"key":"Weak Potion"},{"floor":35.0,"key":"Fruit Juice"},{"floor":39.0,"key":"infinitespire:BlackPotion"},{"floor":54,"key":"animator:FalseLifePotion"},{"floor":55,"key":"animator:FalseLifePotion"},{"floor":59,"key":"animator:FalseLifePotion"}],"is_trial":false,"path_per_floor":["M","?","?","?","T","E","?","R","T","R","$","T","R","M","R","B",null,"M","M","$","M","?","R","M","AVR","T","M","M","M","R","?","R","B",null,"M","?","?","T","M","R","M","E","T","E","?","R","M","?","R","B",null,"R","??","M","M","T","?","$","M","M","?","$","E","T","?","$","E","R","B",null],"character_chosen":"Librarian","items_purchased":["BiAn","BrkXgEgg","YourShield","ReplayUltimateDefense","animator:AncientMedallion","animator:AncientMedallion","Chrysalis","TheWillOfTheCity","SwordOfVolition"],"campfire_rested":0,"item_purchase_floors":[11,20,20,58,58,58,62,62,62],"current_hp_per_floor":[66,66,49,49,49,50,50,50,50,50,50,50,50,50,50,86,89,88,88,88,19,19,19,19,19,19,24,29,32,32,40,40,45,78,75,75,75,75,75,75,77,76,76,75,56,56,51,51,51,29,83,83,81,70,70,70,70,70,62,78,81,81,74,74,74,74,74,74,19],"gold":367,"neow_bonus":"TEN_PERCENT_HP_BONUS","is_daily":false,"chose_seed":false,"campfire_upgraded":11,"win_rate":0.0,"timestamp":1614419042,"path_taken":["M","?","?","?","?","E","?","R","T","R","$","?","R","?","R","BOSS","M","M","$","M","?","R","M","AVR","T","M","?","M","R","?","R","BOSS","M","?","?","?","?","R","M","E","T","E","?","R","M","?","R","BOSS","R","??","M","M","T","?","$","M","M","?","$","E","T","?","$","E","R","BOSS"],"items_purchased_type":["Card","Relic","Card","Card","Relic","Relic","Card","Card","Card"],"build_version":"2020-12-22","purchased_purges":1,"victory":true,"max_hp_per_floor":[71,71,71,71,71,69,69,72,72,72,72,72,72,86,86,89,89,88,101,101,72,72,72,72,72,72,88,72,77,77,77,77,78,78,75,75,75,75,87,87,77,92,92,76,76,76,83,83,83,83,83,83,81,81,81,81,81,81,81,81,81,81,81,81,81,81,81,81,81],"card_choices":[{"not_picked":["BlindFaith","HighKick","EnergyStrike","StructuralAnalysis","Outburst","VenomousFangs","SpearedSweep","CoordinatedAssault"],"picked":"DarkCloud","floor":1.0},{"not_picked":["TH:ArmorSpikes","TH:Mimic","TH:EnergyPotion","TH:PixieDust","TH:ElvenBoots","TH:DeckOfManyThings","TH:TreasureMap","TH:BikiniMail","TH:CursedSword"],"picked":"TH:CopperCoins","floor":5.0},{"not_picked":["TH:CursedSword","TH:DeckOfManyThings","TH:EnergyPotion","TH:ElvenBoots","TH:Mimic","TH:TreasureMap","TH:ArmorSpikes","TH:PixieDust","TH:CopperCoins"],"picked":"TH:BikiniMail","floor":6.0},{"not_picked":["OminousPower","InnerArdor","GuidanceOfTheGears","SpearedSweep","SetFire","EndlessBattle","RushDown","BiteOff","NightInTheBackstreets","HandleRequest"],"picked":"Duel_lor","floor":6.0},{"not_picked":["TH:EnergyPotion","TH:CopperCoins","TH:PixieDust","TH:CursedSword","TH:DeckOfManyThings","TH:ElvenBoots","TH:BikiniMail","TH:Mimic","TH:ArmorSpikes"],"picked":"TH:TreasureMap","floor":9.0},{"not_picked":["TH:EnergyPotion","TH:ElvenBoots","TH:PixieDust","TH:Mimic","TH:ArmorSpikes","TH:CursedSword","TH:CopperCoins","TH:BikiniMail","TH:DeckOfManyThings"],"picked":"TH:TreasureMap","floor":12.0},{"not_picked":["Diversion","ReadyUp","UnavoidableGaze","DefenseOrder","SunsetBlade","BurningFlash","StrongStrike","FierceCharge","DesperateStruggle","BiAn"],"picked":"Parry2","floor":14.0},{"not_picked":["TH:Mimic","TH:ElvenBoots","TH:DeckOfManyThings"],"picked":"TH:CopperCoins","floor":16.0},{"not_picked":["Suppress","Deflect_lor","Cruelty","Disposal"],"picked":"TieShanKao","floor":16.0},{"not_picked":["SinglePointStab","YouOnlyLiveOnce+1","FierceCharge","Outburst+1","BlindFaith","FocusFire","SteelKnuckles","Multislash","SuppressingShot+1","Standoff","Leap_lor"],"picked":"SKIP","floor":18.0},{"not_picked":["SinglePointStab","YouOnlyLiveOnce+1","FierceCharge","Outburst+1","BlindFaith","FocusFire","SteelKnuckles","Multislash","SuppressingShot+1","Standoff","Leap_lor"],"picked":"SKIP","floor":18.0},{"not_picked":["QuickAttack+1","TraceOfFumes","Overpower","SunsetBlade","GuardingStance","Multislash","Cruelty","VioletBlade+1","FleetFootsteps","Quickness"],"picked":"ToOvercomeCrisis+1","floor":19.0},{"not_picked":["VenomousFangs","Zzzzzap","SuppressingShot","CookingPrep","AlloutWar","ShrineToMusic","Leap_lor","FierceCharge","BlindFaith","MultiHit"],"picked":"QuickAttack","floor":21.0},{"not_picked":["Marionette","Crush","Multislash","SerpentSwordTechnique","AlloutWar","LeRegole+1","SinglePointStab","Parry2","ButterflySlash","GrazeTheGrass"],"picked":"TheWillOfTheCity","floor":24.0},{"not_picked":["TH:CopperCoins","TH:PixieDust","TH:EnergyPotion","TH:ArmorSpikes","TH:CursedSword","TH:ElvenBoots","TH:DeckOfManyThings","TH:BikiniMail","TH:Mimic"],"picked":"TH:TreasureMap","floor":26.0},{"not_picked":["ViolentFlame+1","SomberProcuration","Tailoring","HiddenBlade","OpportunitySpotted+1","IngredientHunt","UpbeatPerformance","Juggling","BackAttack+1","LeRegole+1"],"picked":"TheArtOfRapidSteps","floor":27.0},{"not_picked":["Faith","UnavoidableGaze","ButterflySlash","ChargeUp+1","BizarreAttack","GuardingStance","Parry","ViolentFlame","SinglePointStab","EnergyStrike"],"picked":"SunsetBlade","floor":28.0},{"not_picked":["SavageMode+1","DefenseOrder+1","ClassAndRespect","FleetEdge","Pound+1","PuppetBlockade","MindPrepared","Multislash","BlindFaith","YoureAHindrance"],"picked":"Unlock1+1","floor":29.0},{"not_picked":["Cruelty+1","FleshFillet+1","FlamingDragonFist+1","Disposal+1"],"picked":"BoundaryOfDeath+1","floor":33.0},{"not_picked":["PreemptiveStrike+1","PinpointShot","Thirst","ICanCookAnything+1","WrathOfTorment","Brawl","VenomousFangs","SmokingPipe+1","Eject+1","RhinoRam+1"],"picked":"BladeWhirl+1","floor":35.0},{"not_picked":["TH:CopperCoins","TH:ArmorSpikes","TH:CursedSword","TH:EnergyPotion","TH:PixieDust","TH:Mimic","TH:ElvenBoots","TH:BikiniMail","TH:DeckOfManyThings"],"picked":"TH:TreasureMap","floor":38.0},{"not_picked":["Feast","SwordOfVolition","Juggling+1","SpearedSweep","StrongStrike","AssaultOrder","FleetFootsteps+1","HandlingWork","YourShield","FendThisOffIfYouCan"],"picked":"DarkCloud+1","floor":39.0},{"not_picked":["Zzzzzap+1","SnakesPrey","EnergyCycle+1","Overpower+1","MindWhip","TrimTheIngredients+1","BurningFlash+1","SomberProcuration","SuppressingShot","OminousPower"],"picked":"BiXi","floor":41.0},{"not_picked":["TH:PixieDust","TH:BikiniMail","TH:CopperCoins","TH:EnergyPotion","TH:TreasureMap","TH:Mimic","TH:CursedSword","TH:ArmorSpikes","TH:ElvenBoots"],"picked":"TH:DeckOfManyThings","floor":42.0},{"not_picked":["AutomatedMovement+1","Overpower+1","Concentration","EnergyShield+1","GoinFirst+1","RatsGuideToSurvival","SnakesPrey+1","ViolentFlame","ReadyUp","UncannyStrike+1"],"picked":"ForTheFamily+1","floor":42.0},{"not_picked":["TH:DeckOfManyThings","TH:CursedSword","TH:CopperCoins","TH:TreasureMap","TH:EnergyPotion","TH:ElvenBoots","TH:PixieDust","TH:ArmorSpikes","TH:Mimic"],"picked":"TH:BikiniMail","floor":43.0},{"not_picked":["TH:EnergyPotion","TH:ElvenBoots","TH:CursedSword","TH:DeckOfManyThings","TH:TreasureMap","TH:ArmorSpikes","TH:CopperCoins","TH:Mimic","TH:PixieDust"],"picked":"TH:BikiniMail","floor":44.0},{"not_picked":["SuppressingShot+1","YouOnlyLiveOnce+1","Eject","Laceration+1","SinglePointStab+1","HighKick+1","FierceCharge+1","CumulusWall","Pound","Overpower"],"picked":"Quickness+1","floor":44.0},{"not_picked":["infinitespire:DeathsTouch","ReplayTheSpireMod:Haul"],"picked":"hubris:Fate","floor":45.0},{"not_picked":["QuickSuppression","SteelKnuckles","CumulusWall","DefenseOrder+1","TieShanKao+1","Bvapour+1","UnavoidableGaze","Guardian_lor","Juggling","GaleKick"],"picked":"RulesOfTheBackstreets","floor":47.0},{"not_picked":["BackstreetsDash","Reload+1"],"picked":"BiAn","floor":54},{"not_picked":["CumulusWall+1","SummaryJudgment"],"picked":"IronWall","floor":55},{"not_picked":["TH:CopperCoins"],"picked":"TH:CursedSword","floor":56},{"not_picked":["GuardingStance","QuickSuppression"],"picked":"IllEndYou","floor":59},{"not_picked":["SerpentSwordTechnique","UpbeatPerformance"],"picked":"Rewind","floor":60},{"not_picked":["Standoff","GreatSerpentsImpact"],"picked":"ShockingBlow+1","floor":63},{"not_picked":["TH:PixieDust"],"picked":"TH:BikiniMail","floor":63},{"not_picked":["TH:ElvenBoots"],"picked":"TH:TreasureMap","floor":64},{"not_picked":["TH:ElvenBoots"],"picked":"TH:TreasureMap","floor":67},{"not_picked":["WildCard+1","GreatSerpentsImpact"],"picked":"FrontalAssault","floor":67}],"player_experience":511934,"relics_obtained":[{"floor":1.0,"key":"SynthV:TestCard"},{"floor":2.0,"key":"PageOfLittleHelper"},{"floor":6.0,"key":"Boot"},{"floor":9.0,"key":"Toy Ornithopter"},{"floor":12.0,"key":"PageOfSnowWhitesApple"},{"floor":26.0,"key":"PageOfJudgementBird"},{"floor":29.0,"key":"wanderingMiniBosses:LockLocket"},{"floor":38.0,"key":"Pen Nib"},{"floor":42.0,"key":"MagicDraw2"},{"floor":43.0,"key":"Dota2Spire:DrumOfEndurance"},{"floor":44.0,"key":"PageOfTheQueenOfHatred"},{"floor":53,"key":"animator:TheWolleyCore"},{"floor":56,"key":"animator:AncientMedallion"},{"floor":63,"key":"animator:AncientMedallion"},{"floor":64,"key":"animator:AncientMedallion"},{"floor":65,"key":"animator:AncientMedallion"},{"floor":67,"key":"animator:AncientMedallion"}],"event_choices":[{"damage_healed":0.0,"max_hp_gain":0.0,"max_hp_loss":0.0,"gold_gain":0.0,"event_name":"Golden Idol","player_choice":"Take Damage","floor":3.0,"gold_loss":0.0,"damage_taken":17.0,"relics_obtained":["Golden Idol"]}],"is_beta":false,"boss_relics":[{"not_picked":["jedi:battlestandard","HereWithMe","Snecko Heart"]},{"not_picked":["StSpp:Magatama","conspire:RunicOctahedron"],"picked":"reliquary:RedPaperclip"}],"items_purged_floors":[25],"is_endless":false,"potions_floor_spawned":[1,19,21,28,33,35,39,55,59,63],"ascension_level":0}}