{"host":"bxn2em57qlx5u4i0","time":1614451461,"event":{"mods":["BaseMod","Colored Map","Colored Powertips","Highlight Path","Minty Spire (QoL Compilation)","Random Character Button","Relic Sorter","Relic Stats","StSLib","SuperFastMode"],"gold_per_floor":[112,112,29,29,39,72,105,130,130,156,156,156,1,15,15,90,90,101,16,16,16,31,58,91,125,125,158,187,237,73,98,98,170,170,188,78,0,0,0,30,59,94,120,148,148,148,148,148,148,148,148,148,148,59,90,90],"floor_reached":57,"language":"ENG","playtime":2005,"items_purged":["Pain"],"score":3554,"play_id":"42f889fd-a8c1-49a7-8aad-d10d62fbfcf7","local_time":"20210227134421","daily_mods":["SealedDeck","Heirloom","Flight"],"is_ascension_mode":true,"campfire_choices":[{"data":"Consume","floor":11,"key":"SMITH"},{"data":"Loop","floor":15,"key":"SMITH"},{"data":"Defragment","floor":32,"key":"SMITH"},{"floor":45,"key":"RECALL"},{"floor":46,"key":"REST"},{"floor":47,"key":"REST"},{"floor":49,"key":"REST"},{"floor":53,"key":"REST"}],"circlet_count":0,"master_deck":["AscendersBane","Hologram","Leap+1","Consume+1","Coolheaded","Coolheaded+1","Ball Lightning+1","Ball Lightning","Capacitor","Conserve Battery","Fission+1","Loop+1","Core Surge","Redo+1","Steam+1","Seek+1","Defragment+1","Chill+1","Biased Cognition","Mayhem","Creative AI","White Noise+1","Capacitor"],"relics":["Cracked Core","Thread and Needle","Toxic Egg 2","Vajra","Mummified Hand","Gremlin Horn","Turnip","WarpedTongs","SacredBark","TungstenRod","FaceOfCleric","War Paint","Bottled Flame","Shuriken","MealTicket","Matryoshka","Juzu Bracelet","Molten Egg 2","Fusion Hammer","Red Mask","Strawberry","White Beast Statue","Bottled Tornado","Toy Ornithopter","Dream Catcher","Lantern"],"acts_visited":["Exordium","TheCity","TheBeyond","TheEnding"],"potions_floor_usage":[24,56,56],"damage_taken":[{"damage":0,"enemies":"Jaw Worm","floor":1,"turns":3},{"damage":0,"enemies":"Cultist","floor":5,"turns":3},{"damage":7,"enemies":"3 Sentries","floor":6,"turns":9},{"damage":3,"enemies":"Gremlin Nob","floor":7,"turns":3},{"damage":0,"enemies":"Lagavulin","floor":8,"turns":5},{"damage":0,"enemies":"3 Sentries","floor":10,"turns":6},{"damage":5,"enemies":"2 Louse","floor":14,"turns":2},{"damage":0,"enemies":"Slime Boss","floor":16,"turns":3},{"damage":0,"enemies":"Chosen","floor":18,"turns":5},{"damage":0,"enemies":"3 Byrds","floor":22,"turns":3},{"damage":0,"enemies":"Book of Stabbing","floor":23,"turns":4},{"damage":5,"enemies":"Slavers","floor":24,"turns":5},{"damage":28,"enemies":"Gremlin Leader","floor":25,"turns":5},{"damage":0,"enemies":"Book of Stabbing","floor":27,"turns":5},{"damage":0,"enemies":"Gremlin Leader","floor":28,"turns":5},{"damage":3,"enemies":"Slavers","floor":31,"turns":5},{"damage":19,"enemies":"Automaton","floor":33,"turns":8},{"damage":0,"enemies":"Orb Walker","floor":35,"turns":3},{"damage":32,"enemies":"Reptomancer","floor":40,"turns":5},{"damage":0,"enemies":"Nemesis","floor":41,"turns":7},{"damage":0,"enemies":"Reptomancer","floor":42,"turns":5},{"damage":0,"enemies":"Giant Head","floor":44,"turns":6},{"damage":10,"enemies":"Time Eater","floor":50,"turns":12},{"damage":7,"enemies":"Donu and Deca","floor":51,"turns":7},{"damage":53,"enemies":"Shield and Spear","floor":55,"turns":9},{"damage":43,"enemies":"The Heart","floor":56,"turns":9}],"seed_played":"-5172506518994201274","potions_obtained":[{"floor":1,"key":"Strength Potion"},{"floor":6,"key":"ColorlessPotion"},{"floor":7,"key":"Block Potion"},{"floor":25,"key":"FearPotion"},{"floor":27,"key":"PotionOfCapacity"},{"floor":35,"key":"FocusPotion"}],"is_trial":true,"path_per_floor":["M","?","$","?","M","E","E","E","T","E","R","?","$","M","R","B",null,"M","?","?","?","M","E","E","E","T","E","E","?","$","E","R","B",null,"M","?","?","?","?","E","E","E","T","E","R","R","R","?","R","B","B",null,"R","$","E","B",null],"character_chosen":"DEFECT","items_purchased":["Capacitor","Loop","Defragment","Chill+1","Capacitor"],"campfire_rested":4,"item_purchase_floors":[3,13,30,30,54],"current_hp_per_floor":[64,64,64,71,71,64,61,61,61,61,61,61,61,56,56,56,67,67,67,67,67,68,69,65,38,38,39,40,40,55,53,53,35,68,69,69,69,60,60,36,37,38,38,39,39,65,87,87,87,78,72,85,89,89,37,5],"gold":90,"neow_bonus":"","is_daily":false,"chose_seed":false,"campfire_upgraded":3,"win_rate":0.0,"timestamp":1614451461,"path_taken":["M","?","?","?","?","E","E","E","T","E","R","?","$","?","R","BOSS","M","?","?","?","?","E","E","E","T","E","E","?","?","E","R","BOSS","M","?","?","?","?","E","E","E","T","E","R","R","R","?","R","BOSS","BOSS","R","$","E","BOSS"],"items_purchased_type":["Card","Card","Card","Card","Card"],"build_version":"2020-12-22","purchased_purges":1,"victory":true,"max_hp_per_floor":[71,71,71,71,71,71,71,71,71,71,71,71,71,71,71,71,71,71,71,71,71,72,73,74,75,75,76,77,77,77,78,78,79,79,80,80,80,80,76,84,85,86,86,87,87,87,87,87,87,88,89,89,89,89,90,91],"relic_stats":{"Gremlin Horn":[30,30],"counters":[26,139],"Juzu Bracelet":1,"War Paint":["Leap","Coolheaded"],"WarpedTongs":[101],"Dream Catcher":4,"FaceOfCleric":17,"Mummified Hand":[134],"Shuriken":[9],"MealTicket":15,"Turnip":[4],"obtain_stats":[{"Lantern":55,"Gremlin Horn":9,"SacredBark":17,"Vajra":7,"Juzu Bracelet":28,"Bottled Tornado":42,"Dream Catcher":44,"Matryoshka":27,"FaceOfCleric":21,"Mummified Hand":8,"Strawberry":40,"MealTicket":26,"Fusion Hammer":34,"Red Mask":37,"Toxic Egg 2":6,"Cracked Core":0,"Thread and Needle":0,"War Paint":23,"White Beast Statue":41,"WarpedTongs":12,"Bottled Flame":24,"Shuriken":25,"Molten Egg 2":31,"Turnip":10,"TungstenRod":19,"Toy Ornithopter":43},{"Lantern":25,"Gremlin Horn":5,"SacredBark":8,"Vajra":4,"Juzu Bracelet":15,"Bottled Tornado":21,"Dream Catcher":22,"Matryoshka":14,"FaceOfCleric":9,"Mummified Hand":5,"Strawberry":19,"MealTicket":13,"Fusion Hammer":17,"Red Mask":18,"Toxic Egg 2":3,"Cracked Core":0,"Thread and Needle":0,"War Paint":11,"White Beast Statue":20,"WarpedTongs":6,"Bottled Flame":12,"Shuriken":13,"Molten Egg 2":16,"Turnip":6,"TungstenRod":9,"Toy Ornithopter":21},{"Lantern":130,"Gremlin Horn":23,"SacredBark":34,"Vajra":18,"Juzu Bracelet":66,"Bottled Tornado":97,"Dream Catcher":103,"Matryoshka":61,"FaceOfCleric":39,"Mummified Hand":23,"Strawberry":86,"MealTicket":56,"Fusion Hammer":79,"Red Mask":82,"Toxic Egg 2":15,"Cracked Core":0,"Thread and Needle":0,"War Paint":46,"White Beast Statue":93,"WarpedTongs":29,"Bottled Flame":51,"Shuriken":56,"Molten Egg 2":71,"Turnip":29,"TungstenRod":39,"Toy Ornithopter":97}],"TungstenRod":35,"Toy Ornithopter":10},"card_choices":[{"not_picked":["Hologram","Gash","Aggregate"],"picked":"SKIP","floor":1},{"not_picked":["Conserve Battery","Rebound","Storm"],"picked":"SKIP","floor":5},{"not_picked":["Rebound","Storm"],"picked":"Conserve Battery","floor":5},{"not_picked":["Storm","BootSequence+1","Rebound"],"picked":"SKIP","floor":6},{"not_picked":["Conserve Battery+1","Hello World"],"picked":"Fission+1","floor":7},{"not_picked":["Barrage","Turbo+1","Cold Snap"],"picked":"SKIP","floor":8},{"not_picked":["FTL","Go for the Eyes","Consume+1"],"picked":"SKIP","floor":10},{"not_picked":["Steam+1","Blizzard","FTL"],"picked":"SKIP","floor":14},{"not_picked":["Reboot+1","Machine Learning"],"picked":"Core Surge","floor":16},{"not_picked":["Leap+1","Steam Power+1","Steam+1"],"picked":"SKIP","floor":18},{"not_picked":["Beam Cell","Hologram+1","Ball Lightning+1"],"picked":"SKIP","floor":22},{"not_picked":["Steam+1","Consume+1","Conserve Battery+1"],"picked":"SKIP","floor":23},{"not_picked":["Stack+1","Ball Lightning"],"picked":"Redo+1","floor":24},{"not_picked":["Storm","Stack+1"],"picked":"Steam+1","floor":25},{"not_picked":["Hologram+1","Coolheaded+1"],"picked":"Seek+1","floor":27},{"not_picked":["Cold Snap+1","Heatsinks+1"],"picked":"White Noise+1","floor":28},{"not_picked":["Force Field+1","Gash+1","Rebound+1"],"picked":"SKIP","floor":31},{"not_picked":["Buffer","Core Surge+1"],"picked":"Biased Cognition","floor":33},{"not_picked":["Gash+1","Conserve Battery+1","Ball Lightning+1"],"picked":"SKIP","floor":35},{"not_picked":["Good Instincts+1","Swift Strike+1"],"picked":"Mayhem","floor":38},{"not_picked":["Turbo+1","Scrape+1","Barrage+1"],"picked":"SKIP","floor":40},{"not_picked":["Steam Power+1","Storm"],"picked":"Creative AI","floor":41},{"not_picked":["Barrage+1","Steam+1","Cold Snap+1"],"picked":"SKIP","floor":42},{"not_picked":["Cold Snap+1","Barrage+1","Static Discharge+1"],"picked":"SKIP","floor":44},{"not_picked":["Gash+1","Tempest+1"],"picked":"White Noise+1","floor":53},{"not_picked":["Barrage+1","All For One+1","Steam+1"],"picked":"SKIP","floor":55}],"player_experience":3068332,"relics_obtained":[{"floor":6,"key":"Toxic Egg 2"},{"floor":7,"key":"Vajra"},{"floor":8,"key":"Mummified Hand"},{"floor":9,"key":"Gremlin Horn"},{"floor":10,"key":"Turnip"},{"floor":23,"key":"War Paint"},{"floor":24,"key":"Bottled Flame"},{"floor":25,"key":"Shuriken"},{"floor":26,"key":"MealTicket"},{"floor":27,"key":"Matryoshka"},{"floor":28,"key":"Juzu Bracelet"},{"floor":31,"key":"Molten Egg 2"},{"floor":40,"key":"Strawberry"},{"floor":41,"key":"White Beast Statue"},{"floor":42,"key":"Bottled Tornado"},{"floor":43,"key":"Toy Ornithopter"},{"floor":44,"key":"Dream Catcher"},{"floor":55,"key":"Lantern"}],"event_choices":[{"cards_removed":["Hologram"],"damage_healed":0,"gold_gain":0,"player_choice":"Purged","damage_taken":0,"max_hp_gain":0,"max_hp_loss":0,"event_name":"Purifier","floor":2,"gold_loss":0},{"cards_removed":["Genetic Algorithm"],"damage_healed":7,"gold_gain":0,"player_choice":"Offered Uncommon","damage_taken":0,"max_hp_gain":0,"max_hp_loss":0,"event_name":"Bonfire Elementals","floor":4,"gold_loss":0},{"damage_healed":0,"gold_gain":0,"player_choice":"Rummage","damage_taken":0,"relics_obtained":["WarpedTongs"],"max_hp_gain":0,"max_hp_loss":0,"event_name":"Accursed Blacksmith","floor":12,"gold_loss":0,"cards_obtained":["Pain"]},{"damage_healed":0,"gold_gain":0,"player_choice":"Obtained Relic","damage_taken":0,"relics_obtained":["TungstenRod"],"max_hp_gain":0,"max_hp_loss":0,"event_name":"Addict","floor":19,"gold_loss":85},{"damage_healed":0,"gold_gain":0,"player_choice":"Ignored","damage_taken":0,"max_hp_gain":0,"max_hp_loss":0,"event_name":"The Mausoleum","floor":20,"gold_loss":0},{"damage_healed":0,"gold_gain":0,"player_choice":"Trade","damage_taken":0,"relics_obtained":["FaceOfCleric"],"max_hp_gain":0,"max_hp_loss":0,"event_name":"FaceTrader","floor":21,"gold_loss":0},{"damage_healed":0,"gold_gain":50,"player_choice":"Stole From Cult","damage_taken":0,"max_hp_gain":0,"max_hp_loss":0,"event_name":"Nest","floor":29,"gold_loss":0},{"cards_removed":["Cold Snap"],"damage_healed":0,"gold_gain":0,"player_choice":"Upgrade and Remove","damage_taken":0,"max_hp_gain":0,"max_hp_loss":0,"event_name":"Designer","floor":36,"gold_loss":110,"cards_upgraded":["Ball Lightning"]},{"damage_healed":0,"gold_gain":0,"player_choice":"Paid","damage_taken":0,"relics_obtained":["Red Mask"],"max_hp_gain":0,"max_hp_loss":0,"event_name":"Tomb of Lord Red Mask","floor":37,"gold_loss":78},{"damage_healed":0,"gold_gain":0,"player_choice":"Memory 3","damage_taken":10,"max_hp_gain":0,"max_hp_loss":0,"event_name":"SensoryStone","floor":38,"gold_loss":0},{"damage_healed":0,"gold_gain":0,"player_choice":"Max HP","damage_taken":0,"max_hp_gain":0,"max_hp_loss":4,"event_name":"Winding Halls","floor":39,"gold_loss":0},{"cards_removed":["White Noise"],"damage_healed":0,"gold_gain":0,"player_choice":"Removed Skill","damage_taken":0,"max_hp_gain":0,"max_hp_loss":0,"event_name":"Falling","floor":48,"gold_loss":0}],"is_beta":false,"boss_relics":[{"not_picked":["Snecko Eye","Ectoplasm"],"picked":"SacredBark"},{"not_picked":["Runic Pyramid","Tiny House"],"picked":"Fusion Hammer"}],"items_purged_floors":[13],"is_endless":false,"potions_floor_spawned":[1,6,7,8,22,25,27,28,35,41,42,44,55],"ascension_level":20}}