{"host":"709e3hc8hvltf42g","time":1614433438,"event":{"mods":["100% Spire Juice","ATMod(°¢èªMod)","Act Like it!","Arknights","Aspiration","BaseMod","CapriCore","Conspire","Downfall","Gensokyo","GungeonMod","Hallownest","Hermit","Library of Ruina","Library of Ruina Extra","Lobotomy","LobotomyExtend","Minty Spire (QoL Compilation)","MostiFishMod","Remilia£¨ÀÙÃ×ÀòÑÇ£©","StSLib","The Alterego","The Blackbeard","The Bug Knight","The Cursed","The Immortal","The Marked","Waifu the Spire","Yakumo Yukari mod","[GremlinLeader]The Maniac","[IsaacMod]ÒÔÈö¼âËþ","¡¾ÒÅÎï¿¨ÅÆ¡¿REMEMod"],"gold_per_floor":[387,9,21,34,53,81,98,124,124,124,135,155,190,219,219,314,314,314,314,314],"floor_reached":19,"language":"ZHS","playtime":718,"items_purged":["LightAttack","LightDefense"],"score":449,"play_id":"5b2f88fc-be3c-4978-9b7f-64c0802285ba","local_time":"20210227214358","daily_mods":["Vintage","Heirloom","Time Dilation","Flight"],"is_ascension_mode":false,"campfire_choices":[{"data":"UndertakePrescript","floor":10,"key":"SMITH"},{"floor":15,"key":"REST"}],"circlet_count":0,"master_deck":["Dodge+1","LightDefense+1","LightAttack","LightAttack","LightDefense","LightDefense","ChargeAndCover","FocusedStrikes","SnakesPrey","UndertakePrescript+1","Eradication","MirageStorm"],"relics":["PageOfLibrarian","HushsDoor","AT_ATBox","REME_ComplimentaryCards","DaveBox","Mango","PatriotShield","BloodDonationMachine","LetterFromLob","SynthV:TestCard","ChiLing","Chi","Ling","Strawberry","PageOfNothingThere","DemoMod:ChaffGrenade","DemoMod:GlassGuonStoneRelic","War Paint","BelialBook","Happy Flower","PageOfSnowWhitesApple","Shuriken","MostiFishMod:Haymaker","PageOfJudgementBird","bronze:DecasWashers","Damocles","SlaversCollar"],"acts_visited":["Exordium","TheCity"],"potions_floor_usage":[],"damage_taken":[{"damage":0,"enemies":"Small Slimes","floor":1,"turns":2},{"damage":2,"enemies":"Jaw Worm","floor":3,"turns":1},{"damage":3,"enemies":"Cultist","floor":4,"turns":2},{"damage":2,"enemies":"Lots of Slimes","floor":5,"turns":2},{"damage":3,"enemies":"Lagavulin","floor":6,"turns":4},{"damage":2,"enemies":"Large Slime","floor":7,"turns":2},{"damage":3,"enemies":"Gremlin Nob","floor":8,"turns":2},{"damage":1,"enemies":"3 Louse","floor":11,"turns":1},{"damage":2,"enemies":"2 Fungi Beasts","floor":12,"turns":1},{"damage":3,"enemies":"3 Sentries","floor":13,"turns":3},{"damage":3,"enemies":"Lagavulin","floor":14,"turns":4},{"damage":3,"enemies":"Slime Boss","floor":16,"turns":1}],"seed_played":"6360602670238408489","potions_obtained":[{"floor":5,"key":"Ancient Potion"},{"floor":7,"key":"SkillPotion"},{"floor":12,"key":"SkillPotion"}],"is_trial":true,"path_per_floor":["M","$","M","M","M","E","M","E","T","R","M","M","E","E","R","B",null,"M","M"],"character_chosen":"Librarian","items_purchased":["ChiLing","SnakesPrey","Strawberry"],"campfire_rested":1,"item_purchase_floors":[2,2,2],"current_hp_per_floor":[40,39,37,34,32,29,27,24,24,24,23,21,24,26,55,57,95,95,0,0],"gold":314,"neow_bonus":"","is_daily":false,"chose_seed":false,"campfire_upgraded":1,"win_rate":0.0,"timestamp":1614433438,"path_taken":["M","$","M","M","M","E","M","E","T","R","M","M","E","E","R","BOSS","M","M"],"items_purchased_type":["Relic","Card","Relic"],"build_version":"2020-12-22","purchased_purges":2,"victory":false,"max_hp_per_floor":[84,91,86,92,95,105,222,86,86,86,95,84,91,99,99,100,95,95,95,95],"card_choices":[{"not_picked":["Quickness","GreatSerpentsImpact","Parry","DefenseOrder","TraceOfFumes","SharpNails","Observe","DriedUp","BoundaryOfDeath","MultiHit"],"picked":"UndertakePrescript","floor":6},{"not_picked":["Lock","BayonetCombat","NonstopAssault","WillOfThePrescript","ElectricShock","Struggle","GrazeTheGrass","UncannyStrike","SummaryJudgment","Eliminate","HiddenBlade"],"picked":"SKIP","floor":8},{"not_picked":["ChargeUp","AsThePrescriptOrders","EnergyStrike","GrazeTheGrass","BackAttack","ClassAndRespect","ShockingBlow","CumulusWall","Ripple","NightInTheBackstreets"],"picked":"Eradication","floor":13},{"not_picked":["BackstreetsDash","SuanNi","WaitUp","JiaoTu","SharpSwipe","Thirst","HardRehearsal","Execute_lor","Parry2","BoundaryOfDeath","RushDown"],"picked":"SKIP","floor":14},{"not_picked":["Punishment","FlamingDragonFist","ChargeUp","SilentNight"],"picked":"MirageStorm","floor":16}],"player_experience":282394,"relics_obtained":[{"floor":1,"key":"LetterFromLob"},{"floor":1,"key":"SynthV:TestCard"},{"floor":3,"key":"PageOfNothingThere"},{"floor":4,"key":"DemoMod:ChaffGrenade"},{"floor":5,"key":"War Paint"},{"floor":6,"key":"BelialBook"},{"floor":7,"key":"Happy Flower"},{"floor":8,"key":"PageOfSnowWhitesApple"},{"floor":9,"key":"Shuriken"},{"floor":11,"key":"MostiFishMod:Haymaker"},{"floor":12,"key":"PageOfJudgementBird"},{"floor":13,"key":"bronze:DecasWashers"},{"floor":14,"key":"Damocles"}],"event_choices":[],"is_beta":false,"boss_relics":[{"not_picked":["Pandora\u0027s Box","Snecko Eye"],"picked":"SlaversCollar"},{"not_picked":[]}],"items_purged_floors":[2,17],"is_endless":false,"potions_floor_spawned":[5,7,12,14,16],"killed_by":"3 Byrds","ascension_level":0}}