{"host":"zcytydgb505ghzux","time":1614388933,"event":{"mods":["Act Like it!","BaseMod","Better Note","Better Sensory Stone","Colored Powertips","Downfall","Halation","Highlight Path","Hubris","Infinite Spire","Jorbs\u0027s Wanderer Trilogy","Marisa????????","Minty Spire (QoL Compilation)","Rare Cards Sparkle","Replay The Spire","StSLib","The Construct","The Exalted","The Hierophant","The Mystic","The Wild Card"],"gold_per_floor":[119,135,111,128,144,144,319,319,342,367,422,448,448,52,52,166,166,195,195,230,262,262,262,304,304,357,357,104,156,188,224,224,333,333,364,364,195,195,195,195,258,258,284,284,310,448,448,482,482,590,590,614,614,614,637,737,773,773,466,466,522,537,564,577,607,607,713,813,829,859,885,885,401,401,443,455,478,478,491,491,491,511,511,610,610,647,647,709,709,742,742,779,779,779,804,804,804,523,602,602,736,736,736],"floor_reached":102,"language":"ENG","playtime":4079,"items_purged":["Doubt","Strike_MRS","ManaConvection+1"],"score":2375,"play_id":"9311dec9-4a9c-49bc-8dbb-6527ab0c0bc5","local_time":"20210226202213","is_ascension_mode":true,"campfire_choices":[{"floor":6.0,"key":"REST"},{"data":"MilkyWay","floor":8.0,"key":"SMITH"},{"floor":13.0,"key":"REST"},{"data":"MilkyWay","floor":23.0,"key":"SMITH"},{"floor":27.0,"key":"REST"},{"data":"ManaConvection","floor":32.0,"key":"SMITH"},{"data":"UpSweep","floor":40.0,"key":"SMITH"},{"data":"OrrerysSun","floor":42.0,"key":"SMITH"},{"floor":49.0,"key":"DIG"},{"floor":58.0,"key":"DIG"},{"floor":66.0,"key":"REST"},{"floor":74.0,"key":"REST"},{"floor":83.0,"key":"REST"},{"floor":91,"key":"DIG"},{"floor":93,"key":"DIG"},{"floor":97,"key":"REST"},{"floor":97,"key":"DIG"},{"floor":100,"key":"DIG"}],"circlet_count":0,"master_deck":["Strike_MRS","Strike_MRS","Defend_MRS","Defend_MRS","Defend_MRS","Defend_MRS","MasterSpark","UpSweep+1","AlicesGift","MilkyWay+1","GalacticHalo","UnstableBomb","NonDirectionalLaser","NonDirectionalLaser","SporeBomb+1","MilkyWay+1","PulseMagic+1","AsteroidBelt+1","CasketOfStar+1","ManaConvection+1","AsteroidBelt","OrrerysSun+1","GalacticHalo+1","RefractionSpark","MachineGunSpark+1","Writhe","PulseMagic","DarkMatter+1","infinitespire:Gouge+1","GrandCross","Singularity","MaximisePower+1","DeepEcoloBomb","DoubleSpark","DragonMeteor+1","UltimateShortwave+1","OortCloud","infinitespire:FutureSight","CollectingQuirk+1","6A","FinalSpark+1","Sickly","m_Survivalism","CollectingQuirk+1","infinitespire:Punishment","stsjorbsmod:Prestidigitation+1","StarBarrage","MachineGunSpark+1","BinaryStars+1"],"relics":["MiniHakkero","Pondfish Scales","Replay:Bandana","Golden Egg","Durian","Runic Pyramid","infinitespire:Satchel","Boot","Replay:Baseball","PreservedInsect","Ice Cream","Blue Candle","Garlic","Simple Rune","SlaversCollar","ReplayTheSpireMod:Ninjato","Shovel","Blue Doll","RampagingMagicTools","Replay:Mystery Machine","infinitespire:Golems Mask","Gremlin Food","Oddly Smooth Stone","Replay:Wanted Poster","MutagenicStrength","infinitespire:Lucky Rock","Art of War","ReplayTheSpireMod:SealedPack","construct:BoolHorns","HandmadeGrimoire","War Paint","infinitespire:Beetle Shell","Torii","Sundial","infinitespire:Magic Flask","Strawberry","Membership Card","Blood Vial","ReplayFunnel","Pen Nib","bronze:MakeshiftBattery"],"acts_visited":["Exordium","TheCity","TheBeyond","Exordium","TheCity","TheBeyond","Exordium"],"potions_floor_usage":[88,90],"damage_taken":[{"damage":0.0,"enemies":"Cultist","floor":1.0,"turns":3.0},{"damage":6.0,"enemies":"2 Louse","floor":2.0,"turns":2.0},{"damage":2.0,"enemies":"Small Slimes","floor":4.0,"turns":3.0},{"damage":2.0,"enemies":"2 Fungi Beasts","floor":5.0,"turns":4.0},{"damage":4.0,"enemies":"Large Slime","floor":10.0,"turns":4.0},{"damage":8.0,"enemies":"Red Slaver","floor":12.0,"turns":3.0},{"damage":29.0,"enemies":"Hexaghost","floor":16.0,"turns":7.0},{"damage":7.0,"enemies":"Spheric Guardian","floor":18.0,"turns":6.0},{"damage":13.0,"enemies":"2 Thieves","floor":20.0,"turns":3.0},{"damage":8.0,"enemies":"Chosen and Byrds","floor":21.0,"turns":5.0},{"damage":25.0,"enemies":"Slavers","floor":24.0,"turns":6.0},{"damage":2.0,"enemies":"Book of Stabbing","floor":29.0,"turns":3.0},{"damage":1.0,"enemies":"Sentry and Sphere","floor":30.0,"turns":5.0},{"damage":2.0,"enemies":"Centurion and Healer","floor":31.0,"turns":7.0},{"damage":65.0,"enemies":"Collector","floor":33.0,"turns":11.0},{"damage":9.0,"enemies":"3 Shapes","floor":35.0,"turns":3.0},{"damage":2.0,"enemies":"Giant Head","floor":41.0,"turns":5.0},{"damage":0.0,"enemies":"Nightmare","floor":45.0,"turns":1.0},{"damage":17.0,"enemies":"infinitespire:Three Voidlings","floor":46.0,"turns":4.0},{"damage":5.0,"enemies":"Nightmare_Alpha","floor":46.0,"turns":5.0},{"damage":1.0,"enemies":"3 Darklings","floor":48.0,"turns":5.0},{"damage":24.0,"enemies":"Donu and Deca","floor":50.0,"turns":7.0},{"damage":0.0,"enemies":"2 Louse","floor":52.0,"turns":1.0},{"damage":1.0,"enemies":"Cultist","floor":55.0,"turns":2.0},{"damage":1.0,"enemies":"Lagavulin","floor":57.0,"turns":2.0},{"damage":19.0,"enemies":"3 Sentries","floor":61.0,"turns":3.0},{"damage":6.0,"enemies":"Small Slimes","floor":62.0,"turns":2.0},{"damage":16.0,"enemies":"3 Louse","floor":63.0,"turns":2.0},{"damage":5.0,"enemies":"Blue Slaver","floor":64.0,"turns":2.0},{"damage":1.0,"enemies":"Gremlin Gang","floor":65.0,"turns":2.0},{"damage":1.0,"enemies":"Slime Boss","floor":67.0,"turns":3.0},{"damage":1.0,"enemies":"Chosen","floor":69.0,"turns":4.0},{"damage":10.0,"enemies":"Shell Parasite","floor":70.0,"turns":3.0},{"damage":9.0,"enemies":"Snecko","floor":71.0,"turns":4.0},{"damage":0.0,"enemies":"Gremlin Leader","floor":75.0,"turns":2.0},{"damage":1.0,"enemies":"Chosen and Byrds","floor":76.0,"turns":4.0},{"damage":23.0,"enemies":"Snake Plant","floor":79.0,"turns":3.0},{"damage":1.0,"enemies":"Shelled Parasite and Fungi","floor":82.0,"turns":3.0},{"damage":0.0,"enemies":"Automaton","floor":84.0,"turns":5.0},{"damage":12,"enemies":"3 Shapes","floor":86,"turns":2},{"damage":0,"enemies":"Mind Bloom Boss Battle","floor":88,"turns":3},{"damage":0,"enemies":"3 Darklings","floor":90,"turns":2},{"damage":1,"enemies":"Reptomancer","floor":92,"turns":1},{"damage":0,"enemies":"Giant Head","floor":95,"turns":4},{"damage":0,"enemies":"R_Hoarder","floor":99,"turns":2},{"damage":11,"enemies":"Donu and Deca","floor":101,"turns":2}],"seed_played":"6556134165013083218","potions_obtained":[{"floor":4.0,"key":"ColorlessPotion"},{"floor":5.0,"key":"Energy Potion"},{"floor":12.0,"key":"hexamod:SoulburnPotion"},{"floor":21.0,"key":"Doom Potion"},{"floor":24.0,"key":"DuplicationPotion"},{"floor":33.0,"key":"LiquidBronze"},{"floor":35.0,"key":"Fire Potion"},{"floor":48.0,"key":"Strength Potion"},{"floor":52.0,"key":"Adrenaline Potion"},{"floor":62.0,"key":"ShroomBrew"},{"floor":65.0,"key":"Adrenaline Potion"},{"floor":75.0,"key":"Elixir"},{"floor":79.0,"key":"Weak Potion"},{"floor":88,"key":"Dexterity Potion"},{"floor":92,"key":"Explosive Potion"}],"is_trial":false,"path_per_floor":["M","M","$","M","M","R","?","R","T","M","?","M","R","$","R","B",null,"M","?","M","M","?","R","E","T","T","R","$","E","M","M","R","B",null,"M","?","$","?","?","R","E","R","T","AVR","NM","?","?","M","R","B",null,"M","?","?","M","?","E","R","$","T","E","M","M","M","M","R","B",null,"M","M","M","?","?","R","E","M","T","?","M","$","?","M","R","B",null,"M","?","?","$","M","R","E","R","T","E","T","R","$","E","R","B",null],"character_chosen":"MARISA","items_purchased":["GalacticHalo","Durian","PulseMagic","AsteroidBelt","GalacticHalo","PreservedInsect","MachineGunSpark","infinitespire:Golems Mask","Membership Card","Blood Vial"],"campfire_rested":7,"item_purchase_floors":[3,14,14,14,28,28,37,59,98,98],"current_hp_per_floor":[54,48,48,46,44,66,66,66,66,62,44,36,58,63,80,51,80,73,73,60,52,78,78,53,53,53,77,77,75,74,72,72,7,80,71,66,66,66,80,80,78,78,78,78,78,64,64,63,63,39,76,76,76,76,75,75,74,74,74,74,55,49,33,28,27,49,48,76,75,65,56,56,56,76,76,75,75,75,52,52,38,37,61,61,81,69,69,69,69,69,69,68,68,68,68,68,88,88,88,88,77,88,88],"gold":736,"neow_bonus":"ONE_RARE_RELIC","is_daily":false,"chose_seed":false,"campfire_upgraded":5,"win_rate":0.0,"timestamp":1614388933,"path_taken":["M","M","?","?","M","R","?","R","T","M","?","M","R","$","R","BOSS","M","?","?","?","?","R","E","?","T","R","$","E","M","M","R","BOSS","M","?","$","?","?","R","E","R","T","AVR","NM","?","?","M","R","BOSS","M","?","?","M","?","E","R","$","T","E","M","M","?","M","R","BOSS","M","M","?","?","?","R","E","M","T","?","?","$","?","M","R","BOSS","M","?","?","?","M","R","E","R","T","E","?","R","?","E","R","BOSS"],"items_purchased_type":["Card","Relic","Card","Card","Card","Relic","Card","Relic","Relic","Relic"],"build_version":"2020-12-22","purchased_purges":3,"victory":false,"max_hp_per_floor":[75,75,75,75,75,75,75,75,75,75,75,75,75,80,80,80,80,80,80,80,80,80,80,80,80,80,80,80,80,80,80,80,80,80,80,80,80,80,80,80,80,80,80,80,80,76,76,76,76,76,76,76,76,76,76,76,76,76,76,76,76,76,76,76,76,76,76,76,76,76,76,76,76,76,76,76,76,76,76,76,81,81,81,81,81,81,81,81,81,81,81,81,81,81,81,81,88,88,88,88,88,88,88],"card_choices":[{"not_picked":["MagicAbsorber","DeepEcoloBomb"],"picked":"AlicesGift","floor":1.0},{"not_picked":["GasGiant","Occultation"],"picked":"MilkyWay","floor":2.0},{"not_picked":["IllusionStar","GrandCross"],"picked":"UnstableBomb","floor":4.0},{"not_picked":["MysteriousBeam","GrandCross"],"picked":"NonDirectionalLaser","floor":5.0},{"not_picked":["WitchLeyline","EventHorizon","WitchOfGreed"],"picked":"SKIP","floor":10.0},{"not_picked":["DarkSpark","DoubleSpark"],"picked":"NonDirectionalLaser","floor":11.0},{"not_picked":["GrandCross","StarlightTyphoon"],"picked":"SporeBomb","floor":11.0},{"not_picked":["SuperPerseids","MachineGunSpark"],"picked":"MilkyWay","floor":12.0},{"not_picked":["ManaRampage","AbsoluteMagnitude"],"picked":"CasketOfStar","floor":16.0},{"not_picked":["PowerUp","WitchOfGreed","GasGiant"],"picked":"SKIP","floor":18.0},{"not_picked":["ShootingEcho","WitchOfGreed+1","EnergyRecoil"],"picked":"SKIP","floor":20.0},{"not_picked":["OortCloud","Orbital"],"picked":"AsteroidBelt","floor":21.0},{"not_picked":["GravityBeat","IllusionStar"],"picked":"OrrerysSun","floor":24.0},{"not_picked":["FairyDestructionRay","TreasureHunter","UnstableBomb"],"picked":"SKIP","floor":29.0},{"not_picked":["GalacticHalo","ShootingEcho","SporeBomb"],"picked":"SKIP","floor":30.0},{"not_picked":["SporeBomb","MysteriousBeam"],"picked":"RefractionSpark","floor":31.0},{"not_picked":["GravityBeat","ShootingEcho","GalacticHalo"],"picked":"SKIP","floor":35.0},{"not_picked":["PowerUp","WitchOfGreed","JA"],"picked":"SKIP","floor":41.0},{"not_picked":["PowerUp","WitchOfGreed","JA"],"picked":"SKIP","floor":41.0},{"not_picked":["MaximisePower","DC+1"],"picked":"PulseMagic","floor":45.0},{"not_picked":["MysteriousBeam+1","EnergyFlow"],"picked":"DarkMatter+1","floor":46.0},{"not_picked":["infinitespire:TheBestDefense","infinitespire:FutureSight"],"picked":"infinitespire:Gouge","floor":46.0},{"not_picked":["OneTimeOff","LuminesStrike"],"picked":"GrandCross","floor":48.0},{"not_picked":["ChargeUpSpray","6A"],"picked":"Singularity","floor":52.0},{"not_picked":["PulseMagic","ShootingEcho","OpenUniverse"],"picked":"SKIP","floor":55.0},{"not_picked":["Acceleration","ShootingEcho"],"picked":"MaximisePower","floor":57.0},{"not_picked":["Acceleration","RefractionSpark"],"picked":"DeepEcoloBomb","floor":61.0},{"not_picked":["IllusionStar","NonDirectionalLaser"],"picked":"DoubleSpark","floor":62.0},{"not_picked":["GalacticHalo","Acceleration","IllusionStar"],"picked":"SKIP","floor":63.0},{"not_picked":["GravityBeat","DragonMeteor","Acceleration"],"picked":"SKIP","floor":64.0},{"not_picked":["GravityBeat","Acceleration"],"picked":"DragonMeteor","floor":64.0},{"not_picked":["IllusionStar","WitchLeyline","SuperPerseids"],"picked":"SKIP","floor":65.0},{"not_picked":["BlazingStar","JA"],"picked":"UltimateShortwave","floor":67.0},{"not_picked":["DC","ChargeUpSpray","MysteriousBeam"],"picked":"SKIP","floor":69.0},{"not_picked":["DC","AlicesGift"],"picked":"OortCloud","floor":70.0},{"not_picked":["MysteriousBeam+1","AsteroidBelt+1","MilkyWay"],"picked":"SKIP","floor":71.0},{"not_picked":["ReplayTheSpireMod:Black Plague","infinitespire:NeuralNetwork"],"picked":"infinitespire:FutureSight","floor":73.0},{"not_picked":["AlicesGift","Robbery"],"picked":"ManaConvection","floor":75.0},{"not_picked":["GalacticHalo","FairyDestructionRay","BlazeAway"],"picked":"SKIP","floor":76.0},{"not_picked":["WitchOfGreed","EnergyFlow","PowerUp"],"picked":"SKIP","floor":79.0},{"not_picked":["MysteriousBeam","MilkyWay"],"picked":"6A","floor":82.0},{"not_picked":["MillisecondPulsars","SuperNova"],"picked":"FinalSpark","floor":84.0},{"not_picked":["theWildCard:Arsene","sneckomod:Unknown"],"picked":"m_Survivalism","floor":85.0},{"not_picked":["BlazingStar","SatelliteIllusion"],"picked":"CollectingQuirk","floor":85.0},{"not_picked":["infinitespire:TheBestDefense","infinitespire:FinalStrike"],"picked":"infinitespire:Punishment","floor":85.0},{"not_picked":["ManaConvection+1","DarkSpark","GalacticHalo"],"picked":"SKIP","floor":86},{"not_picked":["PropBag","Acceleration"],"picked":"StarBarrage","floor":88},{"not_picked":["Singularity","DarkSpark","DoubleSpark"],"picked":"SKIP","floor":90},{"not_picked":["GrandCross","GravityBeat","Occultation+1"],"picked":"SKIP","floor":92},{"not_picked":["LuminesStrike+1","DC"],"picked":"MachineGunSpark+1","floor":95},{"not_picked":["SatelliteIllusion","CasketOfStar","Occultation+1"],"picked":"SKIP","floor":99},{"not_picked":["MaximisePower","UltimateShortwave"],"picked":"BinaryStars","floor":101}],"player_experience":108974,"relics_obtained":[{"floor":9.0,"key":"Replay:Bandana"},{"floor":11.0,"key":"Golden Egg"},{"floor":24.0,"key":"infinitespire:Satchel"},{"floor":25.0,"key":"Boot"},{"floor":26.0,"key":"Replay:Baseball"},{"floor":29.0,"key":"Ice Cream"},{"floor":41.0,"key":"Garlic"},{"floor":43.0,"key":"Simple Rune"},{"floor":45.0,"key":"ReplayTheSpireMod:Ninjato"},{"floor":46.0,"key":"Shovel"},{"floor":49.0,"key":"Blue Doll"},{"floor":58.0,"key":"Replay:Mystery Machine"},{"floor":60.0,"key":"Gremlin Food"},{"floor":61.0,"key":"Oddly Smooth Stone"},{"floor":75.0,"key":"infinitespire:Lucky Rock"},{"floor":77.0,"key":"Art of War"},{"floor":88,"key":"construct:BoolHorns"},{"floor":91,"key":"HandmadeGrimoire"},{"floor":92,"key":"War Paint"},{"floor":93,"key":"infinitespire:Beetle Shell"},{"floor":94,"key":"Torii"},{"floor":95,"key":"Sundial"},{"floor":96,"key":"infinitespire:Magic Flask"},{"floor":97,"key":"Strawberry"},{"floor":99,"key":"ReplayFunnel"},{"floor":100,"key":"Pen Nib"}],"event_choices":[{"damage_healed":0.0,"max_hp_gain":0.0,"max_hp_loss":0.0,"gold_gain":175.0,"event_name":"Liars Game","player_choice":"AGREE","floor":7.0,"gold_loss":0.0,"damage_taken":0.0,"cards_obtained":["Doubt"]},{"damage_healed":0.0,"max_hp_gain":0.0,"max_hp_loss":0.0,"gold_gain":0.0,"event_name":"Match and Keep!","player_choice":"2 cards matched","floor":19.0,"gold_loss":0.0,"damage_taken":0.0,"cards_obtained":["ManaConvection","CollectingQuirk"]},{"damage_healed":26.0,"max_hp_gain":0.0,"max_hp_loss":0.0,"gold_gain":0.0,"event_name":"The Library","player_choice":"Heal","floor":22.0,"gold_loss":0.0,"damage_taken":0.0},{"damage_healed":0.0,"max_hp_gain":0.0,"max_hp_loss":0.0,"gold_gain":0.0,"event_name":"SensoryStone","player_choice":"Memory 1","floor":38.0,"gold_loss":0.0,"damage_taken":0.0},{"damage_healed":20.0,"max_hp_gain":0.0,"max_hp_loss":0.0,"gold_gain":0.0,"event_name":"Winding Halls","player_choice":"Writhe","floor":39.0,"gold_loss":0.0,"damage_taken":0.0,"cards_obtained":["Writhe"]},{"damage_healed":0.0,"max_hp_gain":0.0,"max_hp_loss":4.0,"gold_gain":0.0,"event_name":"Winding Halls","player_choice":"Max HP","floor":46.0,"gold_loss":0.0,"damage_taken":0.0},{"cards_removed":["CollectingQuirk"],"damage_healed":0.0,"max_hp_gain":0.0,"max_hp_loss":0.0,"gold_gain":0.0,"event_name":"Falling","player_choice":"Removed Attack","floor":47.0,"gold_loss":0.0,"damage_taken":0.0},{"cards_removed":["CommonCold"],"damage_healed":0.0,"max_hp_gain":0.0,"max_hp_loss":0.0,"gold_gain":0.0,"event_name":"Living Wall","player_choice":"Forget","floor":54.0,"gold_loss":0.0,"damage_taken":0.0},{"damage_healed":0.0,"max_hp_gain":0.0,"max_hp_loss":0.0,"gold_gain":100.0,"event_name":"Golden Shrine","player_choice":"Pray","floor":56.0,"gold_loss":0.0,"damage_taken":0.0},{"damage_healed":0.0,"max_hp_gain":0.0,"max_hp_loss":0.0,"gold_gain":0.0,"event_name":"Drug Dealer","player_choice":"Inject Mutagens","floor":72.0,"gold_loss":0.0,"damage_taken":0.0,"relics_obtained":["MutagenicStrength"]},{"damage_healed":0.0,"max_hp_gain":0.0,"max_hp_loss":0.0,"gold_gain":0.0,"cards_transformed":["Strike_MRS"],"event_name":"Transmorgrifier","player_choice":"Transformed","floor":78.0,"gold_loss":0.0,"damage_taken":0.0,"cards_obtained":["CollectingQuirk"]},{"damage_healed":0.0,"max_hp_gain":5.0,"max_hp_loss":0.0,"gold_gain":0.0,"event_name":"Forgotten Altar","player_choice":"Shed Blood","floor":81.0,"gold_loss":0.0,"damage_taken":19.0},{"damage_healed":0,"gold_gain":6,"player_choice":"4","damage_taken":0,"max_hp_gain":0,"max_hp_loss":0,"event_name":"betterStone:BetterStone","floor":87,"gold_loss":0,"cards_obtained":["stsjorbsmod:Prestidigitation"]},{"damage_healed":0,"gold_gain":0,"player_choice":"Fight","damage_taken":0,"max_hp_gain":0,"max_hp_loss":0,"event_name":"MindBloom","floor":88,"gold_loss":0}],"is_beta":false,"boss_relics":[{"not_picked":["Black Star","Empty Cage"],"picked":"Runic Pyramid"},{"not_picked":["Fusion Hammer","Philosopher\u0027s Stone","Cursed Key"]},{"not_picked":["BewitchedHakkero","Astrolabe"],"picked":"RampagingMagicTools"},{"not_picked":["Cursed Key","BewitchedHakkero"],"picked":"Replay:Wanted Poster"},{"not_picked":["construct:WeddingRing","Black Star"],"picked":"ReplayTheSpireMod:SealedPack"},{"not_picked":["Snecko Eye","ExperimentalFamiliar"],"picked":"bronze:MakeshiftBattery"}],"items_purged_floors":[28,37,98],"is_endless":true,"potions_floor_spawned":[4,5,12,18,21,24,30,33,35,46,48,52,62,65,75,79,82,84,88,92],"ascension_level":1}}