{"host":"og21o26alpnbwmz8","time":1614454929,"event":{"mods":["2.2 Compatiblity","Act Like it!","Aspiration","BaseMod","Conspire","Downfall","Halation","Hallownest","Hubris","Jedi Mod","Library of Ruina","Mimic Mod","Minty Spire (QoL Compilation)","Pale of the Ancients","Reliquary","Replay The Spire","Ruina","Shop Mod","Spikes Relics","StSLib","The Alterego","The Animator","The Blue Laboratory","Waifu the Spire","Yuri Mod"],"gold_per_floor":[110,110,126,126,141,141,155,80,80,80,108,118,134,153,153,258,258,278,278,278,121,141,175,175,175,175,192,192,210,220,238,238,238,238],"floor_reached":33,"language":"ENG","playtime":1062,"items_purged":["Decay"],"score":321,"play_id":"25c1f001-4881-4e28-987a-4d7d4fe6c3e9","local_time":"20210227144209","is_ascension_mode":false,"campfire_choices":[{"data":"ScratchThat","floor":6,"key":"SMITH"},{"data":"AutonomousRush","floor":10,"key":"SMITH"},{"data":"SmokingPipe","floor":15,"key":"SMITH"},{"floor":24,"key":"REST"},{"floor":28,"key":"RECALL"},{"data":"Replay:Poison Smokescreen","floor":32,"key":"SMITH"}],"circlet_count":0,"master_deck":["LightDefense","LightDefense","ChargeAndCover+1","FocusedStrikes+1","ScratchThat+1","SmokingPipe+1","AutonomousRush+1","DefenseOrder+1","InkOver+1","IronWall+1","ForcefulGesture+1","SmokingPipe+1","Replay:Poison Smokescreen+1","Hidden Blade","Escape Plan"],"relics":["PageOfLibrarian","NeowsBlessing","hubris:Towel","hubris:MedicalManual","Astrolabe","Bag of Preparation","Garlic","Replay:Bottled Snecko"],"acts_visited":["Exordium","Exordium"],"potions_floor_usage":[],"damage_taken":[{"damage":0,"enemies":"Jaw Worm","floor":1,"turns":1},{"damage":0,"enemies":"Cultist","floor":3,"turns":1},{"damage":0,"enemies":"Small Slimes","floor":5,"turns":1},{"damage":0,"enemies":"Looter","floor":7,"turns":1},{"damage":0,"enemies":"Replay:BlueRogue","floor":11,"turns":2},{"damage":6,"enemies":"3 Louse","floor":12,"turns":4},{"damage":5,"enemies":"Exordium Thugs","floor":13,"turns":2},{"damage":0,"enemies":"Exordium Wildlife","floor":14,"turns":2},{"damage":6,"enemies":"Hexaghost","floor":16,"turns":6},{"damage":0,"enemies":"ruina:2_Scarecrows","floor":18,"turns":4},{"damage":10,"enemies":"ruina:Nosferatu","floor":22,"turns":3},{"damage":10,"enemies":"ruina:Mountain","floor":23,"turns":5},{"damage":0,"enemies":"ruina:KingOfGreed","floor":27,"turns":2},{"damage":0,"enemies":"ruina:KnightOfDespair","floor":29,"turns":2},{"damage":0,"enemies":"ruina:3_Scarecrows","floor":30,"turns":4},{"damage":12,"enemies":"ruina:QueenOfHate","floor":31,"turns":3},{"damage":26,"enemies":"ruina:Red_and_Wolf","floor":33,"turns":4}],"seed_played":"-1539705964998090255","potions_obtained":[{"floor":1,"key":"blueLaboratory:BottleOfRum"},{"floor":11,"key":"jedi:hoardpotion"},{"floor":13,"key":"blueLaboratory:NullPotion"}],"is_trial":false,"path_per_floor":["M","?","M","?","M","R","M","$","T","R","E","M","M","M","R","B",null,"M","?","?","$","M","E","R","?","T","M","R","M","M","M","R","B"],"character_chosen":"Librarian","items_purchased":["Bag of Preparation"],"campfire_rested":1,"item_purchase_floors":[21],"current_hp_per_floor":[60,60,60,60,60,60,60,60,60,60,60,54,49,49,49,43,79,79,35,35,35,25,15,38,38,38,38,38,38,38,26,26,0,0],"gold":238,"neow_bonus":"THREE_ENEMY_KILL","is_daily":false,"chose_seed":false,"campfire_upgraded":4,"win_rate":0.0,"timestamp":1614454929,"path_taken":["M","?","M","?","M","R","?","$","T","R","E","?","?","M","R","BOSS","M","?","?","$","M","E","R","?","T","M","R","?","M","M","R","BOSS"],"items_purchased_type":["Relic"],"build_version":"2020-12-22","purchased_purges":1,"victory":false,"max_hp_per_floor":[70,70,62,62,79,79,79,79,79,79,79,79,79,79,79,79,79,79,79,79,79,79,79,79,79,79,79,79,79,79,79,79,79,79],"card_choices":[{"not_picked":["Multislash","FierceCharge","Faith","IdentifyWeakpoint","SmokingPipe","SearingSword","DarkCloud","AsThePrescriptOrders"],"picked":"ScratchThat","floor":1},{"not_picked":["FeelinGood","Bvapour","UnavoidableGaze","StructuralAnalysis","ChopItOff","MindPrepared","TendonChords","QuickSuppression","AbsorbImpact"],"picked":"SKIP","floor":3},{"not_picked":["FeelinGood","Bvapour","UnavoidableGaze","StructuralAnalysis","ChopItOff","MindPrepared","TendonChords","QuickSuppression","AbsorbImpact"],"picked":"SKIP","floor":3},{"not_picked":["EnergyStrike","PreemptiveStrike","BlowItUp","StrikeDown","Wallop_lor","ForTheFamily","BayonetCombat","MultiBlock"],"picked":"SmokingPipe","floor":5},{"not_picked":["Marionette","ViolentFlame","NightInTheBackstreets","BiAn","DesperateStruggle","DarkCloud","BackAttack","GuidanceOfTheGears"],"picked":"AutonomousRush","floor":7},{"not_picked":["GrazeTheGrass","Pound","NightInTheBackstreets","Duel_lor","Quickness","EndlessBattle","AssaultOrder","EnergyShield"],"picked":"DefenseOrder","floor":11},{"not_picked":["HiddenBlade","UpbeatPerformance","FleetFootsteps","TendonChords","VioletBlade","Duel_lor","GuardingStance","Parry2","BayonetCombat"],"picked":"SKIP","floor":12},{"not_picked":["QuickAttack","YoureTooSlow","ShockRound","UpbeatPerformance","QuickSuppression","MultiBlock","Brawl","OpportunitySpotted","StrikeDown"],"picked":"SKIP","floor":13},{"not_picked":["Diversion","SinglePointStab","HandleRequest","StructuralAnalysis","GreatSerpentsImpact","QuickAttack","HighSpeedStabbing","Multislash","Feast"],"picked":"SKIP","floor":14},{"not_picked":["PreemptiveStrike","HandlingWork+1","AsThePrescriptOrders","GuidanceOfTheGears","DefenseOrder","SunsetBlade","HiddenBlade","Disposal"],"picked":"SmokingPipe","floor":18},{"not_picked":["AsThePrescriptOrders","PinpointShot","Diversion","Zzzzzap","SinglePointStab","Fence","Track","StrongStrike","Brawl"],"picked":"SKIP","floor":22},{"not_picked":["ProselytesBlade","ViolentFlame","RipSpace","MirageStorm","IngredientHunt","GuardingStance+1","BlindFaith","Rampage_lor","Tttonst"],"picked":"SKIP","floor":23},{"not_picked":["VenomousFangs+1","StrikeDown+1","FleetFootsteps","DesperateStruggle","SkitterAway","ShockingBlow","Diversion","NightInTheBackstreets","Eradication"],"picked":"SKIP","floor":27},{"not_picked":["StrongStrike","Standoff+1","BackAttack","CoordinatedAssault","Track","EnergyStrike","DesperateStruggle","ScatteringSlash","RapidGashes+1"],"picked":"SKIP","floor":29},{"not_picked":["BiAn","BackAttack+1","WillOfThePrescript","SharpNails","PreemptiveStrike","Reload+1","HandlingWork","WildCard","ShockRound"],"picked":"SKIP","floor":30},{"not_picked":["Zzzzzap","GreatSerpentsImpact","BackAttack","ChopItOff","JiaoTu","StrongStrike+1","ProselytesBlade","WillOfThePrescript","Multislash"],"picked":"SKIP","floor":31}],"player_experience":373186,"relics_obtained":[{"floor":11,"key":"hubris:MedicalManual"},{"floor":23,"key":"Garlic"},{"floor":26,"key":"Replay:Bottled Snecko"}],"event_choices":[{"damage_healed":0,"gold_gain":0,"player_choice":"Cursed","damage_taken":0,"max_hp_gain":0,"max_hp_loss":0,"event_name":"Wheel of Change","floor":4,"gold_loss":0,"cards_obtained":["Decay"]}],"is_beta":false,"boss_relics":[{"not_picked":["aspiration:SecretTechniqueScroll","hubris:CrackedHourglass"],"picked":"Astrolabe"}],"items_purged_floors":[8],"is_endless":false,"potions_floor_spawned":[1,11,13,18,22,30,31],"killed_by":"ruina:Red_and_Wolf","ascension_level":0}}