{"host":"9bcvatsnbq1a3xq4","time":1614418086,"event":{"mods":["BaseMod","Bestiary","Block Reminder","Highlight Path","Minty Spire (QoL Compilation)","Relic Stats","ojb\u0027s Info Mod"],"gold_per_floor":[114,114,127,137,32,32,92,92,174,199,199,210,235,266,278,366,378,400,462,486,523,376,376,356,356,382,413,433,449,481,494,494,573,573,588,605,620,107,117,146,146,156,156,156,156,171,190,217,217,217,217,217,217,4,32,32,32],"floor_reached":56,"language":"ENG","playtime":7909,"items_purged":["Strike_B","Strike_B"],"score":2068,"play_id":"114fab6f-eb85-4541-8629-920a5c6e1155","local_time":"20210227102806","is_ascension_mode":true,"campfire_choices":[{"data":"Barrage","floor":6.0,"key":"SMITH"},{"data":"Sunder","floor":8.0,"key":"SMITH"},{"data":"Buffer","floor":11.0,"key":"SMITH"},{"data":"Loop","floor":15.0,"key":"SMITH"},{"data":"Biased Cognition","floor":23.0,"key":"SMITH"},{"data":"Electrodynamics","floor":25.0,"key":"SMITH"},{"data":"Loop","floor":32.0,"key":"SMITH"},{"data":"Consume","floor":41.0,"key":"SMITH"},{"floor":45.0,"key":"RECALL"},{"data":"Rainbow","floor":49.0,"key":"SMITH"},{"data":"Amplify","floor":53,"key":"SMITH"}],"circlet_count":0,"master_deck":["AscendersBane","Strike_B","Defend_B","Defend_B","Defend_B","Zap","Dualcast","Electrodynamics+1","Barrage+1","Cold Snap","Hologram","Self Repair","Go for the Eyes","Sunder+1","Buffer+1","Conserve Battery","Coolheaded","Loop+1","Biased Cognition+1","Recycle","Loop+1","Glacier","Static Discharge","Rainbow+1","Amplify+1","Reinforced Body","Consume+1","Capacitor","Aggregate+1","Capacitor+1","Hologram","Fission"],"relics":["Cracked Core","Mercury Hourglass","Bottled Tornado","MealTicket","MawBank","Runic Pyramid","Ancient Tea Set","Eternal Feather","Toy Ornithopter","Coffee Dripper","DataDisk","Orrery","Nunchaku","Singing Bowl","Shuriken","Medical Kit","Lantern"],"acts_visited":["Exordium","TheCity","TheBeyond","TheEnding"],"potions_floor_usage":[55,56,56],"damage_taken":[{"damage":5.0,"enemies":"2 Louse","floor":1.0,"turns":2.0},{"damage":9.0,"enemies":"Jaw Worm","floor":3.0,"turns":3.0},{"damage":4.0,"enemies":"Small Slimes","floor":4.0,"turns":3.0},{"damage":10.0,"enemies":"3 Sentries","floor":7.0,"turns":4.0},{"damage":8.0,"enemies":"3 Sentries","floor":10.0,"turns":3.0},{"damage":1.0,"enemies":"Red Slaver","floor":12.0,"turns":3.0},{"damage":0.0,"enemies":"Lagavulin","floor":13.0,"turns":7.0},{"damage":14.0,"enemies":"Exordium Thugs","floor":14.0,"turns":4.0},{"damage":13.0,"enemies":"The Guardian","floor":16.0,"turns":10.0},{"damage":0.0,"enemies":"Spheric Guardian","floor":18.0,"turns":4.0},{"damage":0.0,"enemies":"Chosen","floor":20.0,"turns":5.0},{"damage":38.0,"enemies":"Slavers","floor":27.0,"turns":3.0},{"damage":1.0,"enemies":"Snecko","floor":28.0,"turns":6.0},{"damage":0.0,"enemies":"Centurion and Healer","floor":29.0,"turns":4.0},{"damage":0.0,"enemies":"Gremlin Leader","floor":30.0,"turns":5.0},{"damage":22.0,"enemies":"Snake Plant","floor":31.0,"turns":4.0},{"damage":9.0,"enemies":"Automaton","floor":33.0,"turns":12.0},{"damage":0.0,"enemies":"3 Shapes","floor":35.0,"turns":3.0},{"damage":2.0,"enemies":"Orb Walker","floor":36.0,"turns":2.0},{"damage":12.0,"enemies":"Writhing Mass","floor":37.0,"turns":7.0},{"damage":0.0,"enemies":"3 Darklings","floor":39.0,"turns":3.0},{"damage":5.0,"enemies":"Giant Head","floor":40.0,"turns":9.0},{"damage":0.0,"enemies":"Maw","floor":42.0,"turns":11.0},{"damage":0.0,"enemies":"Transient","floor":46.0,"turns":6.0},{"damage":0.0,"enemies":"Jaw Worm Horde","floor":47.0,"turns":2.0},{"damage":0.0,"enemies":"Nemesis","floor":48.0,"turns":7.0},{"damage":65.0,"enemies":"Awakened One","floor":50.0,"turns":15.0},{"damage":16.0,"enemies":"Time Eater","floor":51.0,"turns":9.0},{"damage":56,"enemies":"Shield and Spear","floor":55,"turns":9},{"damage":47,"enemies":"The Heart","floor":56,"turns":6}],"seed_played":"-8736182549997948677","potions_obtained":[{"floor":3.0,"key":"DuplicationPotion"},{"floor":4.0,"key":"Fire Potion"},{"floor":10.0,"key":"LiquidMemories"},{"floor":13.0,"key":"SmokeBomb"},{"floor":20.0,"key":"Energy Potion"},{"floor":24.0,"key":"ColorlessPotion"},{"floor":30.0,"key":"BlessingOfTheForge"},{"floor":31.0,"key":"Regen Potion"},{"floor":36.0,"key":"Swift Potion"},{"floor":37.0,"key":"SteroidPotion"},{"floor":55,"key":"Ancient Potion"}],"is_trial":false,"path_per_floor":["M","?","M","M","$","R","?","R","T","E","R","M","E","M","R","B",null,"M","?","M","T","$","R","?","R","T","E","M","M","E","M","R","B",null,"M","M","M","$","M","E","R","M","T","?","R","M","M","E","R","B","B",null,"R","$","E","B"],"character_chosen":"DEFECT","items_purchased":["Self Repair","Go for the Eyes","Recycle","DataDisk","Orrery","Capacitor","Medical Kit","Weak Potion"],"campfire_rested":0,"item_purchase_floors":[5,5,22,38,38,38,54,54],"current_hp_per_floor":[59,52,43,39,39,39,36,36,36,35,35,41,48,34,34,28,60,67,67,71,71,71,71,71,71,71,33,39,46,53,43,58,56,67,71,71,71,71,71,71,71,71,71,71,71,73,73,73,73,22,20,60,73,73,36,0,0],"gold":32,"neow_bonus":"TRANSFORM_CARD","is_daily":false,"chose_seed":false,"campfire_upgraded":10,"win_rate":0.0,"timestamp":1614418086,"path_taken":["M","?","M","M","$","R","?","R","T","E","R","M","E","M","R","BOSS","M","?","?","?","$","R","?","R","T","E","M","M","E","?","R","BOSS","M","?","M","$","?","E","R","M","T","?","R","M","M","E","R","BOSS","BOSS","R","$","E","BOSS"],"items_purchased_type":["Card","Card","Card","Relic","Relic","Card","Relic","Potion"],"build_version":"2020-12-22","purchased_purges":2,"victory":false,"max_hp_per_floor":[71,71,71,71,71,71,71,71,71,71,71,71,71,71,71,71,71,71,71,71,71,71,71,71,71,71,71,71,71,71,71,71,71,71,71,71,71,71,71,71,71,71,71,71,71,73,73,73,73,73,73,73,73,73,73,73,73],"relic_stats":{"Nunchaku":[4],"Singing Bowl":2,"counters":[30,168],"Shuriken":[0],"MealTicket":0,"Eternal Feather":28,"MawBank":108,"Medical Kit":[7],"obtain_stats":[{"Lantern":55,"Singing Bowl":43,"Eternal Feather":27,"Bottled Tornado":9,"MawBank":13,"Ancient Tea Set":21,"Medical Kit":54,"Mercury Hourglass":7,"DataDisk":38,"Nunchaku":40,"Shuriken":48,"Orrery":38,"MealTicket":10,"Coffee Dripper":34,"Cracked Core":0,"Toy Ornithopter":30,"Runic Pyramid":17},{"Lantern":29,"Singing Bowl":23,"Eternal Feather":12,"Bottled Tornado":4,"MawBank":7,"Ancient Tea Set":11,"Medical Kit":28,"Mercury Hourglass":4,"DataDisk":20,"Nunchaku":22,"Shuriken":26,"Orrery":20,"MealTicket":5,"Coffee Dripper":17,"Cracked Core":0,"Toy Ornithopter":15,"Runic Pyramid":9},{"Lantern":162,"Singing Bowl":115,"Eternal Feather":51,"Bottled Tornado":12,"MawBank":25,"Ancient Tea Set":48,"Medical Kit":153,"Mercury Hourglass":12,"DataDisk":92,"Nunchaku":104,"Shuriken":129,"Orrery":92,"MealTicket":15,"Coffee Dripper":80,"Cracked Core":0,"Toy Ornithopter":65,"Runic Pyramid":39}],"Toy Ornithopter":20,"Mercury Hourglass":[532]},"card_choices":[{"not_picked":["Turbo","Consume"],"picked":"Barrage","floor":1.0},{"not_picked":["BootSequence","Turbo"],"picked":"Cold Snap","floor":3.0},{"not_picked":["Streamline","Coolheaded"],"picked":"Hologram","floor":4.0},{"not_picked":["Force Field","Steam"],"picked":"Sunder","floor":7.0},{"not_picked":["Rebound","Compile Driver"],"picked":"Buffer","floor":10.0},{"not_picked":["Compile Driver","Redo"],"picked":"Conserve Battery","floor":12.0},{"not_picked":["Self Repair","Redo"],"picked":"Coolheaded","floor":13.0},{"not_picked":["Consume","Ball Lightning"],"picked":"Loop","floor":14.0},{"not_picked":["Hyperbeam","Rainbow"],"picked":"Biased Cognition","floor":16.0},{"not_picked":["Chaos","Hologram"],"picked":"Cold Snap","floor":18.0},{"not_picked":["Gash","Redo","Rebound"],"picked":"SKIP","floor":20.0},{"not_picked":["Compile Driver","Creative AI"],"picked":"Loop","floor":27.0},{"not_picked":["Go for the Eyes","Tempest","Coolheaded"],"picked":"SKIP","floor":28.0},{"not_picked":["Chaos","Gash"],"picked":"Glacier","floor":29.0},{"not_picked":["Beam Cell","Gash"],"picked":"Static Discharge","floor":30.0},{"not_picked":["Go for the Eyes","Force Field"],"picked":"Rainbow","floor":31.0},{"not_picked":["Reboot","Multi-Cast"],"picked":"Amplify","floor":33.0},{"not_picked":["Rip and Tear","Fusion","Stack"],"picked":"SKIP","floor":35.0},{"not_picked":["Coolheaded","Hello World"],"picked":"Reinforced Body","floor":36.0},{"not_picked":["Conserve Battery","White Noise","Scrape"],"picked":"SKIP","floor":37.0},{"not_picked":["Compile Driver+1","Blizzard"],"picked":"Consume","floor":38.0},{"not_picked":["Barrage","Stack+1"],"picked":"Aggregate+1","floor":39.0},{"not_picked":["Consume","Cold Snap","Stack"],"picked":"SKIP","floor":40.0},{"not_picked":["Sweeping Beam","Stack","Ball Lightning"],"picked":"SKIP","floor":42.0},{"not_picked":["Sweeping Beam","Stack","Ball Lightning"],"picked":"SKIP","floor":42.0},{"not_picked":["Ball Lightning","Compile Driver","Force Field"],"picked":"Singing Bowl","floor":46.0},{"not_picked":["Scrape+1","Lockon"],"picked":"Capacitor+1","floor":47.0},{"not_picked":["Ball Lightning+1","Biased Cognition"],"picked":"Hologram","floor":48.0},{"not_picked":["Sweeping Beam","Heatsinks"],"picked":"Fission","floor":55}],"player_experience":857119,"relics_obtained":[{"floor":7.0,"key":"Mercury Hourglass"},{"floor":9.0,"key":"Bottled Tornado"},{"floor":10.0,"key":"MealTicket"},{"floor":13.0,"key":"MawBank"},{"floor":21.0,"key":"Ancient Tea Set"},{"floor":27.0,"key":"Eternal Feather"},{"floor":30.0,"key":"Toy Ornithopter"},{"floor":40.0,"key":"Nunchaku"},{"floor":43.0,"key":"Singing Bowl"},{"floor":48.0,"key":"Shuriken"},{"floor":55,"key":"Lantern"}],"event_choices":[{"cards_removed":["Defend_B"],"damage_healed":0.0,"max_hp_gain":0.0,"max_hp_loss":0.0,"gold_gain":0.0,"event_name":"Golden Wing","player_choice":"Card Removal","floor":2.0,"gold_loss":0.0,"damage_taken":7.0},{"damage_healed":0.0,"max_hp_gain":0.0,"max_hp_loss":0.0,"gold_gain":0.0,"event_name":"Dead Adventurer","player_choice":"Searched \u00271\u0027 times","floor":7.0,"gold_loss":0.0,"damage_taken":0.0},{"damage_healed":0.0,"max_hp_gain":0.0,"max_hp_loss":0.0,"gold_gain":50.0,"event_name":"Golden Shrine","player_choice":"Pray","floor":19.0,"gold_loss":0.0,"damage_taken":0.0},{"damage_healed":0.0,"max_hp_gain":0.0,"max_hp_loss":0.0,"gold_gain":0.0,"event_name":"The Woman in Blue","player_choice":"Bought 1 Potion","floor":24.0,"gold_loss":0.0,"damage_taken":0.0},{"cards_removed":["Cold Snap"],"damage_healed":0.0,"max_hp_gain":0.0,"max_hp_loss":0.0,"gold_gain":0.0,"event_name":"Falling","player_choice":"Removed Attack","floor":44.0,"gold_loss":0.0,"damage_taken":0.0}],"is_beta":false,"boss_relics":[{"not_picked":["SacredBark","SlaversCollar"],"picked":"Runic Pyramid"},{"not_picked":["Snecko Eye","Sozu"],"picked":"Coffee Dripper"}],"items_purged_floors":[22,38],"is_endless":false,"potions_floor_spawned":[3,4,10,13,20,30,31,36,37,40,47,55],"killed_by":"The Heart","ascension_level":20}}