{"host":"ehbvw7oad5h6kf16","time":1614437088,"event":{"mods":["AchievementEnabler","BaseMod","DeckTracker","Downfall","Minty Spire (QoL Compilation)","StSLib"],"gold_per_floor":[99,99,27,127,127,127,127,127,141,591,591,616,616,616,631,733,733,733,747,767,779,789,326,326,326,338,355,366,379,0,10,20,118,118,118,131,131,131,32,32,32,5,22,32,42,57,57,57,73,73],"floor_reached":51,"language":"ENG","playtime":2630,"items_purged":["downfall:Icky","downfall:Icky","Writhe"],"score":701,"play_id":"6d2b33ef-ce91-4774-9d3a-74f8582c3084","local_time":"20210227234448","is_ascension_mode":false,"campfire_choices":[{"data":"hexamod:Float","floor":1,"key":"SMITH"},{"data":"hexamod:Strike","floor":8,"key":"SMITH"},{"data":"hexamod:HauntingEcho","floor":11,"key":"SMITH"},{"data":"hexamod:SpectersWail","floor":13,"key":"SMITH"},{"data":"hexamod:ForkedFlame","floor":18,"key":"SMITH"},{"data":"hexamod:VolcanoVisage","floor":35,"key":"SMITH"},{"data":"expansioncontent:DashGenerateEvil","floor":40,"key":"SMITH"},{"floor":47,"key":"REST"}],"circlet_count":0,"master_deck":["hexamod:Strike","hexamod:Strike","hexamod:Strike","hexamod:Strike+1","hexamod:Defend+1","hexamod:Defend+1","hexamod:Defend","hexamod:Defend","hexamod:Sear+1","hexamod:Float+1","hexamod:FirstSeal","hexamod:ThirdSeal","hexamod:FourthSeal","hexamod:HauntingEcho+1","hexamod:HauntingEcho","hexamod:SpectersWail+1","hexamod:AdvancingGuard","hexamod:ForkedFlame+1","hexamod:VolcanoVisage+1","hexamod:RainOfEmbers","hexamod:ShieldOfDarkness","hexamod:GiftsFromTheDead","hexamod:ThermalTransfer+1","hexamod:GhostflameInferno","hexamod:EmpoweredFlame","hexamod:SpectralAdrenaline","hexamod:CatchUp","hexamod:ShieldOfDarkness+1","hexamod:GhostflameBarrier","hexamod:ParanormalForm","hexamod:SkipABeat","expansioncontent:DashGenerateEvil+1","expansioncontent:AwakenDeath","hexamod:EtherealExpedition+1","hexamod:VolcanoVisage","hexamod:ParanormalForm","hexamod:RetreatToShadows+1","hexamod:RecurringNightmare+1","expansioncontent:YouAreMine","hexamod:Rewind+1","hexamod:HexaLevel","hexamod:FirstSeal","hexamod:UnleashSpirits","hexamod:EmpoweredFlame+1","hexamod:SpectralAdrenaline+1","hexamod:SkipABeat+1"],"relics":["hexamod:SpiritBrand","downfall:HeartsMalice","White Beast Statue","War Paint","Darkstone Periapt","SlaversCollar","PreservedInsect","Strange Spoon","Bottled Tornado","Cursed Key","Regal Pillow","Pantograph"],"acts_visited":["Exordium","TheCity","TheBeyond"],"potions_floor_usage":[12,15,16,16,16,19,20,20,22,22,22,26,27,28,29,29,31,32,32,33,42,44,45,46,49,50,50],"damage_taken":[{"damage":0,"enemies":"2 Louse","floor":2,"turns":1},{"damage":0,"enemies":"downfall:FleeingMerchant","floor":3,"turns":1},{"damage":0,"enemies":"Jaw Worm","floor":6,"turns":1},{"damage":1,"enemies":"Cultist","floor":9,"turns":4},{"damage":22,"enemies":"Gremlin Nob","floor":12,"turns":4},{"damage":12,"enemies":"downfall:LooterAlt","floor":15,"turns":3},{"damage":10,"enemies":"SI_SHIV_ARCHETYPE","floor":16,"turns":6},{"damage":10,"enemies":"Spheric Guardian","floor":19,"turns":5},{"damage":12,"enemies":"Shell Parasite","floor":20,"turns":4},{"damage":26,"enemies":"Chosen and Byrds","floor":21,"turns":7},{"damage":4,"enemies":"Snake Plant","floor":22,"turns":3},{"damage":2,"enemies":"downfall:FleeingMerchant","floor":23,"turns":4},{"damage":13,"enemies":"3 Cultists","floor":26,"turns":4},{"damage":30,"enemies":"Sentry and Sphere","floor":27,"turns":5},{"damage":0,"enemies":"Chosen and Byrds","floor":28,"turns":5},{"damage":0,"enemies":"3 Cultists","floor":29,"turns":5},{"damage":0,"enemies":"downfall:FleeingMerchant","floor":30,"turns":4},{"damage":17,"enemies":"Snecko","floor":31,"turns":5},{"damage":1,"enemies":"Centurion and Healer","floor":32,"turns":6},{"damage":27,"enemies":"WA_ARCHETYPE_CALM","floor":33,"turns":10},{"damage":45,"enemies":"3 Shapes","floor":36,"turns":4},{"damage":0,"enemies":"downfall:FleeingMerchant","floor":39,"turns":4},{"damage":12,"enemies":"downfall:FleeingMerchant","floor":42,"turns":4},{"damage":10,"enemies":"Orb Walker","floor":43,"turns":3},{"damage":18,"enemies":"Jaw Worm Horde","floor":44,"turns":4},{"damage":14,"enemies":"Sphere and 2 Shapes","floor":45,"turns":5},{"damage":13,"enemies":"3 Darklings","floor":46,"turns":5},{"damage":53,"enemies":"Spire Growth","floor":49,"turns":6},{"damage":303,"enemies":"IC_BLOCK_ARCHETYPE","floor":50,"turns":12}],"seed_played":"4655006682915908906","potions_obtained":[{"floor":9,"key":"BlessingOfTheForge"},{"floor":9,"key":"PowerPotion"},{"floor":12,"key":"LiquidBronze"},{"floor":12,"key":"AttackPotion"},{"floor":15,"key":"SteroidPotion"},{"floor":16,"key":"ColorlessPotion"},{"floor":16,"key":"SteroidPotion"},{"floor":19,"key":"SkillPotion"},{"floor":19,"key":"SkillPotion"},{"floor":20,"key":"FearPotion"},{"floor":21,"key":"LiquidMemories"},{"floor":21,"key":"Explosive Potion"},{"floor":22,"key":"EssenceOfSteel"},{"floor":23,"key":"CultistPotion"},{"floor":23,"key":"FairyPotion"},{"floor":26,"key":"LiquidBronze"},{"floor":27,"key":"sneckomod:MuddlingPotion"},{"floor":28,"key":"LiquidMemories"},{"floor":29,"key":"Weak Potion"},{"floor":29,"key":"Swift Potion"},{"floor":30,"key":"Strength Potion"},{"floor":31,"key":"SteroidPotion"},{"floor":32,"key":"sneckomod:MuddlingPotion"},{"floor":32,"key":"Fruit Juice"},{"floor":33,"key":"Regen Potion"},{"floor":36,"key":"Dexterity Potion"},{"floor":42,"key":"SkillPotion"},{"floor":44,"key":"SkillPotion"},{"floor":45,"key":"Guardian:BlockOnCardUsePotion"},{"floor":46,"key":"Regen Potion"},{"floor":49,"key":"Energy Potion"}],"is_trial":false,"path_per_floor":["R","M","$","?","?","M","T","R","M","?","R","E","R","?","M","B",null,"R","M","M","M","M","$","T","?","M","M","M","M","$","M","M","B",null,"R","M","?","?","$","R","T","$","M","M","M","M","R","?","M","B",null],"character_chosen":"THE_SPIRIT","items_purchased":["hexamod:ThirdSeal","PreservedInsect","Strange Spoon","hexamod:EmpoweredFlame","expansioncontent:DashGenerateEvil","expansioncontent:AwakenDeath","expansioncontent:YouAreMine","Pantograph"],"campfire_rested":1,"item_purchase_floors":[3,23,23,23,30,30,39,42],"current_hp_per_floor":[70,70,70,70,70,70,70,70,70,70,70,55,55,37,25,22,70,70,67,62,43,39,44,44,44,38,15,22,22,29,19,25,10,75,75,37,37,37,44,44,50,52,42,24,24,18,57,57,30,17],"gold":73,"neow_bonus":"THREE_ENEMY_KILL","is_daily":false,"chose_seed":false,"campfire_upgraded":7,"win_rate":0.0,"timestamp":1614437088,"path_taken":["R","M","$","?","?","?","T","R","M","?","R","E","R","?","M","BOSS","R","M","M","M","M","$","T","?","M","M","M","M","$","M","M","BOSS","R","M","?","?","?","R","T","$","?","M","M","M","R","?","M","BOSS"],"items_purchased_type":["Card","Relic","Relic","Card","Card","Card","Card","Relic"],"build_version":"2020-12-22","purchased_purges":3,"victory":true,"max_hp_per_floor":[70,70,70,70,70,70,70,70,70,70,70,70,70,70,70,70,70,70,70,70,70,70,70,70,70,70,70,70,70,70,70,70,75,75,75,75,75,75,75,75,81,81,81,81,81,81,81,81,81,81],"card_choices":[{"not_picked":["hexamod:SpectersWail","hexamod:SkipABeat"],"picked":"hexamod:FirstSeal","floor":2},{"not_picked":["hexamod:SecondSeal","hexamod:FastForward","hexamod:GhostShield"],"picked":"SKIP","floor":3},{"not_picked":["hexamod:RetreatToShadows","hexamod:HauntingEcho"],"picked":"hexamod:FourthSeal","floor":6},{"not_picked":["hexamod:Haunt","hexamod:Rewind"],"picked":"hexamod:HauntingEcho","floor":9},{"not_picked":["hexamod:Hexaguard","hexamod:BacktrackSmack"],"picked":"hexamod:HauntingEcho","floor":9},{"not_picked":["hexamod:Hexaguard","hexamod:AdvancingGuard"],"picked":"hexamod:SpectersWail","floor":12},{"not_picked":["hexamod:Hexaguard","hexamod:GhostOfSpireFuture"],"picked":"hexamod:AdvancingGuard","floor":15},{"not_picked":["hexamod:ShieldOfDarkness","hexamod:InspiringFlames","hexamod:AdvancingGuard"],"picked":"SKIP","floor":15},{"not_picked":["hexamod:FifthSeal","hexamod:TurnItUp"],"picked":"hexamod:ForkedFlame","floor":16},{"not_picked":["hexamod:SixthSeal","hexamod:TurnItUp"],"picked":"hexamod:VolcanoVisage","floor":16},{"not_picked":["hexamod:EtherealExpedition","hexamod:HauntingEcho+1"],"picked":"hexamod:RainOfEmbers","floor":19},{"not_picked":["hexamod:FlamesFromBeyond","hexamod:GhostLash","hexamod:AdvancingGuard"],"picked":"SKIP","floor":19},{"not_picked":["hexamod:InspiringFlames+1","hexamod:RecurringNightmare"],"picked":"hexamod:ShieldOfDarkness","floor":20},{"not_picked":["hexamod:GhostShield+1","hexamod:HeatShield+1","hexamod:BacktrackSmack"],"picked":"SKIP","floor":20},{"not_picked":["hexamod:EtherealExpedition","hexamod:BacktrackSmack"],"picked":"hexamod:GiftsFromTheDead","floor":21},{"not_picked":["hexamod:RecurringNightmare","hexamod:PhantomCloak"],"picked":"hexamod:ThermalTransfer+1","floor":21},{"not_picked":["hexamod:FlamesFromBeyond","hexamod:ThermalTransfer","hexamod:BacktrackSmack"],"picked":"SKIP","floor":22},{"not_picked":["hexamod:NightmareGuise","hexamod:NecessarySacrifice"],"picked":"hexamod:GhostflameInferno","floor":23},{"not_picked":["hexamod:FlamesFromBeyond+1","hexamod:FastForward+1","hexamod:ThermalTransfer+1"],"picked":"SKIP","floor":23},{"not_picked":["hexamod:HauntingEcho+1","hexamod:GhostLash"],"picked":"hexamod:SpectralAdrenaline","floor":26},{"not_picked":["hexamod:ChargedBarrage","hexamod:GhostShield"],"picked":"hexamod:CatchUp","floor":26},{"not_picked":["hexamod:FifthSeal","hexamod:SoulSteal"],"picked":"hexamod:ShieldOfDarkness+1","floor":27},{"not_picked":["hexamod:HauntingEcho","hexamod:BacktrackSmack+1","hexamod:BurningTouch"],"picked":"SKIP","floor":27},{"not_picked":["hexamod:SkipABeat","hexamod:Hexaguard"],"picked":"hexamod:GhostflameBarrier","floor":28},{"not_picked":["hexamod:SoulSteal","hexamod:FastForward","hexamod:PhantomCloak+1"],"picked":"SKIP","floor":28},{"not_picked":["hexamod:InspiringFlames+1","hexamod:BurningTouch","hexamod:GhostLash"],"picked":"SKIP","floor":29},{"not_picked":["hexamod:Rewind+1","hexamod:NightmareGuise"],"picked":"hexamod:ParanormalForm","floor":30},{"not_picked":["hexamod:RainOfEmbers","hexamod:FastForward"],"picked":"hexamod:SkipABeat","floor":30},{"not_picked":["hexamod:StepThrough","hexamod:BacktrackSmack","hexamod:SwordOfDarkness+1"],"picked":"SKIP","floor":31},{"not_picked":["hexamod:FirstSeal","hexamod:HauntingEcho"],"picked":"hexamod:EtherealExpedition+1","floor":32},{"not_picked":["hexamod:SpectersWail+1","hexamod:SwordOfDarkness","hexamod:FourthSeal"],"picked":"SKIP","floor":32},{"not_picked":["hexamod:ParanormalForm","hexamod:UnlimitedPower"],"picked":"hexamod:VolcanoVisage","floor":33},{"not_picked":["hexamod:TimeWarp","hexamod:UnlimitedPower"],"picked":"hexamod:ParanormalForm","floor":33},{"not_picked":["hexamod:BacktrackSmack+1","hexamod:SwordOfDarkness+1"],"picked":"hexamod:RetreatToShadows+1","floor":36},{"not_picked":["hexamod:Firestarter+1","hexamod:StepThrough"],"picked":"hexamod:RecurringNightmare+1","floor":39},{"not_picked":["hexamod:PhantomFireball","hexamod:NightmareStrike"],"picked":"hexamod:Rewind+1","floor":42},{"not_picked":["hexamod:RetreatToShadows","hexamod:HauntingEcho"],"picked":"hexamod:HexaLevel","floor":42},{"not_picked":["hexamod:FlamesFromBeyond+1","hexamod:RetreatToShadows+1","hexamod:ThermalTransfer+1"],"picked":"SKIP","floor":43},{"not_picked":["hexamod:NightmareGuise+1","hexamod:FlamesFromBeyond"],"picked":"hexamod:FirstSeal","floor":44},{"not_picked":["hexamod:EtherealExpedition","hexamod:GhostOfSpirePast"],"picked":"hexamod:UnleashSpirits","floor":45},{"not_picked":["hexamod:RetreatToShadows","hexamod:FlamesFromBeyond+1"],"picked":"hexamod:EmpoweredFlame+1","floor":45},{"not_picked":["hexamod:InspiringFlames","hexamod:BacktrackSmack"],"picked":"hexamod:SpectralAdrenaline+1","floor":46},{"not_picked":["hexamod:SwordOfDarkness","hexamod:Rewind+1"],"picked":"hexamod:SkipABeat+1","floor":49}],"player_experience":201318,"relics_obtained":[{"floor":7,"key":"White Beast Statue"},{"floor":12,"key":"War Paint"},{"floor":24,"key":"Bottled Tornado"},{"floor":41,"key":"Regal Pillow"}],"event_choices":[{"damage_healed":0,"gold_gain":0,"player_choice":"Success","damage_taken":18,"relics_obtained":["Darkstone Periapt"],"max_hp_gain":0,"max_hp_loss":0,"event_name":"Scrap Ooze","floor":14,"gold_loss":0}],"is_beta":false,"boss_relics":[{"not_picked":["Busted Crown","Runic Dome"],"picked":"SlaversCollar"},{"not_picked":["Empty Cage","hexamod:UnbrokenSoul"],"picked":"Cursed Key"}],"items_purged_floors":[23,30,42],"is_endless":false,"potions_floor_spawned":[9,12,15,16,19,20,21,22,23,26,27,28,29,30,31,32,33,36,39,42,43,44,45,46,49],"ascension_level":0}}