{"host":"y76clbnovzmw9ubx","time":1614439491,"event":{"mods":["AchievementEnabler","BaseMod","Minty Spire (QoL Compilation)","Permanent Neow","Relic Stats"],"gold_per_floor":[219,55,67,79,95,95,112,144,189,189,222,233,233,263,263,341,341,353,353,14,27,45,45,65,99,124,124,134,134,134,147,147,147,147],"floor_reached":33,"language":"ENG","playtime":3121,"items_purged":["Strike_G","Strike_G"],"score":578,"play_id":"ba285d4d-da53-4952-ba1e-58ae71aad2f4","local_time":"20210227102451","is_ascension_mode":true,"campfire_choices":[{"data":"Finisher","floor":6,"key":"SMITH"},{"floor":13,"key":"REST"},{"data":"Blade Dance","floor":15,"key":"SMITH"},{"floor":23,"key":"REST"},{"data":"Blade Dance","floor":27,"key":"SMITH"},{"data":"Ghostly","floor":30,"key":"SMITH"},{"data":"Ghostly","floor":32,"key":"SMITH"}],"circlet_count":0,"master_deck":["AscendersBane","Strike_G","Strike_G","Strike_G","Defend_G","Defend_G","Defend_G","Defend_G","Defend_G","Survivor","Neutralize+1","Blade Dance+1","Finisher+1","Poisoned Stab+1","Deflect","Blade Dance+1","All Out Attack","Deflect","Bullet Time","Dodge and Roll+1","Terror+1","Backflip","Dodge and Roll","Parasite","Ghostly","Ghostly+1","Ghostly+1"],"relics":["Ring of the Snake","Pocketwatch","Blood Vial","Blue Candle","Pen Nib","Bag of Preparation","Cursed Key","Membership Card","Ornamental Fan","Dream Catcher","Whetstone"],"acts_visited":["Exordium","TheCity"],"potions_floor_usage":[8,11,11,14,28],"damage_taken":[{"damage":4,"enemies":"2 Louse","floor":1,"turns":4},{"damage":0,"enemies":"Small Slimes","floor":3,"turns":2},{"damage":0,"enemies":"Jaw Worm","floor":4,"turns":4},{"damage":17,"enemies":"Exordium Thugs","floor":5,"turns":6},{"damage":1,"enemies":"Red Slaver","floor":7,"turns":3},{"damage":10,"enemies":"3 Sentries","floor":8,"turns":4},{"damage":8,"enemies":"Lagavulin","floor":11,"turns":5},{"damage":1,"enemies":"Gremlin Gang","floor":12,"turns":3},{"damage":8,"enemies":"Gremlin Nob","floor":14,"turns":3},{"damage":28,"enemies":"The Guardian","floor":16,"turns":11},{"damage":11,"enemies":"2 Thieves","floor":18,"turns":4},{"damage":0,"enemies":"Chosen","floor":21,"turns":1},{"damage":0,"enemies":"Snake Plant","floor":22,"turns":3},{"damage":0,"enemies":"Centurion and Healer","floor":24,"turns":5},{"damage":10,"enemies":"Slavers","floor":25,"turns":5},{"damage":19,"enemies":"Cultist and Chosen","floor":28,"turns":5},{"damage":0,"enemies":"Snake Plant","floor":31,"turns":4},{"damage":42,"enemies":"Champ","floor":33,"turns":16}],"seed_played":"-3732447652772513384","potions_obtained":[{"floor":3,"key":"Weak Potion"},{"floor":4,"key":"Poison Potion"},{"floor":8,"key":"CunningPotion"},{"floor":11,"key":"Swift Potion"},{"floor":16,"key":"Fire Potion"},{"floor":18,"key":"LiquidBronze"}],"is_trial":false,"path_per_floor":["M","$","M","M","M","R","M","E","T","?","E","M","R","E","R","B",null,"M","?","$","M","M","R","M","E","T","R","M","?","R","M","R","B"],"character_chosen":"THE_SILENT","items_purchased":["Finisher","Membership Card","Ornamental Fan"],"campfire_rested":2,"item_purchase_floors":[2,20,20],"current_hp_per_floor":[55,55,55,55,38,38,37,27,27,27,21,22,41,35,35,9,52,43,25,25,27,29,50,52,44,44,44,27,27,27,29,29,0,0],"gold":147,"neow_bonus":"HUNDRED_GOLD","is_daily":false,"chose_seed":false,"campfire_upgraded":5,"win_rate":0.0,"timestamp":1614439491,"path_taken":["M","$","M","M","M","R","M","E","T","?","E","M","R","E","R","BOSS","M","?","$","M","M","R","M","E","T","R","M","?","R","M","R","BOSS"],"items_purchased_type":["Card","Relic","Relic"],"build_version":"2020-12-22","purchased_purges":2,"victory":false,"max_hp_per_floor":[66,66,66,66,66,66,66,66,66,66,66,66,66,66,66,66,66,66,71,71,71,71,71,71,71,71,71,71,35,35,35,35,35,35],"relic_stats":{"Blood Vial":24,"Dream Catcher":0,"counters":[18,88],"Ornamental Fan":[124],"Blue Candle":[2],"Pen Nib":[20],"Bag of Preparation":[18],"Whetstone":["Poisoned Stab","Neutralize"],"Cursed Key":1,"obtain_stats":[{"Blood Vial":9,"Dream Catcher":25,"Ornamental Fan":20,"Blue Candle":10,"Pen Nib":11,"Bag of Preparation":14,"Membership Card":20,"Whetstone":26,"Cursed Key":17,"Ring of the Snake":0,"Pocketwatch":8},{"Blood Vial":6,"Dream Catcher":15,"Ornamental Fan":11,"Blue Candle":6,"Pen Nib":7,"Bag of Preparation":9,"Membership Card":11,"Whetstone":15,"Cursed Key":10,"Ring of the Snake":0,"Pocketwatch":6},{"Blood Vial":23,"Dream Catcher":63,"Ornamental Fan":49,"Blue Candle":23,"Pen Nib":28,"Bag of Preparation":34,"Membership Card":49,"Whetstone":63,"Cursed Key":45,"Ring of the Snake":0,"Pocketwatch":23}],"Ring of the Snake":[36],"Pocketwatch":[33]},"card_choices":[{"not_picked":["Acrobatics","Deadly Poison"],"picked":"Blade Dance","floor":1},{"not_picked":["Acrobatics","Backflip"],"picked":"Poisoned Stab","floor":3},{"not_picked":["Concentrate","Deadly Poison"],"picked":"Deflect","floor":4},{"not_picked":["Doppelganger","Outmaneuver"],"picked":"Blade Dance","floor":5},{"not_picked":["Catalyst","Riddle With Holes","Deflect"],"picked":"SKIP","floor":7},{"not_picked":["Expertise","Outmaneuver"],"picked":"All Out Attack","floor":8},{"not_picked":["Distraction","Storm of Steel"],"picked":"Deflect","floor":11},{"not_picked":["Distraction","Endless Agony","Deflect"],"picked":"SKIP","floor":12},{"not_picked":["Dagger Spray","Underhanded Strike","Outmaneuver"],"picked":"SKIP","floor":14},{"not_picked":["Corpse Explosion","Glass Knife"],"picked":"Bullet Time","floor":16},{"not_picked":["Crippling Poison","Bane"],"picked":"Dodge and Roll+1","floor":18},{"not_picked":["Deadly Poison","Dodge and Roll+1"],"picked":"Terror+1","floor":21},{"not_picked":["Bane","Dash","Underhanded Strike+1"],"picked":"SKIP","floor":22},{"not_picked":["Dagger Spray","Masterful Stab"],"picked":"Backflip","floor":24},{"not_picked":["Underhanded Strike","Dagger Throw"],"picked":"Dodge and Roll","floor":25},{"not_picked":["Eviscerate","Deadly Poison","Concentrate+1"],"picked":"SKIP","floor":28},{"not_picked":["Glass Knife","Dodge and Roll","Deflect"],"picked":"SKIP","floor":31}],"player_experience":3299006,"relics_obtained":[{"floor":8,"key":"Pocketwatch"},{"floor":9,"key":"Blood Vial"},{"floor":11,"key":"Pen Nib"},{"floor":14,"key":"Bag of Preparation"},{"floor":25,"key":"Dream Catcher"},{"floor":26,"key":"Whetstone"}],"event_choices":[{"damage_healed":0,"gold_gain":0,"player_choice":"Searched \u00271\u0027 times","damage_taken":0,"relics_obtained":["Blue Candle"],"max_hp_gain":0,"max_hp_loss":0,"event_name":"Dead Adventurer","floor":10,"gold_loss":0},{"damage_healed":0,"gold_gain":0,"player_choice":"Shed Blood","damage_taken":23,"max_hp_gain":5,"max_hp_loss":0,"event_name":"Forgotten Altar","floor":19,"gold_loss":0},{"damage_healed":0,"gold_gain":0,"player_choice":"Became a Ghost","damage_taken":0,"max_hp_gain":0,"max_hp_loss":36,"event_name":"Ghosts","floor":29,"gold_loss":0,"cards_obtained":["Ghostly","Ghostly","Ghostly"]}],"is_beta":false,"boss_relics":[{"not_picked":["HoveringKite","Astrolabe"],"picked":"Cursed Key"}],"items_purged_floors":[2,20],"is_endless":false,"potions_floor_spawned":[3,4,8,11,16,18,25],"killed_by":"Champ","ascension_level":20}}