{"host":"vpk7v26cevh9misn","time":1614457495,"event":{"mods":["2.2 Compatiblity","AchievementEnabler","Act Like it!","Aspiration","BaseMod","Better Sensory Stone","Better Synergies","Better Third Choice","BetterRewards","Bossed Relics","Conspire","Downfall","Elementarium","Energized Spire","Fiend Mod","Friendly Minions","Gold Saver","Googly Eyes","Halation","Hallownest","Hubris","Infinite Spire","JesterMod","Library of Ruina","Library of Ruina Extra","Luminous","Marisa????????","Minty Spire (QoL Compilation)","Pale of the Ancients","Permanent Neow","Quick Restart","RNG Fix","Relic Stats","Reliquary","Replay The Spire","Robot Space Explorer","Ruina","Small Relic Pack","Spicy Shops","SpireExporter+","StSLib","The Bug Knight","The Judge","The Kombatant","Uncapped"],"gold_per_floor":[157,175,27,45,45,71,22,22,22,37,70,70,90,15,15,112,112,126,126,126,137,137,137,157,157,157,182,202,202,231,280,280,280,280],"floor_reached":33,"language":"ENG","playtime":2436,"items_purged":[],"score":275,"play_id":"550c7b86-ec82-4fcf-8e90-94f99b657a22","local_time":"20210227152455","is_ascension_mode":false,"campfire_choices":[{"floor":8,"key":"REST"},{"data":"HollowMod:ChannelNail","floor":12,"key":"SMITH"},{"floor":15,"key":"REST"},{"data":"HollowMod:theNailsmith","floor":23,"key":"SMITH"},{"floor":25,"key":"REST"},{"floor":29,"key":"REST"},{"floor":32,"key":"REST"}],"circlet_count":0,"master_deck":["HollowMod:NailStrikeStart","HollowMod:NailStrikeStart","HollowMod:NailStrikeStart","HollowMod:QuickDashStart","HollowMod:QuickDashStart","HollowMod:QuickDashStart","HollowMod:QuickDashStart","HollowMod:FocusHealStart","HollowMod:PogoStrike","HollowMod:CycloneSlash","HollowMod:CoiledNail","HollowMod:theNailsmith+1","HollowMod:SharpenedNail","HollowMod:GoodIntentions","HollowMod:QuirrelsAssistance","HollowMod:ChannelNail+1","HollowMod:AwokenDreamNail","Choke","Storm of Steel","Catalyst","HollowMod:SharpenedNail+1","Hallownest:curseDreamersLament","HollowMod:TaintedHusks","HollowMod:QuirrelsAssistance+1","HollowMod:HornetsHelp","HollowMod:TaintedHusks"],"relics":["HollowMod:VesselMask","aspiration:DSix","hubris:TenFootPole","Mercury Hourglass","infinitespire:BottledMercury","Kunai","energizedSpire:OgreHead","ReplayTheSpireMod:EnergyBall","Hallownest:WatcherSealRelic","reliquary:JackalopeAntler","reliquary:RoseTintedGlasses","Lantern"],"acts_visited":["Exordium","Hallownest:CityofTears"],"potions_floor_usage":[6,11,11,16,16,24,30,33],"damage_taken":[{"damage":1,"enemies":"2 Louse","floor":1,"turns":2},{"damage":2,"enemies":"Small Slimes","floor":2,"turns":3},{"damage":3,"enemies":"Jaw Worm","floor":4,"turns":4},{"damage":28,"enemies":"HollowMod:MossKnight","floor":6,"turns":9},{"damage":2,"enemies":"2 Fungi Beasts","floor":10,"turns":2},{"damage":10,"enemies":"Lagavulin","floor":11,"turns":3},{"damage":0,"enemies":"3 Louse","floor":13,"turns":2},{"damage":21,"enemies":"Fading Forest","floor":16,"turns":11},{"damage":0,"enemies":"Hallownest:3_Youths","floor":18,"turns":5},{"damage":16,"enemies":"Hallownest:Guard_and_Sentry","floor":21,"turns":5},{"damage":44,"enemies":"Hallownest:2_Flukemon","floor":24,"turns":6},{"damage":22,"enemies":"Hallownest:Master_and_Novice","floor":28,"turns":3},{"damage":3,"enemies":"Hallownest:eliteSoulWarrior","floor":30,"turns":6},{"damage":39,"enemies":"Hallownest:Glutton_and_Coward","floor":31,"turns":4},{"damage":35,"enemies":"Hallownest:BossGrimm","floor":33,"turns":5}],"seed_played":"-8223163108899948562","potions_obtained":[{"floor":4,"key":"SteroidPotion"},{"floor":10,"key":"FearPotion"},{"floor":11,"key":"BlessingOfTheForge"},{"floor":13,"key":"ColorlessPotion"},{"floor":24,"key":"Swift Potion"},{"floor":28,"key":"Block Potion"}],"is_trial":false,"path_per_floor":["M","M","$","M","T","E","$","R","T","M","E","R","M","$","R","B",null,"M","AVR","?","M","?","R","M","R","T","T","M","R","E","M","R","B"],"character_chosen":"THE_BUGKNIGHT","items_purchased":["hubris:TenFootPole","Guardian:BlockOnCardUsePotion","HollowMod:GoodIntentions","DuplicationPotion"],"campfire_rested":5,"item_purchase_floors":[3,3,7,14],"current_hp_per_floor":[74,72,72,69,69,41,41,63,63,61,51,51,51,51,73,68,75,75,75,75,65,65,65,27,49,49,49,27,49,46,7,29,0,0],"gold":280,"neow_bonus":"DSIX","is_daily":false,"chose_seed":false,"campfire_upgraded":2,"win_rate":0.0,"timestamp":1614457495,"path_taken":["M","M","$","M","?","E","$","R","T","?","E","R","?","?","R","BOSS","M","AVR","?","?","?","R","M","R","T","?","M","R","E","M","R","BOSS"],"items_purchased_type":["Relic","Potion","Card","Potion"],"build_version":"2020-12-22","purchased_purges":0,"victory":false,"max_hp_per_floor":[75,75,75,75,75,75,75,75,75,75,75,75,75,75,75,75,75,75,75,75,75,75,75,75,75,75,75,75,75,75,75,75,75,75],"relic_stats":{"counters":[15,68],"Kunai":[24],"obtain_stats":[{"ReplayTheSpireMod:EnergyBall":19,"reliquary:JackalopeAntler":26,"infinitespire:BottledMercury":9,"Hallownest:WatcherSealRelic":22,"Lantern":30,"HollowMod:VesselMask":0,"reliquary:RoseTintedGlasses":27,"hubris:TenFootPole":3,"energizedSpire:OgreHead":17,"Kunai":11,"aspiration:DSix":0,"Mercury Hourglass":6},{"ReplayTheSpireMod:EnergyBall":9,"reliquary:JackalopeAntler":11,"infinitespire:BottledMercury":4,"Hallownest:WatcherSealRelic":10,"Lantern":13,"HollowMod:VesselMask":0,"reliquary:RoseTintedGlasses":11,"hubris:TenFootPole":2,"energizedSpire:OgreHead":8,"Kunai":6,"aspiration:DSix":0,"Mercury Hourglass":4},{"ReplayTheSpireMod:EnergyBall":40,"reliquary:JackalopeAntler":50,"infinitespire:BottledMercury":18,"Hallownest:WatcherSealRelic":45,"Lantern":59,"HollowMod:VesselMask":0,"reliquary:RoseTintedGlasses":50,"hubris:TenFootPole":5,"energizedSpire:OgreHead":35,"Kunai":23,"aspiration:DSix":0,"Mercury Hourglass":18}],"Mercury Hourglass":[235]},"card_choices":[{"not_picked":["HollowMod:DescendingDark","HollowMod:PerfectDash"],"picked":"HollowMod:CycloneSlash","floor":1},{"not_picked":["HollowMod:InfectedAttack","HollowMod:InfectionAssault"],"picked":"HollowMod:CoiledNail","floor":2},{"not_picked":["HollowMod:HowlingWraiths","HollowMod:LifebloodCocoon"],"picked":"HollowMod:theNailsmith","floor":4},{"not_picked":["HollowMod:SiblingsSouls","HollowMod:DescendingDark"],"picked":"HollowMod:SharpenedNail","floor":6},{"not_picked":["HollowMod:SoulMaster","HollowMod:InfectionAssault"],"picked":"HollowMod:QuirrelsAssistance","floor":10},{"not_picked":["HollowMod:BaldurShell","HollowMod:QuirrelsAssistance"],"picked":"HollowMod:ChannelNail","floor":11},{"not_picked":["HollowMod:WraithStrike","HollowMod:DoubleDash"],"picked":"HollowMod:ChannelNail","floor":13},{"not_picked":["HollowMod:NewInfectedGuardian","HollowMod:SlysStrikes"],"picked":"HollowMod:AwokenDreamNail","floor":16},{"not_picked":["HollowMod:BlackTendrils","HollowMod:DashSlash"],"picked":"HollowMod:SiblingsSouls","floor":18},{"not_picked":["HollowMod:WraithStrike+1","HollowMod:HeavyBlow"],"picked":"HollowMod:SharpenedNail+1","floor":21},{"not_picked":["HollowMod:SoulStrike+1","HollowMod:MidwifesHunger"],"picked":"HollowMod:TaintedHusks","floor":24},{"not_picked":["HollowMod:DashSlash","HollowMod:ShadowDash"],"picked":"HollowMod:QuirrelsAssistance+1","floor":28},{"not_picked":["HollowMod:LifebloodCocoon+1","HollowMod:ShadowDash"],"picked":"HollowMod:HornetsHelp","floor":30},{"not_picked":["HollowMod:MawleksShell","HollowMod:DescendingDark"],"picked":"HollowMod:TaintedHusks","floor":31}],"player_experience":43900,"relics_obtained":[{"floor":6,"key":"Mercury Hourglass"},{"floor":9,"key":"infinitespire:BottledMercury"},{"floor":11,"key":"Kunai"},{"floor":26,"key":"reliquary:JackalopeAntler"},{"floor":27,"key":"reliquary:RoseTintedGlasses"},{"floor":30,"key":"Lantern"}],"event_choices":[],"is_beta":false,"boss_relics":[{"not_picked":["Runic Dome","Replay:Drink Me"],"picked":"energizedSpire:OgreHead"}],"items_purged_floors":[],"is_endless":false,"potions_floor_spawned":[4,10,11,13,24,28],"killed_by":"Hallownest:BossGrimm","ascension_level":0}}