{"host":"q2g9o89qua515qte","time":1614433450,"event":{"mods":["2.2 Compatiblity","Act Like it!","Aspiration","BaseMod","Better Altar","Better Match","Better Note","Better Sensory Stone","Better Skull","Better Third Choice","Better Vampires","BetterRewards","Challenge The Spire","Conspire","Custom Start","Downfall","Elementarium","Energized Spire","GifTheSpireLib","Hubris","Infinite Spire","Jorbs\u0027s Wanderer Trilogy","Minty Spire (QoL Compilation)","Rare Cards Sparkle","Replay The Spire","Spicy Shops","StSLib","Stuff the Spire","Synergy Search","The Cursed","Thieving Mod","Unceasing Turn Reminder","Wandering Minibosses"],"gold_per_floor":[112,112,112,122,122,122,153,153,204,204,214,224,5,82,82,181,181,100,111,111,130,130,130,158,187,187,64,75,75,75,94,94,199,199,215,225,225,225,32,32,32,32,32,32,45,0,0,14,14,14,14,14,14,63,63],"floor_reached":56,"language":"ENG","playtime":2913,"items_purged":["stsjorbsmod:Procrastination","Writhe"],"score":1261,"play_id":"998a1ad7-8cb2-4b35-bbde-ea2ca025a344","local_time":"20210227144410","is_ascension_mode":false,"campfire_choices":[{"data":"stsjorbsmod:Banish","floor":6.0,"key":"SMITH"},{"data":"stsjorbsmod:Patron","floor":8.0,"key":"SMITH"},{"data":"stsjorbsmod:BookOfTongues","floor":15.0,"key":"SMITH"},{"floor":23.0,"key":"RECALL"},{"floor":32.0,"key":"REST"},{"data":"stsjorbsmod:TrueStrike","floor":40.0,"key":"SMITH"},{"data":"stsjorbsmod:Fireball","floor":42.0,"key":"SMITH"},{"floor":47.0,"key":"REST"},{"data":"stsjorbsmod:FindFamiliar","floor":47.0,"key":"SMITH"},{"floor":49.0,"key":"REST"},{"data":"stsjorbsmod:IvoryTower","floor":49.0,"key":"SMITH"},{"data":"stsjorbsmod:Patron","floor":52.0,"key":"SMITH"}],"circlet_count":0,"master_deck":["stsjorbsmod:ForbiddenGrimoire+1","stsjorbsmod:Strike_Wanderer","stsjorbsmod:FreshAdventure","stsjorbsmod:EyeOfTheStorm","stsjorbsmod:RayOfFrost","stsjorbsmod:Channel","stsjorbsmod:ArcaneWeapon","stsjorbsmod:SmithingStrike","stsjorbsmod:Banish+1","stsjorbsmod:FindFamiliar+1","stsjorbsmod:Patron","StuffTheSpire:Sprint","stsjorbsmod:Fireball+1","stsjorbsmod:BookOfTongues+1","stsjorbsmod:AnimateObjects","stsjorbsmod:ArcaneForm","stsjorbsmod:UnseenServant","stsjorbsmod:LocateObject","stsjorbsmod:TrueStrike+1","stsjorbsmod:Prestidigitation","Elementarium:FireblessedBlade","stsjorbsmod:GatherPower+1","stsjorbsmod:ChatteringStrike+1","stsjorbsmod:Mindworm","ReplayTheSpireMod:Splinters","StuffTheSpire:PlasmaPulse","stsjorbsmod:IvoryTower+1"],"relics":["stsjorbsmod:GrimoireRelic","Replay:PocketPolymizer","aspiration:HatOfInfinitePower","StuffTheSpire:HeavyRock","infinitespire:PuzzleCube","Onion Ring","ReplayTheSpireMod:CursedCoin","Cursed Key","Boot","Potion Belt","infinitespire:Broken Mirror","Juzu Bracelet","Elementarium:ElementariumTrophy","Replay:Bronze Core","Membership Card","infinitespire:Magic Flask","Elementarium:GoldenMirage","Bag of Marbles"],"acts_visited":["Exordium","Exordium","TheBeyond","TheEnding"],"potions_floor_usage":[55],"damage_taken":[{"damage":4.0,"enemies":"Jaw Worm","floor":1.0,"turns":3.0},{"damage":0.0,"enemies":"conspire:RoseBush","floor":4.0,"turns":3.0},{"damage":12.0,"enemies":"Gremlin Nob","floor":7.0,"turns":6.0},{"damage":0.0,"enemies":"Small Slimes","floor":11.0,"turns":2.0},{"damage":0.0,"enemies":"conspire:2 RoseBushes","floor":12.0,"turns":4.0},{"damage":14.0,"enemies":"The Guardian","floor":16.0,"turns":8.0},{"damage":5.0,"enemies":"Elementarium:2_ELEMENTALS","floor":18.0,"turns":2.0},{"damage":4.0,"enemies":"Elementarium:Cyclone","floor":19.0,"turns":4.0},{"damage":14.0,"enemies":"Elementarium:STONE_GOLEMS","floor":21.0,"turns":3.0},{"damage":20.0,"enemies":"Elementarium:FIRE_NOBILITY","floor":24.0,"turns":6.0},{"damage":18.0,"enemies":"Slavers","floor":25.0,"turns":4.0},{"damage":0.0,"enemies":"Elementarium:VOID_CORRUPTION_AND_TAR_GOLEM","floor":28.0,"turns":5.0},{"damage":0.0,"enemies":"Elementarium:RubyGolem","floor":31.0,"turns":4.0},{"damage":0.0,"enemies":"Elementarium:GoldenDragon","floor":33.0,"turns":7.0},{"damage":33.0,"enemies":"3 Darklings","floor":35.0,"turns":4.0},{"damage":13.0,"enemies":"3 Shapes","floor":36.0,"turns":2.0},{"damage":16.0,"enemies":"Maw","floor":45.0,"turns":5.0},{"damage":0.0,"enemies":"Jaw Worm Horde","floor":48.0,"turns":1.0},{"damage":55.0,"enemies":"Time Eater","floor":50.0,"turns":8.0},{"damage":30.0,"enemies":"Shield and Spear","floor":54.0,"turns":4.0},{"damage":97,"enemies":"The Heart","floor":55,"turns":8}],"seed_played":"3957071852895698727","potions_obtained":[{"floor":7.0,"key":"FearPotion"},{"floor":11.0,"key":"LifebloodPotion"},{"floor":16.0,"key":"SneckoOil"},{"floor":21.0,"key":"sneckomod:MuddlingPotion"},{"floor":25.0,"key":"Fruit Juice"},{"floor":31.0,"key":"Dexterity Potion"},{"floor":45.0,"key":"Elixir"},{"floor":54.0,"key":"Elixir"}],"is_trial":false,"path_per_floor":["M","?","T","M","?","R","E","R","T","?","M","M","$","$","R","B",null,"M","M","?","M","AVR","R","E","?","T","$","M","?","$","M","R","B",null,"M","M","?","?","$","R","$","R","T","?","M","?","R","M","R","B",null,"R","$","E","B",null],"character_chosen":"WANDERER","items_purchased":["Replay:PocketPolymizer","stsjorbsmod:ArcaneWeapon","stsjorbsmod:Fireball","ReplayTheSpireMod:CursedCoin","stsjorbsmod:BookOfTongues","stsjorbsmod:TrueStrike","Membership Card"],"campfire_rested":3,"item_purchase_floors":[0,0,13,14,14,27,39],"current_hp_per_floor":[65,65,65,66,66,66,56,56,56,48,48,51,51,51,51,37,68,63,63,63,54,54,54,40,31,31,31,37,37,37,39,60,67,73,45,32,32,50,50,50,50,50,50,50,40,40,61,61,73,18,73,73,73,50,23],"gold":63,"neow_bonus":"","is_daily":false,"chose_seed":false,"campfire_upgraded":8,"win_rate":0.0,"timestamp":1614433450,"path_taken":["M","?","?","M","?","R","E","R","T","?","M","?","?","$","R","BOSS","M","M","?","M","AVR","R","E","?","T","$","M","?","$","M","R","BOSS","M","M","?","?","?","R","$","R","T","?","M","?","R","M","R","BOSS","R","$","E","BOSS"],"items_purchased_type":["Relic","Card","Card","Relic","Card","Card","Relic"],"build_version":"2020-12-22","purchased_purges":2,"victory":true,"max_hp_per_floor":[68,68,68,68,68,68,68,68,68,68,68,68,68,68,68,68,68,68,68,68,68,68,68,68,73,73,73,73,73,73,73,73,73,73,73,73,73,73,73,73,73,73,73,73,73,73,73,73,73,73,73,73,73,73,73],"card_choices":[{"not_picked":["stsjorbsmod:WeightOfMemory","stsjorbsmod:ScorchingRay"],"picked":"stsjorbsmod:SmithingStrike","floor":1.0},{"not_picked":["stsjorbsmod:Inferno","stsjorbsmod:Hurt","stsjorbsmod:Prepare"],"picked":"SKIP","floor":4.0},{"not_picked":["stsjorbsmod:DoubleCheck","stsjorbsmod:SchoolsOfMagic"],"picked":"stsjorbsmod:FindFamiliar","floor":7.0},{"not_picked":["stsjorbsmod:MagicMissiles","stsjorbsmod:Prepare","stsjorbsmod:BurningFlask"],"picked":"SKIP","floor":11.0},{"not_picked":["stsjorbsmod:FracturedMind","stsjorbsmod:Hibernate","stsjorbsmod:ParryingBlow"],"picked":"SKIP","floor":12.0},{"not_picked":["stsjorbsmod:Determination","stsjorbsmod:Feast"],"picked":"stsjorbsmod:ArcaneForm","floor":16.0},{"not_picked":["stsjorbsmod:WanderingMind","stsjorbsmod:RayOfFrost","stsjorbsmod:WeightOfMemory+1"],"picked":"SKIP","floor":18.0},{"not_picked":["stsjorbsmod:UnseenServant","stsjorbsmod:MistyStep","stsjorbsmod:Mending"],"picked":"SKIP","floor":19.0},{"not_picked":["Swift Strike","Flash of Steel"],"picked":"ReplayTheSpireMod:Brewmster","floor":20.0},{"not_picked":["stsjorbsmod:Hibernate","stsjorbsmod:WeightOfMemory","stsjorbsmod:SiphonEnergy"],"picked":"SKIP","floor":21.0},{"not_picked":["stsjorbsmod:Mindworm","stsjorbsmod:Mending"],"picked":"stsjorbsmod:LocateObject","floor":24.0},{"not_picked":["stsjorbsmod:BlackTentacles+1","stsjorbsmod:UnseenServant"],"picked":"stsjorbsmod:Prestidigitation","floor":28.0},{"not_picked":["stsjorbsmod:WanderingMind+1","stsjorbsmod:ChainLightning+1","stsjorbsmod:DisguiseSelf"],"picked":"SKIP","floor":31.0},{"not_picked":["stsjorbsmod:IvoryTower","stsjorbsmod:CorrodingBarrier"],"picked":"stsjorbsmod:GatherPower","floor":33.0},{"not_picked":["stsjorbsmod:Channel","stsjorbsmod:BlackTentacles"],"picked":"stsjorbsmod:ChatteringStrike+1","floor":35.0},{"not_picked":["stsjorbsmod:Prestidigitation+1","stsjorbsmod:Index+1","stsjorbsmod:Firebolt"],"picked":"SKIP","floor":36.0},{"not_picked":["stsjorbsmod:FindFamiliar+1","stsjorbsmod:UnseenServant","stsjorbsmod:FranticSearch+1"],"picked":"SKIP","floor":45.0},{"not_picked":["stsjorbsmod:WeightOfMemory+1","stsjorbsmod:TollTheDead","stsjorbsmod:Message"],"picked":"SKIP","floor":48.0},{"not_picked":["stsjorbsmod:Inferno","stsjorbsmod:Materialize","stsjorbsmod:BurningFlask+1"],"picked":"SKIP","floor":54.0}],"player_experience":1020003,"relics_obtained":[{"floor":7.0,"key":"StuffTheSpire:HeavyRock"},{"floor":9.0,"key":"infinitespire:PuzzleCube"},{"floor":24.0,"key":"Potion Belt"},{"floor":25.0,"key":"infinitespire:Broken Mirror"},{"floor":26.0,"key":"Juzu Bracelet"},{"floor":43.0,"key":"infinitespire:Magic Flask"},{"floor":54.0,"key":"Bag of Marbles"}],"event_choices":[{"damage_healed":0.0,"max_hp_gain":0.0,"max_hp_loss":0.0,"gold_gain":0.0,"event_name":"conspire:LoneGhost","player_choice":"Disagree","floor":2.0,"gold_loss":0.0,"damage_taken":0.0},{"damage_healed":0.0,"max_hp_gain":0.0,"max_hp_loss":0.0,"gold_gain":0.0,"event_name":"The Cleric","player_choice":"Leave","floor":5.0,"gold_loss":0.0,"damage_taken":0.0},{"damage_healed":0.0,"max_hp_gain":0.0,"max_hp_loss":0.0,"gold_gain":0.0,"event_name":"Elementarium:IncubationChamber","player_choice":"Machinery","floor":20.0,"gold_loss":0.0,"damage_taken":0.0},{"damage_healed":0.0,"max_hp_gain":0.0,"max_hp_loss":0.0,"gold_gain":0.0,"event_name":"Elementarium:OtherworldlyPassage","player_choice":"Enter","floor":25.0,"gold_loss":0.0,"damage_taken":0.0},{"damage_healed":0.0,"max_hp_gain":0.0,"max_hp_loss":0.0,"gold_gain":0.0,"event_name":"Elementarium:BladeSeller","player_choice":"Take","floor":29.0,"gold_loss":0.0,"damage_taken":0.0,"cards_obtained":["Elementarium:FireblessedBlade"]},{"damage_healed":18.0,"max_hp_gain":0.0,"max_hp_loss":0.0,"gold_gain":0.0,"event_name":"Winding Halls","player_choice":"Writhe","floor":38.0,"gold_loss":0.0,"damage_taken":0.0,"cards_obtained":["Writhe"]},{"cards_removed":["stsjorbsmod:DoubleCheck"],"damage_healed":0.0,"max_hp_gain":0.0,"max_hp_loss":0.0,"gold_gain":0.0,"event_name":"Falling","player_choice":"Removed Skill","floor":44.0,"gold_loss":0.0,"damage_taken":0.0},{"damage_healed":0.0,"max_hp_gain":0.0,"max_hp_loss":0.0,"gold_gain":0.0,"event_name":"Elementarium:ChestOfTheGoldenMirage","player_choice":"Offer","floor":46.0,"gold_loss":45.0,"damage_taken":0.0,"relics_obtained":["Elementarium:GoldenMirage"]}],"is_beta":false,"boss_relics":[{"not_picked":["SacredBark","conspire:SlowCooker"],"picked":"Cursed Key"},{"not_picked":["energizedSpire:OgreHead","aspiration:RandomNobGenerator"],"picked":"Replay:Bronze Core"}],"items_purged_floors":[27,39],"is_endless":false,"potions_floor_spawned":[7,11,16,21,25,31,33,45,48,54],"ascension_level":0}}