{"host":"y4fuci1jk2rsxnep","time":1614412669,"event":{"mods":["AchievementEnabler","BaseMod","Colored Powertips","Custom Start","Defuse TimeMaze Blight","Dio Mod","Downfall","Hermit","Hero for Fun","Hubris","Hunter ??","Infinite Spire","Minty Spire (QoL Compilation)","Quick Restart","Reliquary","Remove Card Discount Mod","Replay The Spire","StSLib","The Blackbeard","The Bug Knight","The Mystic","The Runesmith"],"gold_per_floor":[1,20,38,48,58,90,117,392,404,504,514,549,549,549,567,669,669,669,680,730,746,758,758,758,783,783,830,857,877,897,931,944,1045,1045,745,757,770,770,789,802,802,837,847,862,890,909,955,989,1005,1005,1005,1037,487,487,487,487],"floor_reached":57,"language":"ENG","playtime":1244,"items_purged":["Do_Nothing+1","Regret","Hop","Oh","Oh","Wear_Disguise","Ignore","Side_Hop+1","Defend_Y","Defend_Y","Defend_Y","Defend_Y","Defend_Y","Strike_Y","Strike_Y","Strike_Y","Strike_Y","Strike_Y","Serious_Side_Hops","Serious_Side_Hops","Ignore+1","Side_Hop","Do_Nothing","Wear_Disguise","Consecutive_Normal_Punch","Consecutive_Normal_Punch+1","Normal_Punch+1"],"score":1894,"play_id":"3b08cf03-f466-4efc-be6c-a6ba44edad60","local_time":"20210227085749","is_ascension_mode":true,"campfire_choices":[{"floor":1,"key":"RECALL"},{"data":"Normal_Punch","floor":13,"key":"SMITH"},{"data":"Serious_Punch","floor":18,"key":"SMITH"},{"data":"Consecutive_Normal_Punch","floor":23,"key":"SMITH"},{"floor":35,"key":"REST"},{"data":"expansioncontent:DashGenerateEvil","floor":54,"key":"SMITH"}],"circlet_count":0,"master_deck":["Slap+1","Normal_Punch+1","Serious_Punch+1","Slap+1","Slap+1","expansioncontent:DashGenerateEvil+1","expansioncontent:Hexaburn"],"relics":["Cape","reliquary:RoseTintedGlasses","reliquary:NewFriend","infinitespire:Cupcake","Gremlin Food","Iron Hammer","downfall:RedIOU","ReplayFunnel","infinitespire:PuzzleCube","downfall:HeartBlessingRed","downfall:HeartBlessingGreen","downfall:HeartBlessingBlue","Omamori","Darkstone Periapt","hubris:64BitClover","Quantum Egg"],"acts_visited":["Exordium","TheCity","TheBeyond","TheEnding"],"potions_floor_usage":[],"damage_taken":[{"damage":0,"enemies":"2 Louse","floor":2,"turns":1},{"damage":0,"enemies":"Cultist","floor":3,"turns":1},{"damage":0,"enemies":"Small Slimes","floor":4,"turns":1},{"damage":0,"enemies":"downfall:LooterAlt","floor":5,"turns":1},{"damage":0,"enemies":"HollowMod:MossKnight","floor":6,"turns":1},{"damage":0,"enemies":"Red Slaver","floor":9,"turns":1},{"damage":0,"enemies":"downfall:Heads","floor":10,"turns":1},{"damage":0,"enemies":"Exordium Thugs","floor":11,"turns":1},{"damage":0,"enemies":"Gremlin Nob","floor":12,"turns":1},{"damage":0,"enemies":"3 Louse","floor":15,"turns":2},{"damage":0,"enemies":"SI_SHIV_ARCHETYPE","floor":16,"turns":1},{"damage":0,"enemies":"downfall:LooterAlt2","floor":19,"turns":1},{"damage":0,"enemies":"downfall:FleeingMerchant","floor":20,"turns":1},{"damage":0,"enemies":"3 Byrds","floor":21,"turns":1},{"damage":0,"enemies":"Sentry and Sphere","floor":22,"turns":1},{"damage":0,"enemies":"Nightmare","floor":25,"turns":1},{"damage":0,"enemies":"Slavers","floor":28,"turns":1},{"damage":0,"enemies":"Snake Plant","floor":29,"turns":1},{"damage":0,"enemies":"Chosen and Byrds","floor":30,"turns":1},{"damage":0,"enemies":"HollowMod:Nosk","floor":31,"turns":1},{"damage":0,"enemies":"Snecko","floor":32,"turns":1},{"damage":0,"enemies":"IC_MUSHROOM_ARCHETYPE","floor":33,"turns":1},{"damage":0,"enemies":"3 Darklings","floor":36,"turns":1},{"damage":0,"enemies":"Orb Walker","floor":37,"turns":1},{"damage":0,"enemies":"Sphere and 2 Shapes","floor":39,"turns":1},{"damage":0,"enemies":"Jaw Worm Horde","floor":40,"turns":1},{"damage":0,"enemies":"Nemesis","floor":42,"turns":1},{"damage":0,"enemies":"3 Darklings","floor":43,"turns":1},{"damage":0,"enemies":"Sphere and 2 Shapes","floor":44,"turns":1},{"damage":0,"enemies":"Nightmare","floor":45,"turns":1},{"damage":0,"enemies":"Writhing Mass","floor":46,"turns":1},{"damage":0,"enemies":"2 Orb Walkers","floor":47,"turns":1},{"damage":0,"enemies":"Giant Head","floor":48,"turns":1},{"damage":0,"enemies":"Spire Growth","floor":49,"turns":1},{"damage":0,"enemies":"WA_ARCHETYPE_DIVINITY","floor":50,"turns":1},{"damage":0,"enemies":"downfall:CharBossMerchant","floor":52,"turns":1},{"damage":0,"enemies":"downfall:NeowBoss","floor":55,"turns":3},{"damage":0,"enemies":"downfall:NeowBossFinal","floor":56,"turns":2}],"seed_played":"5882090624687012831","potions_obtained":[{"floor":2,"key":"ColorlessPotion"},{"floor":3,"key":"SkillPotion"},{"floor":11,"key":"Energy Potion"}],"is_trial":false,"path_per_floor":["R","M","M","M","M","E","T","?","M","?","M","E","R","?","M","B",null,"R","M","$","M","M","R","T","NM","?","T","E","M","M","E","M","B",null,"R","M","M","$","M","M","T","E","M","M","NM","M","?","E","M","B",null,"E","$","R","B","B",null],"character_chosen":"OPM","items_purchased":["Do_Nothing+1","Serious_Side_Hops","expansioncontent:DashGenerateEvil","expansioncontent:Hexaburn","Wear_Disguise","Side_Hop","Do_Nothing","Consecutive_Normal_Punch"],"campfire_rested":1,"item_purchase_floors":[20,20,53,53,53,53,53,53],"current_hp_per_floor":[1098,1098,1098,1098,1098,1098,1098,1098,1098,1098,1098,1098,1098,1098,1098,1098,1098,1098,1098,1098,1098,1098,1098,1098,1098,1098,1098,1098,1098,1098,1098,1098,1098,1098,1108,1108,1108,1108,1108,1108,1108,1108,1108,1108,1108,1108,1108,1108,1108,1108,1108,1108,1108,1108,1108,1108],"gold":487,"neow_bonus":"TEN_PERCENT_HP_BONUS","is_daily":false,"chose_seed":false,"campfire_upgraded":4,"win_rate":0.0,"timestamp":1614412669,"path_taken":["R","M","M","M","M","E","T","?","?","?","M","E","R","?","M","BOSS","R","M","$","M","M","R","T","NM","?","?","E","M","M","E","M","BOSS","R","M","M","$","M","M","T","E","M","M","NM","M","?","E","M","BOSS","E","$","R","BOSS","BOSS"],"items_purchased_type":["Card","Card","Card","Card","Card","Card","Card","Card"],"build_version":"2020-12-22","purchased_purges":27,"victory":true,"max_hp_per_floor":[1098,1098,1098,1098,1098,1098,1098,1098,1098,1098,1098,1098,1098,1098,1098,1098,1098,1098,1098,1098,1098,1098,1098,1098,1098,1098,1098,1098,1098,1098,1098,1098,1098,1098,1108,1108,1108,1108,1108,1108,1108,1108,1108,1108,1108,1108,1108,1108,1108,1108,1108,1108,1108,1108,1108,1108],"card_choices":[{"not_picked":["Do_Nothing","Wear_Disguise"],"picked":"Normal_Punch","floor":2},{"not_picked":["Wear_Disguise","Hop"],"picked":"Slap","floor":3},{"not_picked":["Ignore","Hop"],"picked":"Normal_Punch","floor":4},{"not_picked":["Consecutive_Normal_Punch","Toss_Stone"],"picked":"Do_Nothing","floor":5},{"not_picked":["Slap","Yawn"],"picked":"Oh","floor":6},{"not_picked":["Consecutive_Normal_Punch","Wear_Disguise"],"picked":"Hop","floor":9},{"not_picked":["Normal_Punch","Slap"],"picked":"Hop","floor":10},{"not_picked":["Consecutive_Normal_Punch","Toss_Stone"],"picked":"Wear_Disguise","floor":11},{"not_picked":["Yawn","Normal_Punch"],"picked":"Serious_Side_Hops","floor":12},{"not_picked":["Yawn","Hop"],"picked":"Ignore","floor":15},{"not_picked":["Oh","Terrifying_Presence"],"picked":"Serious_Punch","floor":16},{"not_picked":["Normal_Punch","Hop"],"picked":"Consecutive_Normal_Punch","floor":19},{"not_picked":["Toss_Stone","Slap"],"picked":"Side_Hop+1","floor":20},{"not_picked":["Slap","Side_Hop","Toss_Stone"],"picked":"SKIP","floor":21},{"not_picked":["Yawn","Side_Hop","Get_Hopes_Up"],"picked":"SKIP","floor":22},{"not_picked":["Ignore","Hop","Toss_Stone"],"picked":"SKIP","floor":25},{"not_picked":["Yawn","Do_Nothing","Side_Hop"],"picked":"SKIP","floor":28},{"not_picked":["Normal_Punch+1","Hop","Slap"],"picked":"SKIP","floor":29},{"not_picked":["Do_Nothing","Yawn","Serious_Side_Hops"],"picked":"SKIP","floor":30},{"not_picked":["Ignore","Yawn","Get_Hopes_Up"],"picked":"SKIP","floor":31},{"not_picked":["Yawn","Side_Hop","Ignore"],"picked":"SKIP","floor":32},{"not_picked":["Slap+1","Side_Hop","Yawn"],"picked":"SKIP","floor":36},{"not_picked":["Ignore","Yawn+1","Hop"],"picked":"SKIP","floor":37},{"not_picked":["Consecutive_Normal_Punch+1","Normal_Punch"],"picked":"Ignore+1","floor":39},{"not_picked":["Consecutive_Normal_Punch+1","Wear_Disguise","Hop+1"],"picked":"SKIP","floor":40},{"not_picked":["Normal_Punch","Toss_Stone"],"picked":"Slap+1","floor":42},{"not_picked":["Ignore","Do_Nothing+1","Consecutive_Normal_Punch"],"picked":"SKIP","floor":43},{"not_picked":["Normal_Punch+1","Hop+1","Do_Nothing"],"picked":"SKIP","floor":44},{"not_picked":["Slap","Toss_Stone","Do_Nothing"],"picked":"SKIP","floor":45},{"not_picked":["Yawn+1","Ignore+1","Side_Hop"],"picked":"SKIP","floor":46},{"not_picked":["Ignore+1","Consecutive_Normal_Punch"],"picked":"Slap+1","floor":47},{"not_picked":["Side_Hop","Consecutive_Normal_Punch","Yawn+1"],"picked":"SKIP","floor":48},{"not_picked":["Ignore","Do_Nothing","Toss_Stone"],"picked":"SKIP","floor":49},{"not_picked":["Wear_Disguise","Toss_Stone+1","Normal_Punch"],"picked":"SKIP","floor":52}],"player_experience":735213,"relics_obtained":[{"floor":6,"key":"reliquary:RoseTintedGlasses"},{"floor":7,"key":"hubris:SlimyHat"},{"floor":12,"key":"reliquary:NewFriend"},{"floor":24,"key":"Gremlin Food"},{"floor":25,"key":"Iron Hammer"},{"floor":28,"key":"ReplayFunnel"},{"floor":31,"key":"infinitespire:PuzzleCube"},{"floor":41,"key":"Omamori"},{"floor":45,"key":"Darkstone Periapt"},{"floor":47,"key":"hubris:64BitClover"},{"floor":52,"key":"Quantum Egg"}],"event_choices":[{"damage_healed":0,"gold_gain":0,"player_choice":"Fight","damage_taken":0,"max_hp_gain":0,"max_hp_loss":0,"event_name":"Mysterious Sphere","floor":47,"gold_loss":0}],"is_beta":false,"boss_relics":[{"not_picked":["reliquary:Craggleroot","reliquary:RedCape"],"picked":"infinitespire:Cupcake"},{"not_picked":["Honey Jar","Pandora\u0027s Box","Kintsugi"]}],"items_purged_floors":[20,20,20,20,20,20,20,20,20,20,20,20,20,20,20,20,20,20,20,20,53,53,53,53,53,53,53],"is_endless":false,"potions_floor_spawned":[2,3,11,12,16,21,22,25,30,31,33,36,42,43,44,48,49],"ascension_level":1}}