{"host":"zdopsyh1xdz2b0vp","time":1614455635,"event":{"mods":["BaseMod","Colored Map","Colored Powertips","Minty Spire (QoL Compilation)","StSLib"],"gold_per_floor":[115,115,40,115,134,134,161,173,200,215,233,133,166,184,184,280,280,300,250,250,250],"floor_reached":20,"language":"ENG","playtime":808,"items_purged":["Strike_R","Defend_R"],"score":209,"play_id":"fe56aaab-e70a-457b-9bec-e24b27bfb6c3","local_time":"20210227145355","is_ascension_mode":false,"campfire_choices":[{"data":"Armaments","floor":6.0,"key":"SMITH"},{"floor":15.0,"key":"REST"}],"circlet_count":0,"master_deck":["Strike_R","Strike_R","Strike_R+1","Strike_R+1","Defend_R","Defend_R","Defend_R","Bash","Entrench","Armaments+1","Shrug It Off","Warcry","Inflame","True Grit","Impervious","Flame Barrier"],"relics":["Black Blood","NeowsBlessing","Tiny Chest","Whetstone","Centennial Puzzle"],"acts_visited":["Exordium","TheCity"],"potions_floor_usage":[],"damage_taken":[{"damage":0.0,"enemies":"2 Louse","floor":1.0,"turns":1.0},{"damage":0.0,"enemies":"Cultist","floor":5.0,"turns":1.0},{"damage":0.0,"enemies":"3 Sentries","floor":7.0,"turns":2.0},{"damage":0.0,"enemies":"Jaw Worm","floor":8.0,"turns":4.0},{"damage":12.0,"enemies":"2 Fungi Beasts","floor":10.0,"turns":4.0},{"damage":12.0,"enemies":"Exordium Thugs","floor":11.0,"turns":6.0},{"damage":53.0,"enemies":"Gremlin Nob","floor":13.0,"turns":6.0},{"damage":10.0,"enemies":"Large Slime","floor":14.0,"turns":6.0},{"damage":41.0,"enemies":"Hexaghost","floor":16.0,"turns":15.0},{"damage":79.0,"enemies":"3 Byrds","floor":18.0,"turns":18.0},{"damage":0,"enemies":"Spheric Guardian","floor":20,"turns":1}],"seed_played":"-3313775168848000294","potions_obtained":[{"floor":1.0,"key":"SkillPotion"},{"floor":10.0,"key":"Fire Potion"},{"floor":11.0,"key":"Dexterity Potion"},{"floor":13.0,"key":"Weak Potion"}],"is_trial":false,"path_per_floor":["M","?","$","?","M","R","E","M","T","M","M","$","E","M","R","B",null,"M","?","M"],"character_chosen":"IRONCLAD","items_purchased":[],"campfire_rested":1,"item_purchase_floors":[],"current_hp_per_floor":[80,85,85,74,80,80,85,85,85,79,73,73,26,22,47,12,85,18,18,18,18],"gold":250,"neow_bonus":"THREE_ENEMY_KILL","is_daily":false,"chose_seed":false,"campfire_upgraded":1,"win_rate":0.0,"timestamp":1614455635,"path_taken":["M","?","$","?","M","R","E","M","T","M","M","$","E","M","R","BOSS","M","?","?"],"items_purchased_type":[],"build_version":"2020-12-22","purchased_purges":2,"victory":false,"max_hp_per_floor":[80,85,85,85,85,85,85,85,85,85,85,85,85,85,85,85,85,85,85,85,85],"card_choices":[{"not_picked":["Feel No Pain","Carnage"],"picked":"Entrench","floor":1.0},{"not_picked":["Dark Embrace","Flex"],"picked":"Armaments","floor":5.0},{"not_picked":["Blood for Blood","Dual Wield","Wild Strike"],"picked":"SKIP","floor":7.0},{"not_picked":["Heavy Blade","Sever Soul"],"picked":"Shrug It Off","floor":8.0},{"not_picked":["Flex","Headbutt","Wild Strike"],"picked":"SKIP","floor":10.0},{"not_picked":["Dark Embrace","Second Wind"],"picked":"Warcry","floor":11.0},{"not_picked":["Offering","Shockwave"],"picked":"Inflame","floor":13.0},{"not_picked":["Anger","Reckless Charge"],"picked":"True Grit","floor":14.0},{"not_picked":["Immolate","Offering"],"picked":"Impervious","floor":16.0},{"not_picked":["Thunderclap","Cleave+1"],"picked":"Flame Barrier","floor":18.0}],"player_experience":47779,"relics_obtained":[{"floor":7.0,"key":"Tiny Chest"},{"floor":9.0,"key":"Whetstone"},{"floor":13.0,"key":"Centennial Puzzle"}],"event_choices":[{"damage_healed":0.0,"max_hp_gain":5.0,"max_hp_loss":0.0,"gold_gain":0.0,"event_name":"Big Fish","player_choice":"Donut","floor":2.0,"gold_loss":0.0,"damage_taken":0.0},{"damage_healed":0.0,"max_hp_gain":0.0,"max_hp_loss":0.0,"gold_gain":75.0,"event_name":"World of Goop","player_choice":"Gather Gold","floor":4.0,"gold_loss":0.0,"damage_taken":11.0},{"damage_healed":0.0,"max_hp_gain":0.0,"max_hp_loss":0.0,"gold_gain":0.0,"event_name":"The Joust","player_choice":"Bet on Murderer","floor":19.0,"gold_loss":50.0,"damage_taken":0.0}],"is_beta":false,"boss_relics":[{"not_picked":["Sozu","Astrolabe"],"picked":"Black Blood"}],"items_purged_floors":[3,12],"is_endless":false,"potions_floor_spawned":[1,10,11,13],"killed_by":"Spheric Guardian","ascension_level":0}}