{"host":"x73jdofm2fk9hsud","time":1614450498,"event":{"mods":["BaseMod","Bestiary","Minty Spire (QoL Compilation)","Relic Stats","ojb\u0027s Better Paths Mod","ojb\u0027s Info Mod"],"gold_per_floor":[110,110,158,7,23,23,38,38,38],"floor_reached":8,"language":"ENG","playtime":99,"items_purged":["Strike_B"],"score":92,"play_id":"c40dc190-e42f-4233-8c04-9da14f7f2aed","local_time":"20210227132818","is_ascension_mode":true,"campfire_choices":[{"data":"Darkness","floor":6,"key":"SMITH"}],"circlet_count":0,"master_deck":["AscendersBane","Strike_B","Strike_B","Strike_B","Defend_B","Defend_B","Defend_B","Defend_B","Zap","Dualcast","Darkness+1","White Noise","Hologram"],"relics":["Cracked Core","NeowsBlessing","Happy Flower"],"acts_visited":["Exordium"],"potions_floor_usage":[8],"damage_taken":[{"damage":0,"enemies":"Jaw Worm","floor":1,"turns":1},{"damage":0,"enemies":"Cultist","floor":5,"turns":1},{"damage":0,"enemies":"2 Louse","floor":7,"turns":1},{"damage":71,"enemies":"Gremlin Nob","floor":8,"turns":4}],"seed_played":"-8284215197482759554","potions_obtained":[{"floor":5,"key":"Weak Potion"}],"is_trial":false,"path_per_floor":["M","?","T","$","M","R","M","E"],"character_chosen":"DEFECT","items_purchased":["Darkness"],"campfire_rested":0,"item_purchase_floors":[4],"current_hp_per_floor":[64,69,69,69,69,69,69,0,0],"gold":38,"neow_bonus":"THREE_ENEMY_KILL","is_daily":false,"chose_seed":false,"campfire_upgraded":1,"win_rate":0.0,"timestamp":1614450498,"path_taken":["M","?","?","$","M","R","?","E"],"items_purchased_type":["Card"],"build_version":"2020-12-22","purchased_purges":1,"victory":false,"max_hp_per_floor":[71,76,76,76,76,76,76,76,76],"relic_stats":{"Happy Flower":[2],"counters":[4,7],"obtain_stats":[{"NeowsBlessing":0,"Happy Flower":3,"Cracked Core":0},{"NeowsBlessing":0,"Happy Flower":1,"Cracked Core":0},{"NeowsBlessing":0,"Happy Flower":1,"Cracked Core":0}]},"card_choices":[{"not_picked":["Leap","Scrape","Blizzard"],"picked":"SKIP","floor":1},{"not_picked":["Rebound","Static Discharge"],"picked":"White Noise","floor":5},{"not_picked":["Turbo","Steam Power"],"picked":"Hologram","floor":7}],"player_experience":5447454,"relics_obtained":[{"floor":3,"key":"Happy Flower"}],"event_choices":[{"damage_healed":0,"gold_gain":0,"player_choice":"Donut","damage_taken":0,"max_hp_gain":5,"max_hp_loss":0,"event_name":"Big Fish","floor":2,"gold_loss":0}],"is_beta":false,"boss_relics":[],"items_purged_floors":[4],"is_endless":false,"potions_floor_spawned":[5],"killed_by":"Gremlin Nob","ascension_level":20}}