{"host":"30t73aj4w3oq1hk8","time":1614409066,"event":{"mods":["BaseMod","Colored Map","Colored Powertips","Minty Spire (QoL Compilation)","Random Character Button","StSLib"],"gold_per_floor":[117,132,36,54,129,160,160,178,178,178,188,188,22,49,49,149,149,165,181,181,96,116,116,116],"floor_reached":23,"language":"ENG","playtime":605,"items_purged":["Strike_R"],"score":251,"play_id":"d7e23c8e-ae28-432c-8260-d95749e3f74c","local_time":"20210227015746","is_ascension_mode":true,"campfire_choices":[{"floor":7,"key":"REST"},{"floor":10,"key":"REST"},{"data":"Inflame","floor":15,"key":"SMITH"}],"circlet_count":0,"master_deck":["Strike_R","Strike_R","Strike_R","Strike_R","Defend_R","Defend_R","Defend_R","Defend_R","Bash","Fiend Fire","Iron Wave","Pommel Strike","Fire Breathing","Disarm","Inflame+1","Shrug It Off","Carnage","Berserk","Body Slam+1","Flex","J.A.X.","True Grit"],"relics":["Burning Blood","InkBottle","Meat on the Bone","Blood Vial","Philosopher\u0027s Stone","Regal Pillow"],"acts_visited":["Exordium","TheCity"],"potions_floor_usage":[6,14,16,19,23],"damage_taken":[{"damage":7,"enemies":"Jaw Worm","floor":1,"turns":3},{"damage":6,"enemies":"Cultist","floor":2,"turns":3},{"damage":0,"enemies":"Small Slimes","floor":4,"turns":3},{"damage":31,"enemies":"Lagavulin","floor":6,"turns":5},{"damage":43,"enemies":"Exordium Thugs","floor":8,"turns":5},{"damage":3,"enemies":"Blue Slaver","floor":11,"turns":3},{"damage":28,"enemies":"Gremlin Nob","floor":14,"turns":4},{"damage":72,"enemies":"The Guardian","floor":16,"turns":10},{"damage":5,"enemies":"Chosen","floor":18,"turns":5},{"damage":27,"enemies":"Shell Parasite","floor":19,"turns":4},{"damage":32,"enemies":"Centurion and Healer","floor":22,"turns":6},{"damage":0,"enemies":"Slavers","floor":23,"turns":1}],"seed_played":"-6319814916130817616","potions_obtained":[{"floor":1,"key":"Strength Potion"},{"floor":2,"key":"SkillPotion"},{"floor":6,"key":"SteroidPotion"},{"floor":8,"key":"Energy Potion"},{"floor":18,"key":"AttackPotion"},{"floor":19,"key":"EssenceOfSteel"}],"is_trial":false,"path_per_floor":["M","M","$","M","?","E","R","M","T","R","M","?","$","E","R","B",null,"M","M","?","?","M","E"],"character_chosen":"IRONCLAD","items_purchased":["FairyPotion","Inflame","Shrug It Off"],"campfire_rested":2,"item_purchase_floors":[3,13,13],"current_hp_per_floor":[79,79,79,80,72,47,71,34,34,58,61,61,61,51,51,24,66,69,50,50,50,38,40,40],"gold":116,"neow_bonus":"ONE_RANDOM_RARE_CARD","is_daily":false,"chose_seed":false,"campfire_upgraded":1,"win_rate":0.0,"timestamp":1614409066,"path_taken":["M","M","$","M","?","E","R","?","T","R","M","?","?","E","R","BOSS","M","M","?","?","M","E"],"items_purchased_type":["Potion","Card","Card"],"build_version":"2020-12-22","purchased_purges":1,"victory":false,"max_hp_per_floor":[80,80,80,80,80,80,80,80,80,80,80,80,80,80,80,80,80,80,80,80,80,80,80,80],"card_choices":[{"not_picked":["Rupture","Whirlwind"],"picked":"Iron Wave","floor":1},{"not_picked":["Havoc","Warcry","Feel No Pain"],"picked":"SKIP","floor":2},{"not_picked":["Sword Boomerang","Clash"],"picked":"Pommel Strike","floor":4},{"not_picked":["Havoc","Dropkick","Sentinel"],"picked":"SKIP","floor":6},{"not_picked":["Pummel","Rampage"],"picked":"Fire Breathing","floor":8},{"not_picked":["Thunderclap","Flame Barrier"],"picked":"Disarm","floor":11},{"not_picked":["Dual Wield","Fire Breathing"],"picked":"Carnage","floor":14},{"not_picked":["Barricade","Limit Break"],"picked":"Berserk","floor":16},{"not_picked":["Clash+1","True Grit"],"picked":"Body Slam+1","floor":18},{"not_picked":["Dropkick+1","True Grit+1"],"picked":"Flex","floor":19},{"not_picked":["Cleave","Dark Embrace+1"],"picked":"True Grit","floor":22}],"player_experience":754943,"relics_obtained":[{"floor":6,"key":"InkBottle"},{"floor":9,"key":"Meat on the Bone"},{"floor":14,"key":"Blood Vial"}],"event_choices":[{"damage_healed":0,"gold_gain":75,"player_choice":"Touch","damage_taken":8,"max_hp_gain":0,"max_hp_loss":0,"event_name":"FaceTrader","floor":5,"gold_loss":0},{"damage_healed":0,"gold_gain":0,"player_choice":"Bought 0 Potions","damage_taken":0,"max_hp_gain":0,"max_hp_loss":0,"event_name":"The Woman in Blue","floor":12,"gold_loss":0},{"damage_healed":0,"gold_gain":0,"player_choice":"Obtain J.A.X.","damage_taken":0,"max_hp_gain":0,"max_hp_loss":0,"event_name":"Drug Dealer","floor":20,"gold_loss":0,"cards_obtained":["J.A.X."]},{"damage_healed":0,"gold_gain":0,"player_choice":"Obtained Relic","damage_taken":0,"relics_obtained":["Regal Pillow"],"max_hp_gain":0,"max_hp_loss":0,"event_name":"Addict","floor":21,"gold_loss":85}],"is_beta":false,"boss_relics":[{"not_picked":["SacredBark","Black Star"],"picked":"Philosopher\u0027s Stone"}],"items_purged_floors":[13],"is_endless":false,"potions_floor_spawned":[1,2,6,8,18,19],"killed_by":"Slavers","ascension_level":5}}