{"host":"liu","time":1614420773,"event":{"mods":["100% Spire Juice","ATMod(°¢èªMod)","Act Like it!","Arknights","BaseMod","KinomotoSakuraMod(Ä¾Ö®±¾Ó£)","Lobotomy","Marisa£¨ìFÓê¡¡Ä§ÀíÉ³£©","Minty Spire (QoL Compilation)","Reimu£¨²©ÀöÁéÃÎ£©","Remilia£¨ÀÙÃ×ÀòÑÇ£©","StSLib","TestMod","The Construct","The Senshi","Youmu£¨»êÆÇÑýÃÎ£©","¡¾ÒÅÎï¿¨ÅÆ¡¿REMEMod"],"gold_per_floor":[111,111,131,56,66,93,126,161,161,196,196,228,257,291,291,395,445,462,67,67,67,67,102,102,135,135,169,195,208,83,116,116,217,217,236,6,6,34,80,106,138,166,166,191,191,16,41,76,76,177,177,177],"floor_reached":51,"language":"ZHS","playtime":1605,"items_purged":["Defend_R","Strike_R","Shame","Perfected Strike+1","Pain"],"score":1752,"play_id":"ac2ed69f-5dc7-454d-ba2d-fbf22ffffc02","local_time":"20210227181253","daily_mods":["Flight","DeadlyEvents","Elite Swarm"],"is_ascension_mode":false,"campfire_choices":[{"data":"AT_EssenceShift","floor":11,"key":"SMITH"},{"data":"Bash","floor":15,"key":"SMITH"},{"data":"Barricade","floor":24,"key":"SMITH"},{"data":"REME_TheLastStrike","floor":32,"key":"SMITH"},{"data":"Burning Pact","floor":45,"key":"SMITH"},{"data":"REME_TheLastStrike","floor":49,"key":"SMITH"}],"circlet_count":0,"master_deck":["Bash+1","AT_EssenceShift+1","Rage","Offering","REME_ACTH","Barricade+1","REME_ACTH","REME_ACTH","Offering","REME_TheLastStrike+1","AT_ShrugMaster","REME_TheLastStrike+1","Fiend Fire","Armaments+1","REME_Cut+1","Burning Pact+1","Impervious","REME_TheLastStrike+1","Exhume","Ghostly Armor","Corruption","Juggernaut","Thunderclap","AT_DrawKnifeCut","Flex","Seeing Red"],"relics":["Burning Blood","AT_ATBox","testmod-TestBox","REME_ComplimentaryCards","testmod-HeartOfStrike","Regal Pillow","Shuriken","Ornamental Fan","theSenshi:SailorFukuRelic","Orichalcum","Strawberry","REME_PuzzleBoxRelic","testmod-CrystalShield","Tiny House","REME_CardOfGreed","Pen Nib","testmod-ArcanaOfDestiny","Oddly Smooth Stone","testmod-IndustrialRevolution","AT_BellowingDragoncrestRing","Blue Candle","Ancient Tea Set","testmod-BouquetWithThorns","testmod-CyclicPeriapt","Busted Crown","WarpedTongs","Bottled Flame","Mango","Bronze Scales","testmod-ConstraintPeriapt","Whetstone","Mercury Hourglass","Red Skull","Bag of Marbles","theSenshi:FeatherClipsRelic","Pandora\u0027s Box"],"acts_visited":["Exordium","TheCity","TheBeyond","Exordium"],"potions_floor_usage":[8],"damage_taken":[{"damage":0,"enemies":"2 Louse","floor":1,"turns":1},{"damage":0,"enemies":"Cultist","floor":3,"turns":2},{"damage":0,"enemies":"Small Slimes","floor":5,"turns":3},{"damage":19,"enemies":"3 Sentries","floor":6,"turns":7},{"damage":12,"enemies":"Gremlin Nob","floor":7,"turns":3},{"damage":6,"enemies":"Lagavulin","floor":8,"turns":2},{"damage":6,"enemies":"Gremlin Nob","floor":10,"turns":3},{"damage":6,"enemies":"Lagavulin","floor":12,"turns":4},{"damage":19,"enemies":"Gremlin Nob","floor":13,"turns":4},{"damage":6,"enemies":"Lagavulin","floor":14,"turns":4},{"damage":6,"enemies":"Slime Boss","floor":16,"turns":4},{"damage":6,"enemies":"Shell Parasite","floor":18,"turns":1},{"damage":6,"enemies":"REME_1_Revenger","floor":23,"turns":1},{"damage":14,"enemies":"Book of Stabbing","floor":25,"turns":4},{"damage":6,"enemies":"REME_1_Revenger","floor":27,"turns":1},{"damage":7,"enemies":"Book of Stabbing","floor":28,"turns":1},{"damage":0,"enemies":"Chosen","floor":29,"turns":1},{"damage":18,"enemies":"Gremlin Leader","floor":31,"turns":2},{"damage":6,"enemies":"Automaton","floor":33,"turns":2},{"damage":6,"enemies":"3 Shapes","floor":35,"turns":1},{"damage":6,"enemies":"Reptomancer","floor":38,"turns":1},{"damage":6,"enemies":"Nemesis","floor":39,"turns":1},{"damage":37,"enemies":"Reptomancer","floor":40,"turns":3},{"damage":9,"enemies":"Giant Head","floor":41,"turns":2},{"damage":0,"enemies":"Nemesis","floor":42,"turns":1},{"damage":23,"enemies":"Giant Head","floor":44,"turns":4},{"damage":11,"enemies":"Reptomancer","floor":47,"turns":2},{"damage":6,"enemies":"Giant Head","floor":48,"turns":1},{"damage":12,"enemies":"Time Eater","floor":50,"turns":3}],"seed_played":"-7022920004884797608","potions_obtained":[{"floor":5,"key":"Swift Potion"},{"floor":8,"key":"FearPotion"},{"floor":13,"key":"HeartOfIron"},{"floor":16,"key":"FearPotion"}],"is_trial":true,"path_per_floor":["M","?","M","$","M","E","E","E","T","E","R","E","E","E","R","B",null,"M","$","?","?","T","E","R","E","T","E","E","M","$","E","R","B",null,"M","$","?","E","E","E","E","E","T","E","R","$","E","E","R","B",null],"character_chosen":"IRONCLAD","items_purchased":["REME_CardOfGreed","Pen Nib","Burning Pact"],"campfire_rested":0,"item_purchase_floors":[19,19,36],"current_hp_per_floor":[80,80,80,80,80,67,61,61,61,61,61,68,55,55,55,55,92,92,92,92,92,92,92,92,84,84,84,83,89,89,77,77,77,92,92,92,92,92,106,75,72,78,78,61,61,61,56,56,56,57,106,106],"gold":177,"neow_bonus":"","is_daily":false,"chose_seed":false,"campfire_upgraded":6,"win_rate":0.0,"timestamp":1614420773,"path_taken":["M","?","M","$","M","E","E","E","T","E","R","E","E","?","R","BOSS","M","$","?","?","?","E","R","E","T","E","E","M","$","E","R","BOSS","M","$","?","?","?","E","E","E","T","E","R","$","E","E","R","BOSS"],"items_purchased_type":["Relic","Relic","Card"],"build_version":"2020-12-18","purchased_purges":5,"victory":false,"max_hp_per_floor":[80,80,80,80,80,80,80,80,80,80,80,87,87,87,87,87,92,92,92,92,92,92,92,92,92,92,92,92,92,92,92,92,92,92,92,92,92,92,106,106,106,106,106,106,106,106,106,106,106,106,106,106],"card_choices":[{"not_picked":["Hemokinesis","Cleave","Heavy Blade"],"picked":"SKIP","floor":1},{"not_picked":["Warcry","Clash"],"picked":"Rage","floor":3},{"not_picked":["Thunderclap","AT_IchimonjiDouble","AT_BodySlamDance"],"picked":"SKIP","floor":5},{"not_picked":["Juggernaut","Berserk"],"picked":"Offering","floor":6},{"not_picked":["Brutality","Limit Break"],"picked":"REME_ACTH","floor":7},{"not_picked":["Impervious","Demon Form"],"picked":"Barricade","floor":8},{"not_picked":["Double Tap","Corruption"],"picked":"REME_ACTH","floor":10},{"not_picked":["Demon Form","Double Tap"],"picked":"REME_ACTH","floor":12},{"not_picked":["Barricade","Fiend Fire","Brutality"],"picked":"SKIP","floor":13},{"not_picked":["Immolate","Bludgeon","Demon Form"],"picked":"SKIP","floor":14},{"not_picked":["Bludgeon","Reaper"],"picked":"REME_TheLastStrike","floor":16},{"not_picked":["AT_IchimonjiDouble","Ghostly Armor"],"picked":"AT_ShrugMaster","floor":17},{"not_picked":["Entrench","Pummel"],"picked":"Perfected Strike+1","floor":18},{"not_picked":["Reaper","Limit Break"],"picked":"REME_TheLastStrike","floor":23},{"not_picked":["Corruption","Limit Break"],"picked":"Fiend Fire","floor":25},{"not_picked":["Double Tap","Feed","Barricade"],"picked":"SKIP","floor":27},{"not_picked":["Reaper","REME_ACTH","AT_Dispersion"],"picked":"SKIP","floor":28},{"not_picked":["Reaper","REME_ACTH","AT_Dispersion"],"picked":"SKIP","floor":28},{"not_picked":["Disarm","True Grit"],"picked":"Armaments+1","floor":29},{"not_picked":["Corruption","Double Tap","Fiend Fire"],"picked":"SKIP","floor":31},{"not_picked":[],"picked":"REME_Cut+1","floor":35},{"not_picked":[],"picked":"Impervious","floor":38},{"not_picked":["Limit Break"],"picked":"SKIP","floor":39},{"not_picked":[],"picked":"REME_TheLastStrike","floor":40},{"not_picked":["Berserk"],"picked":"SKIP","floor":41},{"not_picked":["Barricade"],"picked":"SKIP","floor":42},{"not_picked":["Immolate"],"picked":"SKIP","floor":44},{"not_picked":["Juggernaut"],"picked":"SKIP","floor":47},{"not_picked":[],"picked":"Exhume","floor":48}],"player_experience":429165,"relics_obtained":[{"floor":6,"key":"Regal Pillow"},{"floor":7,"key":"Shuriken"},{"floor":8,"key":"Ornamental Fan"},{"floor":9,"key":"theSenshi:SailorFukuRelic"},{"floor":10,"key":"Orichalcum"},{"floor":12,"key":"Strawberry"},{"floor":13,"key":"REME_PuzzleBoxRelic"},{"floor":14,"key":"testmod-CrystalShield"},{"floor":22,"key":"Oddly Smooth Stone"},{"floor":23,"key":"testmod-IndustrialRevolution"},{"floor":25,"key":"AT_BellowingDragoncrestRing"},{"floor":26,"key":"Blue Candle"},{"floor":27,"key":"Ancient Tea Set"},{"floor":28,"key":"testmod-BouquetWithThorns"},{"floor":31,"key":"testmod-CyclicPeriapt"},{"floor":38,"key":"Bottled Flame"},{"floor":39,"key":"Mango"},{"floor":40,"key":"Bronze Scales"},{"floor":41,"key":"testmod-ConstraintPeriapt"},{"floor":42,"key":"Whetstone"},{"floor":43,"key":"Mercury Hourglass"},{"floor":44,"key":"Red Skull"},{"floor":47,"key":"Bag of Marbles"},{"floor":48,"key":"theSenshi:FeatherClipsRelic"}],"event_choices":[{"damage_healed":0,"gold_gain":0,"player_choice":"Ignored","damage_taken":0,"max_hp_gain":0,"max_hp_loss":0,"event_name":"NoteForYourself","floor":2,"gold_loss":0},{"damage_healed":0,"gold_gain":0,"player_choice":"Stole Relic","damage_taken":0,"relics_obtained":["testmod-ArcanaOfDestiny"],"max_hp_gain":0,"max_hp_loss":0,"event_name":"Addict","floor":20,"gold_loss":0,"cards_obtained":["Shame"]},{"damage_healed":0,"gold_gain":0,"player_choice":"Ignored","damage_taken":0,"max_hp_gain":0,"max_hp_loss":0,"event_name":"¸ø×Ô¼ºµÄºÐ×Ó","floor":21,"gold_loss":0},{"damage_healed":0,"gold_gain":0,"player_choice":"Rummage","damage_taken":0,"relics_obtained":["WarpedTongs"],"max_hp_gain":0,"max_hp_loss":0,"event_name":"Accursed Blacksmith","floor":37,"gold_loss":0,"cards_obtained":["Pain"]}],"is_beta":true,"boss_relics":[{"not_picked":["Astrolabe","testmod-GoldenSoul"],"picked":"Tiny House"},{"not_picked":["testmod-EnergyCheck","Coffee Dripper"],"picked":"Busted Crown"},{"not_picked":["Empty Cage","testmod-Fanaticism"],"picked":"Pandora\u0027s Box"}],"items_purged_floors":[4,19,30,36,46],"is_endless":true,"potions_floor_spawned":[5,8,13,16,28,29,31,38,40,42,44,48,50],"ascension_level":0}}