{"host":"syn2s104037ynsrp","time":1614458163,"event":{"mods":["2.2 Compatiblity","BaseMod","Downfall","Hermit","Minty Spire (QoL Compilation)","StSLib","The Marked"],"gold_per_floor":[99,117,133,153,153,163,163,192,212,212,237,237,265,277,290,290,290,290],"floor_reached":16,"language":"ENG","playtime":1559,"items_purged":[],"score":124,"play_id":"1889e8e8-49ef-4e57-96ff-4611cda1d790","local_time":"20210227153603","is_ascension_mode":false,"campfire_choices":[{"data":"bronze:Goto","floor":1,"key":"SMITH"},{"data":"bronze:BronzeOrb","floor":10,"key":"SMITH"}],"circlet_count":0,"master_deck":["bronze:Strike","bronze:Strike","bronze:Strike","bronze:Strike","bronze:Defend","bronze:Defend+1","bronze:Defend+1","bronze:Replicate","bronze:Goto+1","bronze:Branch","bronze:Flail","bronze:BronzeOrb+1","bronze:ForceShield","bronze:Overload+1","bronze:ChosenStrike","bronze:DazingPulse","bronze:WhirlingStrike","bronze:MaxOutput","bronze:ShipIt","bronze:Invalidate+1"],"relics":["bronze:BronzeCore","Toxic Egg 2","Turnip","War Paint","Guardian:PocketSentry"],"acts_visited":["Exordium"],"potions_floor_usage":[8,9,16],"damage_taken":[{"damage":0,"enemies":"2 Louse","floor":2,"turns":2},{"damage":1,"enemies":"Cultist","floor":3,"turns":3},{"damage":8,"enemies":"Jaw Worm","floor":4,"turns":3},{"damage":0,"enemies":"3 Louse","floor":6,"turns":1},{"damage":10,"enemies":"Lagavulin","floor":8,"turns":5},{"damage":7,"enemies":"Exordium Thugs","floor":9,"turns":2},{"damage":15,"enemies":"Gremlin Nob","floor":11,"turns":4},{"damage":0,"enemies":"Gremlin Nob","floor":12,"turns":2},{"damage":14,"enemies":"3 Sentries","floor":13,"turns":6},{"damage":0,"enemies":"downfall:LooterAlt","floor":14,"turns":2},{"damage":0,"enemies":"3 Louse","floor":15,"turns":2},{"damage":27,"enemies":"DF_ARCHETYPE_STREAMLINE","floor":16,"turns":3}],"seed_played":"6403140774404656925","potions_obtained":[{"floor":2,"key":"LiquidBronze"},{"floor":3,"key":"FairyPotion"},{"floor":4,"key":"sneckomod:MuddlingPotion"},{"floor":6,"key":"champ:CounterPotion"},{"floor":13,"key":"bronze:FreeFunctionsPotion"},{"floor":14,"key":"AttackPotion"},{"floor":15,"key":"SpeedPotion"}],"is_trial":false,"path_per_floor":["R","M","M","M","?","M","T","E","M","R","E","?","E","M","M","B"],"character_chosen":"THE_AUTOMATON","items_purchased":[],"campfire_rested":0,"item_purchase_floors":[],"current_hp_per_floor":[77,77,76,68,68,68,68,58,51,51,36,36,22,22,22,0,0,0],"gold":290,"neow_bonus":"TEN_PERCENT_HP_BONUS","is_daily":false,"chose_seed":false,"campfire_upgraded":2,"win_rate":0.0,"timestamp":1614458163,"path_taken":["R","M","M","M","?","?","T","E","M","R","E","?","E","M","M","BOSS"],"items_purchased_type":[],"build_version":"2020-12-22","purchased_purges":0,"victory":false,"max_hp_per_floor":[77,77,77,77,77,77,77,77,77,77,77,77,77,77,77,77,77,77],"card_choices":[{"not_picked":["bronze:Repulsor","bronze:Return"],"picked":"bronze:Branch","floor":2},{"not_picked":["bronze:BuggyMess","bronze:Frontload"],"picked":"bronze:Flail","floor":3},{"not_picked":["bronze:ForceShield","bronze:Philosophize"],"picked":"bronze:BronzeOrb","floor":4},{"not_picked":["bronze:ForLoop","bronze:Safeguard","bronze:Deprecate"],"picked":"SKIP","floor":6},{"not_picked":["bronze:BuggyMess+1","bronze:AlphaBuild"],"picked":"bronze:Overload+1","floor":8},{"not_picked":["bronze:Iterate","bronze:FineTuning+1"],"picked":"bronze:ChosenStrike","floor":9},{"not_picked":["bronze:Frontload+1","bronze:Overheat","bronze:Shield+1"],"picked":"SKIP","floor":11},{"not_picked":[],"picked":"bronze:DazingPulse","floor":12},{"not_picked":["bronze:BitShift+1","bronze:DigitalCarnage"],"picked":"bronze:WhirlingStrike","floor":12},{"not_picked":["bronze:NullPointer","bronze:ForLoop+1"],"picked":"bronze:MaxOutput","floor":13},{"not_picked":["bronze:Fortify","bronze:BugBarrage"],"picked":"bronze:ShipIt","floor":14},{"not_picked":["bronze:Shield+1","bronze:OilSpill"],"picked":"bronze:Invalidate+1","floor":15}],"player_experience":631034,"relics_obtained":[{"floor":7,"key":"Toxic Egg 2"},{"floor":8,"key":"Turnip"},{"floor":11,"key":"War Paint"},{"floor":13,"key":"Guardian:PocketSentry"}],"event_choices":[],"is_beta":false,"boss_relics":[],"items_purged_floors":[],"is_endless":false,"potions_floor_spawned":[2,3,4,6,13,14,15],"killed_by":"DF_ARCHETYPE_STREAMLINE","ascension_level":0}}