{"host":"fbdlh90rovbiajun","time":1614446580,"event":{"mods":["AchievementEnabler","BaseMod","Colored Map","Keyboard Shortcuts","Minty Spire (QoL Compilation)","SuperFastMode"],"gold_per_floor":[109,109,127,127,52,91,91,135,159,159,159],"floor_reached":10,"language":"KOR","playtime":120,"items_purged":["Strike_P"],"score":149,"play_id":"bc13af85-2bcb-415d-bc60-489f0de4ba47","local_time":"20210228022300","is_ascension_mode":true,"campfire_choices":[{"data":"Eruption","floor":7,"key":"SMITH"}],"circlet_count":0,"master_deck":["AscendersBane","Strike_P","Strike_P","Strike_P","Defend_P","Defend_P","Defend_P","Eruption+1","Vigilance","Scrawl"],"relics":["PureWater","NeowsBlessing","Golden Idol","Vajra","Blue Candle","Nunchaku"],"acts_visited":["Exordium"],"potions_floor_usage":[8,10],"damage_taken":[{"damage":0,"enemies":"Small Slimes","floor":1,"turns":1},{"damage":0,"enemies":"2 Louse","floor":3,"turns":2},{"damage":0,"enemies":"Gremlin Nob","floor":6,"turns":1},{"damage":30,"enemies":"Lagavulin","floor":8,"turns":5},{"damage":12,"enemies":"3 Sentries","floor":10,"turns":2}],"seed_played":"201113906314620248","potions_obtained":[{"floor":6,"key":"AttackPotion"},{"floor":8,"key":"StancePotion"}],"is_trial":false,"path_per_floor":["M","?","M","?","$","E","R","E","T","E"],"character_chosen":"WATCHER","items_purchased":[],"campfire_rested":0,"item_purchase_floors":[],"current_hp_per_floor":[65,47,47,40,40,40,40,10,10,0,0],"gold":159,"neow_bonus":"THREE_ENEMY_KILL","is_daily":false,"chose_seed":false,"campfire_upgraded":1,"win_rate":0.0,"timestamp":1614446580,"path_taken":["M","?","M","?","?","E","R","E","T","E"],"items_purchased_type":[],"build_version":"2020-12-22","purchased_purges":1,"victory":false,"max_hp_per_floor":[72,72,72,72,72,72,72,72,72,72,72],"card_choices":[{"not_picked":["JustLucky","WaveOfTheHand","LikeWater"],"picked":"SKIP","floor":1},{"not_picked":["ThirdEye","ClearTheMind","Fasting2"],"picked":"SKIP","floor":3},{"not_picked":["EmptyFist","Wireheading","Worship"],"picked":"SKIP","floor":6},{"not_picked":["FlurryOfBlows","Indignation"],"picked":"Scrawl","floor":8}],"player_experience":148817,"relics_obtained":[{"floor":6,"key":"Vajra"},{"floor":8,"key":"Blue Candle"},{"floor":9,"key":"Nunchaku"}],"event_choices":[{"damage_healed":0,"gold_gain":0,"player_choice":"Take Damage","damage_taken":18,"relics_obtained":["Golden Idol"],"max_hp_gain":0,"max_hp_loss":0,"event_name":"Golden Idol","floor":2,"gold_loss":0},{"cards_removed":["Defend_P"],"damage_healed":0,"gold_gain":0,"player_choice":"Card Removal","damage_taken":7,"max_hp_gain":0,"max_hp_loss":0,"event_name":"Golden Wing","floor":4,"gold_loss":0}],"is_beta":false,"boss_relics":[],"items_purged_floors":[5],"is_endless":false,"potions_floor_spawned":[6,8],"killed_by":"3 Sentries","ascension_level":10}}