{"host":"vhu12qr9yy4p5pn7","time":1614435095,"event":{"mods":["BaseMod","Challenge The Spire","Minty Spire (QoL Compilation)","Permanent Neow","Quick Restart","Reliquary","Spicy Shops","StSLib","óô»ðÖ¸ÄÏ"],"gold_per_floor":[115,131,146,146,166,166,191,191,243,254,266,278,293,309,47,47,47],"floor_reached":16,"language":"ZHS","playtime":805,"items_purged":[],"score":279,"play_id":"a4f8affe-09fc-418d-b1af-293f4ea6e4e0","local_time":"20210227221135","daily_mods":["Specialized","Diverse","Heirloom","DeadlyEvents","challengethespire:Platinum Difficulty"],"is_ascension_mode":true,"campfire_choices":[{"data":"Eruption","floor":6.0,"key":"SMITH"},{"data":"Self Repair","floor":8,"key":"SMITH"}],"circlet_count":0,"master_deck":["Strike_P","Strike_P","Strike_P","Defend_P","Defend_P","Defend_P","Defend_P","Eruption+1","Vigilance","Die Die Die","Die Die Die","Die Die Die","Die Die Die","Die Die Die","Self Repair+1"],"relics":["PureWater","Prayer Wheel","Singing Bowl","Vajra","Toxic Egg 2"],"acts_visited":["Exordium"],"potions_floor_usage":[16],"damage_taken":[{"damage":0.0,"enemies":"2 Louse","floor":1.0,"turns":1.0},{"damage":7.0,"enemies":"Jaw Worm","floor":2.0,"turns":2.0},{"damage":0.0,"enemies":"Cultist","floor":3.0,"turns":1.0},{"damage":0.0,"enemies":"Exordium Wildlife","floor":5.0,"turns":1.0},{"damage":10.0,"enemies":"3 Sentries","floor":7.0,"turns":2.0},{"damage":6,"enemies":"Looter","floor":10,"turns":2},{"damage":7,"enemies":"Large Slime","floor":11,"turns":3},{"damage":0,"enemies":"Exordium Thugs","floor":12,"turns":1},{"damage":16,"enemies":"Blue Slaver","floor":13,"turns":2},{"damage":7,"enemies":"Looter","floor":14,"turns":3},{"damage":64,"enemies":"Hexaghost","floor":16,"turns":9}],"seed_played":"8835594507555941148","potions_obtained":[{"floor":10,"key":"Strength Potion"},{"floor":13,"key":"SpeedPotion"},{"floor":14,"key":"Energy Potion"}],"is_trial":true,"path_per_floor":["M","M","M","?","M","R","E","R","T","M","M","M","M","M","R","B"],"character_chosen":"WATCHER","items_purchased":["Toxic Egg 2"],"campfire_rested":0,"item_purchase_floors":[15],"current_hp_per_floor":[65,58,58,58,58,58,48,48,48,46,53,57,55,62,62,0,0],"gold":47,"neow_bonus":"","is_daily":false,"chose_seed":false,"campfire_upgraded":2,"win_rate":0.0,"timestamp":1614435095,"path_taken":["M","M","M","?","M","R","E","R","T","M","?","?","M","M","R","BOSS"],"items_purchased_type":["Relic"],"build_version":"2020-11-29","purchased_purges":0,"victory":false,"max_hp_per_floor":[72,72,72,72,72,72,72,72,72,76,80,84,88,92,92,92,92],"card_choices":[{"not_picked":["Leap","Deadly Poison","Barrage"],"picked":"SKIP","floor":1.0},{"not_picked":["PathToVictory","Accuracy","Uppercut"],"picked":"SKIP","floor":1.0},{"not_picked":["True Grit","Swivel","Protect"],"picked":"SKIP","floor":2.0},{"not_picked":["Hemokinesis","FlyingSleeves","BattleHymn"],"picked":"SKIP","floor":2.0},{"not_picked":["Deflect","EmptyBody","Collect"],"picked":"SKIP","floor":3.0},{"not_picked":["BowlingBash","Disarm","Noxious Fumes"],"picked":"SKIP","floor":3.0},{"not_picked":["Dodge and Roll","Poisoned Stab","Steam"],"picked":"SKIP","floor":5.0},{"not_picked":["Caltrops","Pummel","SashWhip"],"picked":"SKIP","floor":5.0},{"not_picked":["Spot Weakness","Perfected Strike"],"picked":"Self Repair","floor":7.0},{"not_picked":["Vengeance","Clothesline","Blade Dance"],"picked":"Singing Bowl","floor":10},{"not_picked":["CutThroughFate","Tempest","FlurryOfBlows"],"picked":"Singing Bowl","floor":10},{"not_picked":["SpiritShield","Dark Embrace","Crescendo"],"picked":"Singing Bowl","floor":11},{"not_picked":["Cloak And Dagger","SandsOfTime","FollowUp"],"picked":"Singing Bowl","floor":11},{"not_picked":["Adaptation","FollowUp","Flex"],"picked":"Singing Bowl","floor":12},{"not_picked":["CrushJoints","Go for the Eyes","Sucker Punch"],"picked":"Singing Bowl","floor":12},{"not_picked":["Scrawl","WaveOfTheHand","Perfected Strike"],"picked":"Singing Bowl","floor":13},{"not_picked":["CutThroughFate","WaveOfTheHand","BowlingBash"],"picked":"Singing Bowl","floor":13},{"not_picked":["Deadly Poison","Chill","Hologram"],"picked":"Singing Bowl","floor":14},{"not_picked":["Poisoned Stab","Power Through","Anger"],"picked":"Singing Bowl","floor":14}],"player_experience":121988,"relics_obtained":[{"floor":7.0,"key":"Singing Bowl"},{"floor":9,"key":"Vajra"}],"event_choices":[{"cards_removed":["Strike_P"],"damage_healed":0.0,"max_hp_gain":0.0,"max_hp_loss":0.0,"gold_gain":0.0,"event_name":"Living Wall","player_choice":"Forget","floor":4.0,"gold_loss":0.0,"damage_taken":0.0}],"is_beta":false,"boss_relics":[],"items_purged_floors":[],"is_endless":true,"potions_floor_spawned":[10,13,14],"killed_by":"Hexaghost","ascension_level":9}}