{"host":"et0ypqa1uh5c1j5j","time":1614431830,"event":{"mods":["BaseMod","Colored Map","Colored Powertips","Minty Spire (QoL Compilation)","Relic Stats","StSLib"],"gold_per_floor":[144,189,189,234,234,324,324,369,394,484,502,556,127,172,172,490,490,544,598,598,652,652,751,805,850,850,904,1003,1003,477,531,531,849,849,903,957,106,106,160,250,304,454,454,508,553,652,706,751,751,760],"floor_reached":51,"language":"ENG","playtime":3799,"items_purged":["Writhe","Strike_B+1","Pain"],"score":967,"play_id":"18f412d0-232e-4bd0-8827-11533fce4633","local_time":"20210227131710","daily_mods":["Cursed Run","Diverse","Midas"],"is_ascension_mode":false,"campfire_choices":[{"floor":7,"key":"REST"},{"floor":15,"key":"REST"},{"floor":29,"key":"REST"},{"floor":32,"key":"REST"},{"floor":49,"key":"REST"}],"circlet_count":0,"master_deck":["Strike_B+1","Strike_B+1","Defend_B+1","Defend_B+1","Defend_B+1","Defend_B+1","Zap","Dualcast","Slice+1","Glacier","Backflip","Skewer","Footwork","Disarm","Force Field","Dark Shackles","Blade Dance","Barricade","Gash","Decay","Immolate","Aggregate","Headbutt","Wallop","ThirdEye+1","Steam Power","Genetic Algorithm","FlyingSleeves","Loop","Terror","Adrenaline","Whirlwind+1","Fasting2+1","Apotheosis","Blade Dance+1","ThirdEye+1","Omniscience","Hologram+1","Self Repair","Clumsy"],"relics":["Cursed Key","Darkstone Periapt","Du-Vu Doll","Matryoshka","Blood Vial","CeramicFish","Ancient Tea Set","Shuriken","Runic Dome","Nilry\u0027s Codex","StrikeDummy","Sundial","Pantograph","DataDisk","Runic Pyramid","HornCleat","ClockworkSouvenir","Regal Pillow","Lizard Tail","TungstenRod","Anchor"],"acts_visited":["Exordium","TheCity","TheBeyond"],"potions_floor_usage":[6,23,24,28,33,44,46,50],"damage_taken":[{"damage":0,"enemies":"Small Slimes","floor":1,"turns":4},{"damage":0,"enemies":"Cultist","floor":2,"turns":3},{"damage":0,"enemies":"2 Louse","floor":4,"turns":3},{"damage":0,"enemies":"3 Sentries","floor":6,"turns":6},{"damage":3,"enemies":"Large Slime","floor":8,"turns":5},{"damage":14,"enemies":"Gremlin Nob","floor":10,"turns":4},{"damage":17,"enemies":"Exordium Thugs","floor":12,"turns":5},{"damage":0,"enemies":"Looter","floor":14,"turns":4},{"damage":0,"enemies":"The Guardian","floor":16,"turns":13},{"damage":0,"enemies":"Spheric Guardian","floor":18,"turns":5},{"damage":16,"enemies":"Shell Parasite","floor":19,"turns":6},{"damage":14,"enemies":"Centurion and Healer","floor":21,"turns":8},{"damage":12,"enemies":"Book of Stabbing","floor":23,"turns":6},{"damage":12,"enemies":"3 Cultists","floor":24,"turns":4},{"damage":0,"enemies":"Shelled Parasite and Fungi","floor":25,"turns":6},{"damage":0,"enemies":"Snake Plant","floor":27,"turns":8},{"damage":28,"enemies":"Gremlin Leader","floor":28,"turns":6},{"damage":5,"enemies":"Centurion and Healer","floor":31,"turns":6},{"damage":52,"enemies":"Collector","floor":33,"turns":10},{"damage":21,"enemies":"3 Darklings","floor":35,"turns":4},{"damage":14,"enemies":"3 Shapes","floor":36,"turns":5},{"damage":12,"enemies":"3 Darklings","floor":39,"turns":4},{"damage":0,"enemies":"Reptomancer","floor":40,"turns":5},{"damage":0,"enemies":"Sphere and 2 Shapes","floor":41,"turns":6},{"damage":0,"enemies":"Mind Bloom Boss Battle","floor":42,"turns":4},{"damage":1,"enemies":"Transient","floor":44,"turns":5},{"damage":0,"enemies":"Spire Growth","floor":45,"turns":4},{"damage":5,"enemies":"Nemesis","floor":46,"turns":7},{"damage":5,"enemies":"Sphere and 2 Shapes","floor":47,"turns":7},{"damage":0,"enemies":"3 Darklings","floor":48,"turns":4},{"damage":0,"enemies":"Awakened One","floor":50,"turns":11}],"seed_played":"-2463471341485849212","potions_obtained":[{"floor":1,"key":"BlessingOfTheForge"},{"floor":4,"key":"LiquidBronze"},{"floor":6,"key":"SpeedPotion"},{"floor":16,"key":"Fire Potion"},{"floor":25,"key":"Ancient Potion"},{"floor":27,"key":"EssenceOfDarkness"},{"floor":28,"key":"Fire Potion"},{"floor":31,"key":"PowerPotion"},{"floor":36,"key":"Swift Potion"},{"floor":39,"key":"AttackPotion"},{"floor":44,"key":"Block Potion"},{"floor":46,"key":"SpeedPotion"}],"is_trial":false,"path_per_floor":["M","M","?","M","?","E","R","M","T","E","?","M","$","M","R","B",null,"M","M","?","M","?","E","M","M","T","M","E","R","$","M","R","B",null,"M","M","$","?","M","E","M","?","T","M","M","E","M","M","R","B",null],"character_chosen":"DEFECT","items_purchased":["Shuriken","Barricade","Gash","Pantograph","DataDisk","Loop","HornCleat","ClockworkSouvenir","Apotheosis","Regal Pillow"],"campfire_rested":5,"item_purchase_floors":[13,13,13,30,30,30,37,37,37,37],"current_hp_per_floor":[75,75,75,75,60,60,75,72,78,66,66,51,51,53,77,85,87,87,71,55,43,43,33,23,25,25,27,1,27,27,24,50,31,93,72,60,60,60,50,52,54,81,81,82,84,81,78,80,88,94],"gold":760,"neow_bonus":"","is_daily":true,"chose_seed":false,"campfire_upgraded":0,"win_rate":0.0,"timestamp":1614431830,"path_taken":["M","M","?","M","?","E","R","M","T","E","?","?","$","M","R","BOSS","M","M","?","M","?","E","M","M","T","M","E","R","$","M","R","BOSS","M","M","$","?","M","E","M","?","T","M","M","E","?","M","R","BOSS"],"items_purchased_type":["Relic","Card","Card","Relic","Relic","Card","Relic","Relic","Card","Relic"],"build_version":"2020-12-22","purchased_purges":3,"victory":true,"max_hp_per_floor":[75,75,75,75,75,75,75,75,81,81,81,81,81,81,81,87,87,87,87,87,87,87,87,87,87,87,87,87,87,87,87,87,93,93,93,93,93,88,88,88,88,88,88,88,88,88,88,88,88,94],"relic_stats":{"Darkstone Periapt":24,"Blood Vial":44,"Regal Pillow":0,"Lizard Tail":0,"counters":[31,178],"Shuriken":[66],"Sundial":[4],"CeramicFish":243,"Pantograph":50,"Cursed Key":1,"obtain_stats":[{"Darkstone Periapt":0,"Regal Pillow":37,"Nilry\u0027s Codex":20,"CeramicFish":9,"Cursed Key":0,"Ancient Tea Set":10,"ClockworkSouvenir":37,"Du-Vu Doll":0,"Blood Vial":9,"Runic Dome":17,"DataDisk":30,"Lizard Tail":40,"Anchor":46,"Matryoshka":6,"HornCleat":37,"Shuriken":13,"Sundial":28,"Pantograph":30,"StrikeDummy":23,"TungstenRod":42,"Runic Pyramid":34},{"Darkstone Periapt":0,"Regal Pillow":21,"Nilry\u0027s Codex":11,"CeramicFish":5,"Cursed Key":0,"Ancient Tea Set":6,"ClockworkSouvenir":21,"Du-Vu Doll":0,"Blood Vial":5,"Runic Dome":9,"DataDisk":17,"Lizard Tail":23,"Anchor":28,"Matryoshka":4,"HornCleat":21,"Shuriken":7,"Sundial":17,"Pantograph":17,"StrikeDummy":13,"TungstenRod":25,"Runic Pyramid":19},{"Darkstone Periapt":0,"Regal Pillow":121,"Nilry\u0027s Codex":58,"CeramicFish":21,"Cursed Key":0,"Ancient Tea Set":25,"ClockworkSouvenir":121,"Du-Vu Doll":0,"Blood Vial":21,"Runic Dome":47,"DataDisk":96,"Lizard Tail":130,"Anchor":156,"Matryoshka":16,"HornCleat":121,"Shuriken":30,"Sundial":96,"Pantograph":96,"StrikeDummy":72,"TungstenRod":140,"Runic Pyramid":112}],"TungstenRod":3},"card_choices":[{"not_picked":["Infernal Blade","Catalyst"],"picked":"Slice","floor":1},{"not_picked":["PathToVictory","Poisoned Stab"],"picked":"Glacier","floor":2},{"not_picked":["EmptyFist","Protect"],"picked":"Skewer","floor":4},{"not_picked":["Cold Snap","Consecrate"],"picked":"Footwork","floor":6},{"not_picked":["A Thousand Cuts","Turbo"],"picked":"Disarm","floor":8},{"not_picked":["Barrage","Indignation","Hologram"],"picked":"SKIP","floor":10},{"not_picked":["Prepared","Protect"],"picked":"Blade Dance","floor":12},{"not_picked":["Adaptation","Perfected Strike","MasterReality"],"picked":"SKIP","floor":14},{"not_picked":["Omniscience","Feed"],"picked":"Immolate","floor":16},{"not_picked":["Study","CarveReality"],"picked":"Aggregate","floor":18},{"not_picked":["Melter","DeceiveReality"],"picked":"Headbutt","floor":19},{"not_picked":["BowlingBash","Bloodletting"],"picked":"Wallop","floor":21},{"not_picked":["FollowUp","FlurryOfBlows"],"picked":"ThirdEye+1","floor":23},{"not_picked":["Streamline+1","InnerPeace"],"picked":"Steam Power","floor":24},{"not_picked":["Thunderclap","Hello World","Double Energy"],"picked":"SKIP","floor":25},{"not_picked":["Masterful Stab","Halt"],"picked":"Genetic Algorithm","floor":27},{"not_picked":["Melter","Tempest+1"],"picked":"FlyingSleeves","floor":28},{"not_picked":["Loop","Go for the Eyes"],"picked":"Terror","floor":31},{"not_picked":["Offering","Hyperbeam"],"picked":"Adrenaline","floor":33},{"not_picked":["Flying Knee","Cleave+1"],"picked":"Whirlwind+1","floor":35},{"not_picked":["Cold Snap+1","Stack+1"],"picked":"Fasting2+1","floor":36},{"not_picked":["Go for the Eyes","Force Field+1"],"picked":"Blade Dance+1","floor":39},{"not_picked":["All Out Attack+1","Flame Barrier","Hello World+1"],"picked":"SKIP","floor":40},{"not_picked":["Creative AI","Twin Strike"],"picked":"ThirdEye+1","floor":41},{"not_picked":["Go for the Eyes","EmptyBody+1"],"picked":"Omniscience","floor":44},{"not_picked":["Steam","PathToVictory","Halt+1"],"picked":"SKIP","floor":45},{"not_picked":["Dodge and Roll+1","Undo+1"],"picked":"Hologram+1","floor":46},{"not_picked":["Cleave+1","Inflame+1"],"picked":"Self Repair","floor":47},{"not_picked":["ThirdEye","SashWhip+1","Self Repair+1"],"picked":"SKIP","floor":48}],"player_experience":502426,"relics_obtained":[{"floor":6,"key":"Matryoshka"},{"floor":9,"key":"Blood Vial"},{"floor":9,"key":"CeramicFish"},{"floor":10,"key":"Ancient Tea Set"},{"floor":20,"key":"Nilry\u0027s Codex"},{"floor":23,"key":"StrikeDummy"},{"floor":28,"key":"Sundial"},{"floor":40,"key":"Lizard Tail"},{"floor":42,"key":"TungstenRod"},{"floor":46,"key":"Anchor"}],"event_choices":[{"damage_healed":0,"gold_gain":0,"cards_transformed":["Strike_B"],"player_choice":"Change","damage_taken":0,"max_hp_gain":0,"max_hp_loss":0,"event_name":"Living Wall","floor":3,"gold_loss":0,"cards_obtained":["Backflip"]},{"damage_healed":0,"gold_gain":0,"player_choice":"Entered Light","damage_taken":15,"max_hp_gain":0,"max_hp_loss":0,"event_name":"Shining Light","floor":5,"gold_loss":0,"cards_upgraded":["Strike_B","Slice"]},{"damage_healed":0,"gold_gain":0,"player_choice":"2 cards matched","damage_taken":0,"max_hp_gain":0,"max_hp_loss":0,"event_name":"Match and Keep!","floor":11,"gold_loss":0,"cards_obtained":["Force Field","Dark Shackles"]},{"damage_healed":0,"gold_gain":0,"player_choice":"Obtained Book","damage_taken":16,"max_hp_gain":0,"max_hp_loss":0,"event_name":"Cursed Tome","floor":20,"gold_loss":0},{"damage_healed":0,"gold_gain":0,"player_choice":"Simplicity","damage_taken":0,"max_hp_gain":0,"max_hp_loss":0,"event_name":"Back to Basics","floor":22,"gold_loss":0,"cards_upgraded":["Strike_B","Strike_B","Defend_B","Defend_B","Defend_B","Defend_B"]},{"damage_healed":0,"gold_gain":0,"player_choice":"Max HP","damage_taken":0,"max_hp_gain":0,"max_hp_loss":5,"event_name":"Winding Halls","floor":38,"gold_loss":0},{"damage_healed":0,"gold_gain":0,"player_choice":"Fight","damage_taken":0,"max_hp_gain":0,"max_hp_loss":0,"event_name":"MindBloom","floor":42,"gold_loss":0}],"is_beta":false,"boss_relics":[{"not_picked":["Velvet Choker","Coffee Dripper"],"picked":"Runic Dome"},{"not_picked":["Black Star","Busted Crown"],"picked":"Runic Pyramid"}],"items_purged_floors":[13,30,37],"is_endless":false,"potions_floor_spawned":[1,4,6,16,19,25,27,28,31,36,39,41,44,46,48],"ascension_level":0}}