{"host":"hlo0wt5fjlilsn9r","time":1614393049,"event":{"mods":["2.2 Compatiblity","AchievementEnabler","Aspiration","Aya Shameimaru","Bard","BaseMod","Beaked The Cultist","Better Altar","Better Match","Better Note","Better Sensory Stone","Better Skull","Better Third Choice","BetterRewards","CCEM2","Colored Map","Conspire","Downfall","Friendly Minions","GifTheSpireLib","Halation","Hermit","Highlight Path","Hubris","Hunter ?人","Jedi Mod","Jorbs\u0027s Wanderer Trilogy","Kiyohime（清?）","Mad Scientist","Marisa（霧雨　魔理沙）","Mimic Mod","Minty Spire (QoL Compilation)","Permanent Neow","Prisma Mod","Replay The Spire","Shade Mod","Spicy Shops","StSLib","Stuff the Spire","Td1madao Mod","The Administrix","The Alterego","The Blackbeard","The Bug Knight","The Construct","The Cursed","The Disciple","The Gatherer","The Hierophant","The Marked","The Mystic","The Necromancer","The Runesmith","The Servant 0.9.4","The Spell Scribe","The Witch","Unceasing Turn Reminder"],"gold_per_floor":[109,121,132,132,151,151,176,189,212,34,52,52,52,71,71,170,170,182,197,208,218,218,248,102,102],"floor_reached":24,"language":"ENG","playtime":2818,"items_purged":["Pain"],"score":272,"play_id":"24f21323-3339-4bc1-b3a3-c54a83461094","local_time":"20210226183049","is_ascension_mode":false,"campfire_choices":[{"data":"PrismaMod:IllyaAlice","floor":6,"key":"SMITH"},{"data":"PrismaMod:IllyaUncommonDefend","floor":13,"key":"SMITH"},{"data":"PrismaMod:IllyaUncommonDefend","floor":15,"key":"SMITH"}],"circlet_count":0,"master_deck":["PrismaMod:IllyaCommonAttack","PrismaMod:IllyaCommonDefend","PrismaMod:IllyaCommonDefend","PrismaMod:IllyaCommonAttack","PrismaMod:IllyaCommonDefend","PrismaMod:IllyaCommonAttack","PrismaMod:IllyaCommonDefend","PrismaMod:IllyaCommonAttack","PrismaMod:IllyaCommonDefend","PrismaMod:IllyaUncommonAttack","PrismaMod:IllyaUncommonDefend+1","PrismaMod:IllyaCommandSeal","PrismaMod:IllyaUncommonDefend+1","PrismaMod:IllyaAlice+1","PrismaMod:IllyaBerserCAR","PrismaMod:IllyaHassanGift","PrismaMod:IllyaBerserCAR","PrismaMod:IllyaGrail","PrismaMod:IllyaInstallRuler","PrismaMod:IllyaSaphire","PrismaMod:IllyaPoisonTippedWeapons","PrismaMod:IllyaPoisonTippedWeapons+1","PrismaMod:IllyaPoisonTippedWeapons"],"relics":["PrismaMod:PrismaRuby","WarpedTongs","StuffTheSpire:DarkSteelAnvil","PrismaMod:AliceRelic","Omamori","CCEMRelics:Barrel","ReplayTheSpireMod:DimensionalGlitch","MealTicket","CCEMRelics:BiPhaseBiplane"],"acts_visited":["Exordium","TheCity"],"potions_floor_usage":[11,16,23],"damage_taken":[{"damage":0,"enemies":"conspire:RoseBush","floor":1,"turns":4},{"damage":0,"enemies":"Cultist","floor":2,"turns":4},{"damage":0,"enemies":"Small Slimes","floor":3,"turns":5},{"damage":2,"enemies":"Blue Slaver","floor":5,"turns":4},{"damage":19,"enemies":"Lagavulin","floor":7,"turns":10},{"damage":5,"enemies":"conspire:2 RoseBushes","floor":8,"turns":6},{"damage":0,"enemies":"Lots of Slimes","floor":11,"turns":5},{"damage":1,"enemies":"Blue Slaver","floor":14,"turns":3},{"damage":0,"enemies":"Fading Forest","floor":16,"turns":11},{"damage":0,"enemies":"conspire:FuzzyDice","floor":18,"turns":7},{"damage":1,"enemies":"Sentry and Sphere","floor":19,"turns":9},{"damage":0,"enemies":"Snecko","floor":20,"turns":6},{"damage":5,"enemies":"Centurion and Healer","floor":21,"turns":7},{"damage":57,"enemies":"Gremlin Leader","floor":23,"turns":11}],"seed_played":"4434308026430805262","potions_obtained":[{"floor":1,"key":"BlessingOfTheForge"},{"floor":2,"key":"Flashbang"},{"floor":8,"key":"Elixir"},{"floor":11,"key":"Adrenaline Potion"},{"floor":19,"key":"FearPotion"},{"floor":21,"key":"DistilledChaos"}],"is_trial":false,"path_per_floor":["M","M","M","?","M","R","E","M","T","$","M","?","R","M","R","B",null,"M","M","M","M","?","E","$"],"character_chosen":"ILLYA","items_purchased":["CCEMRelics:Barrel","PrismaMod:IllyaBerserCAR","CCEMRelics:BiPhaseBiplane"],"campfire_rested":0,"item_purchase_floors":[10,10,24],"current_hp_per_floor":[75,75,75,75,73,73,62,57,57,57,73,73,73,75,75,75,75,75,74,75,73,85,34,49,49],"gold":102,"neow_bonus":"REMOVE_CARD","is_daily":false,"chose_seed":false,"campfire_upgraded":3,"win_rate":0.0,"timestamp":1614393049,"path_taken":["M","M","M","?","?","R","E","M","T","$","M","?","R","M","R","BOSS","M","M","M","M","?","E","$"],"items_purchased_type":["Relic","Card","Relic"],"build_version":"2020-12-22","purchased_purges":1,"victory":false,"max_hp_per_floor":[75,75,75,75,75,75,75,75,75,75,75,75,75,75,75,75,75,75,75,75,75,85,85,85,85],"card_choices":[{"not_picked":["PrismaMod:IllyaDetonatingBlow","PrismaMod:IllyaPoisoningPhantasm"],"picked":"PrismaMod:IllyaCommandSeal","floor":1},{"not_picked":["PrismaMod:IllyaMaid","PrismaMod:IllyaCommonEvoke"],"picked":"PrismaMod:IllyaUncommonDefend","floor":2},{"not_picked":["PrismaMod:IllyaUncommonDefend","PrismaMod:IllyaAssassinRevenge","PrismaMod:IllyaCheapDefend"],"picked":"SKIP","floor":3},{"not_picked":["PrismaMod:IllyaGun","PrismaMod:IllyaCheapChannelAttack"],"picked":"PrismaMod:IllyaAlice","floor":5},{"not_picked":["PrismaMod:IllyaBride","PrismaMod:IllyaTestament"],"picked":"PrismaMod:IllyaBerserCAR","floor":7},{"not_picked":["PrismaMod:IllyaUncommonEvoke","PrismaMod:IllyaUberPoisonBlock"],"picked":"PrismaMod:IllyaHassanGift","floor":8},{"not_picked":["PrismaMod:IllyaUberChannel","PrismaMod:IllyaDetonatingBlow"],"picked":"PrismaMod:IllyaGrail","floor":11},{"not_picked":["PrismaMod:IllyaFeed","PrismaMod:IllyaCheapChannelPoison"],"picked":"PrismaMod:IllyaInstallRider","floor":14},{"not_picked":["PrismaMod:IllyaInstallMoonCancer","PrismaMod:IllyaUberPoisonChannel"],"picked":"PrismaMod:IllyaInstallRuler","floor":16},{"not_picked":["PrismaMod:IllyaRussianRoulette","PrismaMod:IllyaCheapDefend"],"picked":"PrismaMod:IllyaSaphire","floor":18},{"not_picked":["PrismaMod:IllyaCommandSeal","PrismaMod:IllyaUncommonAttack"],"picked":"PrismaMod:IllyaPoisonTippedWeapons","floor":19},{"not_picked":["PrismaMod:IllyaFeed","PrismaMod:IllyaCheapAttack"],"picked":"PrismaMod:IllyaPoisonTippedWeapons+1","floor":20},{"not_picked":["PrismaMod:IllyaGrail+1","PrismaMod:IllyaPoisonBlock"],"picked":"PrismaMod:IllyaPoisonTippedWeapons","floor":21},{"not_picked":["PrismaMod:IllyaPoisoningPhantasm","PrismaMod:IllyaZwei","PrismaMod:IllyaBlindPoisonToss"],"picked":"SKIP","floor":23}],"player_experience":247687,"relics_obtained":[{"floor":7,"key":"StuffTheSpire:DarkSteelAnvil"},{"floor":9,"key":"Omamori"},{"floor":23,"key":"MealTicket"}],"event_choices":[{"damage_healed":0,"gold_gain":0,"player_choice":"Rummage","damage_taken":0,"relics_obtained":["WarpedTongs"],"max_hp_gain":0,"max_hp_loss":0,"event_name":"Accursed Blacksmith","floor":4,"gold_loss":0,"cards_obtained":["Pain"]},{"damage_healed":0,"gold_gain":0,"player_choice":"Ignored","damage_taken":52,"max_hp_gain":0,"max_hp_loss":0,"event_name":"betterThird:BetterSerpent","floor":12,"gold_loss":0},{"cards_removed":["PrismaMod:IllyaInstallRider"],"damage_healed":2,"gold_gain":0,"player_choice":"Offered Rare","damage_taken":0,"max_hp_gain":10,"max_hp_loss":0,"event_name":"Bonfire Elementals","floor":22,"gold_loss":0}],"is_beta":false,"boss_relics":[{"not_picked":["halation:SmartPhone","Replay:Drink Me"],"picked":"ReplayTheSpireMod:DimensionalGlitch"}],"items_purged_floors":[10],"is_endless":false,"potions_floor_spawned":[1,2,8,11,19,21],"ascension_level":0}}