{"host":"49pjgf1q9ev52n8z","time":1614402021,"event":{"mods":["BaseMod","Bestiary","Colored Map","Keyboard Shortcuts","Minty Spire (QoL Compilation)","Practice Mode","Relic Stats","StSLib"],"gold_per_floor":[18,37,37,51,51,51,86,86,86,104,121,137,151,79,79,79,79],"floor_reached":16,"language":"ENG","playtime":1062,"items_purged":[],"score":140,"play_id":"93942845-d514-4254-9566-4b6bd17985ad","local_time":"20210226210021","is_ascension_mode":true,"campfire_choices":[{"data":"Eruption","floor":6.0,"key":"SMITH"},{"floor":8.0,"key":"REST"},{"floor":15,"key":"REST"}],"circlet_count":0,"master_deck":["Strike_P","Strike_P","Strike_P","Defend_P","Defend_P","Defend_P","Defend_P","Eruption+1","Vigilance","Consecrate","ThirdEye","Omniscience","Protect","SashWhip","Scrawl+1","CrushJoints","ClearTheMind+1","Evaluate+1","MentalFortress"],"relics":["PureWater","HornCleat","Toxic Egg 2"],"acts_visited":["Exordium"],"potions_floor_usage":[10,16],"damage_taken":[{"damage":3.0,"enemies":"Jaw Worm","floor":1.0,"turns":5.0},{"damage":4.0,"enemies":"2 Louse","floor":2.0,"turns":3.0},{"damage":7.0,"enemies":"Cultist","floor":4.0,"turns":3.0},{"damage":58.0,"enemies":"Lagavulin","floor":7.0,"turns":10.0},{"damage":12,"enemies":"Exordium Wildlife","floor":10,"turns":5},{"damage":3,"enemies":"Blue Slaver","floor":11,"turns":3},{"damage":0,"enemies":"Lots of Slimes","floor":12,"turns":3},{"damage":0,"enemies":"2 Fungi Beasts","floor":13,"turns":3},{"damage":64,"enemies":"Hexaghost","floor":16,"turns":11}],"seed_played":"-3040174726940859797","potions_obtained":[{"floor":7.0,"key":"Strength Potion"},{"floor":11,"key":"BottledMiracle"}],"is_trial":false,"path_per_floor":["M","M","?","M","?","R","E","R","T","M","M","M","M","$","R","B"],"character_chosen":"WATCHER","items_purchased":["MentalFortress"],"campfire_rested":2,"item_purchase_floors":[14],"current_hp_per_floor":[76,72,72,65,86,86,28,53,53,41,38,38,38,38,63,0,0],"gold":79,"neow_bonus":"TWENTY_PERCENT_HP_BONUS","is_daily":false,"chose_seed":false,"campfire_upgraded":1,"win_rate":0.0,"timestamp":1614402021,"path_taken":["M","M","?","M","?","R","E","R","T","M","M","M","?","$","R","BOSS"],"items_purchased_type":["Card"],"build_version":"2020-12-22","purchased_purges":0,"victory":false,"max_hp_per_floor":[86,86,86,86,86,86,86,86,86,86,86,86,86,86,86,86,86],"relic_stats":{"counters":[9,46],"obtain_stats":[{"HornCleat":7,"PureWater":0,"Toxic Egg 2":9},{"HornCleat":4,"PureWater":0,"Toxic Egg 2":4},{"HornCleat":21,"PureWater":0,"Toxic Egg 2":21}]},"card_choices":[{"not_picked":["FlyingSleeves","Wallop"],"picked":"Consecrate","floor":1.0},{"not_picked":["WheelKick","Prostrate"],"picked":"ThirdEye","floor":2.0},{"not_picked":["ThirdEye","WaveOfTheHand"],"picked":"Protect","floor":4.0},{"not_picked":["Vengeance","Pray"],"picked":"SashWhip","floor":7.0},{"not_picked":["LikeWater","Halt+1"],"picked":"Scrawl+1","floor":10},{"not_picked":["Worship+1","Perseverance+1"],"picked":"CrushJoints","floor":11},{"not_picked":["Consecrate","EmptyFist"],"picked":"ClearTheMind+1","floor":12},{"not_picked":["SpiritShield+1","JustLucky"],"picked":"Evaluate+1","floor":13}],"player_experience":888035,"relics_obtained":[{"floor":7.0,"key":"HornCleat"},{"floor":9.0,"key":"Toxic Egg 2"}],"event_choices":[{"damage_healed":0.0,"max_hp_gain":0.0,"max_hp_loss":0.0,"gold_gain":0.0,"cards_transformed":["Strike_P"],"event_name":"Living Wall","player_choice":"Change","floor":3.0,"gold_loss":0.0,"damage_taken":0.0,"cards_obtained":["Omniscience"]},{"damage_healed":21.0,"max_hp_gain":0.0,"max_hp_loss":0.0,"gold_gain":0.0,"event_name":"Wheel of Change","player_choice":"Full Heal","floor":5.0,"gold_loss":0.0,"damage_taken":0.0}],"is_beta":false,"boss_relics":[],"items_purged_floors":[],"is_endless":false,"potions_floor_spawned":[7,11],"killed_by":"Hexaghost","ascension_level":7}}