{"host":"uyfpom4rlahfoee4","time":1614396300,"event":{"mods":["BaseMod","Downfall","Minty Spire (QoL Compilation)","StSLib"],"gold_per_floor":[99,115,132,36,51,70,116,116,129,143,163,63,82,13,30,127,127,127,146,164,42,42,42,42],"floor_reached":22,"language":"ENG","playtime":2603,"items_purged":[],"score":207,"play_id":"f007ae99-b9ee-4e4a-ae42-994e4a721526","local_time":"20210226192500","is_ascension_mode":false,"campfire_choices":[{"data":"sneckomod:TailWhip","floor":1,"key":"SMITH"},{"data":"sneckomod:UnlimitedRolls","floor":18,"key":"SMITH"}],"circlet_count":0,"master_deck":["sneckomod:Strike","sneckomod:Strike","sneckomod:Strike","sneckomod:Defend","sneckomod:Defend","sneckomod:Defend","sneckomod:TailWhip+1","sneckomod:SnekBite","sneckomod:Unknown","sneckomod:Unknown","sneckomod:SoulRoll","sneckomod:MasterEye","sneckomod:CheapStock","sneckomod:IronFang","sneckomod:SoulRoll","Dramatic Entrance","sneckomod:IronFang","sneckomod:RainOfDice","sneckomod:UnknownStrength","Guardian:StasisStrike","sneckomod:Unknown0Cost","sneckomod:UnknownBlock","sneckomod:SoulRoll","sneckomod:UnknownStrike","sneckomod:UnlimitedRolls+1","sneckomod:UnknownClassGUARDIAN","sneckomod:TrashToTreasure","sneckomod:UnknownX+1","sneckomod:UnknownDexterity","sneckomod:UnknownStrike"],"relics":["sneckomod:SneckoSoul","downfall:HeartBlessingBlue","Cursed Key"],"acts_visited":["Exordium","TheCity"],"potions_floor_usage":[16,16],"damage_taken":[{"damage":0,"enemies":"Cultist","floor":2,"turns":3},{"damage":3,"enemies":"Jaw Worm","floor":3,"turns":2},{"damage":0,"enemies":"downfall:FleeingMerchant","floor":4,"turns":4},{"damage":5,"enemies":"Small Slimes","floor":5,"turns":3},{"damage":10,"enemies":"2 Fungi Beasts","floor":6,"turns":4},{"damage":5,"enemies":"Gremlin Gang","floor":9,"turns":3},{"damage":13,"enemies":"Exordium Thugs","floor":10,"turns":5},{"damage":1,"enemies":"2 Fungi Beasts","floor":11,"turns":3},{"damage":16,"enemies":"Gremlin Gang","floor":13,"turns":5},{"damage":4,"enemies":"downfall:FleeingMerchant","floor":14,"turns":4},{"damage":12,"enemies":"downfall:LooterAlt","floor":15,"turns":4},{"damage":53,"enemies":"DF_ARCHETYPE_STREAMLINE","floor":16,"turns":10},{"damage":12,"enemies":"downfall:LooterAlt2","floor":19,"turns":5},{"damage":34,"enemies":"3 Byrds","floor":20,"turns":6},{"damage":15,"enemies":"downfall:FleeingMerchant","floor":21,"turns":4},{"damage":5,"enemies":"Cultist and Chosen","floor":22,"turns":4}],"seed_played":"-1081772642027668583","potions_obtained":[{"floor":2,"key":"FearPotion"},{"floor":5,"key":"EssenceOfSteel"},{"floor":10,"key":"Weak Potion"},{"floor":11,"key":"FairyPotion"},{"floor":20,"key":"LiquidMemories"}],"is_trial":false,"path_per_floor":["R","M","M","$","M","M","T","?","M","M","M","R","M","$","M","B",null,"R","M","M","$","M"],"character_chosen":"THE_SNECKO","items_purchased":["sneckomod:CheapStock","sneckomod:SoulRoll","sneckomod:UnknownDexterity","sneckomod:UnknownStrike"],"campfire_rested":0,"item_purchase_floors":[4,14,21,21],"current_hp_per_floor":[99,99,96,96,91,81,81,81,76,63,62,72,56,52,40,32,109,109,97,63,48,43,43,43],"gold":42,"neow_bonus":"TEN_PERCENT_HP_BONUS","is_daily":false,"chose_seed":false,"campfire_upgraded":2,"win_rate":0.0,"timestamp":1614396300,"path_taken":["R","M","M","?","M","M","T","?","M","M","?","R","M","?","M","BOSS","R","M","M","$","M"],"items_purchased_type":["Card","Card","Card","Card"],"build_version":"2020-12-22","purchased_purges":0,"victory":false,"max_hp_per_floor":[99,99,99,99,99,99,99,99,99,99,99,109,109,109,109,109,109,109,109,109,109,109,109,109],"card_choices":[{"not_picked":["sneckomod:DiceCrush","sneckomod:UnknownCommonSkill"],"picked":"sneckomod:SoulRoll","floor":2},{"not_picked":["sneckomod:QuickMove","sneckomod:UnendingSupply"],"picked":"sneckomod:UnknownStrike","floor":3},{"not_picked":["sneckomod:SerpentMind","sneckomod:Nope"],"picked":"sneckomod:MasterEye","floor":4},{"not_picked":["sneckomod:Nope","sneckomod:DiceBlock"],"picked":"sneckomod:IronFang","floor":5},{"not_picked":["sneckomod:Nope","sneckomod:UnknownStrength"],"picked":"sneckomod:SoulRoll","floor":6},{"not_picked":["sneckomod:SoulRoll","sneckomod:DiceBlock"],"picked":"sneckomod:IronFang","floor":9},{"not_picked":["sneckomod:UnknownCommonSkill","sneckomod:QuickBite"],"picked":"sneckomod:RainOfDice","floor":10},{"not_picked":["sneckomod:Unknown0Cost","sneckomod:DiceCrush"],"picked":"sneckomod:UnknownStrength","floor":11},{"not_picked":["sneckomod:MasterEye","sneckomod:SoulDraw"],"picked":"sneckomod:Unknown0Cost","floor":13},{"not_picked":["sneckomod:DiceBlock","sneckomod:UnknownUncommonSkill"],"picked":"sneckomod:UnknownBlock","floor":14},{"not_picked":["sneckomod:QuickMove","sneckomod:UnknownUncommonSkill"],"picked":"sneckomod:UnknownStrike","floor":15},{"not_picked":["sneckomod:Mudshield","sneckomod:UnknownRareSkill"],"picked":"sneckomod:UnlimitedRolls","floor":16},{"not_picked":["sneckomod:Rotation","sneckomod:DiceBlock"],"picked":"sneckomod:UnknownClassGUARDIAN","floor":19},{"not_picked":["sneckomod:UnknownStrength","sneckomod:UnknownWeak+1"],"picked":"sneckomod:TrashToTreasure","floor":20},{"not_picked":["sneckomod:RainOfDice","sneckomod:WideSting"],"picked":"sneckomod:UnknownX+1","floor":21}],"player_experience":234964,"relics_obtained":[],"event_choices":[],"is_beta":false,"boss_relics":[{"not_picked":["Runic Pyramid","Tiny House"],"picked":"Cursed Key"}],"items_purged_floors":[],"is_endless":false,"potions_floor_spawned":[2,5,10,11,15,20],"killed_by":"Cultist and Chosen","ascension_level":0}}