{"host":"x3q4ieql2tr7v8o6","time":1614441447,"event":{"mods":["BaseMod","Bestiary","Better Altar","Better Match","Better Note","Better Sensory Stone","Better Skull","Better Third Choice","Colored Map","Colored Powertips","Curses Come First","Minty Spire (QoL Compilation)","StSLib"],"gold_per_floor":[111,261,71,346,359,390,390,415,415,415,415,429,429,443,443,515,515,535,535,535,535],"floor_reached":20,"language":"ENG","playtime":937,"items_purged":["Doubt"],"score":333,"play_id":"6b62d5c3-ff15-4221-9851-6eb184020abf","local_time":"20210227155727","is_ascension_mode":true,"campfire_choices":[{"floor":7.0,"key":"REST"},{"floor":11.0,"key":"REST"},{"floor":13.0,"key":"REST"},{"floor":15.0,"key":"REST"}],"circlet_count":0,"master_deck":["AscendersBane","Strike_G","Strike_G","Strike_G","Strike_G","Defend_G","Defend_G","Defend_G","Defend_G","Defend_G","Survivor","Neutralize","Bane","Deadly Poison","Regret","Choke","Slice","Noxious Fumes","Corpse Explosion","Blade Dance","Slice+1","Envenom","Accuracy","Decay"],"relics":["SlaversCollar","Tough Bandages","Molten Egg 2","Ice Cream","WristBlade"],"acts_visited":["Exordium","TheCity"],"potions_floor_usage":[],"damage_taken":[{"damage":8.0,"enemies":"Small Slimes","floor":1.0,"turns":6.0},{"damage":11.0,"enemies":"2 Louse","floor":5.0,"turns":4.0},{"damage":26.0,"enemies":"3 Sentries","floor":6.0,"turns":8.0},{"damage":15.0,"enemies":"Lagavulin","floor":8.0,"turns":5.0},{"damage":5.0,"enemies":"Cultist","floor":12.0,"turns":4.0},{"damage":19.0,"enemies":"3 Louse","floor":14.0,"turns":3.0},{"damage":33.0,"enemies":"The Guardian","floor":16.0,"turns":10.0},{"damage":52.0,"enemies":"2 Thieves","floor":18.0,"turns":4.0},{"damage":28,"enemies":"Spheric Guardian","floor":20,"turns":3}],"seed_played":"4903312029239039150","potions_obtained":[{"floor":1.0,"key":"Strength Potion"},{"floor":6.0,"key":"Fire Potion"},{"floor":18.0,"key":"FairyPotion"}],"is_trial":false,"path_per_floor":["M","?","$","?","M","E","R","E","T","?","R","M","R","M","R","B",null,"M","?","M"],"character_chosen":"THE_SILENT","items_purchased":["Deadly Poison","AttackPotion"],"campfire_rested":4,"item_purchase_floors":[3,3],"current_hp_per_floor":[51,51,51,51,40,14,33,18,18,18,37,32,51,32,51,18,54,2,2,0,0],"gold":535,"neow_bonus":"BOSS_RELIC","is_daily":false,"chose_seed":false,"campfire_upgraded":0,"win_rate":0.0,"timestamp":1614441447,"path_taken":["M","?","$","?","?","E","R","E","T","?","R","?","R","M","R","BOSS","M","?","?"],"items_purchased_type":["Card","Potion"],"build_version":"2020-12-22","purchased_purges":1,"victory":false,"max_hp_per_floor":[66,66,66,66,66,66,66,66,66,66,66,66,66,66,66,66,66,66,66,66,66],"card_choices":[{"not_picked":["Concentrate","Outmaneuver"],"picked":"Bane","floor":1.0},{"not_picked":["Masterful Stab","Deflect"],"picked":"Choke","floor":5.0},{"not_picked":["Expertise","Blur"],"picked":"Slice","floor":6.0},{"not_picked":["Dagger Throw+1","Backflip"],"picked":"Noxious Fumes","floor":8.0},{"not_picked":["Outmaneuver","Flechettes+1"],"picked":"Blade Dance","floor":12.0},{"not_picked":["Calculated Gamble","Night Terror"],"picked":"Slice+1","floor":14.0},{"not_picked":["Doppelganger","Phantasmal Killer"],"picked":"Envenom","floor":16.0},{"not_picked":["Dagger Spray+1","Skewer+1"],"picked":"Accuracy","floor":18.0}],"player_experience":788194,"relics_obtained":[{"floor":6.0,"key":"Tough Bandages"},{"floor":8.0,"key":"Molten Egg 2"},{"floor":9.0,"key":"Ice Cream"}],"event_choices":[{"damage_healed":0.0,"max_hp_gain":0.0,"max_hp_loss":0.0,"gold_gain":150.0,"event_name":"betterThird:BetterSerpent","player_choice":"AGREE","floor":2.0,"gold_loss":0.0,"damage_taken":111.0},{"damage_healed":0.0,"max_hp_gain":0.0,"max_hp_loss":0.0,"gold_gain":275.0,"event_name":"Golden Shrine","player_choice":"Desecrate","floor":4.0,"gold_loss":0.0,"damage_taken":0.0,"cards_obtained":["Regret"]},{"damage_healed":0.0,"max_hp_gain":0.0,"max_hp_loss":0.0,"gold_gain":0.0,"cards_transformed":["Strike_G"],"event_name":"Transmorgrifier","player_choice":"Transformed","floor":10.0,"gold_loss":0.0,"damage_taken":0.0,"cards_obtained":["Corpse Explosion"]},{"damage_healed":0,"gold_gain":0,"player_choice":"Cursed","damage_taken":0,"max_hp_gain":0,"max_hp_loss":0,"event_name":"Wheel of Change","floor":19,"gold_loss":0,"cards_obtained":["Decay"]}],"is_beta":false,"boss_relics":[{"not_picked":["Empty Cage","Astrolabe"],"picked":"WristBlade"}],"items_purged_floors":[3],"is_endless":false,"potions_floor_spawned":[1,6,18],"killed_by":"Spheric Guardian","ascension_level":17}}