{"host":"yecadp3kwkksam5a","time":1614422715,"event":{"mods":["BaseMod","Minty Spire (QoL Compilation)","Replay The Spire","StSLib","SuperFastMode","The Jungle"],"gold_per_floor":[111,111,131,146,157,219,265,321,321,321,321,369,216,272,272,397,397,397],"floor_reached":17,"language":"KOR","playtime":770,"items_purged":["Strike_P"],"score":352,"play_id":"1417c646-2b09-4599-9c3b-b55e7d9461d9","local_time":"20210227194515","is_ascension_mode":true,"campfire_choices":[{"floor":15,"key":"DIG"}],"circlet_count":0,"master_deck":["AscendersBane","Defend_P","Defend_P","Defend_P","Eruption","Vigilance","Apotheosis","MentalFortress","Perseverance","Prostrate","Study","Halt","Perseverance","Wish","Prostrate","Brilliance","BattleHymn","Prostrate","Scrawl","TalkToTheHand","Establishment","Brilliance"],"relics":["PureWater","Prayer Wheel","Prayer Wheel","Prayer Wheel","Prayer Wheel","Bottled Lightning","Blood Vial","Anchor","Simple Rune","Regal Pillow","Shuriken","SlaversCollar"],"acts_visited":["Exordium","TheCity"],"potions_floor_usage":[4,12],"damage_taken":[{"damage":0.0,"enemies":"Small Slimes","floor":1.0,"turns":4.0},{"damage":0.0,"enemies":"2 Louse","floor":3.0,"turns":3.0},{"damage":0,"enemies":"Jaw Worm","floor":4,"turns":3},{"damage":8,"enemies":"3 Louse","floor":5,"turns":4},{"damage":24,"enemies":"Replay:BlueRogue","floor":6,"turns":6},{"damage":2,"enemies":"Large Slime","floor":7,"turns":7},{"damage":0,"enemies":"Lagavulin","floor":8,"turns":5},{"damage":5,"enemies":"Exordium Wildlife","floor":12,"turns":4},{"damage":14,"enemies":"Gremlin Nob","floor":14,"turns":3},{"damage":4,"enemies":"Hexaghost","floor":16,"turns":6}],"seed_played":"-3317015813581893148","potions_obtained":[{"floor":3,"key":"ColorlessPotion"},{"floor":5,"key":"SneckoOil"},{"floor":6,"key":"Fire Potion"},{"floor":8,"key":"Adrenaline Potion"},{"floor":14,"key":"SkillPotion"}],"is_trial":false,"path_per_floor":["M","?","M","M","M","E","M","E","T","?","?","M","$","E","R","B",null],"character_chosen":"WATCHER","items_purchased":["Establishment"],"campfire_rested":0,"item_purchase_floors":[13],"current_hp_per_floor":[65,65,65,65,57,33,33,35,35,28,28,25,25,13,13,11,57,57],"gold":397,"neow_bonus":"REMOVE_CARD","is_daily":false,"chose_seed":false,"campfire_upgraded":0,"win_rate":0.0,"timestamp":1614422715,"path_taken":["M","?","M","M","M","E","M","E","T","?","?","M","?","E","R","BOSS"],"items_purchased_type":["Card"],"build_version":"2020-12-22","purchased_purges":1,"victory":false,"max_hp_per_floor":[72,72,72,72,72,72,72,72,72,72,72,72,72,72,72,72,72,72],"card_choices":[{"not_picked":["Crescendo","Conclude"],"picked":"MentalFortress","floor":1.0},{"not_picked":["Pray","Crescendo"],"picked":"Perseverance","floor":1.0},{"not_picked":["EmptyBody","Replay:Hum"],"picked":"Prostrate","floor":1.0},{"not_picked":["EmptyFist","Protect","FollowUp"],"picked":"SKIP","floor":1.0},{"not_picked":["FlyingSleeves","BowlingBash","Replay:BluntJabs"],"picked":"SKIP","floor":1.0},{"not_picked":["CutThroughFate","Vengeance"],"picked":"Study","floor":3},{"not_picked":["Weave","Replay:ManipulateFuture","LikeWater"],"picked":"SKIP","floor":3},{"not_picked":["JustLucky","SashWhip","Wallop"],"picked":"SKIP","floor":3},{"not_picked":["Replay:AtTheReady","Replay:LoomingThreat","BowlingBash"],"picked":"SKIP","floor":3},{"not_picked":["EmptyBody","JustLucky","PathToVictory"],"picked":"SKIP","floor":3},{"not_picked":["Study","SashWhip"],"picked":"Halt","floor":4},{"not_picked":["Replay:Cycle","Replay:ManipulateFuture"],"picked":"Perseverance","floor":4},{"not_picked":["Fasting2","Worship","Crescendo"],"picked":"SKIP","floor":4},{"not_picked":["Halt","Replay:Vibes","Protect"],"picked":"SKIP","floor":4},{"not_picked":["Meditate","SashWhip","Worship"],"picked":"SKIP","floor":4},{"not_picked":["Crescendo","CutThroughFate"],"picked":"Wish","floor":5},{"not_picked":["PathToVictory","ForeignInfluence"],"picked":"Prostrate","floor":5},{"not_picked":["CutThroughFate","BowlingBash"],"picked":"Brilliance","floor":5},{"not_picked":["BowlingBash","Protect","PathToVictory"],"picked":"SKIP","floor":5},{"not_picked":["Fasting2","Study","Consecrate"],"picked":"SKIP","floor":5},{"not_picked":["WheelKick","Replay:BluntJabs","CrushJoints"],"picked":"SKIP","floor":6},{"not_picked":["JustLucky","FlurryOfBlows"],"picked":"BattleHymn","floor":7},{"not_picked":["Crescendo","ClearTheMind"],"picked":"Prostrate","floor":7},{"not_picked":["FollowUp","Replay:Vibes","Protect"],"picked":"SKIP","floor":7},{"not_picked":["FollowUp","Swivel","Replay:Cycle"],"picked":"SKIP","floor":7},{"not_picked":["Replay:Hum","Halt","Replay:BluntJabs"],"picked":"SKIP","floor":7},{"not_picked":["Halt","Replay:Cycle","EmptyMind"],"picked":"SKIP","floor":8},{"not_picked":["PathToVictory","Replay:ManipulateFuture"],"picked":"Scrawl","floor":12},{"not_picked":["Tantrum","SandsOfTime"],"picked":"TalkToTheHand","floor":12},{"not_picked":["Replay:AtTheReady","FlurryOfBlows","Replay:Cycle"],"picked":"SKIP","floor":12},{"not_picked":["Replay:AtTheReady","LikeWater","ClearTheMind"],"picked":"SKIP","floor":12},{"not_picked":["Worship","Crescendo","WaveOfTheHand"],"picked":"SKIP","floor":12},{"not_picked":["ClearTheMind","Conclude"],"picked":"Brilliance","floor":14}],"player_experience":620846,"relics_obtained":[{"floor":6,"key":"Blood Vial"},{"floor":8,"key":"Anchor"},{"floor":9,"key":"Simple Rune"},{"floor":14,"key":"Regal Pillow"},{"floor":15,"key":"Shuriken"}],"event_choices":[{"cards_removed":["Strike_P"],"damage_healed":0,"gold_gain":0,"player_choice":"Card Removal","damage_taken":7,"max_hp_gain":0,"max_hp_loss":0,"event_name":"Golden Wing","floor":10,"gold_loss":0},{"cards_removed":["Strike_P"],"damage_healed":0,"gold_gain":0,"player_choice":"Forget","damage_taken":0,"max_hp_gain":0,"max_hp_loss":0,"event_name":"Living Wall","floor":11,"gold_loss":0}],"is_beta":false,"boss_relics":[{"not_picked":["Painkiller Herb","Tiny House"],"picked":"SlaversCollar"}],"items_purged_floors":[13],"is_endless":false,"potions_floor_spawned":[3,5,6,8,14,16],"ascension_level":11}}