{"host":"50per11302020","time":1614415451,"event":{"mods":["AchievementEnabler","BaseMod","Colored Map","Minty Spire (QoL Compilation)","Relic Stats","StSLib"],"gold_per_floor":[144,189,189,102,147,147,237,237,262,361,361,415,120,120,120,438,438,492,492,546,600,654,654,504,504,513,603,603,702,117,171,171,489,489,543,597,130,148,148,148,75,84,93,93,243,243,277,331,331,340],"floor_reached":51,"language":"ENG","playtime":4275,"items_purged":["Defend_B"],"score":839,"play_id":"6394d6eb-3d7b-4b94-9948-f4e192b322b8","local_time":"20210227004411","daily_mods":["Cursed Run","Diverse","Midas"],"is_ascension_mode":false,"campfire_choices":[{"floor":6,"key":"REST"},{"floor":8,"key":"REST"},{"floor":11,"key":"REST"},{"floor":15,"key":"REST"},{"floor":23,"key":"REST"},{"floor":25,"key":"REST"},{"floor":28,"key":"REST"},{"floor":32,"key":"REST"},{"floor":40,"key":"REST"},{"floor":44,"key":"REST"},{"floor":46,"key":"REST"},{"floor":49,"key":"REST"}],"circlet_count":0,"master_deck":["Strike_B","Strike_B+1","Strike_B","Defend_B","Defend_B","Defend_B","Zap","Dualcast","Infernal Blade","Glacier","Backflip","Fasting2+1","Armaments","Dual Wield","Conclude","Writhe","Hemokinesis","Venomology","Gash","Writhe","Night Terror","CarveReality","Headbutt","Wallop","ThirdEye+1","Shame","Ghostly Armor+1","Reinforced Body","Heavy Blade","Doubt","Night Terror","Whirlwind+1","Fasting2+1","Apotheosis","Enlightenment","Blind","Panacea","Writhe","Doubt","Shame","Gash","Injury"],"relics":["Cursed Key","Darkstone Periapt","Du-Vu Doll","Matryoshka","Blood Vial","CeramicFish","Ancient Tea Set","Pantograph","Velvet Choker","Regal Pillow","Tiny Chest","StrikeDummy","Sundial","Lizard Tail","Sling","Toy Ornithopter","Anchor","Black Star","Ice Cream","Cables","TungstenRod","Potion Belt"],"acts_visited":["Exordium","TheCity","TheBeyond"],"potions_floor_usage":[10,16,20,21,21,21,21,22,27,29,31,31,31,31,33,33,35,36,45,45,50,50,50,50,50],"damage_taken":[{"damage":0,"enemies":"Small Slimes","floor":1,"turns":4},{"damage":0,"enemies":"Cultist","floor":2,"turns":4},{"damage":0,"enemies":"2 Louse","floor":5,"turns":2},{"damage":18,"enemies":"3 Sentries","floor":7,"turns":13},{"damage":20,"enemies":"Gremlin Nob","floor":10,"turns":5},{"damage":2,"enemies":"Large Slime","floor":12,"turns":4},{"damage":8,"enemies":"The Guardian","floor":16,"turns":10},{"damage":14,"enemies":"Spheric Guardian","floor":18,"turns":4},{"damage":9,"enemies":"Shell Parasite","floor":20,"turns":5},{"damage":18,"enemies":"Centurion and Healer","floor":21,"turns":5},{"damage":19,"enemies":"3 Cultists","floor":22,"turns":6},{"damage":15,"enemies":"Book of Stabbing","floor":27,"turns":4},{"damage":21,"enemies":"Gremlin Leader","floor":29,"turns":7},{"damage":18,"enemies":"Shelled Parasite and Fungi","floor":31,"turns":7},{"damage":6,"enemies":"Collector","floor":33,"turns":14},{"damage":16,"enemies":"3 Darklings","floor":35,"turns":6},{"damage":2,"enemies":"3 Shapes","floor":36,"turns":5},{"damage":2,"enemies":"Mind Bloom Boss Battle","floor":45,"turns":3},{"damage":0,"enemies":"3 Darklings","floor":48,"turns":2},{"damage":11,"enemies":"Awakened One","floor":50,"turns":13}],"seed_played":"-2463471341485849212","potions_obtained":[{"floor":1,"key":"BlessingOfTheForge"},{"floor":7,"key":"Swift Potion"},{"floor":10,"key":"Dexterity Potion"},{"floor":18,"key":"LiquidMemories"},{"floor":33,"key":"ColorlessPotion"},{"floor":36,"key":"SkillPotion"},{"floor":45,"key":"SteroidPotion"}],"is_trial":false,"path_per_floor":["M","M","?","$","M","R","E","R","T","E","R","M","$","?","R","B",null,"M","?","M","M","M","R","$","R","T","E","R","E","$","M","R","B",null,"M","M","$","?","$","R","$","?","T","R","?","R","T","M","R","B",null],"character_chosen":"DEFECT","items_purchased":["Fasting2","Armaments","Pantograph","Gash","Regal Pillow","Sling","Toy Ornithopter","Anchor","Reinforced Body","Ice Cream","Apotheosis","Panacea"],"campfire_rested":12,"item_purchase_floors":[4,4,13,13,24,30,30,30,30,37,37,41],"current_hp_per_floor":[75,75,75,75,75,75,57,75,81,61,81,79,79,63,81,79,87,73,73,66,50,33,59,59,87,93,78,93,72,72,76,93,93,99,83,88,88,78,78,99,99,105,111,111,109,111,117,117,117,122],"gold":340,"neow_bonus":"","is_daily":true,"chose_seed":false,"campfire_upgraded":0,"win_rate":0.0,"timestamp":1614415451,"path_taken":["M","M","?","$","M","R","E","R","T","E","R","M","$","?","R","BOSS","M","?","M","?","M","R","$","R","T","E","R","E","$","M","R","BOSS","M","M","$","?","$","R","$","?","T","R","?","R","?","?","R","BOSS"],"items_purchased_type":["Card","Card","Relic","Card","Relic","Relic","Relic","Relic","Card","Relic","Card","Card"],"build_version":"2020-12-18","purchased_purges":1,"victory":true,"max_hp_per_floor":[75,75,75,75,75,75,75,75,81,81,81,81,81,81,81,87,87,87,87,87,87,87,87,87,87,93,93,93,93,93,93,93,99,99,99,99,99,99,99,99,99,105,111,111,111,111,117,117,117,123],"relic_stats":{"Darkstone Periapt":48,"Regal Pillow":2,"counters":[20,123],"CeramicFish":234,"Cursed Key":4,"Cables":[13,0,11,2,0],"Blood Vial":10,"Lizard Tail":0,"Sundial":[4],"Pantograph":0,"Tiny Chest":1,"Black Star":0,"obtain_stats":[{"Darkstone Periapt":0,"Ice Cream":37,"Potion Belt":47,"Regal Pillow":24,"CeramicFish":9,"Velvet Choker":17,"Cursed Key":0,"Ancient Tea Set":10,"Sling":30,"Cables":43,"Du-Vu Doll":0,"Blood Vial":9,"Lizard Tail":29,"Anchor":30,"Matryoshka":7,"Sundial":27,"Pantograph":13,"Tiny Chest":26,"Black Star":34,"StrikeDummy":26,"Toy Ornithopter":30,"TungstenRod":45},{"Darkstone Periapt":0,"Ice Cream":17,"Potion Belt":18,"Regal Pillow":11,"CeramicFish":4,"Velvet Choker":7,"Cursed Key":0,"Ancient Tea Set":5,"Sling":13,"Cables":17,"Du-Vu Doll":0,"Blood Vial":4,"Lizard Tail":13,"Anchor":13,"Matryoshka":4,"Sundial":12,"Pantograph":6,"Tiny Chest":11,"Black Star":15,"StrikeDummy":11,"Toy Ornithopter":13,"TungstenRod":18},{"Darkstone Periapt":0,"Ice Cream":105,"Potion Belt":108,"Regal Pillow":62,"CeramicFish":23,"Velvet Choker":42,"Cursed Key":0,"Ancient Tea Set":28,"Sling":73,"Cables":105,"Du-Vu Doll":0,"Blood Vial":23,"Lizard Tail":73,"Anchor":73,"Matryoshka":23,"Sundial":66,"Pantograph":32,"Tiny Chest":62,"Black Star":94,"StrikeDummy":62,"Toy Ornithopter":73,"TungstenRod":108}],"Toy Ornithopter":35,"TungstenRod":5},"card_choices":[{"not_picked":["Slice","Catalyst"],"picked":"Infernal Blade","floor":1},{"not_picked":["PathToVictory","Poisoned Stab"],"picked":"Glacier","floor":2},{"not_picked":["Meditate","Deflect"],"picked":"Dual Wield","floor":5},{"not_picked":["Wallop","CutThroughFate"],"picked":"Conclude","floor":7},{"not_picked":["Storm","Force Field"],"picked":"Hemokinesis","floor":10},{"not_picked":["Evaluate","MentalFortress"],"picked":"Venomology","floor":12},{"not_picked":["Double Tap","Thunder Strike"],"picked":"Night Terror","floor":16},{"not_picked":["Aggregate","Study"],"picked":"CarveReality","floor":18},{"not_picked":["Melter","DeceiveReality"],"picked":"Headbutt","floor":20},{"not_picked":["BowlingBash","Bloodletting"],"picked":"Wallop","floor":21},{"not_picked":["FollowUp","FlurryOfBlows"],"picked":"ThirdEye+1","floor":22},{"not_picked":["Double Energy+1","Perfected Strike","Slice+1"],"picked":"SKIP","floor":27},{"not_picked":["Halt","Beam Cell+1"],"picked":"Ghostly Armor+1","floor":29},{"not_picked":["Thunder Strike","Entrench"],"picked":"Heavy Blade","floor":31},{"not_picked":["Amplify","Rainbow"],"picked":"Night Terror","floor":33},{"not_picked":["Flying Knee","Cleave+1"],"picked":"Whirlwind+1","floor":35},{"not_picked":["Cold Snap+1","Stack+1"],"picked":"Fasting2+1","floor":36},{"not_picked":["Secret Weapon","Deep Breath"],"picked":"Enlightenment","floor":38},{"not_picked":["Good Instincts","Dramatic Entrance"],"picked":"Blind","floor":38},{"not_picked":["Perfected Strike+1","ClearTheMind+1"],"picked":"Gash","floor":48}],"player_experience":478036,"relics_obtained":[{"floor":7,"key":"Matryoshka"},{"floor":9,"key":"Blood Vial"},{"floor":9,"key":"CeramicFish"},{"floor":10,"key":"Ancient Tea Set"},{"floor":26,"key":"Tiny Chest"},{"floor":26,"key":"StrikeDummy"},{"floor":27,"key":"Sundial"},{"floor":29,"key":"Lizard Tail"},{"floor":43,"key":"Cables"},{"floor":45,"key":"TungstenRod"},{"floor":47,"key":"Potion Belt"}],"event_choices":[{"damage_healed":0,"gold_gain":0,"cards_transformed":["Strike_B"],"player_choice":"Change","damage_taken":0,"max_hp_gain":0,"max_hp_loss":0,"event_name":"Living Wall","floor":3,"gold_loss":0,"cards_obtained":["Backflip"]},{"damage_healed":0,"gold_gain":0,"player_choice":"Entered Light","damage_taken":16,"max_hp_gain":0,"max_hp_loss":0,"event_name":"Shining Light","floor":14,"gold_loss":0,"cards_upgraded":["Fasting2","Strike_B"]},{"damage_healed":0,"gold_gain":0,"player_choice":"Ignored","damage_taken":0,"max_hp_gain":0,"max_hp_loss":0,"event_name":"Fountain of Cleansing","floor":19,"gold_loss":0},{"damage_healed":0,"gold_gain":0,"player_choice":"Memory 3","damage_taken":10,"max_hp_gain":0,"max_hp_loss":0,"event_name":"SensoryStone","floor":38,"gold_loss":0},{"damage_healed":25,"gold_gain":0,"player_choice":"Writhe","damage_taken":0,"max_hp_gain":0,"max_hp_loss":0,"event_name":"Winding Halls","floor":42,"gold_loss":0,"cards_obtained":["Writhe"]},{"damage_healed":0,"gold_gain":0,"player_choice":"Fight","damage_taken":0,"max_hp_gain":0,"max_hp_loss":0,"event_name":"MindBloom","floor":45,"gold_loss":0}],"is_beta":true,"boss_relics":[{"not_picked":["Coffee Dripper","Runic Dome"],"picked":"Velvet Choker"},{"not_picked":["Runic Pyramid","Busted Crown"],"picked":"Black Star"}],"items_purged_floors":[30],"is_endless":false,"potions_floor_spawned":[1,7,10,18,20,27,33,36,45],"ascension_level":0}}