{"host":"jsd6g3c2vo13e69c","time":1614417608,"event":{"mods":["2.2 Compatiblity","Act Like it!","BaseMod","Better Altar","Better Match","Better Note","Better Sensory Stone","Better Third Choice","BetterRewards","Colored Map","Colored Powertips","Downfall","Friendly Minions","GifTheSpireLib","Googly Eyes","Gremlin Mod","Hermit","Hubris","Infinite Spire","Melee Mod","Minty Spire (QoL Compilation)","Permanent Neow","Quick Restart","Random Character Button","Replay The Spire","Shop Mod","Spire Arcade","StSLib","The Cursed","The Disciple","The Forsaken","thorton"],"gold_per_floor":[299,316,327,337,337,372,372,391,291,306,406,406,406,422,442,539,539,539,555,565,580,594,494,494,644,657,557,557,573,542,542,559,658,658,658,716,727,727,745,745,745,780,780,780,780,795,795,815,828,828,828,828],"floor_reached":50,"language":"ENG","playtime":2883,"items_purged":[],"score":582,"play_id":"a8011179-559c-4f98-820f-f2462605c3fd","local_time":"20210227042008","is_ascension_mode":false,"campfire_choices":[{"data":"hexamod:Rewind","floor":9,"key":"SMITH"},{"data":"hexamod:Sear","floor":12,"key":"SMITH"},{"floor":18,"key":"RECALL"},{"data":"hexamod:GiftsFromTheDead","floor":23,"key":"SMITH"},{"data":"hexamod:Float","floor":27,"key":"SMITH"},{"data":"hexamod:ForkedFlame","floor":35,"key":"SMITH"},{"data":"hubris:InfiniteBlow+9","floor":45,"key":"SMITH"},{"data":"hubris:InfiniteBlow+10","floor":47,"key":"SMITH"}],"circlet_count":0,"master_deck":["hexamod:Strike","hexamod:Strike","hexamod:Defend","hexamod:Defend","hexamod:Defend","hexamod:Sear+1","hexamod:Float+1","hexamod:BacktrackSmack","hexamod:SwordOfDarkness","hexamod:Rewind+1","hexamod:SearingWound+1","hexamod:BacktrackSmack","hexamod:NightmareGuise","hexamod:GhostLash","hexamod:Firestarter","hexamod:NightmareGuise","hexamod:WildfireWeapon","hexamod:Firestarter","hexamod:GhostflameBarrier+1","hexamod:SwordOfDarkness","hexamod:GiftsFromTheDead+1","hexamod:RainOfEmbers","hexamod:SwordOfDarkness","hexamod:SuperheatedStrike+1","hexamod:ShieldOfDarkness","hexamod:ForkedFlame+1","hexamod:PowerFromBeyond+1","hexamod:ShieldOfDarkness","hexamod:ShieldOfDarkness+1","hexamod:BacktrackSmack+1","hubris:InfiniteBlow+11","hexamod:SwordOfDarkness","hexamod:BurningTouch+1","hubris:NaturalOne","hexamod:SuperheatedStrike","hexamod:SuperheatedStrike+1"],"relics":["hexamod:SpiritBrand","Ornamental Fan","downfall:HeartBlessingGreen","hubris:Icosahedron","downfall:HeartBlessingRed","downfall:HeartBlessingBlue","downfall:KnowingSkull","Honey Jar","infinitespire:BottledMercury","theForsaken:Lifeblossom","hubris:CuriousFeather"],"acts_visited":["Exordium","TheCity","TheBeyond"],"potions_floor_usage":[6,19,26,29,32,32,33,39,42,42,42,42,42,46,49,50,50,50,50,50],"damage_taken":[{"damage":0,"enemies":"Cultist","floor":2,"turns":3},{"damage":3,"enemies":"Small Slimes","floor":3,"turns":3},{"damage":0,"enemies":"2 Louse","floor":4,"turns":1},{"damage":9,"enemies":"Gremlin Nob","floor":6,"turns":4},{"damage":3,"enemies":"Blue Slaver","floor":8,"turns":3},{"damage":6,"enemies":"Exordium Wildlife","floor":10,"turns":3},{"damage":0,"enemies":"2 Fungi Beasts","floor":14,"turns":3},{"damage":1,"enemies":"3 Louse","floor":15,"turns":2},{"damage":7,"enemies":"SI_SHIV_ARCHETYPE","floor":16,"turns":5},{"damage":11,"enemies":"Spheric Guardian","floor":19,"turns":4},{"damage":29,"enemies":"downfall:LooterAlt2","floor":20,"turns":5},{"damage":3,"enemies":"Centurion and Healer","floor":21,"turns":4},{"damage":12,"enemies":"Sentry and Sphere","floor":22,"turns":7},{"damage":8,"enemies":"Shelled Parasite and Fungi","floor":26,"turns":5},{"damage":1,"enemies":"Centurion and Healer","floor":29,"turns":7},{"damage":7,"enemies":"Snake Plant","floor":30,"turns":3},{"damage":12,"enemies":"Shelled Parasite and Fungi","floor":32,"turns":5},{"damage":28,"enemies":"DF_ARCHETYPE_CLAW","floor":33,"turns":8},{"damage":21,"enemies":"Orb Walker","floor":36,"turns":3},{"damage":9,"enemies":"3 Shapes","floor":37,"turns":3},{"damage":7,"enemies":"Sphere and 2 Shapes","floor":39,"turns":5},{"damage":79,"enemies":"Giant Head","floor":42,"turns":9},{"damage":36,"enemies":"Transient","floor":46,"turns":5},{"damage":32,"enemies":"4 Shapes","floor":48,"turns":4},{"damage":6,"enemies":"Writhing Mass","floor":49,"turns":3},{"damage":116,"enemies":"IC_BLOCK_ARCHETYPE","floor":50,"turns":4}],"seed_played":"4320459690993814390","potions_obtained":[{"floor":4,"key":"Block Potion"},{"floor":10,"key":"CultistPotion"},{"floor":14,"key":"EntropicBrew"},{"floor":22,"key":"GamblersBrew"},{"floor":26,"key":"Flashbang"},{"floor":29,"key":"Block Potion"},{"floor":33,"key":"DuplicationPotion"},{"floor":39,"key":"SpeedPotion"},{"floor":48,"key":"BlessingOfTheForge"},{"floor":49,"key":"Energy Potion"}],"is_trial":false,"path_per_floor":["R_BF","M","M","M","?","E","T","M","R","M","?","R","?","M","M","B",null,"R_BF","M","M","M","M","R","T","?","M","R","?","M","M","?","M","B",null,"R","M","M","?","M","?","T","E","AVR","?","R","M","R","M","M","B"],"character_chosen":"THE_SPIRIT","items_purchased":[],"campfire_rested":0,"item_purchase_floors":[],"current_hp_per_floor":[49,49,46,46,46,37,37,34,34,28,28,28,28,28,27,63,70,70,59,30,27,15,15,15,15,7,17,10,9,2,2,68,40,80,80,59,50,50,43,43,43,1,1,1,1,44,44,18,18,0,0,0],"gold":828,"neow_bonus":"REMOVE_TWO","is_daily":false,"chose_seed":false,"campfire_upgraded":7,"win_rate":0.0,"timestamp":1614417608,"path_taken":["R_BF","M","M","M","?","E","T","M","R","M","?","R","?","M","M","BOSS","R_BF","M","M","M","M","R","T","?","M","R","?","M","M","?","M","BOSS","R","M","M","?","M","?","T","E","AVR","?","R","?","R","M","M","BOSS"],"items_purchased_type":[],"build_version":"2020-12-22","purchased_purges":0,"victory":false,"max_hp_per_floor":[70,70,70,70,70,70,70,70,70,70,70,70,70,70,70,70,70,70,70,70,70,70,70,70,70,70,80,80,80,80,80,80,80,80,80,80,80,80,80,80,80,80,80,80,80,80,80,80,80,80,80,80],"card_choices":[{"not_picked":["hexamod:FlamesFromBeyond","hexamod:BurningTouch"],"picked":"hexamod:BacktrackSmack","floor":2},{"not_picked":["hexamod:AdvancingGuard","hexamod:ShieldOfDarkness"],"picked":"hexamod:SwordOfDarkness","floor":3},{"not_picked":["hexamod:FlamesFromBeyond","hexamod:AdvancingGuard"],"picked":"hexamod:Rewind","floor":4},{"not_picked":["hexamod:HeatMetal","hexamod:UnlimitedPower"],"picked":"hexamod:BacktrackSmack","floor":6},{"not_picked":["hexamod:HeatMetal","hexamod:ThermalTransfer"],"picked":"hexamod:NightmareGuise","floor":8},{"not_picked":["hexamod:AdvancingGuard","hexamod:HeatMetal"],"picked":"hexamod:GhostLash","floor":10},{"not_picked":["hexamod:AdvancingGuard","hexamod:BurningTouch"],"picked":"hexamod:Firestarter","floor":14},{"not_picked":["hexamod:HauntingEcho","hexamod:HeatMetal"],"picked":"hexamod:NightmareGuise","floor":15},{"not_picked":["hexamod:GhostflameInferno","hexamod:UnlimitedPower"],"picked":"hexamod:WildfireWeapon","floor":16},{"not_picked":["hexamod:NecessarySacrifice","hexamod:FlamesFromBeyond"],"picked":"hexamod:Firestarter","floor":19},{"not_picked":["hexamod:CatchUp+1","hexamod:AdvancingGuard"],"picked":"hexamod:GhostflameBarrier+1","floor":20},{"not_picked":["hexamod:StepThrough","hexamod:FastForward"],"picked":"hexamod:SwordOfDarkness","floor":21},{"not_picked":["hexamod:BurningTouch","hexamod:ShieldOfDarkness"],"picked":"hexamod:GiftsFromTheDead","floor":22},{"not_picked":["hexamod:RadiantFlame+1","hexamod:Firestarter"],"picked":"hexamod:RainOfEmbers","floor":26},{"not_picked":["hexamod:BacktrackSmack","hexamod:SoulSteal"],"picked":"hexamod:SwordOfDarkness","floor":29},{"not_picked":["hexamod:UnlimitedPower","hexamod:GhostShield"],"picked":"hexamod:SuperheatedStrike","floor":30},{"not_picked":["hexamod:NightmareGuise","hexamod:BurningTouch+1"],"picked":"hexamod:ShieldOfDarkness","floor":32},{"not_picked":["hexamod:HexaLevel","hexamod:SearingWound"],"picked":"hexamod:ForkedFlame","floor":33},{"not_picked":["hexamod:AdvancingGuard+1","hexamod:ThermalTransfer+1","hexamod:ChargedBarrage"],"picked":"hexamod:PowerFromBeyond+1","floor":36},{"not_picked":["hexamod:RainOfEmbers+1","hexamod:SwordOfDarkness","hexamod:InspiringFlames+1"],"picked":"hexamod:ShieldOfDarkness","floor":37},{"not_picked":["hexamod:BacktrackSmack","hexamod:NecessarySacrifice+1","hexamod:ExtraCrispy"],"picked":"hexamod:ShieldOfDarkness+1","floor":39},{"not_picked":["hexamod:GhostShield+1","hexamod:FastForward+1","hexamod:NightmareStrike"],"picked":"hexamod:BacktrackSmack+1","floor":42},{"not_picked":["hexamod:EmpoweredFlame+1","hexamod:FifthSeal","hexamod:BacktrackSmack+1"],"picked":"hexamod:BurningTouch+1","floor":46},{"not_picked":["hexamod:AdvancingGuard+1","hexamod:FirstSeal","hexamod:GhostShield"],"picked":"hexamod:SuperheatedStrike","floor":48},{"not_picked":["hexamod:HeatMetal","hexamod:RadiantFlame","hexamod:SpectersWail"],"picked":"hexamod:SuperheatedStrike+1","floor":49}],"player_experience":516283,"relics_obtained":[{"floor":6,"key":"Letter Opener"},{"floor":7,"key":"Ornamental Fan"},{"floor":41,"key":"infinitespire:BottledMercury"},{"floor":42,"key":"theForsaken:Lifeblossom"}],"event_choices":[{"damage_healed":0,"gold_gain":0,"player_choice":"Forge","damage_taken":0,"max_hp_gain":0,"max_hp_loss":0,"event_name":"Accursed Blacksmith","floor":31,"gold_loss":0,"cards_upgraded":["hexamod:SuperheatedStrike"]},{"cards_removed":["hubris:InfiniteBlow"],"damage_healed":0,"gold_gain":0,"player_choice":"Take \u0026 Give","damage_taken":0,"max_hp_gain":0,"max_hp_loss":0,"event_name":"betterNote:BetterNote","floor":44,"gold_loss":0,"cards_obtained":["hexamod:SwordOfDarkness"]}],"is_beta":false,"boss_relics":[{"not_picked":["ChewingGum","Replay:Wanted Poster","Busted Crown"]},{"not_picked":["hubris:CrackedHourglass","hexamod:UnbrokenSoul"],"picked":"Honey Jar"}],"items_purged_floors":[],"is_endless":false,"potions_floor_spawned":[4,10,14,16,22,26,29,33,39,48,49],"killed_by":"IC_BLOCK_ARCHETYPE","ascension_level":0}}