{"host":"0kk91h4bq4kgfj0u","time":1614443886,"event":{"mods":["BaseMod","Bestiary","Block Reminder","Colored Map","Colored Powertips","Curses Come First","Highlight Path","Minty Spire (QoL Compilation)","Relic Stats","StSLib"],"gold_per_floor":[110,110,110,120,131,164,164,179,253,279,294,294,121,121,121,221,221,234,214,227,1,11,11,45,73,85,97,140,152,89,112,124,235,297,326,352,150,200,271,271,271],"floor_reached":40,"language":"ENG","playtime":1317,"items_purged":[],"score":543,"play_id":"5372ab98-6278-433d-a3aa-5923e32b01af","local_time":"20210227113806","is_ascension_mode":true,"campfire_choices":[{"floor":7,"key":"REST"},{"floor":12,"key":"REST"},{"floor":15,"key":"REST"},{"floor":23,"key":"REST"},{"floor":27,"key":"REST"},{"floor":32,"key":"REST"}],"circlet_count":0,"master_deck":["Strike_B","Strike_B","Defend_B","Defend_B","Defend_B","Zap+1","Dualcast","Stack","Ball Lightning","Genetic Algorithm","Gash","Lockon","Go for the Eyes","Leap","Turbo","Conserve Battery","Electrodynamics","Redo","Barrage","Capacitor","Conserve Battery+1","Ball Lightning+1","White Noise+1","Aggregate","Core Surge","Streamline+1","Cold Snap","Hello World","Capacitor"],"relics":["Cracked Core","StoneCalendar","HornCleat","Potion Belt","Omamori","Nuclear Battery","Pen Nib","MawBank","Anchor","Akabeko","Tiny House","Ancient Tea Set","CaptainsWheel"],"acts_visited":["Exordium","TheCity","TheBeyond"],"potions_floor_usage":[10,28,33,33,40,40,40],"damage_taken":[{"damage":0,"enemies":"Small Slimes","floor":1,"turns":2},{"damage":7,"enemies":"Jaw Worm","floor":4,"turns":3},{"damage":0,"enemies":"Cultist","floor":5,"turns":2},{"damage":35,"enemies":"Gremlin Nob","floor":6,"turns":4},{"damage":12,"enemies":"Blue Slaver","floor":8,"turns":3},{"damage":22,"enemies":"3 Sentries","floor":10,"turns":7},{"damage":5,"enemies":"Red Slaver","floor":11,"turns":3},{"damage":44,"enemies":"Slime Boss","floor":16,"turns":7},{"damage":12,"enemies":"Chosen","floor":18,"turns":4},{"damage":9,"enemies":"3 Byrds","floor":20,"turns":3},{"damage":11,"enemies":"Sentry and Sphere","floor":22,"turns":4},{"damage":29,"enemies":"Slavers","floor":24,"turns":5},{"damage":13,"enemies":"3 Cultists","floor":25,"turns":5},{"damage":30,"enemies":"Book of Stabbing","floor":28,"turns":6},{"damage":9,"enemies":"Cultist and Chosen","floor":31,"turns":5},{"damage":46,"enemies":"Collector","floor":33,"turns":9},{"damage":3,"enemies":"3 Shapes","floor":35,"turns":3},{"damage":0,"enemies":"Orb Walker","floor":36,"turns":4},{"damage":0,"enemies":"Mind Bloom Boss Battle","floor":38,"turns":4},{"damage":88,"enemies":"Giant Head","floor":40,"turns":7}],"seed_played":"-1927287915951151340","potions_obtained":[{"floor":4,"key":"SteroidPotion"},{"floor":6,"key":"Energy Potion"},{"floor":8,"key":"SkillPotion"},{"floor":10,"key":"LiquidMemories"},{"floor":16,"key":"Explosive Potion"},{"floor":19,"key":"Block Potion"},{"floor":28,"key":"BlessingOfTheForge"},{"floor":33,"key":"Fire Potion"},{"floor":34,"key":"DistilledChaos"},{"floor":38,"key":"AttackPotion"}],"is_trial":false,"path_per_floor":["M","?","?","M","M","E","R","M","T","E","M","R","$","?","R","B",null,"M","?","M","$","M","R","E","M","T","R","E","?","?","M","R","B",null,"M","M","$","?","T","E"],"character_chosen":"DEFECT","items_purchased":["Omamori","Conserve Battery","Capacitor","Pen Nib","Ancient Tea Set","Hello World"],"campfire_rested":6,"item_purchase_floors":[13,13,21,21,37,37],"current_hp_per_floor":[75,80,80,73,73,38,62,50,50,28,23,47,47,47,71,27,67,55,55,46,46,35,59,30,17,17,41,11,37,37,28,52,6,67,64,64,64,64,64,0,0],"gold":271,"neow_bonus":"TRANSFORM_CARD","is_daily":false,"chose_seed":false,"campfire_upgraded":0,"win_rate":0.0,"timestamp":1614443886,"path_taken":["M","?","?","?","M","E","R","M","T","E","M","R","$","?","R","BOSS","M","?","M","$","?","R","E","M","T","R","E","?","?","M","R","BOSS","M","M","$","?","?","E"],"items_purchased_type":["Relic","Card","Card","Relic","Relic","Card"],"build_version":"2020-12-22","purchased_purges":0,"victory":false,"max_hp_per_floor":[75,80,80,80,80,80,80,80,80,80,80,80,80,80,80,80,80,80,80,80,80,80,80,80,80,80,80,80,80,80,80,80,80,85,85,85,85,85,85,85,85],"relic_stats":{"counters":[20,90],"StoneCalendar":[198],"Pen Nib":[9],"MawBank":156,"obtain_stats":[{"Potion Belt":10,"Tiny House":34,"StoneCalendar":6,"Pen Nib":21,"Omamori":13,"MawBank":24,"Ancient Tea Set":37,"Akabeko":28,"Nuclear Battery":17,"Anchor":26,"CaptainsWheel":38,"HornCleat":9,"Cracked Core":0},{"Potion Belt":6,"Tiny House":16,"StoneCalendar":4,"Pen Nib":10,"Omamori":7,"MawBank":12,"Ancient Tea Set":18,"Akabeko":14,"Nuclear Battery":8,"Anchor":13,"CaptainsWheel":19,"HornCleat":5,"Cracked Core":0},{"Potion Belt":21,"Tiny House":72,"StoneCalendar":11,"Pen Nib":38,"Omamori":24,"MawBank":47,"Ancient Tea Set":79,"Akabeko":58,"Nuclear Battery":31,"Anchor":52,"CaptainsWheel":83,"HornCleat":14,"Cracked Core":0}]},"card_choices":[{"not_picked":["Undo","Go for the Eyes"],"picked":"Ball Lightning","floor":1},{"not_picked":["Lockon","Turbo"],"picked":"Genetic Algorithm","floor":4},{"not_picked":["Rebound","Doom and Gloom"],"picked":"Gash","floor":5},{"not_picked":["White Noise","Storm"],"picked":"Lockon","floor":6},{"not_picked":["Amplify","Fusion"],"picked":"Go for the Eyes","floor":8},{"not_picked":["Blizzard","Scrape"],"picked":"Leap","floor":10},{"not_picked":["Coolheaded","Barrage"],"picked":"Turbo","floor":11},{"not_picked":["Machine Learning","Core Surge"],"picked":"Electrodynamics","floor":16},{"not_picked":["Self Repair","Reinforced Body"],"picked":"Redo","floor":18},{"not_picked":["Redo","Chill"],"picked":"Barrage","floor":20},{"not_picked":["Stack","Fusion"],"picked":"Conserve Battery+1","floor":22},{"not_picked":["Leap","Steam","Conserve Battery"],"picked":"SKIP","floor":24},{"not_picked":["Rip and Tear","Beam Cell"],"picked":"Ball Lightning","floor":25},{"not_picked":["Gash","Coolheaded"],"picked":"White Noise+1","floor":28},{"not_picked":["Self Repair","Melter"],"picked":"Aggregate","floor":31},{"not_picked":["Fission","Hyperbeam"],"picked":"Core Surge","floor":33},{"not_picked":["Lockon+1","Steam Power+1"],"picked":"Streamline+1","floor":34},{"not_picked":["Aggregate","Steam Power","Blizzard+1"],"picked":"SKIP","floor":35},{"not_picked":["Coolheaded","Steam+1"],"picked":"Cold Snap","floor":36},{"not_picked":["Redo","Stack"],"picked":"Capacitor","floor":38}],"player_experience":936085,"relics_obtained":[{"floor":6,"key":"StoneCalendar"},{"floor":9,"key":"HornCleat"},{"floor":10,"key":"Potion Belt"},{"floor":24,"key":"MawBank"},{"floor":26,"key":"Anchor"},{"floor":28,"key":"Akabeko"},{"floor":38,"key":"CaptainsWheel"}],"event_choices":[{"damage_healed":0,"gold_gain":0,"player_choice":"Donut","damage_taken":0,"max_hp_gain":5,"max_hp_loss":0,"event_name":"Big Fish","floor":2,"gold_loss":0},{"cards_removed":["Defend_B"],"damage_healed":0,"gold_gain":0,"player_choice":"Offered Basic","damage_taken":0,"max_hp_gain":0,"max_hp_loss":0,"event_name":"Bonfire Elementals","floor":3,"gold_loss":0},{"damage_healed":0,"gold_gain":0,"player_choice":"Grow","damage_taken":0,"max_hp_gain":0,"max_hp_loss":0,"event_name":"Living Wall","floor":14,"gold_loss":0,"cards_upgraded":["Zap"]},{"damage_healed":0,"gold_gain":0,"player_choice":"Bought 1 Potion","damage_taken":0,"max_hp_gain":0,"max_hp_loss":0,"event_name":"The Woman in Blue","floor":19,"gold_loss":0},{"damage_healed":26,"gold_gain":0,"player_choice":"Heal","damage_taken":0,"max_hp_gain":0,"max_hp_loss":0,"event_name":"The Library","floor":29,"gold_loss":0},{"cards_removed":["Strike_B"],"damage_healed":0,"gold_gain":0,"player_choice":"Gave Gold","damage_taken":0,"max_hp_gain":0,"max_hp_loss":0,"event_name":"Beggar","floor":30,"gold_loss":75},{"damage_healed":0,"gold_gain":0,"player_choice":"Fight","damage_taken":0,"max_hp_gain":0,"max_hp_loss":0,"event_name":"MindBloom","floor":38,"gold_loss":0}],"is_beta":false,"boss_relics":[{"not_picked":["Velvet Choker","Philosopher\u0027s Stone"],"picked":"Nuclear Battery"},{"not_picked":["Busted Crown","Astrolabe"],"picked":"Tiny House"}],"items_purged_floors":[],"is_endless":false,"potions_floor_spawned":[4,6,8,10,16,22,25,28,31,33,36,38],"killed_by":"Giant Head","ascension_level":5}}