{"host":"ur8591ivwt16uwtw","time":1614431033,"event":{"mods":["BaseMod","Hubris","Minty Spire (QoL Compilation)","Rare Cards Sparkle","Replay The Spire","StSLib","The Disciple","The Necromancer","The Runesmith","The Servant 0.9.4"],"gold_per_floor":[109,122,122,135,149,149,179,198,222,255,255,255,80,110,110,145,145,244,344,364,364,382,394,413,444,444,472,472,472,482,512,512,527,527,631,631,647,666,340,357,374,428,328,357,405,405,418,418,450,500,500,500],"floor_reached":53,"language":"ENG","playtime":3444,"items_purged":["Strike_W"],"score":1191,"play_id":"23a05546-c109-451e-9d91-b5849cb77b96","local_time":"20210227140353","is_ascension_mode":true,"campfire_choices":[{"data":"Requiem","floor":6,"key":"SMITH"},{"data":"Negative_Energy_Mist","floor":15,"key":"SMITH"},{"data":"Negative_Energy_Arrows","floor":17,"key":"SMITH"},{"data":"Siphon_Strength","floor":26,"key":"SMITH"},{"data":"Negative_Energy_Sphere","floor":29,"key":"SMITH"},{"data":"Strike_W","floor":34,"key":"PURGE"},{"data":"Violent_Necrosis","floor":46,"key":"SMITH"},{"data":"Violent_Necrosis","floor":48,"key":"SMITH"},{"floor":51,"key":"DIG"}],"circlet_count":0,"master_deck":["Defend_W","Defend_W","Defend_W","Defend_W","Negative_Energy_Arrows+1","Bone_Wall","Negative_Energy_Mist+1","Corrupt+1","Requiem+1","Negative_Energy_Burst","Negative_Energy_Javelin","Siphon_Strength+1","Uncharnel+1","Negative_Energy_Shield","Necrotic_Claws","Plague_Bolt","Violent_Necrosis+1","hubris:DuctTapeCard","Violent_Necrosis+1","Negative_Energy_Shield","Siphon_Strength+1","Summon_Death_Knight+1"],"relics":["Vampire_Amulet","Bronze Scales","hubris:OldNail","Question Card","hubris:HerbalPaste","Pantograph","PreservedInsect","Replay:Wanted Poster","Runesmith:Nanobots","hubris:TenFootPole","Bird Faced Urn","Velvet Choker","hubris:DuctTape","Pocketwatch","Frozen Egg 2","Juzu Bracelet","Ginger","Gambling Chip","Thread and Needle"],"acts_visited":["Exordium","TheCity","TheBeyond"],"potions_floor_usage":[7,10,14,16,25,27,52],"damage_taken":[{"damage":6,"enemies":"2 Louse","floor":1,"turns":3},{"damage":0,"enemies":"Jaw Worm","floor":2,"turns":5},{"damage":11,"enemies":"Small Slimes","floor":4,"turns":5},{"damage":7,"enemies":"Blue Slaver","floor":5,"turns":6},{"damage":37,"enemies":"3 Sentries","floor":7,"turns":12},{"damage":3,"enemies":"Exordium Wildlife","floor":8,"turns":3},{"damage":20,"enemies":"Lagavulin","floor":10,"turns":9},{"damage":13,"enemies":"3 Sentries","floor":14,"turns":3},{"damage":18,"enemies":"Lagavulin","floor":16,"turns":6},{"damage":54,"enemies":"Fading Forest","floor":18,"turns":11},{"damage":5,"enemies":"Shell Parasite","floor":20,"turns":5},{"damage":0,"enemies":"3 Byrds","floor":22,"turns":3},{"damage":12,"enemies":"Snake Plant","floor":23,"turns":4},{"damage":26,"enemies":"Centurion and Healer","floor":24,"turns":10},{"damage":2,"enemies":"Book of Stabbing","floor":25,"turns":3},{"damage":10,"enemies":"Gremlin Leader","floor":27,"turns":3},{"damage":13,"enemies":"Sentry and Sphere","floor":30,"turns":4},{"damage":3,"enemies":"Slavers","floor":31,"turns":2},{"damage":0,"enemies":"Cultist and Chosen","floor":33,"turns":4},{"damage":17,"enemies":"Pondfish","floor":35,"turns":7},{"damage":9,"enemies":"3 Shapes","floor":37,"turns":6},{"damage":5,"enemies":"Orb Walker","floor":38,"turns":3},{"damage":8,"enemies":"Sphere and 2 Shapes","floor":40,"turns":3},{"damage":31,"enemies":"Transient","floor":41,"turns":5},{"damage":4,"enemies":"R_Hoarder","floor":42,"turns":5},{"damage":2,"enemies":"Giant Head","floor":44,"turns":5},{"damage":6,"enemies":"4 Shapes","floor":47,"turns":4},{"damage":6,"enemies":"Reptomancer","floor":49,"turns":2},{"damage":12,"enemies":"Mind Bloom Boss Battle","floor":50,"turns":4},{"damage":6,"enemies":"Time Eater","floor":52,"turns":6}],"seed_played":"-3550491653745071718","potions_obtained":[{"floor":5,"key":"LiquidMemories"},{"floor":7,"key":"SteroidPotion"},{"floor":8,"key":"SkillPotion"},{"floor":14,"key":"AttackPotion"},{"floor":18,"key":"LiquidMemories"},{"floor":23,"key":"FairyPotion"},{"floor":24,"key":"FearPotion"},{"floor":25,"key":"Languid Potion"},{"floor":30,"key":"Weak Potion"},{"floor":37,"key":"DuplicationPotion"},{"floor":40,"key":"PowerPotion"}],"is_trial":false,"path_per_floor":["M","M","?","M","M","R","E","M","T","E","PTL","PTL","$","E","R","E","R","B",null,"M","?","M","M","M","E","R","E","T","R","M","E","?","M","R","B",null,"M","M","$","M","M","E","NS","E","T","R","M","R","E","?","R","B",null],"character_chosen":"NECROMANCER","items_purchased":["hubris:HerbalPaste","Negative_Energy_Javelin","hubris:DuctTape"],"campfire_rested":0,"item_purchase_floors":[13,13,39],"current_hp_per_floor":[80,82,82,75,70,70,39,40,40,22,22,22,22,20,20,10,10,15,82,79,79,82,73,57,63,63,64,64,64,61,67,67,77,77,70,82,77,79,79,76,53,57,57,63,63,63,71,71,78,73,73,82],"gold":500,"neow_bonus":"TEN_PERCENT_HP_BONUS","is_daily":false,"chose_seed":false,"campfire_upgraded":7,"win_rate":0.0,"timestamp":1614431033,"path_taken":["M","M","?","M","M","R","E","M","T","E","PTL","PTL","$","E","R","E","R","BOSS","M","?","M","M","M","E","R","E","T","R","M","E","?","M","R","BOSS","M","M","$","M","M","E","NS","E","T","R","M","R","E","?","R","BOSS"],"items_purchased_type":["Relic","Card","Relic"],"build_version":"2020-12-22","purchased_purges":1,"victory":true,"max_hp_per_floor":[82,82,82,82,82,82,82,82,82,82,82,82,82,82,82,82,82,82,82,82,82,82,82,82,82,82,82,82,82,82,82,82,82,82,82,82,82,82,82,82,82,82,82,82,82,82,82,82,82,82,82,82],"card_choices":[{"not_picked":["Scare","Toxic_Smoke_Screen"],"picked":"Negative_Energy_Mist","floor":1},{"not_picked":["Bone_Armor","Finger_Of_Death"],"picked":"Corrupt","floor":2},{"not_picked":["Death_March_Dance","Finger_Of_Death"],"picked":"Requiem","floor":4},{"not_picked":["Chill_Blood","Life_Drain","Summon_Lich"],"picked":"SKIP","floor":5},{"not_picked":["Toxic_Smoke_Screen","Bone_Shift","Death_March_Dance"],"picked":"SKIP","floor":7},{"not_picked":["Bones_to_Steel","Blood_Magic","Strike_from_Beyond"],"picked":"SKIP","floor":8},{"not_picked":["Life_Tap","Corrupt"],"picked":"Negative_Energy_Burst","floor":10},{"not_picked":["Bones_to_Steel","Bone_Spikes","Summon_Vampire_Lady"],"picked":"Siphon_Strength","floor":14},{"not_picked":["Death_March_Dance","Stop_Heart","Thousand_Bone_Knives","Bone_Spikes"],"picked":"SKIP","floor":16},{"not_picked":["Shackles_Of_Pain","Blood_Shield","Blood_Whip"],"picked":"Negative_Energy_Sphere","floor":20},{"not_picked":["Bone_Shift","Life_Tap","Blood_Curse"],"picked":"Uncharnel+1","floor":22},{"not_picked":["Life_Drain","Finger_Of_Death+1","Blood_for_Blood","Death_March_Dance"],"picked":"SKIP","floor":23},{"not_picked":["Summon_Lich","Consume_Illness","Bone_Bullets"],"picked":"Negative_Energy_Shield","floor":24},{"not_picked":["Bone_Spikes","Blood_Whip","Shade_Step","Vampiric_Strike+1"],"picked":"SKIP","floor":25},{"not_picked":["Corrupt","Bone_Prison+1","Deaths_Shadow+1","Reap_The_Weak"],"picked":"SKIP","floor":27},{"not_picked":["Negative_Energy_Mist","Negative_Energy_Javelin","Bones_to_Steel"],"picked":"Negative_Energy_Sphere+1","floor":30},{"not_picked":["Consume_Illness","Blood_Whip+1","Slay_Living","Vampiric_Strike"],"picked":"SKIP","floor":31},{"not_picked":["Toxic_Smoke_Screen","Blood_Magic","Bone_Shift+1"],"picked":"Violent_Necrosis","floor":33},{"not_picked":["Deaths_Shadow","Death_March_Dance+1","Bone_Armor+1","Vampiric_Strike+1"],"picked":"SKIP","floor":37},{"not_picked":["Blood_Is_Power","Bone_Spikes","Flesh_Made_Foul+1","Vampiric_Strike"],"picked":"SKIP","floor":38},{"not_picked":["Death_March_Dance","Necromantic_Selection+1","Vampiric_Strike+1"],"picked":"Negative_Energy_Mist+1","floor":40},{"not_picked":["Death_Coil","Shackles_Of_Pain","Negative_Energy_Burst"],"picked":"Acid_Javelin+1","floor":41},{"not_picked":["Death_Coil","Negative_Energy_Sphere","Reap_The_Weak"],"picked":"Violent_Necrosis","floor":42},{"not_picked":["Bone_Spikes+1","Blood_for_Blood+1","Epidemic"],"picked":"Negative_Energy_Shield","floor":44},{"not_picked":["Bone_Spikes+1","Death_Knell+1","Bones_to_Steel","Summon_Undead_Army+1"],"picked":"SKIP","floor":47},{"not_picked":["Summon_Lich+1","Life_Drain+1","Toxic_Smoke_Screen"],"picked":"Siphon_Strength+1","floor":49},{"not_picked":["Blood_Curse+1","Chill_Blood","Bone_Spikes"],"picked":"Summon_Death_Knight+1","floor":50}],"player_experience":2359446,"relics_obtained":[{"floor":7,"key":"Bronze Scales"},{"floor":9,"key":"hubris:OldNail"},{"floor":10,"key":"Question Card"},{"floor":14,"key":"Pantograph"},{"floor":16,"key":"PreservedInsect"},{"floor":25,"key":"Runesmith:Nanobots"},{"floor":27,"key":"hubris:TenFootPole"},{"floor":31,"key":"Bird Faced Urn"},{"floor":42,"key":"Pocketwatch"},{"floor":44,"key":"Frozen Egg 2"},{"floor":45,"key":"Juzu Bracelet"},{"floor":49,"key":"Ginger"},{"floor":50,"key":"Gambling Chip"},{"floor":51,"key":"Thread and Needle"}],"event_choices":[{"damage_healed":0,"gold_gain":0,"player_choice":"Ignored","damage_taken":0,"max_hp_gain":0,"max_hp_loss":0,"event_name":"Vampires","floor":21,"gold_loss":0},{"damage_healed":0,"gold_gain":0,"cards_transformed":["Strike_W","Strike_W"],"player_choice":"Became Test Subject","damage_taken":0,"max_hp_gain":0,"max_hp_loss":0,"event_name":"Drug Dealer","floor":32,"gold_loss":0,"cards_obtained":["Necrotic_Claws","Plague_Bolt"]},{"damage_healed":0,"gold_gain":0,"player_choice":"Fight","damage_taken":0,"max_hp_gain":0,"max_hp_loss":0,"event_name":"MindBloom","floor":50,"gold_loss":0}],"is_beta":false,"boss_relics":[{"not_picked":["hubris:CrackedHourglass","Coffee Dripper"],"picked":"Replay:Wanted Poster"},{"not_picked":["hubris:GrandSneckoEye","Replay:Ancient Bell"],"picked":"Velvet Choker"}],"items_purged_floors":[39],"is_endless":false,"potions_floor_spawned":[5,7,8,14,18,23,24,25,30,35,37,38,40,49],"ascension_level":2}}