{"host":"5wilga4482d891pp","time":1614413227,"event":{"mods":["100% Spire Juice","2.2 Compatiblity","A Magickal Journey","AchievementEnabler","Act Like it!","Arknights","Aspiration","Bartender","BaseMod","Better Note","Better Third Choice","CapriCore","Chen","Conspire","Downfall","Elementarium","Energized Spire","Gensokyo","GungeonMod","Hallownest","Hermit","Hubris","Jorbs\u0027s Wanderer Trilogy","KinomotoSakuraMod(木之本?)","Koishi","Lobotomy","LobotomyExtend","Luminous","Marisa（霧雨　魔理沙）","Marked Mod","Minty Spire (QoL Compilation)","Pale of the Ancients","Prisma Mod","Railgun Mod","Reimu（博??梦）","Reliquary","Replay The Spire","Ruina","RumiaBox-露米?的神秘盒子","Shade Mod","Shapeshifter Mod","StSLib","The Administrix","The Alterego","The Animator","The Bug Knight","The Construct","The Cursed","The Gatherer","The Immortal","The IronCluck","The Wild Card","TheBandit","TheFirefly","TheSwordswoman","TheVacant","Uncapped","UnlockEverythingMod","WarShipGirlsR/??少女R mod","Yakumo Yukari mod","Yuyuko"],"gold_per_floor":[118,133,133,233,233,260,273,133,156,156,18,29,46,61,61,61,61],"floor_reached":16,"language":"ENG","playtime":4065,"items_purged":[],"score":127,"play_id":"18cd2acc-5f86-45b0-b7fc-a25ff18d8657","local_time":"20210227020707","is_ascension_mode":false,"campfire_choices":[{"data":"hermit:FromBeyond","floor":10,"key":"SMITH"},{"data":"hermit:Determination","floor":10,"key":"SMITH"},{"floor":15,"key":"REST"}],"circlet_count":0,"master_deck":["hermit:Strike_Hermit","hermit:Strike_Hermit","hermit:Strike_Hermit","hermit:Strike_Hermit","hermit:Defend_Hermit","hermit:Defend_Hermit","hermit:Defend_Hermit","hermit:Defend_Hermit","hermit:Snapshot","hermit:Covet","OldLady","hermit:FlashPowder","ShyLook","hermit:Determination+1","Clumsy","DespairKnight","hermit:FromBeyond+1","UniverseFragment","Pain","Alriune","hermit:Virtue","Scorched","hermit:BigShot","MHz","hermit:Snipe"],"relics":["hermit:Momento","CogitoBucket","LetterFromLob","Gensokyo:NagashiBinaDoll","hubris:ToyBattleship","Replay:Arrowhead","aspiration:HiddenCompartment","ReplayTheSpireMod:CursedCoin","Sling","ChangeAnything"],"acts_visited":["Gensokyo:Gensokyo"],"potions_floor_usage":[12,14,14],"damage_taken":[{"damage":16,"enemies":"Gensokyo:Gryphon","floor":1,"turns":4},{"damage":0,"enemies":"Gensokyo:3_Fairies","floor":2,"turns":4},{"damage":0,"enemies":"Gensokyo:Cirno","floor":6,"turns":9},{"damage":0,"enemies":"Gensokyo:2_Kodama","floor":7,"turns":3},{"damage":12,"enemies":"Gensokyo:5_Fairies","floor":12,"turns":6},{"damage":59,"enemies":"Gensokyo:2_Rabbits","floor":13,"turns":5},{"damage":0,"enemies":"Gensokyo:3_Kodama","floor":14,"turns":2},{"damage":27,"enemies":"Gensokyo:Kokoro","floor":16,"turns":9}],"seed_played":"1410182619183153884","potions_obtained":[{"floor":2,"key":"sneckomod:MuddlingPotion"},{"floor":12,"key":"champ:CounterPotion"},{"floor":13,"key":"DistilledChaos"}],"is_trial":false,"path_per_floor":["M","M","?","?","?","E","M","?","T","R","COS","M","M","M","R","B"],"character_chosen":"HERMIT","items_purchased":[],"campfire_rested":1,"item_purchase_floors":[],"current_hp_per_floor":[59,59,59,59,75,75,75,75,75,75,75,63,4,4,26,0,0],"gold":61,"neow_bonus":"","is_daily":false,"chose_seed":false,"campfire_upgraded":2,"win_rate":0.0,"timestamp":1614413227,"path_taken":["M","M","?","?","?","E","M","?","T","R","COS","M","M","M","R","BOSS"],"items_purchased_type":[],"build_version":"2020-12-22","purchased_purges":0,"victory":false,"max_hp_per_floor":[75,75,75,75,75,75,75,75,75,75,75,75,75,75,75,75,75],"card_choices":[{"not_picked":["CrumblingArmor","BlackSwan"],"picked":"OldLady","floor":1},{"not_picked":["hermit:Desperado","hermit:WideOpen"],"picked":"hermit:FlashPowder","floor":1},{"not_picked":["Scarecrow","BeautyBeast"],"picked":"ShyLook","floor":2},{"not_picked":["hermit:TakeAim","hermit:Scavenge"],"picked":"hermit:Determination","floor":2},{"not_picked":["Yin","SnowQueen"],"picked":"DespairKnight","floor":6},{"not_picked":["hermit:ShadowCloak","hermit:Shortfuse"],"picked":"hermit:FromBeyond","floor":6},{"not_picked":["FairyFestival","Variant"],"picked":"UniverseFragment","floor":7},{"not_picked":["hermit:Quickdraw","hermit:BodyArmor"],"picked":"hermit:GoldenBullet","floor":7},{"not_picked":["FairyFestival","LittleHelper"],"picked":"Alriune","floor":12},{"not_picked":["hermit:LowProfile","hermit:HighCaliber"],"picked":"hermit:Virtue","floor":12},{"not_picked":["MeatLantern","FairyFestival"],"picked":"Scorched","floor":13},{"not_picked":["hermit:Feint","hermit:CalledShot"],"picked":"hermit:BigShot","floor":13},{"not_picked":["WallGazer","Wellcheers"],"picked":"MHz","floor":14},{"not_picked":["hermit:LuckOfTheDraw","hermit:LoneWolf"],"picked":"hermit:Snipe","floor":14}],"player_experience":122711,"relics_obtained":[{"floor":1,"key":"LetterFromLob"},{"floor":6,"key":"hubris:ToyBattleship"},{"floor":9,"key":"aspiration:HiddenCompartment"}],"event_choices":[],"is_beta":false,"boss_relics":[],"items_purged_floors":[],"is_endless":false,"potions_floor_spawned":[2,12,13],"killed_by":"Gensokyo:Kokoro","ascension_level":0}}