{"host":"miumiu","time":1614400685,"event":{"mods":["BaseMod","Minty Spire (QoL Compilation)","Shop Mod","StSLib"],"gold_per_floor":[116,116,116,136,147,181,181,196,219,219,250,261,276,294,294,397,397,412,412,214,227,244,244,244],"floor_reached":23,"language":"ENG","playtime":1330,"items_purged":["Strike_R"],"score":246,"play_id":"02550c89-0bae-461b-9d25-fe395a3cd3e2","local_time":"20210227063805","is_ascension_mode":true,"campfire_choices":[{"data":"Jack Of All Trades","floor":7.0,"key":"SMITH"},{"floor":15.0,"key":"REST"}],"circlet_count":0,"master_deck":["Strike_R+1","Strike_R+1","Defend_R","Defend_R","Defend_R","Defend_R","Bash","Jack Of All Trades+1","Cleave","Flex","Double Tap","Demon Form","True Grit"],"relics":["Burning Blood","Red Skull","PreservedInsect","Smiling Mask","SlaversCollar","Whetstone"],"acts_visited":["Exordium","TheCity"],"potions_floor_usage":[23,23,23],"damage_taken":[{"damage":6.0,"enemies":"Cultist","floor":1.0,"turns":4.0},{"damage":6.0,"enemies":"Jaw Worm","floor":4.0,"turns":5.0},{"damage":4.0,"enemies":"Small Slimes","floor":5.0,"turns":4.0},{"damage":40.0,"enemies":"Gremlin Nob","floor":6.0,"turns":5.0},{"damage":5.0,"enemies":"3 Louse","floor":8.0,"turns":2.0},{"damage":25.0,"enemies":"3 Sentries","floor":11.0,"turns":4.0},{"damage":8.0,"enemies":"Blue Slaver","floor":12.0,"turns":3.0},{"damage":0.0,"enemies":"Lots of Slimes","floor":13.0,"turns":1.0},{"damage":7.0,"enemies":"Large Slime","floor":14.0,"turns":5.0},{"damage":23.0,"enemies":"Slime Boss","floor":16.0,"turns":10.0},{"damage":53.0,"enemies":"Spheric Guardian","floor":18.0,"turns":6.0},{"damage":45.0,"enemies":"Shell Parasite","floor":21.0,"turns":5.0},{"damage":44.0,"enemies":"3 Cultists","floor":22.0,"turns":6.0},{"damage":12,"enemies":"Slavers","floor":23,"turns":4}],"seed_played":"3682914488055749443","potions_obtained":[{"floor":1.0,"key":"EssenceOfSteel"},{"floor":5.0,"key":"SkillPotion"},{"floor":8.0,"key":"Explosive Potion"},{"floor":14.0,"key":"BloodPotion"},{"floor":18.0,"key":"Fire Potion"}],"is_trial":false,"path_per_floor":["M","?","?","M","M","E","R","M","T","?","E","M","M","M","R","B",null,"M","?","$","M","M","E"],"character_chosen":"IRONCLAD","items_purchased":["Whetstone"],"campfire_rested":1,"item_purchase_floors":[20],"current_hp_per_floor":[88,81,81,81,83,49,49,50,50,50,31,29,35,34,60,43,88,58,88,88,49,11,0,0],"gold":244,"neow_bonus":"TEN_PERCENT_HP_BONUS","is_daily":false,"chose_seed":false,"campfire_upgraded":1,"win_rate":0.0,"timestamp":1614400685,"path_taken":["M","?","?","?","M","E","R","M","T","?","E","M","?","M","R","BOSS","M","?","$","M","?","E"],"items_purchased_type":["Relic"],"build_version":"2020-12-18","purchased_purges":1,"victory":false,"max_hp_per_floor":[88,88,88,88,88,88,88,88,88,88,88,88,88,88,88,88,88,88,88,88,88,88,88,88],"card_choices":[{"not_picked":["Combust","Metallicize","Wild Strike"],"picked":"SKIP","floor":1.0},{"not_picked":["Wild Strike","Dark Embrace","Iron Wave"],"picked":"SKIP","floor":4.0},{"not_picked":["Rage","Flex"],"picked":"Cleave","floor":5.0},{"not_picked":["Fiend Fire","Perfected Strike","Combust"],"picked":"SKIP","floor":6.0},{"not_picked":["Pummel","Iron Wave","Cleave"],"picked":"SKIP","floor":8.0},{"not_picked":["Thunderclap","Clash","Headbutt"],"picked":"SKIP","floor":11.0},{"not_picked":["Clothesline","Anger","Cleave"],"picked":"SKIP","floor":12.0},{"not_picked":["True Grit","Cleave"],"picked":"Double Tap","floor":13.0},{"not_picked":["Body Slam","Cleave","Twin Strike"],"picked":"SKIP","floor":14.0},{"not_picked":["Corruption","Limit Break"],"picked":"Demon Form","floor":16.0},{"not_picked":["Cleave+1","Iron Wave"],"picked":"True Grit","floor":18.0},{"not_picked":["Clash+1","Blood for Blood","Twin Strike+1"],"picked":"SKIP","floor":21.0},{"not_picked":["True Grit+1","Sentinel","Warcry+1"],"picked":"SKIP","floor":22.0}],"player_experience":250626,"relics_obtained":[{"floor":6.0,"key":"Red Skull"},{"floor":9.0,"key":"PreservedInsect"},{"floor":11.0,"key":"Smiling Mask"}],"event_choices":[{"cards_removed":["Strike_R"],"damage_healed":0.0,"max_hp_gain":0.0,"max_hp_loss":0.0,"gold_gain":0.0,"event_name":"Golden Wing","player_choice":"Card Removal","floor":2.0,"gold_loss":0.0,"damage_taken":7.0},{"damage_healed":0.0,"max_hp_gain":0.0,"max_hp_loss":0.0,"gold_gain":0.0,"event_name":"Match and Keep!","player_choice":"1 cards matched","floor":3.0,"gold_loss":0.0,"damage_taken":0.0,"cards_obtained":["Jack Of All Trades"]},{"damage_healed":0.0,"max_hp_gain":0.0,"max_hp_loss":0.0,"gold_gain":0.0,"cards_transformed":["Strike_R"],"event_name":"Transmorgrifier","player_choice":"Transformed","floor":10.0,"gold_loss":0.0,"damage_taken":0.0,"cards_obtained":["Flex"]},{"damage_healed":30.0,"max_hp_gain":0.0,"max_hp_loss":0.0,"gold_gain":0.0,"event_name":"Wheel of Change","player_choice":"Full Heal","floor":19.0,"gold_loss":0.0,"damage_taken":0.0}],"is_beta":true,"boss_relics":[{"not_picked":["Fusion Hammer","Runic Pyramid"],"picked":"SlaversCollar"}],"items_purged_floors":[20],"is_endless":false,"potions_floor_spawned":[1,5,8,14,18],"killed_by":"Slavers","ascension_level":4}}