{"host":"338bkdl2yirdp2ct","time":1614442035,"event":{"mods":["AchievementEnabler","BaseMod","Colored Powertips","Highlight Path","Minty Spire (QoL Compilation)","Quick Restart","Relic Sorter","Unceasing Turn Reminder","slay the spire mod where everything is the same but ironclad has a cowboy hat"],"gold_per_floor":[109,109,284,209,223,249,249,260,260,283,294,319,336,353,353,450,450,462,462,243,262,273,293,293,327,327,237,61,61,61],"floor_reached":29,"language":"ENG","playtime":680,"items_purged":["Doubt"],"score":280,"play_id":"669ba15a-4394-448e-8ea3-03aacd15f0c8","local_time":"20210227080715","is_ascension_mode":false,"campfire_choices":[{"data":"Bash","floor":7,"key":"SMITH"},{"data":"1","floor":15,"key":"LIFT"}],"circlet_count":0,"master_deck":["Strike_R","Strike_R","Strike_R","Strike_R","Defend_R","Defend_R","Defend_R","Defend_R","Bash+1","Combust+1","Disarm","Disarm","Headbutt","Twin Strike+1","Barricade","Shrug It Off+1","Rupture","True Grit+1","J.A.X.+1","Demon Form","Feel No Pain"],"relics":["Burning Blood","NeowsBlessing","Turnip","Girya","Orichalcum","Art of War","Calling Bell","Centennial Puzzle","Toxic Egg 2","Ginger","Prayer Wheel","OrangePellets","Oddly Smooth Stone","The Courier","Anchor"],"acts_visited":["Exordium","TheCity"],"potions_floor_usage":[22,29],"damage_taken":[{"damage":0,"enemies":"2 Louse","floor":1,"turns":1},{"damage":0,"enemies":"Jaw Worm","floor":5,"turns":1},{"damage":0,"enemies":"Lagavulin","floor":6,"turns":1},{"damage":8,"enemies":"Cultist","floor":8,"turns":3},{"damage":2,"enemies":"Gremlin Gang","floor":11,"turns":3},{"damage":14,"enemies":"Gremlin Nob","floor":12,"turns":4},{"damage":10,"enemies":"3 Louse","floor":13,"turns":3},{"damage":4,"enemies":"2 Fungi Beasts","floor":14,"turns":4},{"damage":37,"enemies":"The Guardian","floor":16,"turns":13},{"damage":4,"enemies":"Chosen","floor":18,"turns":4},{"damage":2,"enemies":"3 Byrds","floor":21,"turns":6},{"damage":20,"enemies":"Snake Plant","floor":22,"turns":5},{"damage":12,"enemies":"Shelled Parasite and Fungi","floor":23,"turns":6},{"damage":42,"enemies":"Slavers","floor":25,"turns":5},{"damage":54,"enemies":"Gremlin Leader","floor":29,"turns":6}],"seed_played":"6156610897081647263","potions_obtained":[{"floor":1,"key":"FairyPotion"},{"floor":6,"key":"SpeedPotion"},{"floor":18,"key":"Dexterity Potion"},{"floor":22,"key":"LiquidBronze"}],"is_trial":false,"path_per_floor":["M","?","?","$","M","E","R","M","T","T","M","E","M","M","R","B",null,"M","T","$","M","M","M","?","E","T","?","$","E"],"character_chosen":"IRONCLAD","items_purchased":["Rupture","OrangePellets","Anchor","Feel No Pain"],"campfire_rested":0,"item_purchase_floors":[20,20,28,28],"current_hp_per_floor":[80,80,80,80,80,80,80,78,78,78,80,72,68,70,70,39,80,80,80,80,80,66,60,60,24,24,24,24,0,0],"gold":61,"neow_bonus":"THREE_ENEMY_KILL","is_daily":false,"chose_seed":false,"campfire_upgraded":1,"win_rate":0.0,"timestamp":1614442035,"path_taken":["M","?","?","$","M","E","R","M","T","?","?","E","M","M","R","BOSS","M","?","$","M","?","M","?","E","T","?","$","E"],"items_purchased_type":["Card","Relic","Relic","Card"],"build_version":"2020-12-22","purchased_purges":1,"victory":false,"max_hp_per_floor":[80,80,80,80,80,80,80,80,80,80,80,80,80,80,80,80,80,80,80,80,80,80,80,80,80,80,80,80,80,80],"card_choices":[{"not_picked":["Body Slam","Shrug It Off"],"picked":"Combust","floor":1},{"not_picked":["Cleave","Hemokinesis","Shockwave"],"picked":"SKIP","floor":5},{"not_picked":["Cleave","Infernal Blade","Body Slam"],"picked":"SKIP","floor":6},{"not_picked":["Flex","Sever Soul","Bloodletting"],"picked":"SKIP","floor":8},{"not_picked":["Havoc","Dual Wield"],"picked":"Disarm","floor":11},{"not_picked":["Clothesline","Anger"],"picked":"Disarm","floor":12},{"not_picked":["Warcry","Shrug It Off"],"picked":"Headbutt","floor":13},{"not_picked":["Seeing Red","Combust"],"picked":"Twin Strike","floor":14},{"not_picked":["Fiend Fire","Double Tap"],"picked":"Barricade","floor":16},{"not_picked":["Armaments+1","Bloodletting+1"],"picked":"Shrug It Off+1","floor":18},{"not_picked":["Anger","Clash"],"picked":"True Grit+1","floor":21},{"not_picked":["Sever Soul+1","Inflame","Bloodletting+1"],"picked":"SKIP","floor":21},{"not_picked":["Anger","Shrug It Off+1","Burning Pact+1"],"picked":"SKIP","floor":22},{"not_picked":["Intimidate+1","Clash+1","Wild Strike"],"picked":"SKIP","floor":22},{"not_picked":["Anger+1","Thunderclap","Twin Strike"],"picked":"SKIP","floor":23},{"not_picked":["Perfected Strike","Havoc+1","Carnage"],"picked":"SKIP","floor":23},{"not_picked":["Havoc+1","Searing Blow"],"picked":"Demon Form","floor":25}],"player_experience":1178584,"relics_obtained":[{"floor":6,"key":"Turnip"},{"floor":9,"key":"Girya"},{"floor":10,"key":"Orichalcum"},{"floor":12,"key":"Art of War"},{"floor":17,"key":"Centennial Puzzle"},{"floor":17,"key":"Toxic Egg 2"},{"floor":17,"key":"Ginger"},{"floor":19,"key":"Prayer Wheel"},{"floor":25,"key":"Oddly Smooth Stone"},{"floor":26,"key":"The Courier"}],"event_choices":[{"damage_healed":0,"gold_gain":0,"player_choice":"Grow","damage_taken":0,"max_hp_gain":0,"max_hp_loss":0,"event_name":"Living Wall","floor":2,"gold_loss":0,"cards_upgraded":["Combust"]},{"damage_healed":0,"gold_gain":175,"player_choice":"AGREE","damage_taken":0,"max_hp_gain":0,"max_hp_loss":0,"event_name":"Liars Game","floor":3,"gold_loss":0,"cards_obtained":["Doubt"]},{"damage_healed":0,"gold_gain":0,"player_choice":"Obtain J.A.X.","damage_taken":0,"max_hp_gain":0,"max_hp_loss":0,"event_name":"Drug Dealer","floor":24,"gold_loss":0,"cards_obtained":["J.A.X."]},{"cards_removed":["Strike_R"],"damage_healed":0,"gold_gain":0,"player_choice":"Upgrade and Remove","damage_taken":0,"max_hp_gain":0,"max_hp_loss":0,"event_name":"Designer","floor":27,"gold_loss":90,"cards_upgraded":["Twin Strike"]}],"is_beta":false,"boss_relics":[{"not_picked":["Runic Dome","Tiny House"],"picked":"Calling Bell"}],"items_purged_floors":[4],"is_endless":false,"potions_floor_spawned":[1,6,18,22,25],"killed_by":"Gremlin Leader","ascension_level":0}}