{"host":"vdpaduzlq0qlaikq","time":1614401777,"event":{"mods":["AchievementEnabler","BaseMod","Better Third Choice","BetterRewards","Colored Map","Downfall","Gold Saver","Hermit","Jorbs\u0027s Wanderer Trilogy","Minty Spire (QoL Compilation)","Relic Filter","Spicy Shops","StSLib","The Necromancer"],"gold_per_floor":[763,590,605,605,319,319,34,34,88,144,160,191,191,219,219,296,296,309,319,73,123,140,165,176,210,255,24,36,36,36,36,36,36,36],"floor_reached":33,"language":"ENG","playtime":1306,"items_purged":["Strike_G"],"score":907,"play_id":"408a9f86-d6db-44ed-acab-a5f632af57b0","local_time":"20210227015617","is_ascension_mode":true,"campfire_choices":[{"data":"Bouncing Flask","floor":6,"key":"SMITH"},{"data":"Noxious Fumes","floor":8,"key":"SMITH"},{"floor":13,"key":"RECALL"},{"data":"Deadly Poison","floor":15,"key":"SMITH"},{"data":"Burst","floor":32,"key":"SMITH"}],"circlet_count":0,"master_deck":["AscendersBane","Strike_G","Strike_G","Strike_G","Strike_G","Defend_G+1","Defend_G","Defend_G","Defend_G","Survivor+1","Neutralize","Bouncing Flask+1","Poisoned Stab","Deadly Poison","Deadly Poison+1","Noxious Fumes+1","Prepared+1","Burst+1","Footwork","Backstab"],"relics":["Ring of the Snake","MealTicket","Lantern","Calipers","TwistedFunnel","Oddly Smooth Stone","Blood Vial","Ice Cream","Omamori","Singing Bowl","Snake Skull","War Paint","Anchor","Prayer Wheel","Tiny Chest","Pantograph","Kunai","HornCleat","Blue Candle","WristBlade","Ancient Tea Set","HandDrill","Shovel","Bottled Tornado","Toy Ornithopter","Matryoshka","Eternal Feather","Dream Catcher"],"acts_visited":["Exordium","TheCity"],"potions_floor_usage":[12,33],"damage_taken":[{"damage":0,"enemies":"Cultist","floor":1,"turns":2},{"damage":0,"enemies":"Jaw Worm","floor":3,"turns":2},{"damage":24,"enemies":"3 Sentries","floor":10,"turns":6},{"damage":0,"enemies":"2 Louse","floor":11,"turns":2},{"damage":1,"enemies":"Lagavulin","floor":12,"turns":3},{"damage":0,"enemies":"Gremlin Nob","floor":14,"turns":3},{"damage":25,"enemies":"Slime Boss","floor":16,"turns":7},{"damage":0,"enemies":"Shell Parasite","floor":18,"turns":3},{"damage":0,"enemies":"3 Byrds","floor":19,"turns":3},{"damage":15,"enemies":"Cultist and Chosen","floor":22,"turns":5},{"damage":19,"enemies":"Book of Stabbing","floor":23,"turns":4},{"damage":7,"enemies":"Snecko","floor":24,"turns":4},{"damage":17,"enemies":"Gremlin Leader","floor":25,"turns":5},{"damage":0,"enemies":"Centurion and Healer","floor":28,"turns":6},{"damage":123,"enemies":"Champ","floor":33,"turns":8}],"seed_played":"-4408216842179386172","potions_obtained":[{"floor":1,"key":"Dexterity Potion"},{"floor":11,"key":"GhostInAJar"},{"floor":12,"key":"EssenceOfSteel"}],"is_trial":false,"path_per_floor":["M","$","M","?","$","R","$","R","T","?","M","E","R","E","R","B",null,"M","M","$","?","M","E","M","E","T","$","M","?","T","$","R","B"],"character_chosen":"THE_SILENT","items_purchased":["MealTicket","Lantern","Calipers","TwistedFunnel","Bouncing Flask","Oddly Smooth Stone","Poisoned Stab","Blood Vial","Ice Cream","Omamori","Deadly Poison","Singing Bowl","Snake Skull","Deadly Poison","War Paint","Anchor","Prayer Wheel","Tiny Chest","Pantograph","Ancient Tea Set","HandDrill","Footwork","Matryoshka"],"campfire_rested":0,"item_purchase_floors":[0,0,0,0,0,0,0,0,0,0,0,0,0,0,0,2,5,5,7,20,20,27,27],"current_hp_per_floor":[63,68,68,61,68,68,68,68,68,46,52,55,55,59,59,55,74,80,84,86,86,75,60,59,44,44,59,63,83,83,98,98,0,0],"gold":36,"neow_bonus":"","is_daily":false,"chose_seed":false,"campfire_upgraded":4,"win_rate":0.0,"timestamp":1614401777,"path_taken":["M","$","M","?","$","R","$","R","T","?","M","E","R","E","R","BOSS","M","M","$","?","M","E","M","E","T","$","M","?","?","$","R","BOSS"],"items_purchased_type":["Relic","Relic","Relic","Relic","Card","Relic","Card","Relic","Relic","Relic","Card","Relic","Relic","Card","Relic","Relic","Relic","Relic","Relic","Relic","Relic","Card","Relic"],"build_version":"2020-12-22","purchased_purges":1,"victory":false,"max_hp_per_floor":[68,68,68,68,68,68,68,68,68,70,74,76,76,78,78,80,80,84,86,86,86,90,92,96,96,96,96,98,98,98,98,98,98,98],"card_choices":[{"not_picked":["Accuracy","All Out Attack","Dagger Spray"],"picked":"Singing Bowl","floor":1},{"not_picked":["Dagger Throw","Terror"],"picked":"Noxious Fumes","floor":3},{"not_picked":["Dagger Throw","Underhanded Strike","Slice"],"picked":"Singing Bowl","floor":10},{"not_picked":["Riddle With Holes","Envenom","PiercingWail"],"picked":"Singing Bowl","floor":11},{"not_picked":["Acrobatics","PiercingWail","Dagger Spray"],"picked":"Singing Bowl","floor":11},{"not_picked":["Setup","Expertise","Envenom"],"picked":"Singing Bowl","floor":12},{"not_picked":["Masterful Stab","Choke","Sucker Punch"],"picked":"Singing Bowl","floor":14},{"not_picked":["Phantasmal Killer","Envenom","A Thousand Cuts"],"picked":"Singing Bowl","floor":16},{"not_picked":["Caltrops","Outmaneuver","Riddle With Holes"],"picked":"Singing Bowl","floor":18},{"not_picked":["Outmaneuver","Deadly Poison","Dodge and Roll"],"picked":"Singing Bowl","floor":18},{"not_picked":["Well Laid Plans","Masterful Stab","Eviscerate+1"],"picked":"Singing Bowl","floor":19},{"not_picked":["Well Laid Plans","Unload"],"picked":"Prepared+1","floor":19},{"not_picked":["Flying Knee","Well Laid Plans","Underhanded Strike"],"picked":"Singing Bowl","floor":22},{"not_picked":["Heel Hook","Expertise","Leg Sweep"],"picked":"Singing Bowl","floor":22},{"not_picked":["Cloak And Dagger","Dash","Choke"],"picked":"Singing Bowl","floor":23},{"not_picked":["Poisoned Stab","Cloak And Dagger","Slice"],"picked":"Singing Bowl","floor":24},{"not_picked":["Tactician","Outmaneuver","Acrobatics"],"picked":"Singing Bowl","floor":24},{"not_picked":["PiercingWail","Underhanded Strike"],"picked":"Burst","floor":25},{"not_picked":["Leg Sweep+1","Crippling Poison"],"picked":"Backstab","floor":28},{"not_picked":["Bane","Flying Knee","Backflip"],"picked":"Singing Bowl","floor":28}],"player_experience":786816,"relics_obtained":[{"floor":10,"key":"Kunai"},{"floor":12,"key":"HornCleat"},{"floor":14,"key":"Blue Candle"},{"floor":23,"key":"Shovel"},{"floor":25,"key":"Bottled Tornado"},{"floor":26,"key":"Toy Ornithopter"},{"floor":30,"key":"Eternal Feather"},{"floor":30,"key":"Dream Catcher"}],"event_choices":[{"cards_removed":["Defend_G"],"damage_healed":0,"gold_gain":0,"player_choice":"Card Removal","damage_taken":7,"max_hp_gain":0,"max_hp_loss":0,"event_name":"Golden Wing","floor":4,"gold_loss":0},{"damage_healed":0,"gold_gain":0,"player_choice":"Searched \u00271\u0027 times","damage_taken":0,"max_hp_gain":0,"max_hp_loss":0,"event_name":"Dead Adventurer","floor":10,"gold_loss":0},{"damage_healed":0,"gold_gain":50,"player_choice":"Steal","damage_taken":0,"max_hp_gain":0,"max_hp_loss":0,"event_name":"betterThird:BetterNest","floor":21,"gold_loss":0},{"damage_healed":20,"gold_gain":0,"player_choice":"Heal","damage_taken":0,"max_hp_gain":0,"max_hp_loss":0,"event_name":"The Library","floor":29,"gold_loss":0}],"is_beta":false,"boss_relics":[{"not_picked":["Philosopher\u0027s Stone","Runic Dome"],"picked":"WristBlade"}],"items_purged_floors":[0],"is_endless":false,"potions_floor_spawned":[1,11,12,23,24,28],"killed_by":"Champ","ascension_level":20}}