{"host":"caz9phlr9zt22rnt","time":1614431563,"event":{"mods":["AchievementEnabler","BaseMod","Colored Map","Custom Start","Minty Spire (QoL Compilation)","Rare Cards Sparkle","Relic Stats","StSLib"],"gold_per_floor":[109,128,146,165,175,175,207,223,223,223,223,223,44,56,56,159,159,177,177,123,142,153,153,168,203,203,203,203,203],"floor_reached":28,"language":"ENG","playtime":2565,"items_purged":["Defend_P"],"score":254,"play_id":"a07cec10-dde6-450b-b797-e5432bbd05ee","local_time":"20210227071243","is_ascension_mode":true,"campfire_choices":[{"floor":6,"key":"REST"},{"floor":10,"key":"REST"},{"data":"Eruption","floor":12,"key":"SMITH"},{"data":"Vigilance","floor":15,"key":"SMITH"},{"floor":23,"key":"REST"},{"floor":27,"key":"REST"}],"circlet_count":0,"master_deck":["Strike_P","Strike_P","Strike_P","Defend_P","Defend_P","Eruption+1","Vigilance+1","LikeWater","Vengeance","EmptyMind","Halt","CarveReality","Crescendo","FearNoEvil","EmptyBody","Scrawl","Nirvana","MasterReality","CutThroughFate","EmptyFist+1","FollowUp+1","Sanctity","InnerPeace"],"relics":["PureWater","Bag of Marbles","Bottled Tornado","SlaversCollar","Anchor"],"acts_visited":["Exordium","TheCity"],"potions_floor_usage":[4,7,16,24,25],"damage_taken":[{"damage":8,"enemies":"Cultist","floor":1,"turns":4},{"damage":0,"enemies":"2 Louse","floor":2,"turns":1},{"damage":14,"enemies":"Small Slimes","floor":3,"turns":4},{"damage":0,"enemies":"3 Louse","floor":4,"turns":1},{"damage":2,"enemies":"Blue Slaver","floor":5,"turns":4},{"damage":27,"enemies":"3 Sentries","floor":7,"turns":6},{"damage":0,"enemies":"2 Fungi Beasts","floor":8,"turns":3},{"damage":3,"enemies":"Gremlin Gang","floor":14,"turns":4},{"damage":39,"enemies":"Hexaghost","floor":16,"turns":10},{"damage":5,"enemies":"Shell Parasite","floor":18,"turns":7},{"damage":11,"enemies":"3 Byrds","floor":21,"turns":5},{"damage":10,"enemies":"Snecko","floor":22,"turns":5},{"damage":15,"enemies":"Centurion and Healer","floor":24,"turns":4},{"damage":17,"enemies":"Book of Stabbing","floor":25,"turns":5},{"damage":95,"enemies":"Gremlin Leader","floor":28,"turns":6}],"seed_played":"4277977445627664771","potions_obtained":[{"floor":1,"key":"Ancient Potion"},{"floor":3,"key":"Explosive Potion"},{"floor":5,"key":"AttackPotion"},{"floor":14,"key":"Energy Potion"},{"floor":22,"key":"GamblersBrew"},{"floor":24,"key":"LiquidBronze"}],"is_trial":false,"path_per_floor":["M","M","M","M","M","R","E","M","T","R","?","R","$","M","R","B",null,"M","?","$","M","M","R","M","E","T","R","E"],"character_chosen":"WATCHER","items_purchased":["Crescendo","FearNoEvil","CutThroughFate"],"campfire_rested":4,"item_purchase_floors":[13,13,20],"current_hp_per_floor":[71,71,57,57,55,78,51,51,51,74,79,79,79,76,76,37,79,74,74,74,63,53,76,61,44,44,67,0,0],"gold":203,"neow_bonus":"TEN_PERCENT_HP_BONUS","is_daily":false,"chose_seed":false,"campfire_upgraded":2,"win_rate":0.0,"timestamp":1614431563,"path_taken":["M","M","M","?","M","R","E","M","T","R","?","R","?","M","R","BOSS","M","?","$","M","M","R","M","E","T","R","E"],"items_purchased_type":["Card","Card","Card"],"build_version":"2020-12-22","purchased_purges":1,"victory":false,"max_hp_per_floor":[79,79,79,79,79,79,79,79,79,79,79,79,79,79,79,79,79,79,79,79,79,79,79,79,79,79,79,79,79],"relic_stats":{"counters":[15,69],"obtain_stats":[{"SlaversCollar":17,"Anchor":25,"Bag of Marbles":7,"PureWater":0,"Bottled Tornado":9},{"SlaversCollar":9,"Anchor":14,"Bag of Marbles":6,"PureWater":0,"Bottled Tornado":7},{"SlaversCollar":37,"Anchor":63,"Bag of Marbles":20,"PureWater":0,"Bottled Tornado":23}]},"card_choices":[{"not_picked":["Fasting2","WaveOfTheHand","ThirdEye"],"picked":"SKIP","floor":1},{"not_picked":["FlurryOfBlows","Wallop"],"picked":"LikeWater","floor":2},{"not_picked":["Wireheading","ForeignInfluence"],"picked":"Vengeance","floor":3},{"not_picked":["Pray","FlyingSleeves"],"picked":"Meditate","floor":4},{"not_picked":["Protect","JustLucky"],"picked":"EmptyMind","floor":5},{"not_picked":["Wallop","PathToVictory"],"picked":"Halt","floor":7},{"not_picked":["FlyingSleeves","BowlingBash"],"picked":"CarveReality","floor":8},{"not_picked":["Halt","FollowUp"],"picked":"EmptyBody","floor":14},{"not_picked":["Establishment","Omniscience"],"picked":"Scrawl","floor":16},{"not_picked":["SignatureMove","JustLucky","WreathOfFlame"],"picked":"SKIP","floor":18},{"not_picked":["CrushJoints","Crescendo"],"picked":"EmptyFist+1","floor":21},{"not_picked":["EmptyBody","MentalFortress"],"picked":"FollowUp+1","floor":22},{"not_picked":["ThirdEye","DeceiveReality"],"picked":"Sanctity","floor":24},{"not_picked":["Worship","DeusExMachina"],"picked":"InnerPeace","floor":25}],"player_experience":462904,"relics_obtained":[{"floor":7,"key":"Bag of Marbles"},{"floor":9,"key":"Bottled Tornado"},{"floor":25,"key":"Anchor"}],"event_choices":[{"cards_removed":["Meditate"],"damage_healed":5,"gold_gain":0,"player_choice":"Offered Uncommon","damage_taken":0,"max_hp_gain":0,"max_hp_loss":0,"event_name":"Bonfire Elementals","floor":11,"gold_loss":0},{"damage_healed":0,"gold_gain":0,"cards_transformed":["Defend_P","Strike_P"],"player_choice":"Became Test Subject","damage_taken":0,"max_hp_gain":0,"max_hp_loss":0,"event_name":"Drug Dealer","floor":19,"gold_loss":0,"cards_obtained":["Nirvana","MasterReality"]}],"is_beta":false,"boss_relics":[{"not_picked":["Coffee Dripper","Tiny House"],"picked":"SlaversCollar"}],"items_purged_floors":[13],"is_endless":false,"potions_floor_spawned":[1,3,5,14,22,24],"killed_by":"Gremlin Leader","ascension_level":1}}