{"host":"o88u0awh8mkwl1l8","time":1614424235,"event":{"mods":["BaseMod","Colored Map","Highlight Path","Minty Spire (QoL Compilation)","Relic Sorter"],"gold_per_floor":[109,109,125,50,50,77,77,77,77,118,118,156,179,198,198,291,291,311,311,311,311,322,355,355,382,382,411,426,442,454,474,474,550,550,565,577,590,610,299,299,299,334,379,428,438,438,463,148,148,148,148,148,148,64,96,96,96],"floor_reached":56,"language":"JPN","playtime":5233,"items_purged":["Strike_P","Writhe"],"score":2235,"play_id":"f4952244-0452-44ca-bda3-0cab8a617844","local_time":"20210227201035","is_ascension_mode":true,"campfire_choices":[{"data":"Eruption","floor":7.0,"key":"SMITH"},{"data":"Consecrate","floor":11.0,"key":"SMITH"},{"data":"Vigilance","floor":15.0,"key":"SMITH"},{"data":"DevaForm","floor":24.0,"key":"SMITH"},{"data":"Tantrum","floor":32.0,"key":"SMITH"},{"data":"Wallop","floor":40.0,"key":"SMITH"},{"floor":46.0,"key":"RECALL"},{"data":"1","floor":49.0,"key":"LIFT"},{"data":"2","floor":53.0,"key":"LIFT"}],"circlet_count":0,"master_deck":["AscendersBane","Strike_P+1","Strike_P+1","Strike_P+1","Defend_P+1","Defend_P+1","Defend_P+1","Defend_P+1","Eruption+1","Vigilance+1","LessonLearned+1","Protect+1","CutThroughFate+1","CrushJoints+1","Consecrate+1","CutThroughFate+1","ReachHeaven+1","InnerPeace+1","FlurryOfBlows+1","Ghostly+1","Ghostly+1","Ghostly+1","WheelKick+1","DevaForm+1","Crescendo+1","TalkToTheHand+1","ThirdEye+1","Vengeance+1","Adaptation+1","Tantrum+1","Adaptation+1","Ragnarok+1","Evaluate+1","InnerPeace+1","Wallop+1","Master of Strategy+1","FlurryOfBlows+1","WheelKick+1","Omniscience+1","Study"],"relics":["PureWater","Pen Nib","Ice Cream","Bloody Idol","HornCleat","Blue Candle","Coffee Dripper","Thread and Needle","Lizard Tail","Prayer Wheel","Toxic Egg 2","VioletLotus","Bag of Marbles","Girya","Torii","Yang"],"acts_visited":["Exordium","TheCity","TheBeyond","TheEnding"],"potions_floor_usage":[56,56],"damage_taken":[{"damage":2.0,"enemies":"Jaw Worm","floor":1.0,"turns":3.0},{"damage":0.0,"enemies":"2 Louse","floor":3.0,"turns":4.0},{"damage":15.0,"enemies":"3 Sentries","floor":6.0,"turns":7.0},{"damage":0.0,"enemies":"Gremlin Nob","floor":10.0,"turns":3.0},{"damage":0.0,"enemies":"Lagavulin","floor":12.0,"turns":2.0},{"damage":0.0,"enemies":"Small Slimes","floor":13.0,"turns":4.0},{"damage":0.0,"enemies":"2 Fungi Beasts","floor":14.0,"turns":4.0},{"damage":14.0,"enemies":"Hexaghost","floor":16.0,"turns":6.0},{"damage":16.0,"enemies":"Shell Parasite","floor":18.0,"turns":4.0},{"damage":0.0,"enemies":"Chosen","floor":22.0,"turns":4.0},{"damage":6.0,"enemies":"Slavers","floor":23.0,"turns":4.0},{"damage":6.0,"enemies":"Gremlin Leader","floor":25.0,"turns":4.0},{"damage":8.0,"enemies":"Slavers","floor":27.0,"turns":4.0},{"damage":0.0,"enemies":"Snake Plant","floor":28.0,"turns":4.0},{"damage":0.0,"enemies":"Cultist and Chosen","floor":29.0,"turns":5.0},{"damage":10.0,"enemies":"Centurion and Healer","floor":30.0,"turns":6.0},{"damage":1.0,"enemies":"Sentry and Sphere","floor":31.0,"turns":5.0},{"damage":0.0,"enemies":"Champ","floor":33.0,"turns":5.0},{"damage":0.0,"enemies":"3 Darklings","floor":35.0,"turns":3.0},{"damage":3.0,"enemies":"3 Shapes","floor":36.0,"turns":4.0},{"damage":14.0,"enemies":"Spire Growth","floor":37.0,"turns":4.0},{"damage":9.0,"enemies":"Jaw Worm Horde","floor":38.0,"turns":4.0},{"damage":1.0,"enemies":"Giant Head","floor":42.0,"turns":6.0},{"damage":9.0,"enemies":"2 Orb Walkers","floor":44.0,"turns":5.0},{"damage":5.0,"enemies":"4 Shapes","floor":45.0,"turns":3.0},{"damage":1.0,"enemies":"Mind Bloom Boss Battle","floor":47.0,"turns":4.0},{"damage":20.0,"enemies":"Donu and Deca","floor":50.0,"turns":5.0},{"damage":0.0,"enemies":"Time Eater","floor":51.0,"turns":5.0},{"damage":40.0,"enemies":"Shield and Spear","floor":55.0,"turns":5.0},{"damage":10,"enemies":"The Heart","floor":56,"turns":3}],"seed_played":"-9016552697441225629","potions_obtained":[{"floor":1.0,"key":"SteroidPotion"},{"floor":6.0,"key":"PowerPotion"},{"floor":14.0,"key":"LiquidMemories"},{"floor":16.0,"key":"StancePotion"},{"floor":18.0,"key":"Explosive Potion"},{"floor":25.0,"key":"SteroidPotion"},{"floor":27.0,"key":"Explosive Potion"},{"floor":28.0,"key":"Strength Potion"},{"floor":35.0,"key":"BottledMiracle"},{"floor":44.0,"key":"CultistPotion"},{"floor":55.0,"key":"EssenceOfSteel"}],"is_trial":false,"path_per_floor":["M","?","M","$","?","E","R","?","T","E","R","E","M","M","R","B",null,"M","?","?","?","M","E","R","E","T","E","M","M","M","M","R","B",null,"M","M","M","M","$","R","?","E","T","?","M","R","?","$","R","B","B",null,"R","$","E","B"],"character_chosen":"WATCHER","items_purchased":["Master of Strategy+1","Strength Potion","SteroidPotion","Omniscience+1","Study","DuplicationPotion"],"campfire_rested":0,"item_purchase_floors":[39,39,39,48,48,54],"current_hp_per_floor":[59,52,52,52,57,42,42,42,42,42,42,42,42,42,42,28,57,41,33,33,33,33,32,32,31,31,28,33,33,28,32,32,33,33,33,33,24,20,20,20,27,31,33,29,29,29,33,33,33,13,13,28,28,28,10,0,0],"gold":96,"neow_bonus":"THREE_RARE_CARDS","is_daily":false,"chose_seed":false,"campfire_upgraded":6,"win_rate":0.0,"timestamp":1614424235,"path_taken":["M","?","M","$","?","E","R","?","T","E","R","E","M","M","R","BOSS","M","?","?","?","M","E","R","E","T","E","M","M","M","M","R","BOSS","M","M","M","M","$","R","?","E","T","?","M","R","?","$","R","BOSS","BOSS","R","$","E","BOSS"],"items_purchased_type":["Card","Potion","Potion","Card","Card","Potion"],"build_version":"2020-12-22","purchased_purges":2,"victory":false,"max_hp_per_floor":[68,68,68,68,73,73,73,66,66,66,66,66,66,66,66,66,66,66,33,33,33,33,33,33,33,33,33,33,33,33,33,33,33,33,33,33,33,33,33,33,33,33,33,33,33,33,33,33,33,33,33,33,33,33,33,33,33],"card_choices":[{"not_picked":["Alpha","MasterReality"],"picked":"LessonLearned","floor":0.0},{"not_picked":["SashWhip","Vengeance"],"picked":"Protect","floor":1.0},{"not_picked":["ThirdEye","SashWhip"],"picked":"CutThroughFate","floor":3.0},{"not_picked":["LikeWater","WheelKick"],"picked":"CrushJoints","floor":6.0},{"not_picked":["PathToVictory","Worship"],"picked":"Consecrate","floor":10.0},{"not_picked":["FollowUp","Omniscience"],"picked":"CutThroughFate","floor":12.0},{"not_picked":["JustLucky","Protect"],"picked":"ReachHeaven","floor":13.0},{"not_picked":["JustLucky","SashWhip"],"picked":"InnerPeace","floor":14.0},{"not_picked":["PathToVictory","FlyingSleeves"],"picked":"FlurryOfBlows","floor":18.0},{"not_picked":["CrushJoints","Weave"],"picked":"WheelKick","floor":22.0},{"not_picked":["EmptyBody","Wallop"],"picked":"DevaForm","floor":23.0},{"not_picked":["FlurryOfBlows","CrushJoints","Evaluate"],"picked":"SKIP","floor":25.0},{"not_picked":["CarveReality","FlyingSleeves"],"picked":"Crescendo+1","floor":27.0},{"not_picked":["EmptyBody+1","MasterReality"],"picked":"TalkToTheHand+1","floor":28.0},{"not_picked":["Pray+1","CrushJoints"],"picked":"ThirdEye+1","floor":28.0},{"not_picked":["Weave","ClearTheMind+1"],"picked":"Vengeance+1","floor":29.0},{"not_picked":["Consecrate","CrushJoints","EmptyBody+1"],"picked":"SKIP","floor":29.0},{"not_picked":["SandsOfTime","Evaluate+1"],"picked":"Adaptation","floor":30.0},{"not_picked":["Nirvana","CrushJoints"],"picked":"Tantrum","floor":30.0},{"not_picked":["Alpha+1","CrushJoints+1"],"picked":"Adaptation","floor":31.0},{"not_picked":["FlyingSleeves","FollowUp","Perseverance+1"],"picked":"SKIP","floor":31.0},{"not_picked":["DeusExMachina+1","Brilliance"],"picked":"Ragnarok","floor":33.0},{"not_picked":["SashWhip","PathToVictory+1"],"picked":"Evaluate+1","floor":35.0},{"not_picked":["CutThroughFate","EmptyBody+1","Evaluate+1"],"picked":"SKIP","floor":35.0},{"not_picked":["FlyingSleeves","Judgement+1"],"picked":"InnerPeace+1","floor":36.0},{"not_picked":["PathToVictory+1","Indignation+1","Evaluate+1"],"picked":"SKIP","floor":36.0},{"not_picked":["Tantrum","Halt+1"],"picked":"Wallop","floor":37.0},{"not_picked":["BowlingBash","Prostrate+1","Conclude"],"picked":"SKIP","floor":37.0},{"not_picked":["Prostrate+1","Protect+1","CrushJoints"],"picked":"SKIP","floor":38.0},{"not_picked":["ReachHeaven","CutThroughFate","Crescendo+1"],"picked":"SKIP","floor":38.0},{"not_picked":["WindmillStrike","Tantrum"],"picked":"FlurryOfBlows+1","floor":42.0},{"not_picked":["Halt+1","FollowUp"],"picked":"WheelKick+1","floor":45.0},{"not_picked":["Indignation+1","WaveOfTheHand+1","Worship+1"],"picked":"SKIP","floor":45.0},{"not_picked":["CutThroughFate","WaveOfTheHand+1","FlyingSleeves"],"picked":"SKIP","floor":55.0}],"player_experience":1359971,"relics_obtained":[{"floor":6.0,"key":"Pen Nib"},{"floor":9.0,"key":"HornCleat"},{"floor":10.0,"key":"Ice Cream"},{"floor":12.0,"key":"Blue Candle"},{"floor":23.0,"key":"Thread and Needle"},{"floor":25.0,"key":"Lizard Tail"},{"floor":26.0,"key":"Prayer Wheel"},{"floor":27.0,"key":"Toxic Egg 2"},{"floor":42.0,"key":"Bag of Marbles"},{"floor":44.0,"key":"Girya"},{"floor":47.0,"key":"Torii"},{"floor":55.0,"key":"Yang"}],"event_choices":[{"cards_removed":["Writhe"],"damage_healed":0.0,"max_hp_gain":0.0,"max_hp_loss":0.0,"gold_gain":0.0,"event_name":"Golden Wing","player_choice":"Card Removal","floor":2.0,"gold_loss":0.0,"damage_taken":7.0},{"damage_healed":0.0,"max_hp_gain":5.0,"max_hp_loss":0.0,"gold_gain":0.0,"event_name":"Big Fish","player_choice":"Donut","floor":5.0,"gold_loss":0.0,"damage_taken":0.0},{"damage_healed":0.0,"max_hp_gain":0.0,"max_hp_loss":7.0,"gold_gain":0.0,"event_name":"Golden Idol","player_choice":"Lose Max HP","floor":8.0,"gold_loss":0.0,"damage_taken":0.0,"relics_obtained":["Golden Idol"]},{"damage_healed":0.0,"max_hp_gain":0.0,"max_hp_loss":33.0,"gold_gain":0.0,"event_name":"Ghosts","player_choice":"Became a Ghost","floor":19.0,"gold_loss":0.0,"damage_taken":0.0,"cards_obtained":["Ghostly","Ghostly","Ghostly"]},{"damage_healed":0.0,"max_hp_gain":0.0,"max_hp_loss":0.0,"gold_gain":0.0,"event_name":"Forgotten Altar","player_choice":"Gave Idol","floor":20.0,"relics_lost":["Golden Idol"],"gold_loss":0.0,"damage_taken":0.0,"relics_obtained":["Bloody Idol"]},{"damage_healed":0.0,"max_hp_gain":0.0,"max_hp_loss":0.0,"gold_gain":0.0,"event_name":"Cursed Tome","player_choice":"Ignored","floor":21.0,"gold_loss":0.0,"damage_taken":0.0},{"damage_healed":7.0,"max_hp_gain":0.0,"max_hp_loss":0.0,"gold_gain":0.0,"event_name":"Winding Halls","player_choice":"Writhe","floor":41.0,"gold_loss":0.0,"damage_taken":0.0,"cards_obtained":["Writhe"]},{"damage_healed":0.0,"max_hp_gain":0.0,"max_hp_loss":0.0,"gold_gain":0.0,"event_name":"Mysterious Sphere","player_choice":"Fight","floor":44.0,"gold_loss":0.0,"damage_taken":0.0},{"damage_healed":0.0,"max_hp_gain":0.0,"max_hp_loss":0.0,"gold_gain":0.0,"event_name":"MindBloom","player_choice":"Fight","floor":47.0,"gold_loss":0.0,"damage_taken":0.0}],"is_beta":false,"boss_relics":[{"not_picked":["Empty Cage","Runic Dome"],"picked":"Coffee Dripper"},{"not_picked":["Calling Bell","Pandora\u0027s Box"],"picked":"VioletLotus"}],"items_purged_floors":[4,48],"is_endless":false,"potions_floor_spawned":[1,6,14,16,18,25,27,28,29,35,37,42,44,55],"killed_by":"The Heart","ascension_level":20}}