{"host":"KYO","time":1614390176,"event":{"mods":["Act Like it!","Arknights","BaseMod","Minty Spire (QoL Compilation)","Permanent Neow","Reliquary","Shop Mod","StSLib","SuperFastMode","TestMod","[IsaacMod]以撒尖塔"],"gold_per_floor":[113,131,141,141,154,180,196,212,212,212,246,246,281,357,357,428,428,444,444,171,185,185,216,228,253,277,277,289,319,330,360,360,430,430,445,228,627,627,627,719,719,331,355,382,391,391,421,437,437,437,437,437,437,26,58,58],"floor_reached":57,"language":"ZHS","playtime":3402,"items_purged":["Strike_P","Strike_P","Strike_P","LessonLearned+1"],"score":3176,"play_id":"a8e5a304-a3e3-4a3e-a439-802d154e9738","local_time":"20210227094256","is_ascension_mode":true,"campfire_choices":[{"data":"Adaptation","floor":10.0,"key":"SMITH"},{"data":"Fasting2","floor":12.0,"key":"SMITH"},{"data":"LessonLearned","floor":15.0,"key":"SMITH"},{"data":"Halt","floor":32.0,"key":"SMITH"},{"data":"InnerPeace","floor":41,"key":"SMITH"},{"floor":46,"key":"RECALL"},{"data":"FlurryOfBlows","floor":49,"key":"SMITH"},{"floor":53,"key":"REST"}],"circlet_count":0,"master_deck":["AscendersBane","Defend_P+1","Defend_P+1","Defend_P+1","Eruption+1","Vigilance+1","Conclude+1","Fasting2+1","Adaptation+1","Tantrum+1","FlurryOfBlows+1","Omniscience+1","Crescendo+1","Halt+1","InnerPeace+1","Indignation+1","Wish+1"],"relics":["testmod-TestBox","BookofShadows","testmod-Fanaticism","Pantograph","reliquary:PurpleTingedLeaf","testmod-PortableAltar","MerchantsRug","testmod-Charity","Bottled Flame","HowToJump","Oddly Smooth Stone","reliquary:ExpiredCoupon","Molten Egg 2","BelialBook","reliquary:BoilingFlask","reliquary:BoilingFlask","Vajra","Boot","reliquary:SharkskinSheath","reliquary:Knoch","HandDrill","Toy Ornithopter"],"acts_visited":["Exordium","TheCity","TheBeyond","TheEnding"],"potions_floor_usage":[56,56],"damage_taken":[{"damage":2.0,"enemies":"Jaw Worm","floor":1.0,"turns":3.0},{"damage":0.0,"enemies":"Cultist","floor":2.0,"turns":3.0},{"damage":19.0,"enemies":"ats:Genji","floor":3.0,"turns":3.0},{"damage":22.0,"enemies":"Red Slaver","floor":5.0,"turns":3.0},{"damage":5.0,"enemies":"3 Sentries","floor":6.0,"turns":2.0},{"damage":10.0,"enemies":"3 Louse","floor":7.0,"turns":2.0},{"damage":0.0,"enemies":"Lots of Slimes","floor":8.0,"turns":1.0},{"damage":6.0,"enemies":"Gremlin Nob","floor":11.0,"turns":3.0},{"damage":0.0,"enemies":"Lagavulin","floor":13.0,"turns":3.0},{"damage":9.0,"enemies":"The Guardian","floor":16.0,"turns":6.0},{"damage":9.0,"enemies":"Spheric Guardian","floor":18.0,"turns":3.0},{"damage":6.0,"enemies":"3 Byrds","floor":21.0,"turns":4.0},{"damage":17.0,"enemies":"Gremlin Leader","floor":23.0,"turns":6.0},{"damage":1.0,"enemies":"Snecko","floor":24.0,"turns":2.0},{"damage":35.0,"enemies":"Book of Stabbing","floor":25.0,"turns":4.0},{"damage":2.0,"enemies":"Shelled Parasite and Fungi","floor":28.0,"turns":4.0},{"damage":5.0,"enemies":"Gremlin Leader","floor":29.0,"turns":5.0},{"damage":11.0,"enemies":"Centurion and Healer","floor":30.0,"turns":3.0},{"damage":4.0,"enemies":"Book of Stabbing","floor":31.0,"turns":2.0},{"damage":48.0,"enemies":"Collector","floor":33.0,"turns":8.0},{"damage":1.0,"enemies":"3 Darklings","floor":35.0,"turns":4.0},{"damage":20,"enemies":"Reptomancer","floor":40,"turns":4},{"damage":0,"enemies":"Nemesis","floor":44,"turns":1},{"damage":0,"enemies":"Orb Walker","floor":45,"turns":1},{"damage":0,"enemies":"Reptomancer","floor":47,"turns":3},{"damage":0,"enemies":"Spire Growth","floor":48,"turns":1},{"damage":24,"enemies":"Awakened One","floor":50,"turns":7},{"damage":3,"enemies":"Donu and Deca","floor":51,"turns":5},{"damage":0,"enemies":"Shield and Spear","floor":55,"turns":3},{"damage":14,"enemies":"The Heart","floor":56,"turns":5}],"seed_played":"8682070581983341010","potions_obtained":[{"floor":2.0,"key":"CultistPotion"},{"floor":5.0,"key":"LiquidMemories"},{"floor":7.0,"key":"Fire Potion"},{"floor":13.0,"key":"BlessingOfTheForge"},{"floor":16.0,"key":"AttackPotion"},{"floor":18.0,"key":"SkillPotion"},{"floor":21.0,"key":"DistilledChaos"},{"floor":33.0,"key":"BlessingOfTheForge"},{"floor":35.0,"key":"CultistPotion"},{"floor":40,"key":"ColorlessPotion"}],"is_trial":false,"path_per_floor":["M","M","M","?","M","E","M","M","T","R","E","R","E","T","R","B",null,"M","?","$","M","?","E","M","E","T","?","M","E","M","E","R","B",null,"M","$","?","?","?","E","R","$","T","E","M","R","E","M","R","B","B",null,"R","$","E","B",null],"character_chosen":"WATCHER","items_purchased":["MerchantsRug","testmod-Charity","Crescendo","BelialBook","reliquary:SculptingSteel","reliquary:Knoch","HandDrill"],"campfire_rested":1,"item_purchase_floors":[20,20,20,36,42,54,54],"current_hp_per_floor":[59,59,43,43,28,23,13,13,13,22,16,25,27,27,36,65,67,60,44,46,44,44,65,67,47,48,44,45,47,46,45,57,65,64,64,65,65,64,63,65,64,63,63,63,63,62,62,62,61,60,59,58,57,57,57,56],"gold":58,"neow_bonus":"BOSS_RELIC","is_daily":false,"chose_seed":false,"campfire_upgraded":6,"win_rate":0.0,"timestamp":1614390176,"path_taken":["M","M","M","?","M","E","M","M","T","R","E","R","E","?","R","BOSS","M","?","$","M","?","E","?","E","T","?","M","E","M","E","R","BOSS","M","$","?","?","?","E","R","$","T","E","?","R","E","M","R","BOSS","BOSS","R","$","E","BOSS"],"items_purchased_type":["Relic","Relic","Card","Relic","Relic","Relic","Relic"],"build_version":"2020-12-18","purchased_purges":4,"victory":true,"max_hp_per_floor":[68,68,68,68,68,68,68,68,68,68,68,68,68,68,68,68,68,67,66,68,68,67,67,67,67,67,66,66,66,66,66,65,65,64,64,65,65,64,63,65,64,63,63,63,63,62,62,62,61,60,59,58,57,57,57,56],"card_choices":[{"not_picked":["Protect","EmptyMind"],"picked":"Conclude","floor":1.0},{"not_picked":["MasterReality","Weave"],"picked":"Fasting2","floor":2.0},{"not_picked":["Crescendo","FlyingSleeves"],"picked":"Adaptation","floor":3.0},{"not_picked":["SashWhip","ForeignInfluence","Evaluate"],"picked":"SKIP","floor":5.0},{"not_picked":["EmptyFist","CrushJoints","DeceiveReality"],"picked":"SKIP","floor":6.0},{"not_picked":["FlyingSleeves","FearNoEvil"],"picked":"Tantrum","floor":7.0},{"not_picked":["CutThroughFate","MasterReality","Prostrate"],"picked":"SKIP","floor":8.0},{"not_picked":["Weave","Pray"],"picked":"FlurryOfBlows","floor":11.0},{"not_picked":["Protect","Consecrate"],"picked":"LessonLearned","floor":13.0},{"not_picked":["SpiritShield","Blasphemy"],"picked":"Omniscience","floor":16.0},{"not_picked":["EmptyFist","Prostrate","CutThroughFate"],"picked":"SKIP","floor":18.0},{"not_picked":["Prostrate","FlurryOfBlows","SashWhip"],"picked":"SKIP","floor":21.0},{"not_picked":["ThirdEye","EmptyMind","EmptyFist"],"picked":"SKIP","floor":23.0},{"not_picked":["ThirdEye","EmptyMind","EmptyFist"],"picked":"SKIP","floor":23.0},{"not_picked":["FlyingSleeves","FollowUp"],"picked":"Halt","floor":24.0},{"not_picked":["Halt+1","WheelKick"],"picked":"InnerPeace","floor":25.0},{"not_picked":["Judgement","Fasting2"],"picked":"Indignation","floor":28.0},{"not_picked":["FlyingSleeves","ThirdEye","Wallop"],"picked":"SKIP","floor":29.0},{"not_picked":["Protect","Conclude","Prostrate"],"picked":"SKIP","floor":30.0},{"not_picked":["WaveOfTheHand","ReachHeaven+1","CarveReality+1"],"picked":"SKIP","floor":31.0},{"not_picked":["Devotion","Scrawl"],"picked":"Wish","floor":33.0},{"not_picked":["Wireheading+1","DeceiveReality+1","Protect"],"picked":"SKIP","floor":35.0},{"not_picked":["FlyingSleeves+1","Worship","ThirdEye"],"picked":"SKIP","floor":40},{"not_picked":["Protect","ThirdEye+1","SashWhip+1"],"picked":"SKIP","floor":44},{"not_picked":["JustLucky+1","CrushJoints+1","ReachHeaven+1"],"picked":"SKIP","floor":45},{"not_picked":["FlyingSleeves+1","WaveOfTheHand","ClearTheMind+1"],"picked":"SKIP","floor":47},{"not_picked":["FlyingSleeves+1","WaveOfTheHand","ClearTheMind+1"],"picked":"SKIP","floor":47},{"not_picked":["Pray","EmptyFist+1","SashWhip+1"],"picked":"SKIP","floor":48},{"not_picked":["WreathOfFlame","Vengeance","Evaluate+1"],"picked":"SKIP","floor":55}],"player_experience":821390,"relics_obtained":[{"floor":6.0,"key":"Eternal Feather"},{"floor":9.0,"key":"Pantograph"},{"floor":11.0,"key":"reliquary:PurpleTingedLeaf"},{"floor":13.0,"key":"testmod-ConstraintPeriapt"},{"floor":23.0,"key":"Bottled Flame"},{"floor":25.0,"key":"HowToJump"},{"floor":26.0,"key":"Oddly Smooth Stone"},{"floor":29.0,"key":"reliquary:ExpiredCoupon"},{"floor":31.0,"key":"Molten Egg 2"},{"floor":40,"key":"reliquary:BoilingFlask"},{"floor":43,"key":"Vajra"},{"floor":44,"key":"Boot"},{"floor":47,"key":"reliquary:SharkskinSheath"},{"floor":55,"key":"Toy Ornithopter"}],"event_choices":[{"damage_healed":0.0,"max_hp_gain":0.0,"max_hp_loss":0.0,"gold_gain":0.0,"event_name":"Upgrade Shrine","player_choice":"Upgraded","floor":4.0,"gold_loss":0.0,"damage_taken":0.0,"cards_upgraded":["Eruption"]},{"damage_healed":0.0,"max_hp_gain":0.0,"max_hp_loss":0.0,"gold_gain":0.0,"event_name":"Vampires","player_choice":"Ignored","floor":22.0,"gold_loss":0.0,"damage_taken":0.0},{"damage_healed":0.0,"max_hp_gain":0.0,"max_hp_loss":0.0,"gold_gain":0.0,"event_name":"The Woman in Blue","player_choice":"Bought 0 Potions","floor":27.0,"gold_loss":0.0,"damage_taken":0.0},{"damage_healed":0.0,"max_hp_gain":0.0,"max_hp_loss":0.0,"gold_gain":400.0,"event_name":"恩洛斯的盘子","player_choice":"Sell","floor":37.0,"relics_lost":["HushsDoor"],"gold_loss":0.0,"damage_taken":0.0},{"damage_healed":0.0,"max_hp_gain":0.0,"max_hp_loss":0.0,"gold_gain":0.0,"event_name":"Upgrade Shrine","player_choice":"Upgraded","floor":38.0,"gold_loss":0.0,"damage_taken":0.0,"cards_upgraded":["Tantrum"]},{"damage_healed":0,"gold_gain":0,"player_choice":"Memory 1","damage_taken":0,"max_hp_gain":0,"max_hp_loss":0,"event_name":"SensoryStone","floor":39,"gold_loss":0}],"is_beta":true,"boss_relics":[{"not_picked":["Fusion Hammer","testmod-Nine"],"picked":"testmod-PortableAltar"},{"not_picked":[]},{"not_picked":["testmod-GoldenSoul","VioletLotus"],"picked":"Empty Cage"},{"not_picked":[]}],"items_purged_floors":[20,36,42,54],"is_endless":false,"potions_floor_spawned":[2,5,7,11,13,16,18,21,25,33,35,40,44,55],"ascension_level":20}}