{"host":"qxeepl7ydvsgmfdb","time":1614400173,"event":{"mods":["AchievementEnabler","BaseMod","Colored Powertips","Minty Spire (QoL Compilation)","Quick Restart","slay the spire mod where everything is the same but ironclad has a cowboy hat"],"gold_per_floor":[113,188,338,338,355,386,386,398,398,398,410,439,76,76,76,148,148,159,123,123,7,7,7,7,7,60,94,104,121,121,132,132,206,206,217,217,9,34,14,14,43,43,43,43,0,20,20,20,20],"floor_reached":48,"language":"ENG","playtime":1119,"items_purged":["Doubt","Writhe"],"score":1010,"play_id":"0edc0442-95f2-499e-a702-d93eb69a4e3c","local_time":"20210226232933","is_ascension_mode":true,"campfire_choices":[{"data":"Poisoned Stab","floor":7.0,"key":"SMITH"},{"data":"Deadly Poison","floor":10.0,"key":"SMITH"},{"floor":15.0,"key":"REST"},{"floor":23.0,"key":"REST"},{"floor":25.0,"key":"REST"},{"floor":30.0,"key":"REST"},{"floor":32.0,"key":"REST"},{"floor":40.0,"key":"REST"},{"floor":42.0,"key":"REST"},{"floor":44.0,"key":"REST"}],"circlet_count":0,"master_deck":["AscendersBane","Strike_G","Strike_G","Strike_G","Strike_G","Defend_G","Defend_G","Defend_G","Defend_G","Survivor","Neutralize","Blade Dance+1","Poisoned Stab+1","Deadly Poison+1","Finisher","Deadly Poison","Accuracy","Blade Dance","Adrenaline","Accuracy+1","Noxious Fumes+1","PiercingWail"],"relics":["Ring of the Snake","NeowsBlessing","Darkstone Periapt","Pear","Sundial","Snake Skull","Shuriken","SacredBark","MutagenicStrength","Enchiridion","Blood Vial","Frozen Egg 2","Empty Cage","Membership Card","Thread and Needle","Letter Opener","Happy Flower","Red Mask"],"acts_visited":["Exordium","TheCity","TheBeyond"],"potions_floor_usage":[48],"damage_taken":[{"damage":0.0,"enemies":"2 Louse","floor":1.0,"turns":1.0},{"damage":0.0,"enemies":"Jaw Worm","floor":5.0,"turns":1.0},{"damage":0.0,"enemies":"Gremlin Nob","floor":6.0,"turns":1.0},{"damage":0.0,"enemies":"Small Slimes","floor":8.0,"turns":3.0},{"damage":11.0,"enemies":"Red Slaver","floor":11.0,"turns":4.0},{"damage":12.0,"enemies":"Lagavulin","floor":12.0,"turns":6.0},{"damage":20.0,"enemies":"The Guardian","floor":16.0,"turns":7.0},{"damage":18.0,"enemies":"Chosen","floor":18.0,"turns":4.0},{"damage":9.0,"enemies":"Slavers","floor":27.0,"turns":5.0},{"damage":22.0,"enemies":"2 Thieves","floor":28.0,"turns":2.0},{"damage":14.0,"enemies":"Centurion and Healer","floor":29.0,"turns":4.0},{"damage":22.0,"enemies":"Cultist and Chosen","floor":31.0,"turns":7.0},{"damage":35.0,"enemies":"Automaton","floor":33.0,"turns":6.0},{"damage":44.0,"enemies":"3 Darklings","floor":35.0,"turns":6.0},{"damage":18.0,"enemies":"Mind Bloom Boss Battle","floor":38.0,"turns":6.0},{"damage":42.0,"enemies":"Nemesis","floor":41.0,"turns":5.0},{"damage":7.0,"enemies":"3 Shapes","floor":46.0,"turns":4.0},{"damage":71,"enemies":"Reptomancer","floor":48,"turns":2}],"seed_played":"2234506639943619975","potions_obtained":[{"floor":1.0,"key":"ColorlessPotion"},{"floor":8.0,"key":"Weak Potion"},{"floor":11.0,"key":"Ancient Potion"},{"floor":12.0,"key":"AttackPotion"},{"floor":16.0,"key":"EssenceOfSteel"},{"floor":24.0,"key":"AttackPotion"},{"floor":27.0,"key":"Strength Potion"},{"floor":29.0,"key":"DuplicationPotion"},{"floor":33.0,"key":"Poison Potion"},{"floor":38.0,"key":"SkillPotion"},{"floor":46.0,"key":"Poison Potion"}],"is_trial":false,"path_per_floor":["M","?","?","?","M","E","R","M","T","R","M","E","$","?","R","B",null,"M","$","?","$","?","R","?","R","T","E","M","M","R","M","R","B",null,"M","?","$","?","$","R","E","R","T","R","?","M","?","E"],"character_chosen":"THE_SILENT","items_purchased":["Shuriken","Accuracy","Poisoned Stab","PowerPotion","Membership Card","Noxious Fumes+1"],"campfire_rested":8,"item_purchase_floors":[13,19,21,21,37,39],"current_hp_per_floor":[59,48,48,48,48,58,58,58,58,58,47,35,35,35,57,37,66,48,48,48,48,27,49,49,71,71,64,44,32,54,34,56,23,63,21,42,42,26,26,50,10,34,34,58,58,53,53,0,0],"gold":20,"neow_bonus":"THREE_ENEMY_KILL","is_daily":false,"chose_seed":false,"campfire_upgraded":2,"win_rate":0.0,"timestamp":1614400173,"path_taken":["M","?","?","?","M","E","R","M","T","R","?","E","?","?","R","BOSS","M","?","?","$","?","R","?","R","T","E","?","M","R","M","R","BOSS","M","?","$","?","$","R","E","R","T","R","?","M","?","E"],"items_purchased_type":["Relic","Card","Card","Potion","Relic","Card"],"build_version":"2020-12-22","purchased_purges":2,"victory":false,"max_hp_per_floor":[66,66,66,66,66,76,76,76,76,76,76,76,76,76,76,76,76,76,76,76,76,76,76,76,76,76,76,76,76,76,76,76,76,76,76,82,82,82,82,82,82,82,82,82,82,82,82,82,82],"card_choices":[{"not_picked":["Blur","Quick Slash","Prepared"],"picked":"SKIP","floor":1.0},{"not_picked":["Cloak And Dagger","Footwork"],"picked":"Blade Dance","floor":5.0},{"not_picked":["Escape Plan","Infinite Blades"],"picked":"Poisoned Stab","floor":6.0},{"not_picked":["Underhanded Strike","Outmaneuver"],"picked":"Deadly Poison","floor":8.0},{"not_picked":["Quick Slash","Crippling Poison"],"picked":"Finisher","floor":11.0},{"not_picked":["Concentrate","Caltrops"],"picked":"Deadly Poison","floor":12.0},{"not_picked":["Flying Knee","Endless Agony","Dagger Throw"],"picked":"SKIP","floor":18.0},{"not_picked":["Quick Slash","PiercingWail"],"picked":"Blade Dance","floor":27.0},{"not_picked":["All Out Attack","Expertise","PiercingWail"],"picked":"SKIP","floor":28.0},{"not_picked":["Underhanded Strike","Acrobatics","Dodge and Roll+1"],"picked":"SKIP","floor":29.0},{"not_picked":["Heel Hook","Sucker Punch","Concentrate"],"picked":"SKIP","floor":31.0},{"not_picked":["A Thousand Cuts+1","Malaise"],"picked":"Adrenaline","floor":33.0},{"not_picked":["PiercingWail","Escape Plan","Dagger Throw"],"picked":"SKIP","floor":35.0},{"not_picked":["Prepared","Slice+1"],"picked":"Accuracy+1","floor":38.0},{"not_picked":["Dash","Sucker Punch","Underhanded Strike"],"picked":"SKIP","floor":41.0},{"not_picked":["Underhanded Strike+1","Prepared+1"],"picked":"PiercingWail","floor":46.0}],"player_experience":214416,"relics_obtained":[{"floor":6.0,"key":"Pear"},{"floor":9.0,"key":"Sundial"},{"floor":12.0,"key":"Snake Skull"},{"floor":22.0,"key":"Enchiridion"},{"floor":26.0,"key":"Blood Vial"},{"floor":27.0,"key":"Frozen Egg 2"},{"floor":38.0,"key":"Thread and Needle"},{"floor":41.0,"key":"Letter Opener"},{"floor":43.0,"key":"Happy Flower"}],"event_choices":[{"damage_healed":0.0,"max_hp_gain":0.0,"max_hp_loss":0.0,"gold_gain":75.0,"event_name":"World of Goop","player_choice":"Gather Gold","floor":2.0,"gold_loss":0.0,"damage_taken":11.0},{"damage_healed":0.0,"max_hp_gain":0.0,"max_hp_loss":0.0,"gold_gain":150.0,"event_name":"Liars Game","player_choice":"AGREE","floor":3.0,"gold_loss":0.0,"damage_taken":0.0,"cards_obtained":["Doubt"]},{"damage_healed":0.0,"max_hp_gain":0.0,"max_hp_loss":0.0,"gold_gain":0.0,"event_name":"WeMeetAgain","player_choice":"Gave Potion","floor":4.0,"gold_loss":0.0,"damage_taken":0.0,"relics_obtained":["Darkstone Periapt"]},{"damage_healed":0.0,"max_hp_gain":0.0,"max_hp_loss":0.0,"gold_gain":0.0,"event_name":"Upgrade Shrine","player_choice":"Upgraded","floor":14.0,"gold_loss":0.0,"damage_taken":0.0,"cards_upgraded":["Blade Dance"]},{"damage_healed":0.0,"max_hp_gain":0.0,"max_hp_loss":0.0,"gold_gain":0.0,"event_name":"Drug Dealer","player_choice":"Inject Mutagens","floor":20.0,"gold_loss":0.0,"damage_taken":0.0,"relics_obtained":["MutagenicStrength"]},{"damage_healed":0.0,"max_hp_gain":0.0,"max_hp_loss":0.0,"gold_gain":0.0,"event_name":"Cursed Tome","player_choice":"Obtained Book","floor":22.0,"gold_loss":0.0,"damage_taken":21.0},{"damage_healed":0.0,"max_hp_gain":0.0,"max_hp_loss":0.0,"gold_gain":0.0,"event_name":"Lab","player_choice":"Got Potions","floor":24.0,"gold_loss":0.0,"damage_taken":0.0},{"damage_healed":15.0,"max_hp_gain":0.0,"max_hp_loss":0.0,"gold_gain":0.0,"event_name":"Winding Halls","player_choice":"Writhe","floor":36.0,"gold_loss":0.0,"damage_taken":0.0,"cards_obtained":["Writhe"]},{"damage_healed":0.0,"max_hp_gain":0.0,"max_hp_loss":0.0,"gold_gain":0.0,"event_name":"MindBloom","player_choice":"Fight","floor":38.0,"gold_loss":0.0,"damage_taken":0.0},{"damage_healed":0.0,"max_hp_gain":0.0,"max_hp_loss":0.0,"gold_gain":0.0,"event_name":"Tomb of Lord Red Mask","player_choice":"Paid","floor":45.0,"gold_loss":43.0,"damage_taken":0.0,"relics_obtained":["Red Mask"]},{"cards_removed":["Poisoned Stab"],"damage_healed":0.0,"max_hp_gain":0.0,"max_hp_loss":0.0,"gold_gain":0.0,"event_name":"Falling","player_choice":"Removed Attack","floor":47.0,"gold_loss":0.0,"damage_taken":0.0}],"is_beta":false,"boss_relics":[{"not_picked":["SlaversCollar","Tiny House"],"picked":"SacredBark"},{"not_picked":["Sozu","Runic Dome"],"picked":"Empty Cage"}],"items_purged_floors":[13,37],"is_endless":false,"potions_floor_spawned":[1,8,11,12,16,27,29,33,38,46],"killed_by":"Reptomancer","ascension_level":19}}