{"host":"8fnghcq8tvbg6z9e","time":1614401295,"event":{"mods":["BaseMod","Downfall","Minty Spire (QoL Compilation)","Quick Restart","StSLib"],"gold_per_floor":[119,139,139,139,158,2,2,2,2,2,2,2,17,40,40,169,169,190,90,5,5,5,5,20,35,35,66,85,85,85,124,124,124,124,124],"floor_reached":33,"language":"ZHS","playtime":2936,"items_purged":["hexamod:Strike","hexamod:Defend"],"score":273,"play_id":"ae32519c-178a-412b-a0c4-83474c0e1d28","local_time":"20210227124815","is_ascension_mode":false,"campfire_choices":[{"floor":7,"key":"RECALL"},{"floor":12,"key":"REST"},{"data":"hexamod:VolcanoVisage","floor":15,"key":"SMITH"},{"data":"Ghostly","floor":23,"key":"SMITH"},{"data":"Ghostly","floor":30,"key":"SMITH"},{"floor":32,"key":"REST"}],"circlet_count":0,"master_deck":["hexamod:Float+1","hexamod:Hexaguard","hexamod:NightmareGuise","hexamod:FlamesFromBeyond+1","hexamod:ThirdSeal","hexamod:VolcanoVisage+1","hexamod:VolcanoVisage","hexamod:TimeWarp","hexamod:GhostLash+1","hexamod:FlamesFromBeyond","Ghostly+1","Ghostly+1","Ghostly","hexamod:CouncilsJustice","hexamod:CouncilsJustice","hexamod:CouncilsJustice","hexamod:SpectersWail","hexamod:VolcanoVisage","hexamod:NightmareStrike+1","hexamod:ThirdSeal","hexamod:FourthSeal","hexamod:SecondSeal"],"relics":["hexamod:UnbrokenSoul","NeowsBlessing","Blue Candle","Du-Vu Doll","HornCleat","Golden Idol","Vajra","Lantern","Shuriken","Thread and Needle"],"acts_visited":["Exordium","TheCity"],"potions_floor_usage":[18,18,25],"damage_taken":[{"damage":0,"enemies":"Jaw Worm","floor":1,"turns":1},{"damage":0,"enemies":"Cultist","floor":2,"turns":1},{"damage":0,"enemies":"Small Slimes","floor":5,"turns":2},{"damage":0,"enemies":"Looter","floor":13,"turns":3},{"damage":0,"enemies":"2 Fungi Beasts","floor":14,"turns":3},{"damage":27,"enemies":"The Guardian","floor":16,"turns":13},{"damage":10,"enemies":"2 Thieves","floor":18,"turns":3},{"damage":15,"enemies":"3 Byrds","floor":24,"turns":4},{"damage":0,"enemies":"3 Cultists","floor":25,"turns":3},{"damage":3,"enemies":"Gremlin Leader","floor":27,"turns":4},{"damage":7,"enemies":"Chosen and Byrds","floor":28,"turns":4},{"damage":3,"enemies":"Book of Stabbing","floor":31,"turns":5},{"damage":41,"enemies":"Collector","floor":33,"turns":7}],"seed_played":"-4895211499915666048","potions_obtained":[{"floor":1,"key":"Fire Potion"},{"floor":14,"key":"Fire Potion"},{"floor":16,"key":"SpeedPotion"},{"floor":24,"key":"Fire Potion"},{"floor":28,"key":"GamblersBrew"}],"is_trial":false,"path_per_floor":["M","M","?","?","M","$","R","?","T","?","?","R","M","M","R","B",null,"M","$","?","?","?","R","M","M","T","E","M","?","R","E","R","B"],"character_chosen":"THE_SPIRIT","items_purchased":["hexamod:ThirdSeal"],"campfire_rested":2,"item_purchase_floors":[6],"current_hp_per_floor":[70,70,65,51,51,51,51,44,44,44,44,63,63,63,63,36,65,55,55,55,32,32,32,17,17,17,14,7,18,18,15,24,0,0,0],"gold":124,"neow_bonus":"THREE_ENEMY_KILL","is_daily":false,"chose_seed":false,"campfire_upgraded":3,"win_rate":0.0,"timestamp":1614401295,"path_taken":["M","M","?","?","?","?","R","?","T","?","?","R","M","M","R","BOSS","M","$","?","?","?","R","?","M","T","E","M","?","R","E","R","BOSS"],"items_purchased_type":["Card"],"build_version":"2020-12-22","purchased_purges":2,"victory":false,"max_hp_per_floor":[70,70,70,70,70,70,70,70,70,65,65,65,65,65,65,65,65,65,65,65,32,32,32,32,32,32,32,32,32,32,32,32,32,32,32],"card_choices":[{"not_picked":["hexamod:PhantomCloak","hexamod:HeatShield"],"picked":"hexamod:Hexaguard","floor":1},{"not_picked":["hexamod:FastForward","hexamod:Hexaguard"],"picked":"hexamod:NightmareGuise","floor":2},{"not_picked":["hexamod:SpectersWail","hexamod:ShieldOfDarkness"],"picked":"hexamod:FlamesFromBeyond","floor":5},{"not_picked":["hexamod:InspiringFlames","hexamod:FlamesFromBeyond"],"picked":"hexamod:VolcanoVisage","floor":13},{"not_picked":["hexamod:Firestarter","hexamod:ThermalTransfer","hexamod:DynamicBlow"],"picked":"SKIP","floor":13},{"not_picked":["hexamod:Hexaguard","hexamod:HauntingEcho","hexamod:BacktrackSmack"],"picked":"SKIP","floor":14},{"not_picked":["hexamod:BurningTouch","hexamod:NightmareStrike","hexamod:HeatMetal"],"picked":"SKIP","floor":14},{"not_picked":["hexamod:TimeWarp","hexamod:TurnItUp"],"picked":"hexamod:VolcanoVisage","floor":16},{"not_picked":["hexamod:HexaLevel","hexamod:ParanormalForm"],"picked":"hexamod:TimeWarp","floor":16},{"not_picked":["hexamod:BacktrackSmack","hexamod:HeatShield"],"picked":"hexamod:GhostLash+1","floor":18},{"not_picked":["hexamod:HauntingEcho","hexamod:FastForward+1"],"picked":"hexamod:FlamesFromBeyond","floor":18},{"not_picked":["hexamod:PhantomFireball","hexamod:GhostOfSpirePast"],"picked":"hexamod:SpectersWail","floor":24},{"not_picked":["hexamod:ThermalTransfer","hexamod:SpectersWail"],"picked":"hexamod:VolcanoVisage","floor":24},{"not_picked":["hexamod:HeatMetal","hexamod:GhostOfSpirePast+1"],"picked":"hexamod:NightmareStrike+1","floor":25},{"not_picked":["hexamod:HauntingEcho","hexamod:FastForward","hexamod:PowerFromBeyond"],"picked":"SKIP","floor":25},{"not_picked":["hexamod:FastForward","hexamod:InspiringFlames","hexamod:ParanormalForm"],"picked":"SKIP","floor":27},{"not_picked":["hexamod:GhostOfSpireFuture","hexamod:RecurringNightmare+1","hexamod:FastForward"],"picked":"SKIP","floor":27},{"not_picked":["hexamod:GhostLash","hexamod:BurningTouch"],"picked":"hexamod:ThirdSeal","floor":28},{"not_picked":["hexamod:HauntingEcho","hexamod:GhostOfSpireFuture","hexamod:SpectersWail"],"picked":"SKIP","floor":28},{"not_picked":["hexamod:Hexaguard","hexamod:HeatMetal"],"picked":"hexamod:FourthSeal","floor":31},{"not_picked":["hexamod:NightmareStrike","hexamod:GhostflameInferno"],"picked":"hexamod:SecondSeal","floor":31},{"not_picked":["hexamod:BurningTouch","hexamod:ForkedFlame","hexamod:NightmareStrike"],"picked":"SKIP","floor":31}],"player_experience":193721,"relics_obtained":[{"floor":9,"key":"HornCleat"},{"floor":26,"key":"Lantern"},{"floor":27,"key":"Shuriken"},{"floor":31,"key":"Thread and Needle"}],"event_choices":[{"damage_healed":0,"gold_gain":0,"player_choice":"Entered Light","damage_taken":14,"max_hp_gain":0,"max_hp_loss":0,"event_name":"Shining Light","floor":4,"gold_loss":0,"cards_upgraded":["hexamod:Float","hexamod:Strike"]},{"damage_healed":0,"gold_gain":0,"player_choice":"Success","damage_taken":7,"relics_obtained":["Du-Vu Doll"],"max_hp_gain":0,"max_hp_loss":0,"event_name":"Scrap Ooze","floor":8,"gold_loss":0},{"damage_healed":0,"gold_gain":0,"player_choice":"Lose Max HP","damage_taken":0,"relics_obtained":["Golden Idol"],"max_hp_gain":0,"max_hp_loss":5,"event_name":"Golden Idol","floor":10,"gold_loss":0},{"damage_healed":0,"gold_gain":0,"player_choice":"Upgraded","damage_taken":0,"max_hp_gain":0,"max_hp_loss":0,"event_name":"Upgrade Shrine","floor":11,"gold_loss":0,"cards_upgraded":["hexamod:FlamesFromBeyond"]},{"damage_healed":0,"gold_gain":0,"player_choice":"Obtained Relic","damage_taken":0,"relics_obtained":["Vajra"],"max_hp_gain":0,"max_hp_loss":0,"event_name":"Addict","floor":20,"gold_loss":85},{"cards_removed":["hexamod:Sear"],"damage_healed":0,"gold_gain":0,"player_choice":"Purged","damage_taken":0,"max_hp_gain":0,"max_hp_loss":0,"event_name":"Purifier","floor":22,"gold_loss":0},{"damage_healed":11,"gold_gain":0,"player_choice":"Heal","damage_taken":0,"max_hp_gain":0,"max_hp_loss":0,"event_name":"The Library","floor":29,"gold_loss":0}],"is_beta":false,"boss_relics":[{"not_picked":["Coffee Dripper","Velvet Choker"],"picked":"hexamod:UnbrokenSoul"}],"items_purged_floors":[6,19],"is_endless":false,"potions_floor_spawned":[1,14,16,24,28],"killed_by":"Collector","ascension_level":0}}