{"host":"k919bq8mkuzdqhzi","time":1614456098,"event":{"mods":["AchievementEnabler","BaseMod","Colored Map","Colored Powertips","DeckTracker","Minty Spire (QoL Compilation)","Relic Sorter","SuperFastMode"],"gold_per_floor":[111,111,211,224,241,241,275,275,275,275,295,295,295,305,305,402,402,418,418,431,109,129,129,149,149,175,185,204,222,240,254,254,254,254],"floor_reached":33,"language":"ENG","playtime":1367,"items_purged":["Strike_P"],"score":303,"play_id":"d0a8d25e-9751-4bc6-bc34-a16cea3e61f1","local_time":"20210227150138","is_ascension_mode":false,"campfire_choices":[{"data":"Eruption","floor":6,"key":"SMITH"},{"floor":10,"key":"REST"},{"data":"CrushJoints","floor":12,"key":"SMITH"},{"data":"Crescendo","floor":15,"key":"SMITH"},{"data":"Judgement","floor":23,"key":"SMITH"},{"data":"Halt","floor":25,"key":"SMITH"},{"floor":32,"key":"REST"}],"circlet_count":0,"master_deck":["Strike_P","Strike_P","Defend_P+1","Defend_P","Defend_P","Eruption+1","Vigilance+1","FlurryOfBlows","CrushJoints+1","Halt+1","Consecrate","PathToVictory","Crescendo+1","Judgement+1","SashWhip+1","CutThroughFate","BattleHymn","Sanctity+1","FollowUp","ReachHeaven","EmptyBody","FlurryOfBlows"],"relics":["PureWater","NeowsBlessing","HornCleat","War Paint","Boot","Sozu","Mercury Hourglass","Omamori"],"acts_visited":["Exordium","TheCity"],"potions_floor_usage":[7,16,30],"damage_taken":[{"damage":0,"enemies":"Cultist","floor":1,"turns":1},{"damage":0,"enemies":"Jaw Worm","floor":4,"turns":1},{"damage":0,"enemies":"2 Louse","floor":5,"turns":1},{"damage":40,"enemies":"Lagavulin","floor":7,"turns":6},{"damage":0,"enemies":"Exordium Thugs","floor":11,"turns":4},{"damage":0,"enemies":"Blue Slaver","floor":14,"turns":3},{"damage":0,"enemies":"Slime Boss","floor":16,"turns":4},{"damage":0,"enemies":"Spheric Guardian","floor":18,"turns":1},{"damage":0,"enemies":"Chosen","floor":20,"turns":3},{"damage":0,"enemies":"Centurion and Healer","floor":22,"turns":2},{"damage":14,"enemies":"Sentry and Sphere","floor":24,"turns":4},{"damage":0,"enemies":"Cultist and Chosen","floor":27,"turns":3},{"damage":0,"enemies":"Snake Plant","floor":28,"turns":3},{"damage":0,"enemies":"Sentry and Sphere","floor":29,"turns":3},{"damage":2,"enemies":"Shelled Parasite and Fungi","floor":30,"turns":4},{"damage":16,"enemies":"Centurion and Healer","floor":31,"turns":3},{"damage":73,"enemies":"Collector","floor":33,"turns":5}],"seed_played":"-9075851602753882459","potions_obtained":[{"floor":4,"key":"Swift Potion"},{"floor":5,"key":"EssenceOfSteel"},{"floor":11,"key":"Strength Potion"},{"floor":16,"key":"StancePotion"}],"is_trial":false,"path_per_floor":["M","?","?","M","M","R","E","?","T","R","M","R","?","M","R","B",null,"M","?","M","$","M","R","M","R","T","M","M","M","M","M","R","B"],"character_chosen":"WATCHER","items_purchased":["Mercury Hourglass"],"campfire_rested":2,"item_purchase_floors":[21],"current_hp_per_floor":[72,65,65,65,65,65,25,25,25,46,46,46,46,46,46,46,72,72,72,72,72,72,72,58,58,58,58,58,58,56,40,61,0,0],"gold":254,"neow_bonus":"THREE_ENEMY_KILL","is_daily":false,"chose_seed":false,"campfire_upgraded":5,"win_rate":0.0,"timestamp":1614456098,"path_taken":["M","?","?","?","M","R","E","?","T","R","M","R","?","?","R","BOSS","M","?","M","$","M","R","?","R","T","M","M","?","M","M","R","BOSS"],"items_purchased_type":["Relic"],"build_version":"2020-12-22","purchased_purges":1,"victory":false,"max_hp_per_floor":[72,72,72,72,72,72,72,72,72,72,72,72,72,72,72,72,72,72,72,72,72,72,72,72,72,72,72,72,72,72,72,72,72,72],"card_choices":[{"not_picked":["Swivel","Collect"],"picked":"FlurryOfBlows","floor":1},{"not_picked":["WaveOfTheHand","CutThroughFate"],"picked":"CrushJoints","floor":4},{"not_picked":["Consecrate","ThirdEye"],"picked":"Halt","floor":5},{"not_picked":["FlyingSleeves","FlurryOfBlows"],"picked":"Consecrate","floor":7},{"not_picked":["Prostrate","WreathOfFlame"],"picked":"PathToVictory","floor":11},{"not_picked":["ClearTheMind","Establishment"],"picked":"Crescendo","floor":14},{"not_picked":["Ragnarok","SpiritShield"],"picked":"Judgement","floor":16},{"not_picked":["CrushJoints","BattleHymn"],"picked":"SashWhip+1","floor":18},{"not_picked":["FlurryOfBlows","Halt"],"picked":"CutThroughFate","floor":20},{"not_picked":["Adaptation","WaveOfTheHand"],"picked":"BattleHymn","floor":22},{"not_picked":["FlyingSleeves+1","Pray"],"picked":"Sanctity+1","floor":24},{"not_picked":["Pray","Evaluate"],"picked":"FollowUp","floor":27},{"not_picked":["Consecrate","FollowUp","Halt"],"picked":"SKIP","floor":28},{"not_picked":["Nirvana","JustLucky"],"picked":"ReachHeaven","floor":29},{"not_picked":["Meditate","EmptyFist"],"picked":"EmptyBody","floor":30},{"not_picked":["Consecrate+1","Halt+1"],"picked":"FlurryOfBlows","floor":31}],"player_experience":182168,"relics_obtained":[{"floor":7,"key":"HornCleat"},{"floor":9,"key":"War Paint"},{"floor":26,"key":"Omamori"}],"event_choices":[{"cards_removed":["Strike_P"],"damage_healed":0,"gold_gain":0,"player_choice":"Card Removal","damage_taken":7,"max_hp_gain":0,"max_hp_loss":0,"event_name":"Golden Wing","floor":2,"gold_loss":0},{"damage_healed":0,"gold_gain":100,"player_choice":"Pray","damage_taken":0,"max_hp_gain":0,"max_hp_loss":0,"event_name":"Golden Shrine","floor":3,"gold_loss":0},{"damage_healed":0,"gold_gain":0,"player_choice":"Ignored","damage_taken":0,"max_hp_gain":0,"max_hp_loss":0,"event_name":"Shining Light","floor":8,"gold_loss":0},{"damage_healed":0,"gold_gain":0,"player_choice":"Gave Potion","damage_taken":0,"relics_obtained":["Boot"],"max_hp_gain":0,"max_hp_loss":0,"event_name":"WeMeetAgain","floor":13,"gold_loss":0},{"cards_removed":["Defend_P"],"damage_healed":0,"gold_gain":0,"player_choice":"Offered Basic","damage_taken":0,"max_hp_gain":0,"max_hp_loss":0,"event_name":"Bonfire Elementals","floor":19,"gold_loss":0}],"is_beta":false,"boss_relics":[{"not_picked":["Coffee Dripper","Ectoplasm"],"picked":"Sozu"}],"items_purged_floors":[21],"is_endless":false,"potions_floor_spawned":[4,5,11,16,18,22,27,28,29],"killed_by":"Collector","ascension_level":0}}