{"host":"fbf4ff5zs5coz2xl","time":1614408279,"event":{"mods":["BaseMod","Downfall","Minty Spire (QoL Compilation)","Permanent Neow","StSLib"],"gold_per_floor":[99,119,119,130,142,169,169,169,187,187,198,209,244,244,259,259,259,259],"floor_reached":16,"language":"ENG","playtime":1007,"items_purged":[],"score":174,"play_id":"5a16bfcb-586e-4e17-b174-28ccb7e1a0b4","local_time":"20210226234439","is_ascension_mode":true,"campfire_choices":[{"data":"Guardian:TwinSlam","floor":1,"key":"SMITH"},{"data":"Guardian:CurlUp","floor":8,"key":"SMITH"},{"data":"Guardian:Defend_Guardian","floor":10,"key":"SMITH"}],"circlet_count":0,"master_deck":["Guardian:Strike_Guardian","Guardian:Strike_Guardian","Guardian:Strike_Guardian","Guardian:Strike_Guardian","Guardian:Defend_Guardian+1","Guardian:Defend_Guardian","Guardian:Defend_Guardian","Guardian:Defend_Guardian+1","Guardian:CurlUp+1","Guardian:TwinSlam+1","Guardian:Harden+1","Decay","Guardian:RollAttack","Guardian:BronzeOrb+1","Guardian:VentSteam","Guardian:FuturePlans","Guardian:PrismaticBarrier"],"relics":["Philosopher\u0027s Stone","Molten Egg 2","Guardian:PocketSentry","Ancient Tea Set","Guardian:PickAxe"],"acts_visited":["Exordium"],"potions_floor_usage":[6,9,13],"damage_taken":[{"damage":8,"enemies":"Jaw Worm","floor":2,"turns":3},{"damage":4,"enemies":"Cultist","floor":4,"turns":3},{"damage":0,"enemies":"Small Slimes","floor":5,"turns":3},{"damage":36,"enemies":"Lagavulin","floor":6,"turns":6},{"damage":0,"enemies":"Gremlin Gang","floor":9,"turns":2},{"damage":4,"enemies":"downfall:LooterAlt","floor":11,"turns":3},{"damage":0,"enemies":"2 Fungi Beasts","floor":12,"turns":2},{"damage":0,"enemies":"Gremlin Nob","floor":13,"turns":3},{"damage":16,"enemies":"Gremlin Nob","floor":14,"turns":4},{"damage":4,"enemies":"Exordium Thugs","floor":15,"turns":3},{"damage":23,"enemies":"IC_STATUS_ARCHETYPE","floor":16,"turns":2}],"seed_played":"5653464470407034360","potions_obtained":[{"floor":4,"key":"SteroidPotion"},{"floor":5,"key":"Explosive Potion"},{"floor":9,"key":"Ancient Potion"},{"floor":11,"key":"SkillPotion"}],"is_trial":false,"path_per_floor":["R","M","?","M","M","E","T","R","M","R","M","M","E","?","M","B"],"character_chosen":"GUARDIAN","items_purchased":[],"campfire_rested":0,"item_purchase_floors":[],"current_hp_per_floor":[80,72,72,68,68,32,32,32,32,32,28,28,28,12,8,0,0,0],"gold":259,"neow_bonus":"BOSS_RELIC","is_daily":false,"chose_seed":false,"campfire_upgraded":3,"win_rate":0.0,"timestamp":1614408279,"path_taken":["R","M","?","M","M","E","T","R","?","R","M","M","E","?","M","BOSS"],"items_purchased_type":[],"build_version":"2020-12-22","purchased_purges":0,"victory":false,"max_hp_per_floor":[80,80,80,80,80,80,80,80,80,80,80,80,80,80,80,80,80,80],"card_choices":[{"not_picked":["Guardian:Gem_Lightblue","Guardian:PolyBeam"],"picked":"Guardian:Harden","floor":2},{"not_picked":["Guardian:Clone","Guardian:Harden"],"picked":"Guardian:Gem_Green","floor":4},{"not_picked":["Guardian:Orbwalk","Guardian:TimeCapacitor"],"picked":"Guardian:RollAttack","floor":5},{"not_picked":["Guardian:SpikerProtocol","Guardian:TemporalShield"],"picked":"Guardian:Gem_Red","floor":6},{"not_picked":["Guardian:VentSteam","Guardian:Gem_Lightblue"],"picked":"Guardian:BronzeOrb+1","floor":9},{"not_picked":["Guardian:WalkerClaw+1","Guardian:HyperBeam_Guardian+1","Guardian:Incinerate+1"],"picked":"SKIP","floor":11},{"not_picked":["Guardian:DonusPower","Guardian:Gem_Red"],"picked":"Guardian:VentSteam","floor":12},{"not_picked":["Guardian:Reroute+1","Guardian:BronzeArmor"],"picked":"Guardian:FuturePlans","floor":13},{"not_picked":["Guardian:RefractedBeam+1","Guardian:MultiBeam+1"],"picked":"Guardian:PrismaticBarrier","floor":15}],"player_experience":586558,"relics_obtained":[{"floor":6,"key":"Molten Egg 2"},{"floor":7,"key":"Guardian:PocketSentry"},{"floor":13,"key":"Ancient Tea Set"}],"event_choices":[],"is_beta":false,"boss_relics":[],"items_purged_floors":[],"is_endless":false,"potions_floor_spawned":[4,5,9,11,14],"killed_by":"IC_STATUS_ARCHETYPE","ascension_level":5}}