{"host":"w11d5xug8ost5klq","time":1614392708,"event":{"mods":["100% Spire Juice","2.2 Compatiblity","BaseMod","Better Third Choice","Emptier Cage","Highlight Path","KinomotoSakuraMod(????)","Minty Spire (QoL Compilation)","Quick Restart","Reliquary","Shapeshifter Mod","Spicy Shops","StSLib","The Alterego","The Hierophant","WarShipGirlsR/????R mod"],"gold_per_floor":[113,113,153,187,59,59,0,0],"floor_reached":7,"language":"ENG","playtime":226,"items_purged":["Regret"],"score":68,"play_id":"e922838a-affa-4ea9-b33b-3108e0d8eeca","local_time":"20210226202508","is_ascension_mode":true,"campfire_choices":[{"data":"hierophant:CursedGold","floor":6,"key":"SMITH"}],"circlet_count":0,"master_deck":["hierophant:Strike_Hierophant","hierophant:Strike_Hierophant","hierophant:Strike_Hierophant","hierophant:Strike_Hierophant","hierophant:Punish","hierophant:Defend_Hierophant","hierophant:Defend_Hierophant","hierophant:Defend_Hierophant","hierophant:Defend_Hierophant","hierophant:ChurchCoffers","hierophant:RustyCrate","hierophant:Doubloon","hierophant:Doubloon","hierophant:Doubloon","hierophant:CursedGold+1","hierophant:Doubloon"],"relics":["hierophant:PropheticMaskRelic","NeowsBlessing","Regal Pillow"],"acts_visited":["Exordium"],"potions_floor_usage":[7],"damage_taken":[{"damage":0,"enemies":"2 Louse","floor":1,"turns":1},{"damage":0,"enemies":"Jaw Worm","floor":3,"turns":1},{"damage":0,"enemies":"Small Slimes","floor":4,"turns":1},{"damage":125,"enemies":"Lagavulin","floor":7,"turns":12}],"seed_played":"7516281176218950699","potions_obtained":[{"floor":1,"key":"FearPotion"},{"floor":3,"key":"FairyPotion"}],"is_trial":false,"path_per_floor":["M","?","M","M","$","R","E"],"character_chosen":"HIEROPHANT","items_purchased":["hierophant:Doubloon"],"campfire_rested":0,"item_purchase_floors":[5],"current_hp_per_floor":[75,75,75,75,75,75,0,0],"gold":0,"neow_bonus":"THREE_ENEMY_KILL","is_daily":false,"chose_seed":false,"campfire_upgraded":1,"win_rate":0.0,"timestamp":1614392708,"path_taken":["M","?","M","M","$","R","E"],"items_purchased_type":["Card"],"build_version":"2020-12-22","purchased_purges":1,"victory":false,"max_hp_per_floor":[75,75,75,75,75,75,75,75],"card_choices":[{"not_picked":["hierophant:Prophecy","hierophant:Patience"],"picked":"hierophant:RustyCrate","floor":1},{"not_picked":["hierophant:Mercenaries","hierophant:ThreeLashes","hierophant:HammerAndAnvil"],"picked":"SKIP","floor":3},{"not_picked":["hierophant:Sermon","hierophant:RustyCrate"],"picked":"hierophant:CursedGold","floor":4}],"player_experience":147050,"relics_obtained":[],"event_choices":[{"damage_healed":0,"gold_gain":0,"player_choice":"Box","damage_taken":0,"relics_obtained":["Regal Pillow"],"max_hp_gain":0,"max_hp_loss":0,"event_name":"Big Fish","floor":2,"gold_loss":0,"cards_obtained":["Regret"]}],"is_beta":false,"boss_relics":[],"items_purged_floors":[5],"is_endless":false,"potions_floor_spawned":[1,3],"killed_by":"Lagavulin","ascension_level":1}}