{"host":"vmo0998bzgegyo91","time":1614396108,"event":{"mods":["BaseMod","Hermit","Minty Spire (QoL Compilation)","Relic Filter Mod","Relic Stats","Reliquary","StSLib","everything is the same but u backflip on backflip"],"gold_per_floor":[111,122,132,132,155,155,230,249,249,33,68,86,119,139,139,241,241,262,262,277,294,316,356,356,367,393,423,438,438,460,500,500,600,600,618,634,634,653,104,104,123,158,233,258,313,313,330,330,330,330,330],"floor_reached":50,"language":"ENG","playtime":3276,"items_purged":[],"score":628,"play_id":"d824fd45-5fdb-4b58-9e10-40013c7d2417","local_time":"20210226222148","is_ascension_mode":false,"campfire_choices":[{"data":"hermit:Headshot","floor":6.0,"key":"SMITH"},{"floor":15.0,"key":"REST"},{"floor":24,"key":"REST"},{"floor":29,"key":"REST"},{"floor":32,"key":"REST"},{"floor":40,"key":"REST"},{"floor":49,"key":"REST"}],"circlet_count":0,"master_deck":["hermit:Strike_Hermit","hermit:Strike_Hermit","hermit:Strike_Hermit","hermit:Strike_Hermit","hermit:Defend_Hermit","hermit:Defend_Hermit","hermit:Defend_Hermit","hermit:Defend_Hermit","hermit:Snapshot","hermit:Covet","hermit:LoneWolf+1","hermit:Scavenge","hermit:Headshot+1","hermit:GoldenBullet","hermit:TakeAim","hermit:Misfire","hermit:Snipe","hermit:Cheat","hermit:SprayPray","hermit:FromBeyond","hermit:Determination+1","hermit:EyeOfTheStorm","hermit:HoleUp+1","hermit:CursedWeapon+1","hermit:Quickdraw","hermit:ShadowCloak","hermit:Manifest","Parasite","hermit:FlashPowder"],"relics":["hermit:ClaspedLocket","NeowsBlessing","Incense Burner","Lantern","Singing Bowl","FossilizedHelix","Sozu","Darkstone Periapt","FossilizedHelix","Shovel","reliquary:Knoch","Mango","OrangePellets","reliquary:WeakTea","The Courier","Oddly Smooth Stone","Prayer Wheel"],"acts_visited":["Exordium","TheCity","TheBeyond"],"potions_floor_usage":[16,16],"damage_taken":[{"damage":0.0,"enemies":"Small Slimes","floor":1.0,"turns":1.0},{"damage":0.0,"enemies":"Jaw Worm","floor":2.0,"turns":1.0},{"damage":0.0,"enemies":"2 Louse","floor":3.0,"turns":2.0},{"damage":11.0,"enemies":"Red Slaver","floor":5.0,"turns":4.0},{"damage":13.0,"enemies":"Gremlin Gang","floor":8.0,"turns":4.0},{"damage":26.0,"enemies":"Lagavulin","floor":11.0,"turns":6.0},{"damage":9.0,"enemies":"2 Fungi Beasts","floor":12.0,"turns":5.0},{"damage":58.0,"enemies":"Gremlin Nob","floor":13.0,"turns":6.0},{"damage":12.0,"enemies":"Large Slime","floor":14.0,"turns":11.0},{"damage":20,"enemies":"Hexaghost","floor":16,"turns":8},{"damage":7,"enemies":"Shell Parasite","floor":18,"turns":4},{"damage":12,"enemies":"3 Byrds","floor":20,"turns":5},{"damage":14,"enemies":"Snake Plant","floor":21,"turns":2},{"damage":36,"enemies":"3 Cultists","floor":22,"turns":5},{"damage":36,"enemies":"Gremlin Leader","floor":23,"turns":6},{"damage":29,"enemies":"Snecko","floor":25,"turns":5},{"damage":113,"enemies":"Book of Stabbing","floor":27,"turns":8},{"damage":25,"enemies":"Snake Plant","floor":28,"turns":5},{"damage":8,"enemies":"Centurion and Healer","floor":30,"turns":6},{"damage":36,"enemies":"Slavers","floor":31,"turns":6},{"damage":86,"enemies":"Collector","floor":33,"turns":12},{"damage":44,"enemies":"3 Darklings","floor":35,"turns":6},{"damage":32,"enemies":"3 Shapes","floor":36,"turns":5},{"damage":42,"enemies":"Transient","floor":38,"turns":5},{"damage":49,"enemies":"Writhing Mass","floor":41,"turns":8},{"damage":77,"enemies":"Reptomancer","floor":42,"turns":9},{"damage":24,"enemies":"Nemesis","floor":44,"turns":9},{"damage":22,"enemies":"Mind Bloom Boss Battle","floor":45,"turns":8},{"damage":19,"enemies":"Spire Growth","floor":47,"turns":8},{"damage":56,"enemies":"Time Eater","floor":50,"turns":7}],"seed_played":"-4410368489686776617","potions_obtained":[{"floor":1.0,"key":"PowerPotion"},{"floor":2.0,"key":"SkillPotion"},{"floor":11.0,"key":"BlessingOfTheForge"},{"floor":12.0,"key":"EntropicBrew"}],"is_trial":false,"path_per_floor":["M","M","M","?","M","R","?","M","T","$","E","M","E","M","R","B",null,"M","?","M","M","M","E","R","M","T","E","M","R","M","E","R","B",null,"M","M","?","M","$","R","M","E","T","E","?","?","M","T","R","B"],"character_chosen":"HERMIT","items_purchased":["hermit:TakeAim","Lantern","Mango","OrangePellets","hermit:ShadowCloak","hermit:Manifest"],"campfire_rested":6,"item_purchase_floors":[10,10,39,39,39,39],"current_hp_per_floor":[75,75,75,60,49,49,38,25,25,25,49,40,32,20,42,22,75,68,68,56,44,10,26,50,21,21,10,35,59,51,17,42,8,87,45,15,15,25,39,71,30,53,53,31,11,11,16,16,52,0,0],"gold":330,"neow_bonus":"THREE_ENEMY_KILL","is_daily":false,"chose_seed":false,"campfire_upgraded":1,"win_rate":0.0,"timestamp":1614396108,"path_taken":["M","M","M","?","M","R","?","M","T","$","E","M","E","M","R","BOSS","M","?","M","?","M","E","R","M","T","E","M","R","M","E","R","BOSS","M","?","?","M","$","R","M","E","T","E","?","?","M","?","R","BOSS"],"items_purchased_type":["Card","Relic","Relic","Relic","Card","Card"],"build_version":"2020-12-22","purchased_purges":0,"victory":false,"max_hp_per_floor":[75,75,75,75,75,75,75,75,75,75,75,75,75,75,75,75,75,75,75,75,77,79,81,81,81,81,83,83,83,83,85,85,87,87,89,91,91,93,107,107,115,115,115,117,119,119,123,123,123,123,123],"relic_stats":{"Sozu":9,"Darkstone Periapt":6,"OrangePellets":[7],"Shovel":0,"Singing Bowl":28,"counters":[30,177],"Prayer Wheel":1,"obtain_stats":[{"Darkstone Periapt":23,"Lantern":10,"hermit:ClaspedLocket":34,"NeowsBlessing":0,"Singing Bowl":11,"Oddly Smooth Stone":44,"Mango":39,"The Courier":43,"Incense Burner":9,"reliquary:WeakTea":42,"reliquary:FerryPass":26,"Sozu":17,"OrangePellets":39,"Shovel":30,"Prayer Wheel":45,"reliquary:SculptingSteel":27,"reliquary:Knoch":31,"hermit:Momento":0,"FossilizedHelix":13},{"Darkstone Periapt":15,"Lantern":5,"hermit:ClaspedLocket":21,"NeowsBlessing":0,"Singing Bowl":6,"Oddly Smooth Stone":27,"Mango":24,"The Courier":26,"Incense Burner":5,"reliquary:WeakTea":26,"reliquary:FerryPass":16,"Sozu":10,"OrangePellets":24,"Shovel":19,"Prayer Wheel":28,"reliquary:SculptingSteel":17,"reliquary:Knoch":20,"hermit:Momento":0,"FossilizedHelix":8},{"Darkstone Periapt":70,"Lantern":12,"hermit:ClaspedLocket":112,"NeowsBlessing":0,"Singing Bowl":18,"Oddly Smooth Stone":154,"Mango":128,"The Courier":145,"Incense Burner":12,"reliquary:WeakTea":145,"reliquary:FerryPass":75,"Sozu":48,"OrangePellets":128,"Shovel":94,"Prayer Wheel":162,"reliquary:SculptingSteel":83,"reliquary:Knoch":100,"hermit:Momento":0,"FossilizedHelix":29}]},"card_choices":[{"not_picked":["hermit:Glare","hermit:WideOpen"],"picked":"hermit:LoneWolf","floor":1.0},{"not_picked":["hermit:Maintenance","hermit:Manifest"],"picked":"hermit:Malice","floor":2.0},{"not_picked":["hermit:Virtue","hermit:Showdown"],"picked":"hermit:Scavenge","floor":3.0},{"not_picked":["hermit:Grudge","hermit:Horror"],"picked":"hermit:Headshot","floor":5.0},{"not_picked":["hermit:Enervate","hermit:TrackingShot"],"picked":"hermit:GoldenBullet","floor":8.0},{"not_picked":["hermit:ShadowCloak","hermit:Feint"],"picked":"hermit:Misfire","floor":11.0},{"not_picked":["hermit:Scavenge","hermit:Horror"],"picked":"hermit:Snipe","floor":12.0},{"not_picked":["hermit:SprayPray","hermit:TrackingShot"],"picked":"hermit:Cheat","floor":13.0},{"not_picked":["hermit:Adapt","hermit:BodyArmor"],"picked":"hermit:SprayPray","floor":14.0},{"not_picked":["hermit:Reprieve","hermit:DeadOrAlive"],"picked":"hermit:FromBeyond","floor":16},{"not_picked":["hermit:Enervate","hermit:HighCaliber"],"picked":"hermit:Determination+1","floor":18},{"not_picked":["hermit:Determination","hermit:Glare"],"picked":"hermit:EyeOfTheStorm","floor":20},{"not_picked":["hermit:HoleUp+1","hermit:Roulette","hermit:TrackingShot"],"picked":"Singing Bowl","floor":21},{"not_picked":["hermit:Manifest","hermit:Dive+1","hermit:Coalescence+1"],"picked":"Singing Bowl","floor":22},{"not_picked":["hermit:Coalescence+1","hermit:DeadOrAlive","hermit:Maintenance"],"picked":"Singing Bowl","floor":23},{"not_picked":["hermit:SprayPray+1","hermit:Coalescence"],"picked":"hermit:HoleUp+1","floor":25},{"not_picked":["hermit:TakeCover","hermit:Shortfuse","hermit:Cheat"],"picked":"Singing Bowl","floor":27},{"not_picked":["hermit:Headshot","hermit:Gestalt"],"picked":"hermit:CursedWeapon+1","floor":28},{"not_picked":["hermit:Feint","hermit:Glare"],"picked":"hermit:Quickdraw","floor":30},{"not_picked":["hermit:Scavenge","hermit:Gestalt","hermit:Feint"],"picked":"Singing Bowl","floor":31},{"not_picked":["hermit:FatalDesire","hermit:Purgatory","hermit:Roughhouse"],"picked":"Singing Bowl","floor":33},{"not_picked":["hermit:WideOpen+1","hermit:Dive","hermit:CalledShot"],"picked":"Singing Bowl","floor":35},{"not_picked":["hermit:Malice","hermit:HighCaliber+1","hermit:Dive"],"picked":"Singing Bowl","floor":36},{"not_picked":["hermit:Midnight+1","hermit:SprayPray","hermit:Misfire+1"],"picked":"Singing Bowl","floor":38},{"not_picked":["hermit:EyeOfTheStorm+1","hermit:Manifest","hermit:CursedWeapon"],"picked":"Singing Bowl","floor":41},{"not_picked":["hermit:FullyLoaded","hermit:Virtue"],"picked":"hermit:FlashPowder","floor":42},{"not_picked":["hermit:Shortfuse+1","hermit:Manifest+1","hermit:Virtue"],"picked":"Singing Bowl","floor":44},{"not_picked":["hermit:SprayPray","hermit:Roulette+1","hermit:Cheat"],"picked":"Singing Bowl","floor":45},{"not_picked":["hermit:Quickdraw+1","hermit:Virtue+1","hermit:Horror"],"picked":"Singing Bowl","floor":47},{"not_picked":["hermit:HighCaliber+1","hermit:Enervate","hermit:Misfire"],"picked":"Singing Bowl","floor":47}],"player_experience":606405,"relics_obtained":[{"floor":9.0,"key":"Incense Burner"},{"floor":11.0,"key":"Singing Bowl"},{"floor":13.0,"key":"FossilizedHelix"},{"floor":23,"key":"Darkstone Periapt"},{"floor":26,"key":"reliquary:FerryPass"},{"floor":27,"key":"reliquary:SculptingSteel"},{"floor":30,"key":"Shovel"},{"floor":31,"key":"reliquary:Knoch"},{"floor":42,"key":"reliquary:WeakTea"},{"floor":43,"key":"The Courier"},{"floor":44,"key":"Oddly Smooth Stone"},{"floor":45,"key":"Prayer Wheel"}],"event_choices":[{"damage_healed":0.0,"max_hp_gain":0.0,"max_hp_loss":0.0,"gold_gain":0.0,"event_name":"Shining Light","player_choice":"Entered Light","floor":4.0,"gold_loss":0.0,"damage_taken":15.0,"cards_upgraded":["hermit:LoneWolf","hermit:Malice"]},{"damage_healed":0.0,"max_hp_gain":0.0,"max_hp_loss":0.0,"gold_gain":75.0,"event_name":"World of Goop","player_choice":"Gather Gold","floor":7.0,"gold_loss":0.0,"damage_taken":11.0},{"damage_healed":0,"gold_gain":0,"player_choice":"Bought 0 Potions","damage_taken":0,"max_hp_gain":0,"max_hp_loss":0,"event_name":"The Woman in Blue","floor":19,"gold_loss":0},{"damage_healed":0,"gold_gain":0,"player_choice":"Ignored","damage_taken":0,"max_hp_gain":0,"max_hp_loss":0,"event_name":"The Moai Head","floor":37,"gold_loss":0},{"damage_healed":0,"gold_gain":0,"player_choice":"Fight","damage_taken":0,"max_hp_gain":0,"max_hp_loss":0,"event_name":"MindBloom","floor":45,"gold_loss":0},{"cards_removed":["hermit:Malice"],"damage_healed":0,"gold_gain":0,"player_choice":"Removed Attack","damage_taken":0,"max_hp_gain":0,"max_hp_loss":0,"event_name":"Falling","floor":46,"gold_loss":0}],"is_beta":false,"boss_relics":[{"not_picked":["reliquary:Craggleroot","Runic Pyramid"],"picked":"Sozu"},{"not_picked":["Pandora\u0027s Box","Snecko Eye"],"picked":"hermit:ClaspedLocket"}],"items_purged_floors":[],"is_endless":false,"potions_floor_spawned":[1,2,11,12,18,21,22,30,33,35,38,41,42],"killed_by":"Time Eater","ascension_level":0}}