{"host":"kh6fvhxn285ncg0o","time":1614403053,"event":{"mods":["Act Like it!","BaseMod","Colored Map","Friendly Minions","Keyboard Shortcuts","Minty Spire (QoL Compilation)","Quick Restart","Relic Stats","StSLib","SuperFastMode","UnlockEverythingMod"],"gold_per_floor":[117,117,42,57,57,83,83,83,83,99,130,130,205,225,225,297,297,250,250,150,168,187,215,215,241,322,197,197,197,216,246,246,323,323,333,381,381,381,130,158,158,175,253,81,94,114,141,166,166,166,166,166,166,166,191,191],"floor_reached":57,"language":"KOR","playtime":1566,"items_purged":["Strike_R","Strike_R","Strike_R","Bash+1"],"score":3398,"play_id":"7bba25f8-ce80-4604-a4b8-ef8c0f0b2df5","local_time":"20210227141733","is_ascension_mode":true,"campfire_choices":[{"data":"Bash","floor":7,"key":"SMITH"},{"data":"Body Slam","floor":12,"key":"SMITH"},{"data":"Power Through","floor":15,"key":"SMITH"},{"data":"Seeing Red","floor":24,"key":"SMITH"},{"data":"Dark Embrace","floor":29,"key":"SMITH"},{"data":"Second Wind","floor":32,"key":"SMITH"},{"data":"Offering","floor":41,"key":"SMITH"},{"floor":49,"key":"RECALL"},{"data":"Shrug It Off","floor":53,"key":"SMITH"}],"circlet_count":0,"master_deck":["AscendersBane","Defend_R","Defend_R","Defend_R","Defend_R","Power Through+1","Dark Embrace+1","Evolve","Body Slam+1","Shrug It Off+1","Immolate","Second Wind+1","Seeing Red+1","Offering+1","Shockwave","Power Through+1","Flash of Steel","Warcry+1","Barricade"],"relics":["Burning Blood","NeowsBlessing","White Beast Statue","Eternal Feather","CaptainsWheel","Pantograph","Runic Pyramid","Juzu Bracelet","Mercury Hourglass","HornCleat","Nilry\u0027s Codex","Incense Burner","Philosopher\u0027s Stone","Bird Faced Urn","Omamori","Frozen Eye","Art of War","TungstenRod","Mango"],"acts_visited":["Exordium","TheCity","TheBeyond","TheEnding"],"potions_floor_usage":[11,16,18,22,36,55,56,56],"damage_taken":[{"damage":0,"enemies":"Cultist","floor":1,"turns":1},{"damage":0,"enemies":"Small Slimes","floor":4,"turns":2},{"damage":0,"enemies":"3 Sentries","floor":6,"turns":2},{"damage":5,"enemies":"2 Louse","floor":10,"turns":4},{"damage":35,"enemies":"Lagavulin","floor":11,"turns":7},{"damage":0,"enemies":"2 Fungi Beasts","floor":14,"turns":4},{"damage":45,"enemies":"The Guardian","floor":16,"turns":16},{"damage":7,"enemies":"2 Thieves","floor":18,"turns":5},{"damage":0,"enemies":"Chosen","floor":21,"turns":3},{"damage":3,"enemies":"Centurion and Healer","floor":22,"turns":6},{"damage":1,"enemies":"Gremlin Leader","floor":23,"turns":7},{"damage":9,"enemies":"Book of Stabbing","floor":25,"turns":4},{"damage":14,"enemies":"Snake Plant","floor":30,"turns":3},{"damage":0,"enemies":"Gremlin Leader","floor":31,"turns":3},{"damage":0,"enemies":"Collector","floor":33,"turns":5},{"damage":6,"enemies":"3 Darklings","floor":35,"turns":5},{"damage":6,"enemies":"2 Orb Walkers","floor":36,"turns":4},{"damage":6,"enemies":"Nemesis","floor":40,"turns":3},{"damage":1,"enemies":"3 Shapes","floor":42,"turns":5},{"damage":6,"enemies":"Sphere and 2 Shapes","floor":45,"turns":1},{"damage":1,"enemies":"3 Darklings","floor":46,"turns":5},{"damage":1,"enemies":"Giant Head","floor":47,"turns":6},{"damage":1,"enemies":"Mind Bloom Boss Battle","floor":48,"turns":6},{"damage":5,"enemies":"Awakened One","floor":50,"turns":6},{"damage":14,"enemies":"Donu and Deca","floor":51,"turns":6},{"damage":0,"enemies":"Shield and Spear","floor":55,"turns":6},{"damage":0,"enemies":"The Heart","floor":56,"turns":6}],"seed_played":"-8463590454027119721","potions_obtained":[{"floor":1,"key":"AttackPotion"},{"floor":6,"key":"SkillPotion"},{"floor":10,"key":"FearPotion"},{"floor":11,"key":"Strength Potion"},{"floor":14,"key":"Strength Potion"},{"floor":16,"key":"Regen Potion"},{"floor":18,"key":"FearPotion"},{"floor":21,"key":"SkillPotion"},{"floor":22,"key":"ElixirPotion"},{"floor":23,"key":"Dexterity Potion"},{"floor":30,"key":"Dexterity Potion"},{"floor":31,"key":"DuplicationPotion"},{"floor":36,"key":"SmokeBomb"},{"floor":40,"key":"LiquidBronze"},{"floor":45,"key":"DuplicationPotion"},{"floor":55,"key":"DuplicationPotion"}],"is_trial":false,"path_per_floor":["M","?","$","M","?","E","R","?","T","M","E","R","?","M","R","B",null,"M","?","$","M","M","E","R","E","T","$","?","R","M","E","R","B",null,"M","?","?","?","$","E","R","M","T","$","M","M","E","?","R","B","B",null,"R","$","E","B",null],"character_chosen":"IRONCLAD","items_purchased":["Flash of Steel","Frozen Eye"],"campfire_rested":0,"item_purchase_floors":[39,44],"current_hp_per_floor":[74,74,74,75,64,70,75,80,80,80,51,57,46,52,58,41,70,80,80,80,80,80,80,80,77,77,77,56,65,57,63,72,80,80,80,80,80,80,80,80,80,80,80,80,80,80,80,80,80,80,78,80,80,80,94,94],"gold":191,"neow_bonus":"THREE_ENEMY_KILL","is_daily":false,"chose_seed":false,"campfire_upgraded":8,"win_rate":0.0,"timestamp":1614403053,"path_taken":["M","?","$","M","?","E","R","?","T","M","E","R","?","M","R","BOSS","M","?","$","M","M","E","R","E","T","$","?","R","M","E","R","BOSS","M","?","?","?","$","E","R","M","T","?","M","M","E","?","R","BOSS","BOSS","R","$","E","BOSS"],"items_purchased_type":["Card","Relic"],"build_version":"2020-12-22","purchased_purges":4,"victory":true,"max_hp_per_floor":[75,75,75,75,75,75,75,80,80,80,80,80,80,80,80,80,80,80,80,80,80,80,80,80,80,80,80,80,80,80,80,80,80,80,80,80,80,80,80,80,80,80,80,80,80,80,80,80,80,80,80,80,80,80,94,94],"relic_stats":{"counters":[27,129],"Pantograph":30,"Bird Faced Urn":[11],"Eternal Feather":35,"Juzu Bracelet":1,"Art of War":[8],"obtain_stats":[{"NeowsBlessing":0,"Nilry\u0027s Codex":28,"Eternal Feather":6,"Mango":55,"Juzu Bracelet":23,"Incense Burner":31,"Omamori":40,"Burning Blood":0,"White Beast Statue":5,"Mercury Hourglass":25,"Frozen Eye":44,"CaptainsWheel":9,"HornCleat":26,"Pantograph":11,"Bird Faced Urn":36,"Philosopher\u0027s Stone":34,"Art of War":47,"TungstenRod":48,"Runic Pyramid":17},{"NeowsBlessing":0,"Nilry\u0027s Codex":12,"Eternal Feather":3,"Mango":26,"Juzu Bracelet":11,"Incense Burner":14,"Omamori":18,"Burning Blood":0,"White Beast Statue":2,"Mercury Hourglass":12,"Frozen Eye":19,"CaptainsWheel":3,"HornCleat":12,"Pantograph":5,"Bird Faced Urn":17,"Philosopher\u0027s Stone":15,"Art of War":22,"TungstenRod":23,"Runic Pyramid":7},{"NeowsBlessing":0,"Nilry\u0027s Codex":61,"Eternal Feather":5,"Mango":123,"Juzu Bracelet":57,"Incense Burner":67,"Omamori":83,"Burning Blood":0,"White Beast Statue":3,"Mercury Hourglass":61,"Frozen Eye":88,"CaptainsWheel":5,"HornCleat":61,"Pantograph":16,"Bird Faced Urn":80,"Philosopher\u0027s Stone":72,"Art of War":100,"TungstenRod":105,"Runic Pyramid":36}],"Burning Blood":94,"TungstenRod":7,"Mercury Hourglass":[294]},"card_choices":[{"not_picked":["Hemokinesis","Wild Strike"],"picked":"Power Through","floor":1},{"not_picked":["Twin Strike","Pummel"],"picked":"Dark Embrace","floor":4},{"not_picked":["Clothesline","Infernal Blade"],"picked":"Evolve","floor":6},{"not_picked":["Thunderclap","Anger"],"picked":"Body Slam","floor":10},{"not_picked":["Pommel Strike","Infernal Blade"],"picked":"Shrug It Off","floor":11},{"not_picked":["Headbutt","Shrug It Off","Blood for Blood"],"picked":"SKIP","floor":14},{"not_picked":["Limit Break","Barricade"],"picked":"Immolate","floor":16},{"not_picked":["Wild Strike+1","Twin Strike","Spot Weakness"],"picked":"SKIP","floor":18},{"not_picked":["Heavy Blade","Rupture","Anger"],"picked":"SKIP","floor":21},{"not_picked":["Thunderclap","Body Slam","Clothesline"],"picked":"SKIP","floor":22},{"not_picked":["Thunderclap","Shrug It Off+1"],"picked":"Seeing Red","floor":23},{"not_picked":["Warcry","Reckless Charge","Clothesline"],"picked":"SKIP","floor":25},{"not_picked":["Dark Embrace","Sword Boomerang","Inflame"],"picked":"SKIP","floor":30},{"not_picked":["Twin Strike","Body Slam","Thunderclap"],"picked":"SKIP","floor":31},{"not_picked":["Bludgeon","Exhume"],"picked":"Offering","floor":33},{"not_picked":["Rampage+1","Sword Boomerang+1","Carnage"],"picked":"SKIP","floor":35},{"not_picked":["Sever Soul","Ghostly Armor","Reaper"],"picked":"SKIP","floor":40},{"not_picked":["Spot Weakness+1","Armaments","Body Slam+1"],"picked":"SKIP","floor":42},{"not_picked":["Flex+1","Iron Wave+1","Anger"],"picked":"SKIP","floor":45},{"not_picked":["Anger","Power Through+1"],"picked":"Warcry+1","floor":46},{"not_picked":["Warcry","Perfected Strike","Shrug It Off"],"picked":"SKIP","floor":47},{"not_picked":["Iron Wave","Evolve+1"],"picked":"Barricade","floor":55}],"player_experience":1565081,"relics_obtained":[{"floor":6,"key":"Eternal Feather"},{"floor":9,"key":"CaptainsWheel"},{"floor":11,"key":"Pantograph"},{"floor":23,"key":"Juzu Bracelet"},{"floor":25,"key":"Mercury Hourglass"},{"floor":26,"key":"HornCleat"},{"floor":28,"key":"Nilry\u0027s Codex"},{"floor":31,"key":"Incense Burner"},{"floor":36,"key":"Bird Faced Urn"},{"floor":40,"key":"Omamori"},{"floor":47,"key":"Art of War"},{"floor":48,"key":"TungstenRod"},{"floor":55,"key":"Mango"}],"event_choices":[{"cards_removed":["Strike_R"],"damage_healed":0,"gold_gain":0,"player_choice":"Forget","damage_taken":0,"max_hp_gain":0,"max_hp_loss":0,"event_name":"Living Wall","floor":2,"gold_loss":0},{"damage_healed":0,"gold_gain":0,"player_choice":"Success","damage_taken":11,"relics_obtained":["White Beast Statue"],"max_hp_gain":0,"max_hp_loss":0,"event_name":"Scrap Ooze","floor":5,"gold_loss":0},{"damage_healed":0,"gold_gain":0,"player_choice":"Donut","damage_taken":0,"max_hp_gain":5,"max_hp_loss":0,"event_name":"Big Fish","floor":8,"gold_loss":0},{"damage_healed":0,"gold_gain":75,"player_choice":"Gather Gold","damage_taken":11,"max_hp_gain":0,"max_hp_loss":0,"event_name":"World of Goop","floor":13,"gold_loss":0},{"damage_healed":0,"gold_gain":0,"player_choice":"Read","damage_taken":0,"max_hp_gain":0,"max_hp_loss":0,"event_name":"The Library","floor":19,"gold_loss":0,"cards_obtained":["Second Wind"]},{"damage_healed":0,"gold_gain":0,"player_choice":"Obtained Book","damage_taken":21,"max_hp_gain":0,"max_hp_loss":0,"event_name":"Cursed Tome","floor":28,"gold_loss":0},{"damage_healed":0,"gold_gain":0,"player_choice":"Fight","damage_taken":0,"max_hp_gain":0,"max_hp_loss":0,"event_name":"Mysterious Sphere","floor":36,"gold_loss":0},{"damage_healed":0,"gold_gain":0,"cards_transformed":["Strike_R"],"player_choice":"Transformed","damage_taken":0,"max_hp_gain":0,"max_hp_loss":0,"event_name":"Transmorgrifier","floor":37,"gold_loss":0,"cards_obtained":["Shockwave"]},{"damage_healed":0,"gold_gain":0,"player_choice":"Copied","damage_taken":0,"max_hp_gain":0,"max_hp_loss":0,"event_name":"Duplicator","floor":38,"gold_loss":0,"cards_obtained":["Power Through"]},{"damage_healed":0,"gold_gain":0,"player_choice":"Fight","damage_taken":0,"max_hp_gain":0,"max_hp_loss":0,"event_name":"MindBloom","floor":48,"gold_loss":0}],"is_beta":false,"boss_relics":[{"not_picked":["Black Star","Fusion Hammer"],"picked":"Runic Pyramid"},{"not_picked":["Tiny House","Cursed Key"],"picked":"Philosopher\u0027s Stone"}],"items_purged_floors":[3,20,27,39],"is_endless":false,"potions_floor_spawned":[1,6,10,11,14,16,18,21,22,23,25,30,31,33,35,36,40,42,45,46,47,48,55],"ascension_level":20}}