{"host":"sc0o2qwpf9j16a4i","time":1614431655,"event":{"mods":["AchievementEnabler","BaseMod","BetterRewards","Block Reminder","Colored Map","Colored Powertips","Custom Start","Highlight Path","Minty Spire (QoL Compilation)","Relic Stats"],"gold_per_floor":[111,167,167,167,191,191,235,278,353,369,394,394,413,449,449,579,579,603,73,73,94,119,154,187,207,207,207,207,207,248,273,273,403,403,418,434,458,458,521,521,560,560,560,598,45,64,100,124,124,124],"floor_reached":51,"language":"ENG","playtime":2405,"items_purged":["Injury"],"score":1290,"play_id":"d5c4a124-b42e-4df4-855b-fc479dc1e035","local_time":"20210227151415","daily_mods":["SealedDeck","Time Dilation","DeadlyEvents"],"is_ascension_mode":false,"campfire_choices":[{"data":"True Grit","floor":6,"key":"SMITH"},{"data":"Rupture","floor":15,"key":"SMITH"},{"floor":27,"key":"REST"},{"data":"True Grit","floor":29,"key":"SMITH"},{"data":"Uppercut","floor":32,"key":"SMITH"},{"data":"Offering","floor":40,"key":"SMITH"},{"data":"Offering","floor":42,"key":"SMITH"},{"data":"Barricade","floor":49,"key":"SMITH"}],"circlet_count":0,"master_deck":["Infernal Blade","True Grit","Sword Boomerang","Blood for Blood","Iron Wave","True Grit+1","Iron Wave","Clothesline","Combust","Rupture+1","Iron Wave","Blood for Blood+1","Heavy Blade","Offering+1","Hemokinesis+1","Rage","True Grit+1","Offering+1","Barricade+1","Flame Barrier","Uppercut+1","Flame Barrier+1","Battle Trance+1","Offering","CurseOfTheBell","Shockwave","Entrench","Dual Wield+1","Evolve+1","Second Wind","Shrug It Off","Entrench+1","Armaments+1","Body Slam+1"],"relics":["Burning Blood","Golden Idol","Orichalcum","Pen Nib","Ornamental Fan","Darkstone Periapt","StrikeDummy","Mark of Pain","Sling","CaptainsWheel","Enchiridion","Whetstone","The Courier","Eternal Feather","FossilizedHelix","Calling Bell","Vajra","Self Forming Clay","Torii","Turnip","Girya","Lantern","Sundial","Bottled Lightning","Lee\u0027s Waffle","Nunchaku"],"acts_visited":["Exordium","TheCity","TheBeyond"],"potions_floor_usage":[8,14,14,23,23,23,23,24,25,30,31,44,50,50],"damage_taken":[{"damage":0,"enemies":"2 Louse","floor":1,"turns":3},{"damage":1,"enemies":"Small Slimes","floor":5,"turns":3},{"damage":13,"enemies":"Gremlin Nob","floor":7,"turns":4},{"damage":4,"enemies":"Lagavulin","floor":8,"turns":6},{"damage":6,"enemies":"Jaw Worm","floor":10,"turns":2},{"damage":8,"enemies":"Exordium Wildlife","floor":11,"turns":1},{"damage":6,"enemies":"3 Louse","floor":13,"turns":3},{"damage":8,"enemies":"Gremlin Nob","floor":14,"turns":2},{"damage":17,"enemies":"The Guardian","floor":16,"turns":7},{"damage":13,"enemies":"Spheric Guardian","floor":18,"turns":3},{"damage":9,"enemies":"Shell Parasite","floor":21,"turns":2},{"damage":19,"enemies":"Sentry and Sphere","floor":22,"turns":5},{"damage":14,"enemies":"Book of Stabbing","floor":23,"turns":3},{"damage":15,"enemies":"Gremlin Leader","floor":24,"turns":2},{"damage":15,"enemies":"Snecko","floor":25,"turns":5},{"damage":15,"enemies":"Book of Stabbing","floor":30,"turns":4},{"damage":10,"enemies":"Centurion and Healer","floor":31,"turns":4},{"damage":13,"enemies":"Champ","floor":33,"turns":8},{"damage":24,"enemies":"3 Darklings","floor":35,"turns":5},{"damage":0,"enemies":"Orb Walker","floor":36,"turns":4},{"damage":15,"enemies":"Transient","floor":37,"turns":5},{"damage":15,"enemies":"Mind Bloom Boss Battle","floor":39,"turns":4},{"damage":15,"enemies":"Nemesis","floor":41,"turns":3},{"damage":13,"enemies":"Reptomancer","floor":44,"turns":3},{"damage":14,"enemies":"Jaw Worm Horde","floor":46,"turns":3},{"damage":20,"enemies":"Nemesis","floor":47,"turns":7},{"damage":14,"enemies":"Maw","floor":48,"turns":3},{"damage":0,"enemies":"Time Eater","floor":50,"turns":7}],"seed_played":"-4932746872259368540","potions_obtained":[{"floor":4,"key":"Ancient Potion"},{"floor":4,"key":"EntropicBrew"},{"floor":4,"key":"Ancient Potion"},{"floor":7,"key":"PowerPotion"},{"floor":8,"key":"LiquidBronze"},{"floor":13,"key":"EntropicBrew"},{"floor":24,"key":"Dexterity Potion"},{"floor":25,"key":"SneckoOil"},{"floor":33,"key":"SteroidPotion"},{"floor":37,"key":"Fire Potion"},{"floor":41,"key":"Ancient Potion"}],"is_trial":true,"path_per_floor":["M","?","?","?","M","R","E","E","T","M","M","T","M","E","R","B",null,"M","$","?","M","M","E","E","M","T","R","?","R","E","M","R","B",null,"M","M","M","?","?","R","E","R","T","E","$","M","E","M","R","B",null],"character_chosen":"IRONCLAD","items_purchased":["Sling","CaptainsWheel","Flame Barrier","Bottled Lightning","Lee\u0027s Waffle","Second Wind","Shrug It Off","Weak Potion","SpeedPotion"],"campfire_rested":1,"item_purchase_floors":[19,19,19,45,45,45,45,45,45],"current_hp_per_floor":[80,80,80,80,80,80,73,75,75,75,73,73,73,71,71,60,80,73,73,57,54,41,33,24,15,15,51,51,63,54,50,62,55,86,68,74,65,65,56,71,62,77,77,70,93,85,71,63,81,87],"gold":124,"neow_bonus":"","is_daily":false,"chose_seed":false,"campfire_upgraded":7,"win_rate":0.0,"timestamp":1614431655,"path_taken":["M","?","?","?","M","R","E","?","T","M","?","?","M","E","R","BOSS","M","$","?","M","?","E","?","M","T","R","?","R","E","?","R","BOSS","M","M","M","?","?","R","E","R","T","E","$","?","E","M","R","BOSS"],"items_purchased_type":["Relic","Relic","Card","Relic","Relic","Card","Card","Potion","Potion"],"build_version":"2020-12-22","purchased_purges":1,"victory":true,"max_hp_per_floor":[80,80,80,80,80,80,80,80,80,80,80,80,80,80,80,80,80,80,80,80,80,80,80,80,80,80,80,80,80,80,80,80,80,86,86,86,86,86,86,86,86,86,86,86,93,93,93,93,93,93],"relic_stats":{"Darkstone Periapt":6,"Lee\u0027s Waffle":23,"Torii":2,"counters":[28,111],"Golden Idol":221,"Self Forming Clay":[96],"Eternal Feather":84,"Pen Nib":[16],"Whetstone":["Hemokinesis","Blood for Blood"],"Orichalcum":[24],"Burning Blood":157,"Nunchaku":[1],"Ornamental Fan":[96],"Sundial":[2],"Turnip":[3],"obtain_stats":[{"Darkstone Periapt":12,"Lantern":43,"Torii":34,"Enchiridion":20,"Vajra":34,"Whetstone":23,"Sling":19,"Burning Blood":0,"Nunchaku":47,"Sundial":44,"Girya":41,"Lee\u0027s Waffle":45,"Golden Idol":3,"Self Forming Clay":34,"Eternal Feather":26,"Pen Nib":8,"The Courier":24,"Orichalcum":7,"Calling Bell":34,"CaptainsWheel":19,"Ornamental Fan":9,"Mark of Pain":17,"Turnip":39,"Bottled Lightning":45,"StrikeDummy":14,"FossilizedHelix":30},{"Darkstone Periapt":6,"Lantern":23,"Torii":18,"Enchiridion":10,"Vajra":18,"Whetstone":13,"Sling":10,"Burning Blood":0,"Nunchaku":26,"Sundial":24,"Girya":23,"Lee\u0027s Waffle":24,"Golden Idol":1,"Self Forming Clay":18,"Eternal Feather":15,"Pen Nib":4,"The Courier":14,"Orichalcum":3,"Calling Bell":18,"CaptainsWheel":10,"Ornamental Fan":4,"Mark of Pain":9,"Turnip":22,"Bottled Lightning":24,"StrikeDummy":8,"FossilizedHelix":16},{"Darkstone Periapt":19,"Lantern":88,"Torii":67,"Enchiridion":34,"Vajra":67,"Whetstone":44,"Sling":34,"Burning Blood":0,"Nunchaku":101,"Sundial":91,"Girya":88,"Lee\u0027s Waffle":91,"Golden Idol":3,"Self Forming Clay":67,"Eternal Feather":51,"Pen Nib":16,"The Courier":46,"Orichalcum":10,"Calling Bell":67,"CaptainsWheel":34,"Ornamental Fan":16,"Mark of Pain":31,"Turnip":85,"Bottled Lightning":91,"StrikeDummy":24,"FossilizedHelix":55}]},"card_choices":[{"not_picked":["Thunderclap","Anger"],"picked":"Iron Wave","floor":1},{"not_picked":["Body Slam","Sword Boomerang"],"picked":"Blood for Blood","floor":5},{"not_picked":["Pummel","Pommel Strike"],"picked":"Heavy Blade","floor":7},{"not_picked":["Warcry","Flame Barrier"],"picked":"Offering","floor":8},{"not_picked":["Evolve","Clothesline"],"picked":"Hemokinesis","floor":10},{"not_picked":["Whirlwind","Power Through"],"picked":"Rage","floor":11},{"not_picked":["Havoc","Bloodletting"],"picked":"True Grit","floor":13},{"not_picked":["Anger","Cleave"],"picked":"Offering","floor":14},{"not_picked":["Limit Break","Demon Form"],"picked":"Barricade","floor":16},{"not_picked":["Thunderclap","Ghostly Armor","Perfected Strike"],"picked":"SKIP","floor":18},{"not_picked":["Havoc+1","Dropkick+1"],"picked":"Uppercut","floor":21},{"not_picked":["Havoc","Hemokinesis","Iron Wave"],"picked":"SKIP","floor":22},{"not_picked":["Infernal Blade","Bloodletting"],"picked":"Flame Barrier+1","floor":23},{"not_picked":["Corruption","True Grit"],"picked":"Battle Trance+1","floor":24},{"not_picked":["Rampage+1","Perfected Strike","Combust"],"picked":"SKIP","floor":25},{"not_picked":["Havoc","Searing Blow+1","Reckless Charge"],"picked":"SKIP","floor":30},{"not_picked":["Cleave","Headbutt","Intimidate"],"picked":"SKIP","floor":31},{"not_picked":["Immolate","Double Tap"],"picked":"Offering","floor":33},{"not_picked":["Perfected Strike+1","Fire Breathing+1"],"picked":"Shockwave","floor":35},{"not_picked":["Blood for Blood+1","Wild Strike"],"picked":"Entrench","floor":36},{"not_picked":["Pommel Strike","Iron Wave","Havoc"],"picked":"SKIP","floor":37},{"not_picked":["Seeing Red","Cleave+1"],"picked":"Dual Wield+1","floor":39},{"not_picked":["Bludgeon","Seeing Red","Anger+1"],"picked":"SKIP","floor":41},{"not_picked":["Fire Breathing","Flex"],"picked":"Evolve+1","floor":44},{"not_picked":["Dropkick+1","Body Slam+1"],"picked":"Entrench+1","floor":46},{"not_picked":["Twin Strike+1","Rage+1"],"picked":"Armaments+1","floor":47},{"not_picked":["Clothesline","Rampage+1"],"picked":"Body Slam+1","floor":48}],"player_experience":1592112,"relics_obtained":[{"floor":7,"key":"Orichalcum"},{"floor":8,"key":"Pen Nib"},{"floor":9,"key":"Ornamental Fan"},{"floor":12,"key":"Darkstone Periapt"},{"floor":14,"key":"StrikeDummy"},{"floor":20,"key":"Enchiridion"},{"floor":23,"key":"Whetstone"},{"floor":24,"key":"The Courier"},{"floor":26,"key":"Eternal Feather"},{"floor":30,"key":"FossilizedHelix"},{"floor":34,"key":"Vajra"},{"floor":34,"key":"Self Forming Clay"},{"floor":34,"key":"Torii"},{"floor":39,"key":"Turnip"},{"floor":41,"key":"Girya"},{"floor":43,"key":"Lantern"},{"floor":44,"key":"Sundial"},{"floor":47,"key":"Nunchaku"}],"event_choices":[{"damage_healed":0,"gold_gain":56,"player_choice":"Gained Gold","damage_taken":0,"max_hp_gain":0,"max_hp_loss":0,"event_name":"Golden Wing","floor":2,"gold_loss":0},{"damage_healed":0,"gold_gain":0,"player_choice":"Take Wound","damage_taken":0,"relics_obtained":["Golden Idol"],"max_hp_gain":0,"max_hp_loss":0,"event_name":"Golden Idol","floor":3,"gold_loss":0,"cards_obtained":["Injury"]},{"damage_healed":0,"gold_gain":0,"player_choice":"Got Potions","damage_taken":0,"max_hp_gain":0,"max_hp_loss":0,"event_name":"Lab","floor":4,"gold_loss":0},{"damage_healed":0,"gold_gain":0,"player_choice":"Obtained Book","damage_taken":16,"max_hp_gain":0,"max_hp_loss":0,"event_name":"Cursed Tome","floor":20,"gold_loss":0},{"damage_healed":0,"gold_gain":0,"player_choice":"Simplicity","damage_taken":0,"max_hp_gain":0,"max_hp_loss":0,"event_name":"Back to Basics","floor":28,"gold_loss":0,"cards_upgraded":[]},{"damage_healed":0,"gold_gain":0,"player_choice":"Ignored","damage_taken":0,"max_hp_gain":0,"max_hp_loss":0,"event_name":"Tomb of Lord Red Mask","floor":38,"gold_loss":0},{"damage_healed":0,"gold_gain":0,"player_choice":"Fight","damage_taken":0,"max_hp_gain":0,"max_hp_loss":0,"event_name":"MindBloom","floor":39,"gold_loss":0}],"is_beta":false,"boss_relics":[{"not_picked":["Coffee Dripper","Astrolabe"],"picked":"Mark of Pain"},{"not_picked":["Runic Pyramid","Black Star"],"picked":"Calling Bell"}],"items_purged_floors":[45],"is_endless":false,"potions_floor_spawned":[7,8,13,16,21,22,24,25,33,37,41,46,47],"ascension_level":0}}