{"host":"dlqyscxstsnu98l1","time":1614387512,"event":{"mods":["AchievementEnabler","BaseMod","Colored Map","Colored Powertips","GifTheSpireLib","Highlight Path","Minty Spire (QoL Compilation)","Random Character Button","SacredBarkPlus","StSLib","everything is the same but u backflip on backflip"],"gold_per_floor":[115,115,131,144,157,182,182,193,193,267,267,287,313,313,313,411,411,422,3,3,16,376,391,391,391],"floor_reached":24,"language":"ENG","playtime":843,"items_purged":[],"score":281,"play_id":"d70a17d4-e2d2-4fd6-9da6-e55c32cacddf","local_time":"20210226185832","is_ascension_mode":true,"campfire_choices":[{"floor":7,"key":"REST"},{"data":"Deadly Poison","floor":11,"key":"SMITH"},{"floor":15,"key":"REST"}],"circlet_count":0,"master_deck":["Strike_G","Strike_G","Strike_G","Strike_G","Defend_G","Defend_G","Defend_G","Defend_G","Defend_G","Survivor","Neutralize+1","Skewer","Cloak And Dagger","Deadly Poison+1","Dash","Well Laid Plans","Deadly Poison","Dagger Spray","All Out Attack","Parasite","Burst","Acrobatics+1","Caltrops","PiercingWail","Deadly Poison","Footwork"],"relics":["Ring of the Snake","Akabeko","Mercury Hourglass","Question Card","Fusion Hammer","Torii","Vajra"],"acts_visited":["Exordium","TheCity"],"potions_floor_usage":[8,12,13,16,24],"damage_taken":[{"damage":3,"enemies":"2 Louse","floor":1,"turns":3},{"damage":0,"enemies":"Jaw Worm","floor":3,"turns":3},{"damage":0,"enemies":"Cultist","floor":4,"turns":4},{"damage":6,"enemies":"Exordium Wildlife","floor":5,"turns":4},{"damage":34,"enemies":"Lagavulin","floor":6,"turns":6},{"damage":0,"enemies":"Gremlin Gang","floor":8,"turns":1},{"damage":20,"enemies":"Large Slime","floor":12,"turns":6},{"damage":6,"enemies":"Gremlin Nob","floor":13,"turns":4},{"damage":15,"enemies":"Slime Boss","floor":16,"turns":8},{"damage":2,"enemies":"Chosen","floor":18,"turns":4},{"damage":0,"enemies":"3 Byrds","floor":21,"turns":4},{"damage":10,"enemies":"Cultist and Chosen","floor":23,"turns":6},{"damage":15,"enemies":"Gremlin Leader","floor":24,"turns":5}],"seed_played":"5107979988465501956","potions_obtained":[{"floor":3,"key":"DistilledChaos"},{"floor":5,"key":"SkillPotion"},{"floor":6,"key":"AttackPotion"},{"floor":12,"key":"Fruit Juice"},{"floor":13,"key":"AttackPotion"},{"floor":21,"key":"Poison Potion"}],"is_trial":false,"path_per_floor":["M","?","M","M","M","E","R","M","T","T","R","M","E","?","R","B",null,"M","$","?","M","?","M","E"],"character_chosen":"THE_SILENT","items_purchased":["Torii","Caltrops","PiercingWail"],"campfire_rested":2,"item_purchase_floors":[19,19,19],"current_hp_per_floor":[60,60,60,60,54,20,41,41,41,41,41,21,20,38,60,45,68,66,66,66,66,30,20,5,5],"gold":391,"neow_bonus":"TRANSFORM_CARD","is_daily":false,"chose_seed":false,"campfire_upgraded":1,"win_rate":0.0,"timestamp":1614387512,"path_taken":["M","?","M","M","M","E","R","M","T","?","R","?","E","?","R","BOSS","M","$","?","?","?","?","E"],"items_purchased_type":["Relic","Card","Card"],"build_version":"2020-12-22","purchased_purges":0,"victory":false,"max_hp_per_floor":[70,70,70,70,70,70,70,70,70,70,70,70,75,75,75,75,75,75,75,75,75,75,75,75,75],"card_choices":[{"not_picked":["Dodge and Roll","Sucker Punch"],"picked":"Cloak And Dagger","floor":1},{"not_picked":["Escape Plan","Prepared"],"picked":"Deadly Poison","floor":3},{"not_picked":["Underhanded Strike","Accuracy","Escape Plan"],"picked":"SKIP","floor":4},{"not_picked":["Tactician","Flying Knee"],"picked":"Dash","floor":5},{"not_picked":["Blur","Poisoned Stab"],"picked":"Well Laid Plans","floor":6},{"not_picked":["Poisoned Stab","Catalyst"],"picked":"Deadly Poison","floor":8},{"not_picked":["Quick Slash","Backflip"],"picked":"Dagger Spray","floor":12},{"not_picked":["Deflect","Dash"],"picked":"All Out Attack","floor":13},{"not_picked":["Die Die Die","Envenom","Storm of Steel"],"picked":"Burst","floor":16},{"not_picked":["Quick Slash","Cloak And Dagger","Underhanded Strike+1"],"picked":"Acrobatics+1","floor":18},{"not_picked":["Poisoned Stab+1","Prepared","Bullet Time"],"picked":"Deadly Poison","floor":21},{"not_picked":["Deadly Poison","Caltrops","Backflip"],"picked":"Footwork","floor":23}],"player_experience":294098,"relics_obtained":[{"floor":6,"key":"Akabeko"},{"floor":9,"key":"Mercury Hourglass"},{"floor":13,"key":"Question Card"}],"event_choices":[{"damage_healed":0,"gold_gain":0,"player_choice":"Grow","damage_taken":0,"max_hp_gain":0,"max_hp_loss":0,"event_name":"Living Wall","floor":2,"gold_loss":0,"cards_upgraded":["Neutralize"]},{"damage_healed":18,"gold_gain":0,"player_choice":"Healed and dodged fight","damage_taken":0,"max_hp_gain":0,"max_hp_loss":0,"event_name":"Mushrooms","floor":14,"gold_loss":0,"cards_obtained":["Parasite"]},{"damage_healed":0,"gold_gain":0,"player_choice":"Gave Potion","damage_taken":0,"relics_obtained":["Vajra"],"max_hp_gain":0,"max_hp_loss":0,"event_name":"WeMeetAgain","floor":20,"gold_loss":0},{"damage_healed":0,"gold_gain":360,"player_choice":"GOLD GOLD GOLD GOLD ","damage_taken":36,"max_hp_gain":0,"max_hp_loss":0,"event_name":"Knowing Skull","floor":22,"potions_obtained":[],"gold_loss":0,"cards_obtained":[]}],"is_beta":false,"boss_relics":[{"not_picked":["Ectoplasm","Empty Cage"],"picked":"Fusion Hammer"}],"items_purged_floors":[],"is_endless":false,"potions_floor_spawned":[3,5,6,12,13,21],"killed_by":"Gremlin Leader","ascension_level":7}}