{"host":"r1w5o5rhvc53l1z6","time":1614436870,"event":{"mods":["BaseMod","Colored Map","DeckTracker","Minty Spire (QoL Compilation)","Permanent Neow","Quick Restart","SuperFastMode","everything is the same but u backflip on backflip"],"gold_per_floor":[117,67,242,64,80,80,111,147,186,212,237,249,261,298,310,322,322],"floor_reached":16,"language":"KOR","playtime":567,"items_purged":["Doubt"],"score":108,"play_id":"9341ea2d-2103-4b05-bd60-c3e0fd4e8a83","local_time":"20210227234110","is_ascension_mode":false,"campfire_choices":[{"data":"Dualcast","floor":6.0,"key":"SMITH"},{"floor":12.0,"key":"REST"},{"floor":15,"key":"REST"}],"circlet_count":0,"master_deck":["Strike_B","Strike_B","Strike_B","Strike_B","Defend_B","Defend_B","Defend_B","Zap","Dualcast+1","Aggregate","Stack","Sweeping Beam","Coolheaded"],"relics":["Cracked Core","Happy Flower","MawBank","Juzu Bracelet","Regal Pillow"],"acts_visited":["Exordium"],"potions_floor_usage":[14],"damage_taken":[{"damage":0.0,"enemies":"2 Louse","floor":1.0,"turns":2.0},{"damage":7.0,"enemies":"Jaw Worm","floor":5.0,"turns":3.0},{"damage":43.0,"enemies":"Gremlin Nob","floor":7.0,"turns":5.0},{"damage":0.0,"enemies":"Cultist","floor":10.0,"turns":4.0},{"damage":7.0,"enemies":"Large Slime","floor":11.0,"turns":5.0},{"damage":29,"enemies":"Lagavulin","floor":14,"turns":6},{"damage":59,"enemies":"Hexaghost","floor":16,"turns":12}],"seed_played":"-4764915835794960790","potions_obtained":[{"floor":5.0,"key":"LiquidMemories"},{"floor":7.0,"key":"Ancient Potion"},{"floor":11.0,"key":"AttackPotion"}],"is_trial":false,"path_per_floor":["M","?","?","$","M","R","E","T","T","M","M","R","?","E","R","B"],"character_chosen":"DEFECT","items_purchased":["Fruit Juice"],"campfire_rested":2,"item_purchase_floors":[4],"current_hp_per_floor":[75,75,75,80,73,73,30,30,30,30,23,47,47,18,57,0,0],"gold":322,"neow_bonus":"RANDOM_COMMON_RELIC","is_daily":false,"chose_seed":false,"campfire_upgraded":1,"win_rate":0.0,"timestamp":1614436870,"path_taken":["M","?","?","$","?","R","E","?","T","M","M","R","?","E","R","BOSS"],"items_purchased_type":["Potion"],"build_version":"2020-12-22","purchased_purges":1,"victory":false,"max_hp_per_floor":[75,75,75,80,80,80,80,80,80,80,80,80,80,80,80,80,80],"card_choices":[{"not_picked":["Turbo","Auto Shields"],"picked":"Aggregate","floor":1.0},{"not_picked":["Undo","Aggregate"],"picked":"Stack","floor":5.0},{"not_picked":["Leap","Beam Cell","Aggregate"],"picked":"SKIP","floor":7.0},{"not_picked":["Leap","Beam Cell"],"picked":"Sweeping Beam","floor":10.0},{"not_picked":["Sweeping Beam","Aggregate","Steam Power"],"picked":"SKIP","floor":11.0},{"not_picked":["Rebound","Melter"],"picked":"Coolheaded","floor":14}],"player_experience":297576,"relics_obtained":[{"floor":7.0,"key":"MawBank"},{"floor":9.0,"key":"Juzu Bracelet"},{"floor":14,"key":"Regal Pillow"}],"event_choices":[{"cards_removed":["Defend_B"],"damage_healed":0.0,"max_hp_gain":0.0,"max_hp_loss":0.0,"gold_gain":0.0,"event_name":"The Cleric","player_choice":"Card Removal","floor":2.0,"gold_loss":50.0,"damage_taken":0.0},{"damage_healed":0.0,"max_hp_gain":0.0,"max_hp_loss":0.0,"gold_gain":175.0,"event_name":"Liars Game","player_choice":"AGREE","floor":3.0,"gold_loss":0.0,"damage_taken":0.0,"cards_obtained":["Doubt"]},{"damage_healed":0,"gold_gain":0,"player_choice":"Ignored","damage_taken":0,"max_hp_gain":0,"max_hp_loss":0,"event_name":"Shining Light","floor":13,"gold_loss":0}],"is_beta":false,"boss_relics":[],"items_purged_floors":[4],"is_endless":false,"potions_floor_spawned":[5,7,11],"killed_by":"Hexaghost","ascension_level":0}}