{"host":"yunadyb0795wtij7","time":1614423829,"event":{"mods":["BaseMod","Downfall","Minty Spire (QoL Compilation)","StSLib","[IsaacMod]ÒÔÈö¼âËþ"],"gold_per_floor":[99,99,99,123,223,223,223,26,126,138,138,138,138,150,161,264,264,264,284,297,397,407,407,430,455,455,471,484,484,484,501,518,621,621,621,635,320,39,92,126,175,189,209,209,233,233,2,2,55,83],"floor_reached":51,"language":"ZHS","playtime":2709,"items_purged":["Slimebound:Strike_Slimebound","Slimebound:Defend_Slimebound"],"score":896,"play_id":"6d8604c8-99c7-4b2d-bf73-90d4e0b4bfa6","local_time":"20210227190349","is_ascension_mode":true,"campfire_choices":[{"data":"Slimebound:Split","floor":1.0,"key":"SMITH"},{"data":"Slimebound:SelfFormingGoo","floor":11.0,"key":"SMITH"},{"data":"Slimebound:SelfFormingGoo","floor":13.0,"key":"PURGE"},{"data":"Slimebound:WasteNot","floor":18.0,"key":"SMITH"},{"floor":23.0,"key":"REST"},{"floor":30.0,"key":"REST"},{"data":"Slimebound:TagTeam","floor":35.0,"key":"SMITH"},{"data":"expansioncontent:QuickStudy","floor":44.0,"key":"PURGE"}],"circlet_count":0,"master_deck":["Slimebound:Tackle","Slimebound:Defend_Slimebound","Slimebound:Defend_Slimebound","Slimebound:Defend_Slimebound","Slimebound:Split+1","Slimebound:LeadByExample+1","Slimebound:Repurpose","Slimebound:Nibble","Slimebound:ServeAndProtect","Slimebound:SplitBruiser","Slimebound:WasteNot+1","Slimebound:SplitBruiser","Slimebound:SplitLeeching+1","Slimebound:PressTheAttack+1","Slimebound:Repurpose+1","downfall:Bewildered","Slimebound:PressTheAttack","Slimebound:PressTheAttack","Slimebound:Nibble+1","Slimebound:TagTeam+1","Slimebound:Recycling","Slimebound:SlimeTap","Slimebound:OneTwoCombo","Slimebound:LevelUp","Slimebound:SplitLeeching+1","Slimebound:DivideAndConquer","Slimebound:SplitLeeching","Slimebound:PressTheAttack","Slimebound:Schlurp","Slimebound:SplitMire","Slimebound:Replication","Slimebound:SplitMire","Slimebound:SplitLeeching+1","Slimebound:SlimeBrawl","Slimebound:Darklings","Slimebound:DuplicatedForm","Slimebound:DouseInSlime"],"relics":["Slimebound:AbsorbEndCombatUpgraded","HushsDoor","downfall:HeartsMalice","Kunai","Slimebound:ScrapOozeRelic","Bag of Preparation","hexamod:BolsterEngine","sneckomod:BabySnecko","Coffee Dripper","Succubus","Ornamental Fan","SteamSale","Pocketwatch","Lantern","SalivaCoin","champ:Barbells"],"acts_visited":["Exordium","TheCity","TheBeyond"],"potions_floor_usage":[50,50,50],"damage_taken":[{"damage":0.0,"enemies":"2 Louse","floor":2.0,"turns":1.0},{"damage":0.0,"enemies":"downfall:Heads","floor":5.0,"turns":1.0},{"damage":0.0,"enemies":"Cultist","floor":6.0,"turns":1.0},{"damage":2.0,"enemies":"downfall:FleeingMerchant","floor":8.0,"turns":4.0},{"damage":6.0,"enemies":"Jaw Worm","floor":10.0,"turns":4.0},{"damage":7.0,"enemies":"Lots of Slimes","floor":14.0,"turns":4.0},{"damage":0.0,"enemies":"Blue Slaver","floor":15.0,"turns":4.0},{"damage":24.0,"enemies":"IC_STATUS_ARCHETYPE","floor":16.0,"turns":8.0},{"damage":0.0,"enemies":"Chosen","floor":19.0,"turns":4.0},{"damage":33.0,"enemies":"downfall:LooterAlt2","floor":20.0,"turns":6.0},{"damage":35.0,"enemies":"3 Cultists","floor":22.0,"turns":6.0},{"damage":9.0,"enemies":"Book of Stabbing","floor":25.0,"turns":6.0},{"damage":18.0,"enemies":"Snake Plant","floor":27.0,"turns":3.0},{"damage":15.0,"enemies":"Snecko","floor":28.0,"turns":4.0},{"damage":12.0,"enemies":"Shelled Parasite and Fungi","floor":31.0,"turns":4.0},{"damage":0.0,"enemies":"Chosen and Byrds","floor":32.0,"turns":4.0},{"damage":0.0,"enemies":"WA_ARCHETYPE_CALM","floor":33.0,"turns":5.0},{"damage":3.0,"enemies":"3 Shapes","floor":36.0,"turns":3.0},{"damage":0.0,"enemies":"downfall:FleeingMerchant","floor":37.0,"turns":4.0},{"damage":0.0,"enemies":"downfall:FleeingMerchant","floor":38.0,"turns":2.0},{"damage":18.0,"enemies":"2 Orb Walkers","floor":39.0,"turns":3.0},{"damage":0.0,"enemies":"Giant Head","floor":40.0,"turns":5.0},{"damage":0.0,"enemies":"Orb Walker","floor":42.0,"turns":1.0},{"damage":0.0,"enemies":"Writhing Mass","floor":43.0,"turns":4.0},{"damage":11.0,"enemies":"Spire Growth","floor":45.0,"turns":3.0},{"damage":42,"enemies":"3 Darklings","floor":49,"turns":3},{"damage":37,"enemies":"DF_ARCHETYPE_ORBS","floor":50,"turns":5}],"seed_played":"1701368539790963887","potions_obtained":[{"floor":5.0,"key":"Fire Potion"},{"floor":14.0,"key":"Guardian:BlockOnCardUsePotion"},{"floor":16.0,"key":"SpeedPotion"},{"floor":27.0,"key":"DuplicationPotion"},{"floor":33.0,"key":"SneckoOil"}],"is_trial":false,"path_per_floor":["R","M","?","T","?","M","T","$","?","M","R","?","R","M","M","B",null,"R","M","M","?","M","R","T","E","?","M","M","?","R","M","M","B",null,"R","M","$","?","?","E","T","M","M","R","M","?","$","?","M","B",null],"character_chosen":"SLIMEBOUND","items_purchased":["Slimebound:SelfFormingGoo","Slimebound:ServeAndProtect","Succubus","Slimebound:SlimeTap","Slimebound:OneTwoCombo","Slimebound:DivideAndConquer","Slimebound:SplitLeeching","Slimebound:PressTheAttack","Slimebound:Schlurp","Ornamental Fan","Slimebound:Replication","expansioncontent:QuickStudy","Slimebound:DuplicatedForm","Slimebound:DouseInSlime","champ:Barbells"],"campfire_rested":2,"item_purchase_floors":[8,8,34,34,34,37,37,37,37,38,38,38,47,47,47],"current_hp_per_floor":[65,65,75,75,75,75,75,75,75,73,73,73,73,66,66,46,75,75,75,42,42,16,38,38,35,35,20,11,11,33,24,30,39,53,53,50,53,53,44,53,53,53,53,53,48,48,48,48,32,10],"gold":83,"neow_bonus":"THREE_ENEMY_KILL","is_daily":false,"chose_seed":false,"campfire_upgraded":4,"win_rate":0.0,"timestamp":1614423829,"path_taken":["R","M","?","?","?","M","T","$","?","M","R","?","R","M","M","BOSS","R","M","M","?","M","R","T","E","?","M","?","?","R","?","M","BOSS","R","M","$","?","?","E","T","M","?","R","M","?","?","?","M","BOSS"],"items_purchased_type":["Card","Card","Relic","Card","Card","Card","Card","Card","Card","Relic","Card","Card","Card","Card","Relic"],"build_version":"2020-12-22","purchased_purges":2,"victory":true,"max_hp_per_floor":[65,65,75,75,75,75,75,75,75,75,75,75,75,75,75,75,75,75,75,75,75,75,75,75,75,75,75,75,75,75,75,75,75,53,53,53,53,53,53,53,53,53,53,53,53,53,53,53,53,53],"card_choices":[{"not_picked":[],"picked":"BloodyBrimstone","floor":0.0},{"not_picked":["Slimebound:GrowthPunch","Slimebound:SamplingLick"],"picked":"Slimebound:LeadByExample","floor":2.0},{"not_picked":["Slimebound:Dissolve","Slimebound:PressTheAttack"],"picked":"Bomb","floor":5.0},{"not_picked":["Slimebound:ComboTackle","Slimebound:BestDefense"],"picked":"Slimebound:Repurpose","floor":6.0},{"not_picked":["Slimebound:PressTheAttack","Bomb"],"picked":"Slimebound:Nibble","floor":8.0},{"not_picked":["Slimebound:GoopSpray","Slimebound:SpikyOuterGoop","Slimebound:LeechEnergy"],"picked":"SKIP","floor":10.0},{"not_picked":["Slimebound:LeechingTouch","Slimebound:RejuvenatingLick"],"picked":"Slimebound:SplitBruiser","floor":14.0},{"not_picked":["Slimebound:GoopSpray","Slimebound:ComboTackle","Slimebound:MegaLick"],"picked":"SKIP","floor":15.0},{"not_picked":["Slimebound:SelfFormingGoo","Slimebound:Darklings"],"picked":"Slimebound:WasteNot","floor":16.0},{"not_picked":["Slimebound:MegaLick","Slimebound:FinishingTackle"],"picked":"Slimebound:SplitBruiser","floor":19.0},{"not_picked":["Slimebound:TongueLash","Slimebound:LeechingTouch+1"],"picked":"Slimebound:SplitLeeching+1","floor":20.0},{"not_picked":["Slimebound:Schlurp","Slimebound:ItLooksTasty"],"picked":"Slimebound:PressTheAttack+1","floor":22.0},{"not_picked":["Slimebound:LeechEnergy","Slimebound:BestDefense+1"],"picked":"Slimebound:Repurpose+1","floor":25.0},{"not_picked":["Slimebound:AcidTongue","Slimebound:BestDefense"],"picked":"Slimebound:PressTheAttack","floor":27.0},{"not_picked":["Slimebound:FinishingTackle+1","Slimebound:GrowthPunch"],"picked":"Slimebound:PressTheAttack","floor":28.0},{"not_picked":["Slimebound:BestDefense","Slimebound:ItLooksTasty+1"],"picked":"Slimebound:Nibble+1","floor":31.0},{"not_picked":["Slimebound:SplitAcid","Slimebound:ItLooksTasty"],"picked":"Slimebound:TagTeam","floor":32.0},{"not_picked":["Slimebound:MassRepurpose","Slimebound:DouseInSlime"],"picked":"Slimebound:Recycling","floor":33.0},{"not_picked":["Slimebound:Schlurp","Slimebound:LeadByExample+1"],"picked":"Slimebound:LevelUp","floor":36.0},{"not_picked":["Slimebound:Chomp","Slimebound:Schlurp+1"],"picked":"Slimebound:SplitLeeching+1","floor":37.0},{"not_picked":["Slimebound:SlimeSpikes+1","Slimebound:SplitBruiser+1"],"picked":"Slimebound:SplitMire","floor":38.0},{"not_picked":["Slimebound:HauntingLick+1","Slimebound:LeechingTouch+1"],"picked":"Slimebound:SplitMire","floor":40.0},{"not_picked":["Slimebound:DisruptingSlam","Slimebound:ForwardTackle"],"picked":"Slimebound:SplitLeeching+1","floor":42.0},{"not_picked":["Slimebound:OozeBath","Slimebound:RollThrough+1","Slimebound:LeechEnergy+1"],"picked":"SKIP","floor":43.0},{"not_picked":["Slimebound:Schlurp+1","Slimebound:ComboTackle+1"],"picked":"Slimebound:SlimeBrawl","floor":45.0},{"not_picked":["Slimebound:AcidTongue","Slimebound:PressTheAttack","Slimebound:RejuvenatingLick"],"picked":"SKIP","floor":49}],"player_experience":9935,"relics_obtained":[{"floor":4.0,"key":"Juzu Bracelet"},{"floor":7.0,"key":"Kunai"},{"floor":24.0,"key":"Bag of Preparation"},{"floor":25.0,"key":"hexamod:BolsterEngine"},{"floor":39.0,"key":"Pocketwatch"},{"floor":40.0,"key":"Lantern"},{"floor":41.0,"key":"SalivaCoin"}],"event_choices":[{"cards_removed":["BloodyBrimstone"],"damage_healed":0.0,"max_hp_gain":10.0,"max_hp_loss":0.0,"gold_gain":0.0,"event_name":"Bonfire Elementals","player_choice":"Offered Rare","floor":3.0,"gold_loss":0.0,"damage_taken":0.0},{"damage_healed":0.0,"max_hp_gain":0.0,"max_hp_loss":0.0,"gold_gain":0.0,"event_name":"Mysterious Sphere","player_choice":"Fight","floor":39.0,"gold_loss":0.0,"damage_taken":0.0},{"cards_removed":["Slimebound:CorrosiveSpit"],"damage_healed":0,"gold_gain":0,"player_choice":"Removed Skill","damage_taken":0,"max_hp_gain":0,"max_hp_loss":0,"event_name":"Falling","floor":48,"gold_loss":0}],"is_beta":false,"boss_relics":[{"not_picked":["Snecko Eye","Runic Dome"],"picked":"Slimebound:AbsorbEndCombatUpgraded"},{"not_picked":[]},{"not_picked":["Astrolabe","Fusion Hammer"],"picked":"Coffee Dripper"},{"not_picked":[]}],"items_purged_floors":[37,38],"is_endless":false,"potions_floor_spawned":[5,14,16,22,27,31,33,36,39,42,45,49],"ascension_level":1}}