{"host":"7sni158j623xchr2","time":1614410924,"event":{"mods":["BaseMod","Colored Map","Highlight Path","Minty Spire (QoL Compilation)","Permanent Neow","Potion Indicator Mod","Rare Cards Sparkle","Relic Sorter","Relic Stats","StSLib","everything is the same but u backflip on backflip"],"gold_per_floor":[133,179,193,250,303,358,26,26,106,166,209,239,239,40,40,165,165,209,179,224,224,259,310,131,160,160,160,13,45,62,90,90,216,216,281,326,326,38,48,106,148,167,214,239,277,277,54,87,87,112,112,112,60,87,87],"floor_reached":56,"language":"ENG","playtime":1949,"items_purged":["Strike_B","Defend_B"],"score":1786,"play_id":"a940e82e-3107-45fa-887e-7468c88ae9a2","local_time":"20210227012844","is_ascension_mode":true,"campfire_choices":[{"data":"HandOfGreed","floor":8,"key":"SMITH"},{"floor":13,"key":"REST"},{"data":"Buffer","floor":15,"key":"SMITH"},{"data":"Electrodynamics","floor":27,"key":"SMITH"},{"data":"Biased Cognition","floor":32,"key":"SMITH"},{"floor":46,"key":"RECALL"},{"data":"Capacitor","floor":49,"key":"SMITH"},{"data":"Defragment","floor":52,"key":"SMITH"}],"circlet_count":0,"master_deck":["Strike_B","Strike_B","Defend_B","Defend_B+1","Defend_B","Zap","Dualcast","HandOfGreed+1","Sweeping Beam","FTL","Force Field","Ball Lightning","Heatsinks","Buffer+1","Steam","Conserve Battery+1","Cold Snap","Electrodynamics+1","Genetic Algorithm","Biased Cognition+1","BootSequence+1","Cold Snap","Glacier","Reboot","Stack","Coolheaded","Master of Strategy","Defragment+1","Ball Lightning+1","Defragment+1","Capacitor+1","Coolheaded","Defragment"],"relics":["Cracked Core","Bag of Preparation","HornCleat","Question Card","Lantern","PreservedInsect","Lee\u0027s Waffle","Busted Crown","Emotion Chip","Potion Belt","Kunai","Shuriken","InkBottle","Anchor","Black Star","Turnip","Girya","War Paint","Blue Candle","Sundial","Membership Card","Torii","Bird Faced Urn","Toy Ornithopter","Bottled Tornado"],"acts_visited":["Exordium","TheCity","TheBeyond","TheEnding"],"potions_floor_usage":[6,6,11,23,25,29,39,44,44,55,55,55,55],"damage_taken":[{"damage":5,"enemies":"Cultist","floor":1,"turns":4},{"damage":9,"enemies":"Jaw Worm","floor":3,"turns":5},{"damage":1,"enemies":"2 Louse","floor":4,"turns":4},{"damage":9,"enemies":"2 Fungi Beasts","floor":5,"turns":4},{"damage":14,"enemies":"Lagavulin","floor":6,"turns":7},{"damage":22,"enemies":"3 Sentries","floor":10,"turns":6},{"damage":6,"enemies":"Gremlin Gang","floor":11,"turns":3},{"damage":0,"enemies":"Gremlin Nob","floor":12,"turns":4},{"damage":30,"enemies":"Hexaghost","floor":16,"turns":12},{"damage":0,"enemies":"3 Byrds","floor":18,"turns":2},{"damage":0,"enemies":"Shell Parasite","floor":20,"turns":6},{"damage":4,"enemies":"Centurion and Healer","floor":22,"turns":6},{"damage":10,"enemies":"Slavers","floor":23,"turns":2},{"damage":5,"enemies":"Book of Stabbing","floor":25,"turns":4},{"damage":0,"enemies":"Slavers","floor":29,"turns":3},{"damage":9,"enemies":"Snake Plant","floor":30,"turns":4},{"damage":0,"enemies":"Book of Stabbing","floor":31,"turns":4},{"damage":0,"enemies":"Collector","floor":33,"turns":13},{"damage":0,"enemies":"3 Shapes","floor":35,"turns":5},{"damage":0,"enemies":"2 Orb Walkers","floor":36,"turns":4},{"damage":0,"enemies":"3 Darklings","floor":39,"turns":6},{"damage":0,"enemies":"Reptomancer","floor":40,"turns":5},{"damage":0,"enemies":"4 Shapes","floor":41,"turns":2},{"damage":0,"enemies":"Sphere and 2 Shapes","floor":42,"turns":4},{"damage":0,"enemies":"Giant Head","floor":44,"turns":11},{"damage":0,"enemies":"Jaw Worm Horde","floor":45,"turns":3},{"damage":0,"enemies":"Reptomancer","floor":48,"turns":3},{"damage":0,"enemies":"Donu and Deca","floor":50,"turns":11},{"damage":0,"enemies":"Shield and Spear","floor":54,"turns":6},{"damage":9,"enemies":"The Heart","floor":55,"turns":9}],"seed_played":"-728637709613807230","potions_obtained":[{"floor":4,"key":"CultistPotion"},{"floor":5,"key":"EssenceOfSteel"},{"floor":10,"key":"FearPotion"},{"floor":16,"key":"Fire Potion"},{"floor":19,"key":"Fruit Juice"},{"floor":19,"key":"Strength Potion"},{"floor":22,"key":"SkillPotion"},{"floor":23,"key":"Block Potion"},{"floor":25,"key":"Explosive Potion"},{"floor":31,"key":"SpeedPotion"},{"floor":39,"key":"ColorlessPotion"},{"floor":42,"key":"PotionOfCapacity"},{"floor":45,"key":"GamblersBrew"},{"floor":48,"key":"Fire Potion"}],"is_trial":false,"path_per_floor":["M","T","M","M","M","E","$","R","T","E","M","E","R","$","R","B",null,"M","?","M","?","M","E","$","E","T","R","$","E","M","E","R","B",null,"M","?","?","$","M","E","M","M","T","E","M","R","$","E","R","B",null,"R","$","E","B",null],"character_chosen":"DEFECT","items_purchased":["HornCleat","Heatsinks","Lee\u0027s Waffle","Cold Snap","PowerPotion","PowerPotion","Biased Cognition","Coolheaded","Master of Strategy","FocusPotion","Membership Card","Defragment","Coolheaded","Defragment"],"campfire_rested":1,"item_purchase_floors":[7,7,14,14,24,24,28,38,38,38,47,47,53,53],"current_hp_per_floor":[63,63,54,53,44,30,30,30,30,8,2,2,22,75,75,45,75,75,75,75,75,71,61,61,61,61,61,61,61,52,52,52,52,80,80,80,80,80,80,80,80,80,80,80,80,80,80,80,80,80,80,80,80,80,79],"gold":87,"neow_bonus":"RANDOM_COLORLESS_2","is_daily":false,"chose_seed":false,"campfire_upgraded":6,"win_rate":0.0,"timestamp":1614410924,"path_taken":["M","?","?","M","M","E","$","R","T","E","M","E","R","$","R","BOSS","M","?","?","?","M","E","$","E","T","R","$","E","?","E","R","BOSS","M","?","?","$","M","E","M","M","T","E","?","R","$","E","R","BOSS","R","$","E","BOSS"],"items_purchased_type":["Relic","Card","Relic","Card","Potion","Potion","Card","Card","Card","Potion","Relic","Card","Card","Card"],"build_version":"2020-12-22","purchased_purges":2,"victory":true,"max_hp_per_floor":[68,68,68,68,68,68,68,68,68,68,68,68,68,75,75,75,75,75,75,75,75,75,75,75,80,80,80,80,80,80,80,80,80,80,80,80,80,80,80,80,80,80,80,80,80,80,80,80,80,80,80,80,80,80,80],"relic_stats":{"Lee\u0027s Waffle":53,"Torii":0,"counters":[30,162],"Blue Candle":[0],"PreservedInsect":472,"Bag of Preparation":[58],"War Paint":["Conserve Battery","Defend_B"],"Question Card":23,"Emotion Chip":[42,31,11,0,0],"Busted Crown":38,"Shuriken":[18],"Sundial":[6],"Bird Faced Urn":[8],"Turnip":[7],"Black Star":4,"Kunai":[18],"obtain_stats":[{"Lantern":10,"Torii":48,"Bag of Preparation":2,"Bottled Tornado":54,"Emotion Chip":21,"HornCleat":7,"Sundial":44,"Kunai":25,"Cracked Core":0,"InkBottle":29,"Potion Belt":23,"Girya":40,"Lee\u0027s Waffle":14,"Blue Candle":44,"PreservedInsect":12,"War Paint":40,"Question Card":9,"Anchor":31,"Busted Crown":17,"Shuriken":26,"Bird Faced Urn":48,"Turnip":36,"Black Star":34,"Membership Card":47,"Toy Ornithopter":54},{"Lantern":6,"Torii":27,"Bag of Preparation":1,"Bottled Tornado":29,"Emotion Chip":11,"HornCleat":5,"Sundial":25,"Kunai":14,"Cracked Core":0,"InkBottle":15,"Potion Belt":13,"Girya":22,"Lee\u0027s Waffle":8,"Blue Candle":25,"PreservedInsect":8,"War Paint":22,"Question Card":5,"Anchor":17,"Busted Crown":9,"Shuriken":14,"Bird Faced Urn":27,"Turnip":20,"Black Star":18,"Membership Card":26,"Toy Ornithopter":29},{"Lantern":30,"Torii":136,"Bag of Preparation":4,"Bottled Tornado":153,"Emotion Chip":57,"HornCleat":24,"Sundial":130,"Kunai":69,"Cracked Core":0,"InkBottle":72,"Potion Belt":65,"Girya":113,"Lee\u0027s Waffle":37,"Blue Candle":130,"PreservedInsect":37,"War Paint":113,"Question Card":24,"Anchor":80,"Busted Crown":49,"Shuriken":69,"Bird Faced Urn":136,"Turnip":102,"Black Star":93,"Membership Card":133,"Toy Ornithopter":153}],"InkBottle":[40],"Toy Ornithopter":0},"card_choices":[{"not_picked":["Chrysalis","Magnetism"],"picked":"HandOfGreed","floor":0},{"not_picked":["Steam","Force Field"],"picked":"Sweeping Beam","floor":1},{"not_picked":["Compile Driver","Barrage"],"picked":"FTL","floor":3},{"not_picked":["Stack","Darkness","Turbo"],"picked":"SKIP","floor":4},{"not_picked":["Redo","Stack"],"picked":"Force Field","floor":5},{"not_picked":["Self Repair","Heatsinks"],"picked":"Ball Lightning","floor":6},{"not_picked":["Loop","Hologram","Force Field"],"picked":"Buffer","floor":10},{"not_picked":["Sweeping Beam","Doom and Gloom","Redo"],"picked":"Steam","floor":11},{"not_picked":["Ball Lightning","Tempest","Hologram"],"picked":"Conserve Battery","floor":12},{"not_picked":["Thunder Strike","All For One","Multi-Cast"],"picked":"Electrodynamics","floor":16},{"not_picked":["Rebound"],"picked":"Genetic Algorithm","floor":18},{"not_picked":["Sweeping Beam","Compile Driver"],"picked":"SKIP","floor":20},{"not_picked":["Heatsinks","Turbo"],"picked":"SKIP","floor":22},{"not_picked":["Hologram","Compile Driver"],"picked":"SKIP","floor":23},{"not_picked":["Gash","Hello World"],"picked":"SKIP","floor":25},{"not_picked":["Multi-Cast"],"picked":"BootSequence+1","floor":29},{"not_picked":["Leap"],"picked":"Cold Snap","floor":30},{"not_picked":["Barrage"],"picked":"Glacier","floor":31},{"not_picked":["Rainbow"],"picked":"Reboot","floor":33},{"not_picked":["Tempest","Reinforced Body"],"picked":"SKIP","floor":35},{"not_picked":["Stack","Rebound+1"],"picked":"SKIP","floor":39},{"not_picked":["Doom and Gloom"],"picked":"Defragment+1","floor":40},{"not_picked":["Reprogram+1","Steam"],"picked":"SKIP","floor":41},{"not_picked":["Rebound","Sweeping Beam+1"],"picked":"SKIP","floor":42},{"not_picked":["Coolheaded+1"],"picked":"Ball Lightning+1","floor":44},{"not_picked":["Redo","Stack+1"],"picked":"SKIP","floor":45},{"not_picked":["Sweeping Beam"],"picked":"Capacitor","floor":48},{"not_picked":["Double Energy","Barrage"],"picked":"SKIP","floor":54}],"player_experience":1863190,"relics_obtained":[{"floor":2,"key":"Bag of Preparation"},{"floor":9,"key":"Question Card"},{"floor":10,"key":"Lantern"},{"floor":12,"key":"PreservedInsect"},{"floor":23,"key":"Potion Belt"},{"floor":25,"key":"Kunai"},{"floor":26,"key":"Shuriken"},{"floor":29,"key":"InkBottle"},{"floor":31,"key":"Anchor"},{"floor":36,"key":"Turnip"},{"floor":40,"key":"Girya"},{"floor":40,"key":"War Paint"},{"floor":44,"key":"Blue Candle"},{"floor":44,"key":"Sundial"},{"floor":48,"key":"Torii"},{"floor":48,"key":"Bird Faced Urn"},{"floor":54,"key":"Toy Ornithopter"},{"floor":54,"key":"Bottled Tornado"}],"event_choices":[{"damage_healed":0,"gold_gain":0,"player_choice":"Bought 2 Potions","damage_taken":0,"max_hp_gain":0,"max_hp_loss":0,"event_name":"The Woman in Blue","floor":19,"gold_loss":0},{"damage_healed":0,"gold_gain":0,"player_choice":"Gave Potion","damage_taken":0,"relics_obtained":["Emotion Chip"],"max_hp_gain":0,"max_hp_loss":0,"event_name":"WeMeetAgain","floor":21,"gold_loss":0},{"damage_healed":0,"gold_gain":0,"player_choice":"Fight","damage_taken":0,"max_hp_gain":0,"max_hp_loss":0,"event_name":"Mysterious Sphere","floor":36,"gold_loss":0},{"damage_healed":0,"gold_gain":0,"cards_transformed":["Strike_B"],"player_choice":"Transformed","damage_taken":0,"max_hp_gain":0,"max_hp_loss":0,"event_name":"Transmorgrifier","floor":37,"gold_loss":0,"cards_obtained":["Stack"]}],"is_beta":false,"boss_relics":[{"not_picked":["Sozu","Empty Cage"],"picked":"Busted Crown"},{"not_picked":["FrozenCore","Philosopher\u0027s Stone"],"picked":"Black Star"}],"items_purged_floors":[24,47],"is_endless":false,"potions_floor_spawned":[4,5,10,16,22,23,25,31,35,39,42,45,48],"ascension_level":2}}