{"host":"3popq6h3e9zwx3f8","time":1614441489,"event":{"mods":["BaseMod","Downfall","Googly Eyes","Hermit","Minty Spire (QoL Compilation)","StSLib","The IronCluck"],"gold_per_floor":[99,115,115,25,25,42,42,142,59,75,86,115,15,44,61,61,61,61],"floor_reached":16,"language":"ENG","playtime":1505,"items_purged":["Regret"],"score":110,"play_id":"6c571ee3-d77e-4e43-a441-466a89473b91","local_time":"20210227075809","is_ascension_mode":false,"campfire_choices":[{"floor":1,"key":"RECALL"},{"data":"hexamod:GhostflameInferno","floor":13,"key":"SMITH"}],"circlet_count":0,"master_deck":["hexamod:Strike","hexamod:Strike","hexamod:Strike","hexamod:Defend","hexamod:Defend","hexamod:Defend","hexamod:Defend","hexamod:Sear","hexamod:Float","hexamod:PhantomCloak","hexamod:GhostOfSpireFuture","hexamod:GhostflameBarrier","hexamod:GhostflameInferno+1","hexamod:RadiantFlame","hexamod:Incineration","hexamod:AdvancingGuard","hexamod:BurningTouch","hexamod:GhostflameBarrier","hexamod:FifthSeal"],"relics":["hexamod:SpiritBrand","Ancient Tea Set","StoneCalendar","downfall:HeartBlessingGreen","Regal Pillow"],"acts_visited":["Exordium"],"potions_floor_usage":[9,9,12],"damage_taken":[{"damage":4,"enemies":"2 Louse","floor":2,"turns":4},{"damage":4,"enemies":"downfall:FleeingMerchant","floor":4,"turns":4},{"damage":2,"enemies":"Small Slimes","floor":6,"turns":5},{"damage":0,"enemies":"downfall:FleeingMerchant","floor":9,"turns":4},{"damage":1,"enemies":"Jaw Worm","floor":10,"turns":6},{"damage":20,"enemies":"Exordium Thugs","floor":11,"turns":5},{"damage":19,"enemies":"3 Sentries","floor":12,"turns":9},{"damage":14,"enemies":"Lagavulin","floor":14,"turns":6},{"damage":1,"enemies":"Exordium Wildlife","floor":15,"turns":6},{"damage":16,"enemies":"DF_ARCHETYPE_STREAMLINE","floor":16,"turns":3}],"seed_played":"-5289708656694757114","potions_obtained":[{"floor":2,"key":"AttackPotion"},{"floor":6,"key":"Weak Potion"},{"floor":10,"key":"AttackPotion"},{"floor":12,"key":"Energy Potion"},{"floor":14,"key":"Regen Potion"}],"is_trial":false,"path_per_floor":["R","M","?","$","?","M","T","?","$","M","M","E","R","E","M","B"],"character_chosen":"THE_SPIRIT","items_purchased":["hexamod:RadiantFlame"],"campfire_rested":0,"item_purchase_floors":[9],"current_hp_per_floor":[77,73,73,69,69,67,67,67,67,66,46,27,27,13,12,0,0,0],"gold":61,"neow_bonus":"TEN_PERCENT_HP_BONUS","is_daily":false,"chose_seed":false,"campfire_upgraded":1,"win_rate":0.0,"timestamp":1614441489,"path_taken":["R","M","?","$","?","M","T","?","?","M","?","E","R","E","M","BOSS"],"items_purchased_type":["Card"],"build_version":"2020-12-22","purchased_purges":1,"victory":false,"max_hp_per_floor":[77,77,77,77,77,77,77,77,77,77,77,77,77,77,77,77,77,77],"card_choices":[{"not_picked":["hexamod:CatchUp","hexamod:NightmareStrike"],"picked":"hexamod:PhantomCloak","floor":2},{"not_picked":["hexamod:FourthSeal","hexamod:SwordOfDarkness"],"picked":"hexamod:GhostOfSpireFuture","floor":4},{"not_picked":["hexamod:SwordOfDarkness","hexamod:ShieldOfDarkness"],"picked":"hexamod:GhostflameBarrier","floor":6},{"not_picked":["hexamod:ShieldOfDarkness","hexamod:HauntingEcho"],"picked":"hexamod:GhostflameInferno","floor":9},{"not_picked":["hexamod:ThermalTransfer","hexamod:PhantomCloak"],"picked":"hexamod:Incineration","floor":10},{"not_picked":["hexamod:Hexaguard","hexamod:BurningTouch"],"picked":"hexamod:AdvancingGuard","floor":11},{"not_picked":["hexamod:Hexaguard","hexamod:NightmareStrike"],"picked":"hexamod:BurningTouch","floor":12},{"not_picked":["hexamod:BacktrackSmack","hexamod:Haunt"],"picked":"hexamod:GhostflameBarrier","floor":14},{"not_picked":["hexamod:InspiringFlames","hexamod:BurningTouch"],"picked":"hexamod:FifthSeal","floor":15}],"player_experience":395541,"relics_obtained":[{"floor":12,"key":"StoneCalendar"},{"floor":14,"key":"Regal Pillow"}],"event_choices":[{"damage_healed":0,"gold_gain":0,"player_choice":"Box","damage_taken":0,"relics_obtained":["Ancient Tea Set"],"max_hp_gain":0,"max_hp_loss":0,"event_name":"Big Fish","floor":3,"gold_loss":0,"cards_obtained":["Regret"]}],"is_beta":false,"boss_relics":[],"items_purged_floors":[4],"is_endless":false,"potions_floor_spawned":[2,6,10,12,14],"killed_by":"DF_ARCHETYPE_STREAMLINE","ascension_level":0}}