{"host":"sav7uxregyirlf69","time":1614446190,"event":{"mods":["AchievementEnabler","BaseMod","Colored Map","DeckTracker","Keyboard Shortcuts","Minty Spire (QoL Compilation)","READ ME - Guardian Mod","StSLib","SuperFastMode"],"gold_per_floor":[19,38,48,63,138,170,170,186,186,186,111,111,21,33,33,33,33],"floor_reached":16,"language":"KOR","playtime":305,"items_purged":["Strike_G"],"score":204,"play_id":"c8c98f89-0451-4c25-aa1b-2c518a99791a","local_time":"20210228021630","is_ascension_mode":true,"campfire_choices":[{"floor":10,"key":"REST"},{"data":"Footwork","floor":15,"key":"SMITH"}],"circlet_count":0,"master_deck":["AscendersBane","Strike_G","Strike_G","Strike_G","Defend_G","Defend_G","Defend_G","Defend_G","Survivor","Neutralize+1","Cloak And Dagger","Poisoned Stab","Heel Hook","Quick Slash","Footwork+1","Flash of Steel"],"relics":["Ring of the Snake","Orichalcum","Frozen Egg 2"],"acts_visited":["Exordium"],"potions_floor_usage":[6,8,16],"damage_taken":[{"damage":4.0,"enemies":"Cultist","floor":1.0,"turns":4.0},{"damage":25.0,"enemies":"Jaw Worm","floor":2.0,"turns":9.0},{"damage":0.0,"enemies":"2 Louse","floor":3.0,"turns":2.0},{"damage":9,"enemies":"Blue Slaver","floor":4,"turns":4},{"damage":8,"enemies":"Gremlin Nob","floor":6,"turns":3},{"damage":0,"enemies":"Lots of Slimes","floor":8,"turns":5},{"damage":4,"enemies":"Looter","floor":14,"turns":4},{"damage":34,"enemies":"The Guardian","floor":16,"turns":13}],"seed_played":"-2878438818223899601","potions_obtained":[{"floor":2.0,"key":"SteroidPotion"},{"floor":4,"key":"SkillPotion"},{"floor":14,"key":"GamblersBrew"}],"is_trial":false,"path_per_floor":["M","M","M","M","?","E","?","M","T","R","$","?","$","M","R","B"],"character_chosen":"THE_SILENT","items_purchased":["Flash of Steel"],"campfire_rested":1,"item_purchase_floors":[13],"current_hp_per_floor":[55,30,30,21,10,2,2,2,2,21,21,21,21,17,17,0,0],"gold":33,"neow_bonus":"REMOVE_TWO","is_daily":false,"chose_seed":false,"campfire_upgraded":1,"win_rate":0.0,"timestamp":1614446190,"path_taken":["M","M","?","M","?","E","?","M","T","R","$","?","?","M","R","BOSS"],"items_purchased_type":["Card"],"build_version":"2020-12-22","purchased_purges":1,"victory":false,"max_hp_per_floor":[66,66,66,66,66,66,66,66,66,66,66,66,66,66,66,66,66],"card_choices":[{"not_picked":["Backflip","Underhanded Strike"],"picked":"Cloak And Dagger","floor":1.0},{"not_picked":["Backflip","Underhanded Strike"],"picked":"Poisoned Stab","floor":2.0},{"not_picked":["Catalyst","Deflect"],"picked":"Heel Hook","floor":3},{"not_picked":["Slice","Outmaneuver"],"picked":"Quick Slash","floor":4},{"not_picked":["Dodge and Roll","Backflip","Endless Agony"],"picked":"SKIP","floor":6},{"not_picked":["Backflip","Deflect"],"picked":"Footwork","floor":8},{"not_picked":["Cloak And Dagger","Quick Slash","Venomology"],"picked":"SKIP","floor":14}],"player_experience":1723883,"relics_obtained":[{"floor":6,"key":"Orichalcum"},{"floor":9,"key":"Frozen Egg 2"}],"event_choices":[{"damage_healed":0,"gold_gain":75,"player_choice":"Gather Gold","damage_taken":11,"max_hp_gain":0,"max_hp_loss":0,"event_name":"World of Goop","floor":5,"gold_loss":0},{"damage_healed":0,"gold_gain":0,"player_choice":"Grow","damage_taken":0,"max_hp_gain":0,"max_hp_loss":0,"event_name":"Living Wall","floor":7,"gold_loss":0,"cards_upgraded":["Neutralize"]},{"damage_healed":0,"gold_gain":0,"player_choice":"Ignored","damage_taken":0,"max_hp_gain":0,"max_hp_loss":0,"event_name":"Shining Light","floor":12,"gold_loss":0}],"is_beta":false,"boss_relics":[],"items_purged_floors":[11],"is_endless":false,"potions_floor_spawned":[2,4,14],"killed_by":"The Guardian","ascension_level":20}}