{"host":"raaimkojny05jekw","time":1614429072,"event":{"mods":["AchievementEnabler","BaseMod","Colored Map","Colored Powertips","DeckTracker","Minty Spire (QoL Compilation)","Quick Restart","Rare Cards Sparkle","everything is the same but u backflip on backflip"],"gold_per_floor":[11,11,30,43,43,43,70,90,90,90,106,106,56,82,82,155,155,172,186,101,116,116,116,128,128,128,145,19,45,45,65,65,65,65],"floor_reached":33,"language":"KOR","playtime":1023,"items_purged":["Defend_R"],"score":457,"play_id":"fa4ec930-ca7b-4ce7-b280-853682a0c8b2","local_time":"20210227213112","is_ascension_mode":true,"campfire_choices":[{"data":"Inflame","floor":6,"key":"SMITH"},{"data":"Rage","floor":10,"key":"SMITH"},{"data":"Battle Trance","floor":12,"key":"SMITH"},{"data":"Brutality","floor":15,"key":"SMITH"},{"data":"Pommel Strike","floor":23,"key":"SMITH"},{"data":"Impervious","floor":25,"key":"SMITH"},{"data":"J.A.X.","floor":32,"key":"SMITH"}],"circlet_count":0,"master_deck":["AscendersBane","Strike_R","Strike_R","Strike_R","Strike_R","Defend_R","Defend_R","Defend_R","Bash+1","Reaper","Pommel Strike+1","Inflame+1","Rage+1","Battle Trance+1","Perfected Strike+1","Brutality+1","Impervious+1","Pommel Strike+1","Pummel+1","Ghostly Armor","Shockwave+1","Headbutt+1","Shrug It Off","Seeing Red","J.A.X.+1","Metallicize+1"],"relics":["Black Blood","Bag of Marbles","Molten Egg 2","Mango","Pantograph","Torii","Singing Bowl"],"acts_visited":["Exordium","TheCity"],"potions_floor_usage":[16,19,24,29],"damage_taken":[{"damage":12,"enemies":"Jaw Worm","floor":1,"turns":3},{"damage":9,"enemies":"2 Louse","floor":3,"turns":4},{"damage":3,"enemies":"Small Slimes","floor":4,"turns":4},{"damage":34,"enemies":"Lagavulin","floor":7,"turns":7},{"damage":14,"enemies":"3 Louse","floor":8,"turns":4},{"damage":7,"enemies":"Looter","floor":11,"turns":3},{"damage":32,"enemies":"Gremlin Nob","floor":14,"turns":4},{"damage":48,"enemies":"Hexaghost","floor":16,"turns":8},{"damage":14,"enemies":"Chosen","floor":18,"turns":3},{"damage":19,"enemies":"3 Byrds","floor":19,"turns":6},{"damage":51,"enemies":"Snake Plant","floor":21,"turns":5},{"damage":5,"enemies":"Cultist and Chosen","floor":24,"turns":4},{"damage":40,"enemies":"Snecko","floor":27,"turns":7},{"damage":31,"enemies":"Slavers","floor":29,"turns":6},{"damage":23,"enemies":"3 Cultists","floor":31,"turns":6},{"damage":95,"enemies":"Collector","floor":33,"turns":7}],"seed_played":"909578985329680184","potions_obtained":[{"floor":8,"key":"Weak Potion"},{"floor":14,"key":"Dexterity Potion"},{"floor":16,"key":"CultistPotion"},{"floor":21,"key":"Explosive Potion"}],"is_trial":false,"path_per_floor":["M","?","M","M","?","R","E","M","T","R","M","R","?","E","R","B",null,"M","M","?","M","?","R","M","R","T","M","$","E","?","M","R","B"],"character_chosen":"IRONCLAD","items_purchased":["Shrug It Off"],"campfire_rested":0,"item_purchase_floors":[28],"current_hp_per_floor":[72,72,72,75,75,75,57,56,56,56,61,61,61,56,56,24,77,75,77,77,45,45,45,52,52,52,34,34,33,33,44,44,0,0],"gold":65,"neow_bonus":"THREE_RARE_CARDS","is_daily":false,"chose_seed":false,"campfire_upgraded":7,"win_rate":0.0,"timestamp":1614429072,"path_taken":["M","?","M","M","?","R","E","M","T","R","M","R","?","E","R","BOSS","M","M","?","M","?","R","M","R","T","M","$","E","?","M","R","BOSS"],"items_purchased_type":["Card"],"build_version":"2020-12-22","purchased_purges":1,"victory":false,"max_hp_per_floor":[80,80,80,80,80,80,80,80,80,80,80,80,80,94,94,94,94,94,94,94,94,94,94,94,94,94,94,94,94,94,94,94,94,94],"card_choices":[{"not_picked":["Limit Break","Brutality"],"picked":"Reaper","floor":0},{"not_picked":["Heavy Blade","Sentinel"],"picked":"Pommel Strike","floor":1},{"not_picked":["Infernal Blade","Pommel Strike"],"picked":"Inflame","floor":3},{"not_picked":["Warcry","Disarm"],"picked":"Rage","floor":4},{"not_picked":["Dual Wield","Shrug It Off"],"picked":"Battle Trance","floor":7},{"not_picked":["Sever Soul","Body Slam","Pommel Strike"],"picked":"SKIP","floor":8},{"not_picked":["Clash+1","Warcry"],"picked":"Perfected Strike+1","floor":11},{"not_picked":["Clash+1","Blood for Blood+1"],"picked":"Brutality","floor":14},{"not_picked":["Barricade","Corruption"],"picked":"Impervious","floor":16},{"not_picked":["Blood for Blood+1","Wild Strike+1"],"picked":"Pommel Strike+1","floor":18},{"not_picked":["Searing Blow+1","Uppercut+1"],"picked":"Pummel+1","floor":19},{"not_picked":["Headbutt+1","Clash+1"],"picked":"Ghostly Armor","floor":21},{"not_picked":["Iron Wave+1","Evolve"],"picked":"Shockwave+1","floor":24},{"not_picked":["Cleave+1","Carnage+1"],"picked":"Headbutt+1","floor":27},{"not_picked":["Flex","Searing Blow+1"],"picked":"Seeing Red","floor":29},{"not_picked":["Disarm","Blood for Blood+1"],"picked":"Metallicize+1","floor":31}],"player_experience":793270,"relics_obtained":[{"floor":7,"key":"Bag of Marbles"},{"floor":9,"key":"Molten Egg 2"},{"floor":14,"key":"Mango"},{"floor":26,"key":"Torii"},{"floor":29,"key":"Singing Bowl"}],"event_choices":[{"damage_healed":0,"gold_gain":0,"player_choice":"Grow","damage_taken":0,"max_hp_gain":0,"max_hp_loss":0,"event_name":"Living Wall","floor":2,"gold_loss":0,"cards_upgraded":["Bash"]},{"damage_healed":0,"gold_gain":0,"player_choice":"Ignored","damage_taken":0,"max_hp_gain":0,"max_hp_loss":0,"event_name":"Liars Game","floor":5,"gold_loss":0},{"cards_removed":["Strike_R"],"damage_healed":0,"gold_gain":0,"player_choice":"Card Removal","damage_taken":0,"max_hp_gain":0,"max_hp_loss":0,"event_name":"The Cleric","floor":13,"gold_loss":50},{"damage_healed":0,"gold_gain":0,"player_choice":"Obtained Relic","damage_taken":0,"relics_obtained":["Pantograph"],"max_hp_gain":0,"max_hp_loss":0,"event_name":"Addict","floor":20,"gold_loss":85},{"damage_healed":0,"gold_gain":0,"player_choice":"Ignored","damage_taken":0,"max_hp_gain":0,"max_hp_loss":0,"event_name":"Vampires","floor":22,"gold_loss":0},{"damage_healed":0,"gold_gain":0,"player_choice":"Obtain J.A.X.","damage_taken":0,"max_hp_gain":0,"max_hp_loss":0,"event_name":"Drug Dealer","floor":30,"gold_loss":0,"cards_obtained":["J.A.X."]}],"is_beta":false,"boss_relics":[{"not_picked":["Astrolabe","Fusion Hammer"],"picked":"Black Blood"}],"items_purged_floors":[28],"is_endless":false,"potions_floor_spawned":[8,14,16,18,21],"killed_by":"Collector","ascension_level":13}}