{"host":"1445u9fdo06cpl2a","time":1614459686,"event":{"mods":["AchievementEnabler","Aspiration","Astrologer","Bard","BaseMod","Better Skull","BetterRewards","Colored Map","Colored Powertips","Conspire","Curses Come First","DeckTracker","Duelist Mod","GifTheSpireLib","GungeonMod","Halation","Hermit","Highlight Path","Hubris","Infinite Spire","Minty Spire (QoL Compilation)","Permanent Neow","Random Character Button","Rare Cards Sparkle","Replay The Spire","Shop Mod","Spire Arcade","StSLib","Stuff the Spire","Td1madao Mod","The Blackbeard","The Bladedancer","The Construct","The Cursed","The Forsaken","The Gatherer","The Hierophant","The Marked","The Mystic","The Necromancer","The Poker Player","The Runesmith","The Saiyan"],"gold_per_floor":[117,129,129,129,144,144,177,177,177,177,177,192,192,224,224,329,329,339,339,189,189,204,204,204,204],"floor_reached":24,"language":"ENG","playtime":1850,"items_purged":["DemoMod:Strike_Huntress"],"score":202,"play_id":"57273a75-ec88-480f-a606-9f617c8eb0b4","local_time":"20210227210126","is_ascension_mode":false,"campfire_choices":[{"data":"DemoMod:Unmoved","floor":6,"key":"SMITH"},{"data":"DemoMod:PotionOfGunFriendShip","floor":8,"key":"SMITH"},{"data":"DemoMod:ManualReload","floor":10,"key":"SMITH"},{"floor":15,"key":"REST"},{"data":"DemoMod:ShadowBullets","floor":23,"key":"SMITH"}],"circlet_count":0,"master_deck":["DemoMod:Defend_Huntress","DemoMod:Defend_Huntress","DemoMod:Defend_Huntress","DemoMod:Roll","DemoMod:ManualReload+1","DemoMod:RustySidearm+1","DemoMod:CrossBow","DemoMod:Unmoved+1","DemoMod:Polaris","DemoMod:PotionOfGunFriendShip+1","DemoMod:ShadowBullets+1","DemoMod:TeaPot","DemoMod:ThirdPartyController","CurseOfTheBell","DemoMod:MachoBrace"],"relics":["DemoMod:Dog","aspiration:Nostalgia","mysticmod:SpellBook","ReplayTheSpireMod:Shallot","infinitespire:PuzzleCube","hubris:TinFlute","Tiny Chest","Calling Bell","Replay:Rubber Ducky","Gremlin Horn","TungstenRod"],"acts_visited":["Exordium","TheCity"],"potions_floor_usage":[24,24,24],"damage_taken":[{"damage":5,"enemies":"Cultist","floor":1,"turns":5},{"damage":0,"enemies":"2 Louse","floor":2,"turns":3},{"damage":0,"enemies":"Jaw Worm","floor":5,"turns":5},{"damage":21,"enemies":"3 Sentries","floor":7,"turns":14},{"damage":2,"enemies":"Looter","floor":12,"turns":3},{"damage":17,"enemies":"Lagavulin","floor":14,"turns":8},{"damage":32,"enemies":"Hexaghost","floor":16,"turns":11},{"damage":7,"enemies":"Chosen","floor":18,"turns":7},{"damage":22,"enemies":"conspire:FuzzyDice","floor":22,"turns":10},{"damage":41,"enemies":"Nightmare","floor":24,"turns":9}],"seed_played":"-6200069208449893917","potions_obtained":[{"floor":2,"key":"ColorlessPotion"},{"floor":7,"key":"Venom Potion"},{"floor":12,"key":"SteroidPotion"},{"floor":14,"key":"FearPotion"}],"is_trial":false,"path_per_floor":["M","M","?","T","M","R","E","R","T","R","?","M","?","E","R","B",null,"M","?","$","?","M","R","NM"],"character_chosen":"HUNTRESS","items_purchased":["DemoMod:Purify"],"campfire_rested":1,"item_purchase_floors":[20],"current_hp_per_floor":[65,65,65,65,65,65,44,44,44,44,44,42,42,25,46,14,70,63,63,63,63,41,41,0,0],"gold":204,"neow_bonus":"NOSTALGIA","is_daily":false,"chose_seed":false,"campfire_upgraded":4,"win_rate":0.0,"timestamp":1614459686,"path_taken":["M","?","?","?","M","R","E","R","T","R","?","M","?","E","R","BOSS","M","?","$","?","?","R","NM"],"items_purchased_type":["Card"],"build_version":"2020-12-22","purchased_purges":1,"victory":false,"max_hp_per_floor":[70,70,70,70,70,70,70,70,70,70,70,70,70,70,70,70,70,70,70,70,70,70,70,70,70],"card_choices":[{"not_picked":["DemoMod:DoubleSwitch","DemoMod:Ejector"],"picked":"DemoMod:Unmoved","floor":1},{"not_picked":["DemoMod:TripleGun","DemoMod:TeaPot"],"picked":"DemoMod:DirectionalPad","floor":2},{"not_picked":["DemoMod:EasyReloadBullets","DemoMod:SkilledReload"],"picked":"DemoMod:Polaris","floor":5},{"not_picked":["DemoMod:AbyssalTentacle","DemoMod:BlackHoleGun"],"picked":"DemoMod:PotionOfGunFriendShip","floor":7},{"not_picked":["DemoMod:FastSwitch","DemoMod:CombinedRifle"],"picked":"DemoMod:ShadowBullets","floor":12},{"not_picked":["DemoMod:Polaris","DemoMod:ShadowBullets"],"picked":"DemoMod:TeaPot","floor":14},{"not_picked":["DemoMod:Elimentaler","DemoMod:BSG"],"picked":"DemoMod:ThirdPartyController","floor":16},{"not_picked":["DemoMod:StickyCrossBow","DemoMod:ProbeStrike","DemoMod:FeignSurrender"],"picked":"SKIP","floor":18},{"not_picked":["DemoMod:BoxingGlove","DemoMod:GunstockTap","DemoMod:MachoBrace+1"],"picked":"SKIP","floor":22}],"player_experience":288061,"relics_obtained":[{"floor":4,"key":"ReplayTheSpireMod:Shallot"},{"floor":7,"key":"infinitespire:PuzzleCube"},{"floor":9,"key":"hubris:TinFlute"},{"floor":14,"key":"Tiny Chest"},{"floor":17,"key":"Replay:Rubber Ducky"},{"floor":17,"key":"Gremlin Horn"},{"floor":17,"key":"TungstenRod"}],"event_choices":[{"damage_healed":0,"gold_gain":0,"player_choice":"Disagree","damage_taken":0,"max_hp_gain":0,"max_hp_loss":0,"event_name":"conspire:LoneGhost","floor":3,"gold_loss":0},{"cards_removed":["DemoMod:Strike_Huntress"],"damage_healed":0,"gold_gain":0,"player_choice":"Forget","damage_taken":0,"max_hp_gain":0,"max_hp_loss":0,"event_name":"Living Wall","floor":11,"gold_loss":0},{"damage_healed":0,"gold_gain":0,"player_choice":"Leave","damage_taken":0,"max_hp_gain":0,"max_hp_loss":0,"event_name":"conspire:Investor","floor":19,"gold_loss":0},{"damage_healed":0,"gold_gain":0,"cards_transformed":["DemoMod:Strike_Huntress"],"player_choice":"Transformed","damage_taken":0,"max_hp_gain":0,"max_hp_loss":0,"event_name":"Transmorgrifier","floor":21,"gold_loss":0,"cards_obtained":["DemoMod:MachoBrace"]}],"is_beta":false,"boss_relics":[{"not_picked":["Replay:Wanted Poster","StuffTheSpire:RunicHypercube"],"picked":"Calling Bell"}],"items_purged_floors":[20],"is_endless":false,"potions_floor_spawned":[2,7,12,14],"killed_by":"Nightmare","ascension_level":0}}