{"host":"ju1b3c4x8n2jtjm7","time":1614428829,"event":{"mods":["AchievementEnabler","BaseMod","Colored Map","Colored Powertips","DeckTracker","Highlight Path","Minty Spire (QoL Compilation)","Quick Restart","Rare Cards Sparkle","Relic Stats","StSLib"],"gold_per_floor":[119,133,145,61,76,76,101,101,101,29,61,75,109,126,126,202,202,217,142,14,29,29,56,56,87,87,12,29,29,42,68,68,68,68],"floor_reached":33,"language":"ENG","playtime":2613,"items_purged":["Endless Agony"],"score":744,"play_id":"50e5f309-0eca-427b-a62e-854b9c02365a","local_time":"20210227132709","is_ascension_mode":true,"campfire_choices":[{"data":"Neutralize","floor":6.0,"key":"SMITH"},{"data":"Malaise","floor":8.0,"key":"SMITH"},{"data":"Footwork","floor":15.0,"key":"SMITH"},{"data":"Backflip","floor":24.0,"key":"SMITH"},{"data":"Cloak And Dagger","floor":32,"key":"SMITH"}],"circlet_count":0,"master_deck":["AscendersBane","Survivor","Neutralize+1","Dagger Throw","Footwork+1","Dagger Spray","Jack Of All Trades","Malaise+1","Night Terror","Accuracy+1","Tools of the Trade+1","PiercingWail+1","Infinite Blades+1","Backflip+1","Dash+1","Cloak And Dagger+1","Prepared+1","Die Die Die+1","Deflect"],"relics":["Ring of the Snake","Dead Branch","Ninja Scroll","Frozen Egg 2","Juzu Bracelet","Gremlin Horn","Pandora\u0027s Box","Molten Egg 2","Strawberry","Pear","Boot"],"acts_visited":["Exordium","TheCity"],"potions_floor_usage":[],"damage_taken":[{"damage":0.0,"enemies":"Cultist","floor":1.0,"turns":3.0},{"damage":2.0,"enemies":"Jaw Worm","floor":2.0,"turns":4.0},{"damage":0.0,"enemies":"Small Slimes","floor":3.0,"turns":3.0},{"damage":2.0,"enemies":"Exordium Wildlife","floor":5.0,"turns":8.0},{"damage":27.0,"enemies":"3 Sentries","floor":7.0,"turns":6.0},{"damage":1.0,"enemies":"Lagavulin","floor":11.0,"turns":5.0},{"damage":0.0,"enemies":"Red Slaver","floor":12.0,"turns":1.0},{"damage":9.0,"enemies":"Gremlin Nob","floor":13.0,"turns":4.0},{"damage":0.0,"enemies":"Large Slime","floor":14.0,"turns":1.0},{"damage":0.0,"enemies":"Slime Boss","floor":16.0,"turns":5.0},{"damage":0.0,"enemies":"Chosen","floor":18.0,"turns":7.0},{"damage":0.0,"enemies":"Spheric Guardian","floor":21.0,"turns":3.0},{"damage":11.0,"enemies":"Book of Stabbing","floor":23.0,"turns":7.0},{"damage":0.0,"enemies":"Gremlin Leader","floor":25.0,"turns":7.0},{"damage":12.0,"enemies":"Centurion and Healer","floor":28.0,"turns":6.0},{"damage":9.0,"enemies":"Snake Plant","floor":30.0,"turns":7.0},{"damage":16,"enemies":"Book of Stabbing","floor":31,"turns":5},{"damage":21,"enemies":"Automaton","floor":33,"turns":8}],"seed_played":"-6292123160528272761","potions_obtained":[{"floor":3.0,"key":"SneckoOil"},{"floor":5.0,"key":"SteroidPotion"},{"floor":7.0,"key":"SpeedPotion"},{"floor":11.0,"key":"PowerPotion"},{"floor":13.0,"key":"Dexterity Potion"},{"floor":23.0,"key":"Fire Potion"},{"floor":29.0,"key":"DuplicationPotion"}],"is_trial":false,"path_per_floor":["M","M","M","$","M","R","E","R","T","$","E","M","E","M","R","B",null,"M","?","$","M","$","E","R","E","T","$","M","?","M","E","R","B"],"character_chosen":"THE_SILENT","items_purchased":["Jack Of All Trades","Endless Agony","Infinite Blades+1","Backflip"],"campfire_rested":0,"item_purchase_floors":[4,10,20,20],"current_hp_per_floor":[59,57,57,57,55,55,28,28,28,28,27,27,18,18,18,18,50,50,50,50,50,50,39,39,46,56,56,44,44,35,19,19,0,0],"gold":68,"neow_bonus":"ONE_RARE_RELIC","is_daily":false,"chose_seed":false,"campfire_upgraded":5,"win_rate":0.0,"timestamp":1614428829,"path_taken":["M","?","M","$","M","R","E","R","T","$","E","M","E","M","R","BOSS","M","?","$","M","$","E","R","E","T","$","M","?","M","E","R","BOSS"],"items_purchased_type":["Card","Card","Card","Card"],"build_version":"2020-12-22","purchased_purges":1,"victory":false,"max_hp_per_floor":[60,60,60,60,60,60,60,60,60,60,60,60,60,60,60,60,60,60,60,60,60,60,60,60,67,77,77,77,77,77,77,77,77,77],"relic_stats":{"Gremlin Horn":[12,12],"counters":[18,90],"Dead Branch":[216],"Pandora\u0027s Box":["Blur","PiercingWail","Envenom","Skewer","All Out Attack","Grand Finale","Accuracy","Glass Knife","Outmaneuver","Footwork"],"Juzu Bracelet":0,"Boot":[30],"obtain_stats":[{"Pear":26,"Gremlin Horn":13,"Ninja Scroll":7,"Dead Branch":0,"Strawberry":25,"Pandora\u0027s Box":17,"Molten Egg 2":23,"Juzu Bracelet":11,"Frozen Egg 2":9,"Boot":31,"Ring of the Snake":0},{"Pear":14,"Gremlin Horn":8,"Ninja Scroll":5,"Dead Branch":0,"Strawberry":14,"Pandora\u0027s Box":10,"Molten Egg 2":13,"Juzu Bracelet":6,"Frozen Egg 2":5,"Boot":17,"Ring of the Snake":0},{"Pear":64,"Gremlin Horn":34,"Ninja Scroll":24,"Dead Branch":0,"Strawberry":64,"Pandora\u0027s Box":40,"Molten Egg 2":57,"Juzu Bracelet":29,"Frozen Egg 2":24,"Boot":82,"Ring of the Snake":0}],"Ring of the Snake":[34]},"card_choices":[{"not_picked":["Choke","Backflip"],"picked":"Dagger Throw","floor":1.0},{"not_picked":["Bane","Heel Hook"],"picked":"Footwork","floor":2.0},{"not_picked":["Bane","Bouncing Flask"],"picked":"Dagger Spray","floor":3.0},{"not_picked":["Underhanded Strike","Finisher"],"picked":"Burst","floor":5.0},{"not_picked":["Night Terror","Dodge and Roll"],"picked":"Malaise","floor":7.0},{"not_picked":["Finisher","Outmaneuver","All Out Attack"],"picked":"SKIP","floor":11.0},{"not_picked":["Blade Dance","Finisher"],"picked":"Night Terror","floor":12.0},{"not_picked":["Quick Slash","Heel Hook"],"picked":"Accuracy+1","floor":13.0},{"not_picked":["Flechettes","Bane","Acrobatics"],"picked":"SKIP","floor":14.0},{"not_picked":["Envenom+1","Venomology"],"picked":"Tools of the Trade+1","floor":16.0},{"not_picked":["Dagger Spray+1","Poisoned Stab"],"picked":"PiercingWail+1","floor":18.0},{"not_picked":["Dagger Throw","Acrobatics","Terror"],"picked":"SKIP","floor":21.0},{"not_picked":["Sucker Punch+1","Blade Dance+1"],"picked":"Dash+1","floor":23.0},{"not_picked":["Quick Slash+1","Calculated Gamble"],"picked":"Cloak And Dagger","floor":25.0},{"not_picked":["Backflip","Noxious Fumes+1"],"picked":"Prepared+1","floor":28.0},{"not_picked":["Flechettes+1","Backflip"],"picked":"Die Die Die+1","floor":30.0},{"not_picked":["Eviscerate+1","Bane+1"],"picked":"Deflect","floor":31}],"player_experience":576952,"relics_obtained":[{"floor":7.0,"key":"Ninja Scroll"},{"floor":9.0,"key":"Frozen Egg 2"},{"floor":11.0,"key":"Juzu Bracelet"},{"floor":13.0,"key":"Gremlin Horn"},{"floor":23.0,"key":"Molten Egg 2"},{"floor":25.0,"key":"Strawberry"},{"floor":26.0,"key":"Pear"},{"floor":31,"key":"Boot"}],"event_choices":[{"cards_removed":["Burst"],"damage_healed":0.0,"max_hp_gain":0.0,"max_hp_loss":0.0,"gold_gain":0.0,"event_name":"Beggar","player_choice":"Gave Gold","floor":19.0,"gold_loss":75.0,"damage_taken":0.0},{"damage_healed":0.0,"max_hp_gain":0.0,"max_hp_loss":0.0,"gold_gain":0.0,"event_name":"Lab","player_choice":"Got Potions","floor":29.0,"gold_loss":0.0,"damage_taken":0.0}],"is_beta":false,"boss_relics":[{"not_picked":["Empty Cage","Cursed Key"],"picked":"Pandora\u0027s Box"}],"items_purged_floors":[27],"is_endless":false,"potions_floor_spawned":[3,5,7,11,12,13,23,30],"killed_by":"Automaton","ascension_level":15}}