{"host":"8zzc9mdnfkdiyxma","time":1614424480,"event":{"mods":["2.2 Compatiblity","BaseMod","Better Altar","Better Match","Better Note","Better Sensory Stone","Better Skull","Better Third Choice","Better Vampires","Colored Map","Colored Powertips","Dark Map","Emptier Cage","Energized Spire","Extra Virgin Snecko Oil","Halation","Hubris","Minty Spire (QoL Compilation)","Monster B Gone","Permanent Neow","Poor People Problems","RNG Fix","Rare Cards Sparkle","Relic Filter","Reliquary","SacredBarkPlus","Smile Girya","StSLib","Waifu the Spire"],"gold_per_floor":[116,24,24,24,42,42,42,42,95,95,110,110,23,51,51,122,122,140,120,120,37,37,37,37],"floor_reached":23,"language":"ENG","playtime":1088,"items_purged":[],"score":350,"play_id":"4ee0b58e-b1af-461f-8758-c7f046f4a2a2","local_time":"20210227061440","is_ascension_mode":true,"campfire_choices":[{"data":"Loop","floor":6,"key":"SMITH"},{"floor":8,"key":"REST"},{"floor":15,"key":"REST"}],"circlet_count":0,"master_deck":["AscendersBane","Strike_B","Strike_B","Strike_B","Strike_B","Defend_B","Defend_B","Defend_B","Zap+1","Dualcast+1","Loop+1","Conserve Battery","Sweeping Beam","Bandage Up","Conserve Battery","Scrape","BootSequence","Hyperbeam","Ball Lightning+1","Hologram","Survivor+1","hubris:NaturalOne"],"relics":["Cracked Core","hubris:Reverence","hubris:Icosahedron","halation:AfternoonTea","Bag of Preparation","Pantograph","reliquary:BallBearing","reliquary:PartyBalloon","War Paint","betterThird:SlimedRelic","Odd Mushroom","energizedSpire:OgreHead"],"acts_visited":["Exordium","TheCity"],"potions_floor_usage":[11,14,14,14,20,23,23],"damage_taken":[{"damage":15,"enemies":"2 Louse","floor":1,"turns":3},{"damage":7,"enemies":"Jaw Worm","floor":5,"turns":3},{"damage":0,"enemies":"Small Slimes","floor":11,"turns":2},{"damage":9,"enemies":"The Mushroom Lair","floor":14,"turns":3},{"damage":60,"enemies":"Slime Boss","floor":16,"turns":10},{"damage":20,"enemies":"Spheric Guardian","floor":18,"turns":5},{"damage":10,"enemies":"Shell Parasite","floor":20,"turns":1},{"damage":39,"enemies":"Slavers","floor":23,"turns":3}],"seed_played":"-5214971918814715960","potions_obtained":[{"floor":1,"key":"BlessingOfTheForge"},{"floor":5,"key":"Fire Potion"},{"floor":19,"key":"SmokeBomb"}],"is_trial":false,"path_per_floor":["M","$","?","?","M","R","$","R","T","?","M","?","$","?","R","B",null,"M","?","M","$","?","E"],"character_chosen":"DEFECT","items_purchased":["Loop","Conserve Battery","halation:AfternoonTea","Bag of Preparation","Pantograph","reliquary:BallBearing","reliquary:PartyBalloon","Scrape","PowerPotion","Hologram"],"campfire_rested":2,"item_purchase_floors":[2,2,7,7,7,7,7,13,21,21],"current_hp_per_floor":[31,31,24,24,64,64,2,23,23,23,32,21,21,16,37,14,57,41,41,31,31,31,0,0],"gold":37,"neow_bonus":"ONE_RARE_RELIC","is_daily":false,"chose_seed":false,"campfire_upgraded":1,"win_rate":0.0,"timestamp":1614424480,"path_taken":["M","$","?","?","M","R","?","R","T","?","M","?","$","?","R","BOSS","M","?","M","$","?","E"],"items_purchased_type":["Card","Card","Relic","Relic","Relic","Relic","Relic","Card","Potion","Card"],"build_version":"2020-12-22","purchased_purges":0,"victory":false,"max_hp_per_floor":[71,71,71,71,71,71,71,71,71,71,71,71,71,71,71,71,71,71,71,71,71,71,71,71],"card_choices":[{"not_picked":["Darkness","Barrage","Double Energy"],"picked":"SKIP","floor":1},{"not_picked":["Go for the Eyes","Gash"],"picked":"Sweeping Beam","floor":5},{"not_picked":["Enlightenment","hubris:Insight"],"picked":"Bandage Up","floor":10},{"not_picked":["Sweeping Beam","Steam"],"picked":"Conserve Battery","floor":11},{"not_picked":["Reprogram","Turbo"],"picked":"BootSequence","floor":14},{"not_picked":["Thunder Strike","Creative AI"],"picked":"Hyperbeam","floor":16},{"not_picked":["Self Repair","Streamline"],"picked":"Ball Lightning+1","floor":18}],"player_experience":1041134,"relics_obtained":[{"floor":9,"key":"War Paint"},{"floor":14,"key":"Odd Mushroom"}],"event_choices":[{"cards_removed":["Defend_B"],"damage_healed":0,"gold_gain":0,"player_choice":"Card Removal","damage_taken":7,"max_hp_gain":0,"max_hp_loss":0,"event_name":"Golden Wing","floor":3,"gold_loss":0},{"damage_healed":0,"gold_gain":1,"player_choice":"1","damage_taken":0,"max_hp_gain":0,"max_hp_loss":0,"event_name":"betterStone:BetterStone","floor":10,"gold_loss":0},{"damage_healed":0,"gold_gain":0,"player_choice":"Slimed","damage_taken":11,"max_hp_gain":1,"max_hp_loss":0,"event_name":"betterThird:BetterGoop","floor":12,"gold_loss":0},{"damage_healed":0,"gold_gain":0,"player_choice":"Fought Mushrooms","damage_taken":0,"max_hp_gain":0,"max_hp_loss":0,"event_name":"Mushrooms","floor":14,"gold_loss":0},{"damage_healed":0,"gold_gain":0,"player_choice":"Bought 1 Potion","damage_taken":0,"max_hp_gain":0,"max_hp_loss":0,"event_name":"The Woman in Blue","floor":19,"gold_loss":0},{"cards_removed":["Hyperbeam"],"damage_healed":0,"gold_gain":0,"player_choice":"Take \u0026 Give","damage_taken":0,"max_hp_gain":0,"max_hp_loss":0,"event_name":"betterNote:BetterNote","floor":22,"gold_loss":0,"cards_obtained":["Survivor"]}],"is_beta":false,"boss_relics":[{"not_picked":["reliquary:WritOfMandamus","Velvet Choker"],"picked":"energizedSpire:OgreHead"}],"items_purged_floors":[],"is_endless":false,"potions_floor_spawned":[1,5],"killed_by":"Slavers","ascension_level":20}}