{"host":"syozzdlzcqop4jia","time":1614387088,"event":{"mods":["AchievementEnabler","BaseMod","Colored Map","Colored Powertips","Minty Spire (QoL Compilation)","Quick Restart"],"gold_per_floor":[113,131,131,151,165,165,194,207,207,207,220,230,241,255,255,255,255],"floor_reached":16,"language":"ENG","playtime":490,"items_purged":[],"score":119,"play_id":"c9f01057-8765-4525-9444-f456f1d45d16","local_time":"20210227015128","is_ascension_mode":true,"campfire_choices":[{"data":"Zap","floor":6,"key":"SMITH"},{"floor":10,"key":"REST"},{"floor":15,"key":"REST"}],"circlet_count":0,"master_deck":["Strike_B","Strike_B","Strike_B","Strike_B","Defend_B","Defend_B","Defend_B","Defend_B","Zap+1","Dualcast","Ball Lightning","Rip and Tear","Ball Lightning","Thunder Strike","Redo","Darkness","Cold Snap","Cold Snap","Buffer"],"relics":["Cracked Core","Strawberry","Vajra"],"acts_visited":["Exordium"],"potions_floor_usage":[],"damage_taken":[{"damage":2,"enemies":"Jaw Worm","floor":1,"turns":3},{"damage":0,"enemies":"Small Slimes","floor":2,"turns":2},{"damage":0,"enemies":"Cultist","floor":4,"turns":2},{"damage":7,"enemies":"3 Louse","floor":5,"turns":3},{"damage":25,"enemies":"3 Sentries","floor":7,"turns":6},{"damage":21,"enemies":"Lots of Slimes","floor":8,"turns":3},{"damage":12,"enemies":"Looter","floor":11,"turns":3},{"damage":8,"enemies":"Blue Slaver","floor":12,"turns":2},{"damage":7,"enemies":"2 Fungi Beasts","floor":13,"turns":3},{"damage":16,"enemies":"Lots of Slimes","floor":14,"turns":3},{"damage":37,"enemies":"Hexaghost","floor":16,"turns":7}],"seed_played":"-8267170346100444654","potions_obtained":[{"floor":1,"key":"EntropicBrew"},{"floor":7,"key":"Dexterity Potion"},{"floor":8,"key":"SkillPotion"}],"is_trial":false,"path_per_floor":["M","M","?","M","M","R","E","M","T","R","M","M","M","M","R","B"],"character_chosen":"DEFECT","items_purchased":[],"campfire_rested":2,"item_purchase_floors":[],"current_hp_per_floor":[80,80,80,80,73,73,48,27,27,53,41,33,26,10,36,0,0],"gold":255,"neow_bonus":"TEN_PERCENT_HP_BONUS","is_daily":false,"chose_seed":false,"campfire_upgraded":1,"win_rate":0.0,"timestamp":1614387088,"path_taken":["M","M","?","M","M","R","E","M","T","R","M","M","M","M","R","BOSS"],"items_purchased_type":[],"build_version":"2020-12-22","purchased_purges":0,"victory":false,"max_hp_per_floor":[82,82,89,89,89,89,89,89,89,89,89,89,89,89,89,89,89],"card_choices":[{"not_picked":["Double Energy","Leap"],"picked":"Ball Lightning","floor":1},{"not_picked":["Stack","Conserve Battery"],"picked":"Rip and Tear","floor":2},{"not_picked":["Skim","Redo"],"picked":"Ball Lightning","floor":4},{"not_picked":["Leap","Turbo","Go for the Eyes"],"picked":"SKIP","floor":5},{"not_picked":["Gash","Skim"],"picked":"Thunder Strike","floor":7},{"not_picked":["Blizzard","Steam Power"],"picked":"Redo","floor":8},{"not_picked":["Aggregate","Cold Snap"],"picked":"Darkness","floor":11},{"not_picked":["Hologram","Go for the Eyes"],"picked":"Cold Snap","floor":12},{"not_picked":["Compile Driver","Turbo"],"picked":"Cold Snap","floor":13},{"not_picked":["Melter","Leap"],"picked":"Buffer","floor":14}],"player_experience":741636,"relics_obtained":[{"floor":7,"key":"Vajra"}],"event_choices":[{"damage_healed":0,"gold_gain":0,"player_choice":"Success","damage_taken":7,"relics_obtained":["Strawberry"],"max_hp_gain":0,"max_hp_loss":0,"event_name":"Scrap Ooze","floor":3,"gold_loss":0}],"is_beta":false,"boss_relics":[],"items_purged_floors":[],"is_endless":false,"potions_floor_spawned":[1,7,8,11],"killed_by":"Hexaghost","ascension_level":2}}