{"host":"sav7uxregyirlf69","time":1614434345,"event":{"mods":["AchievementEnabler","BaseMod","Colored Map","DeckTracker","Keyboard Shortcuts","Minty Spire (QoL Compilation)","READ ME - Guardian Mod","StSLib","SuperFastMode"],"gold_per_floor":[144,189,234,279,324,324,414,414,439,529,529,529,204,231,231,549,549,594,639,693,738,792,792,188,188,197,296,146,245,245,245,245,554,554,608,662,50,59,113,203,257,46,80,80,0,0,0,9,9,18],"floor_reached":51,"language":"KOR","playtime":1025,"items_purged":["Defend_B","Defend_B","Regret","Writhe"],"score":998,"play_id":"fbdac0c4-3462-4e01-998f-ca834fe8b89d","local_time":"20210227225905","daily_mods":["Cursed Run","Diverse","Midas"],"is_ascension_mode":false,"campfire_choices":[{"floor":6,"key":"REST"},{"floor":8,"key":"REST"},{"floor":15,"key":"REST"},{"floor":23,"key":"REST"},{"floor":25,"key":"REST"},{"floor":32,"key":"REST"},{"floor":44,"key":"REST"},{"floor":46,"key":"REST"},{"floor":49,"key":"REST"}],"circlet_count":0,"master_deck":["Strike_B","Strike_B","Strike_B","Strike_B","Defend_B+1","Defend_B","Zap","Dualcast","Glacier+1","Cold Snap","Disarm+1","Cold Snap","Limit Break","Injury","Enlightenment","Writhe","Double Tap","Wallop","Streamline+1","TalkToTheHand","Gash","Beam Cell+1","Heavy Blade","Doubt","Whirlwind+1","Cold Snap+1","Apotheosis+1","Parasite","Cloak And Dagger+1","Dash+1","BootSequence","Clumsy","Doubt","Decay"],"relics":["Cursed Key","Darkstone Periapt","Du-Vu Doll","Matryoshka","Blood Vial","CeramicFish","Ancient Tea Set","Shuriken","Runic Dome","DataDisk","Pantograph","Tiny Chest","StrikeDummy","Sundial","ClockworkSouvenir","Lizard Tail","Nilry\u0027s Codex","Black Star","Anchor","Toy Ornithopter","Cables","Potion Belt","TungstenRod","Centennial Puzzle","Red Mask","Symbiotic Virus"],"acts_visited":["Exordium","TheCity","TheBeyond"],"potions_floor_usage":[5,7,27,40],"damage_taken":[{"damage":0,"enemies":"Small Slimes","floor":1,"turns":4},{"damage":6,"enemies":"Cultist","floor":2,"turns":4},{"damage":0,"enemies":"2 Louse","floor":3,"turns":3},{"damage":0,"enemies":"Large Slime","floor":4,"turns":6},{"damage":7,"enemies":"Exordium Thugs","floor":5,"turns":6},{"damage":4,"enemies":"3 Sentries","floor":7,"turns":8},{"damage":4,"enemies":"Gremlin Nob","floor":10,"turns":5},{"damage":25,"enemies":"The Guardian","floor":16,"turns":14},{"damage":11,"enemies":"Spheric Guardian","floor":18,"turns":6},{"damage":5,"enemies":"Shell Parasite","floor":19,"turns":7},{"damage":16,"enemies":"Centurion and Healer","floor":20,"turns":9},{"damage":4,"enemies":"3 Cultists","floor":21,"turns":7},{"damage":23,"enemies":"Shelled Parasite and Fungi","floor":22,"turns":6},{"damage":0,"enemies":"Book of Stabbing","floor":27,"turns":4},{"damage":15,"enemies":"Gremlin Leader","floor":29,"turns":6},{"damage":37,"enemies":"Collector","floor":33,"turns":8},{"damage":19,"enemies":"3 Darklings","floor":35,"turns":5},{"damage":2,"enemies":"3 Shapes","floor":36,"turns":5},{"damage":22,"enemies":"3 Darklings","floor":39,"turns":3},{"damage":27,"enemies":"Reptomancer","floor":40,"turns":3},{"damage":0,"enemies":"Sphere and 2 Shapes","floor":41,"turns":7},{"damage":35,"enemies":"Awakened One","floor":50,"turns":9}],"seed_played":"-2463471341485849212","potions_obtained":[{"floor":1,"key":"BlessingOfTheForge"},{"floor":3,"key":"LiquidBronze"},{"floor":4,"key":"SpeedPotion"},{"floor":19,"key":"FearPotion"},{"floor":20,"key":"FearPotion"},{"floor":29,"key":"SpeedPotion"},{"floor":35,"key":"Energy Potion"}],"is_trial":false,"path_per_floor":["M","M","M","M","M","R","E","R","T","E","?","?","$","?","R","B",null,"M","M","M","M","M","R","$","R","T","E","$","E","?","?","R","B",null,"M","M","$","T","M","E","M","$","T","R","?","R","?","T","R","B",null],"character_chosen":"DEFECT","items_purchased":["Shuriken","TalkToTheHand","DataDisk","Gash","Pantograph","ClockworkSouvenir","Anchor","Apotheosis","Toy Ornithopter","BootSequence"],"campfire_rested":9,"item_purchase_floors":[13,24,24,24,24,28,37,37,37,42],"current_hp_per_floor":[75,69,69,69,62,75,71,75,81,77,77,61,61,67,87,68,93,82,79,65,63,42,69,69,93,99,99,99,84,68,48,79,73,110,91,91,91,97,77,57,59,59,65,101,101,122,122,128,128,99],"gold":18,"neow_bonus":"","is_daily":true,"chose_seed":false,"campfire_upgraded":0,"win_rate":0.0,"timestamp":1614434345,"path_taken":["M","M","M","M","M","R","E","R","T","E","?","?","$","?","R","BOSS","M","M","M","?","M","R","$","R","T","E","?","E","?","?","R","BOSS","M","M","$","?","M","E","M","?","T","R","?","R","?","?","R","BOSS"],"items_purchased_type":["Relic","Card","Relic","Card","Relic","Relic","Relic","Card","Relic","Card"],"build_version":"2020-12-22","purchased_purges":4,"victory":true,"max_hp_per_floor":[75,75,75,75,75,75,75,75,81,81,81,81,81,87,87,93,93,93,93,93,93,93,93,93,93,99,99,99,99,99,104,104,110,110,110,110,110,116,116,116,116,116,122,122,122,122,122,128,128,134],"card_choices":[{"not_picked":["Infernal Blade","Slice","Catalyst"],"picked":"SKIP","floor":1},{"not_picked":["PathToVictory","Poisoned Stab"],"picked":"Glacier","floor":2},{"not_picked":["EmptyFist","Skewer","Protect"],"picked":"SKIP","floor":3},{"not_picked":["Footwork","Consecrate"],"picked":"Cold Snap","floor":4},{"not_picked":["A Thousand Cuts","Turbo"],"picked":"Disarm","floor":5},{"not_picked":["Conclude","Wild Strike"],"picked":"Cold Snap","floor":7},{"not_picked":["Force Field","Ghostly Armor","Prepared"],"picked":"SKIP","floor":10},{"not_picked":["Force Field","Ghostly Armor","Prepared"],"picked":"SKIP","floor":10},{"not_picked":["Thunder Strike","Night Terror"],"picked":"Double Tap","floor":16},{"not_picked":["Aggregate","Study","CarveReality"],"picked":"SKIP","floor":18},{"not_picked":["Melter","DeceiveReality","Headbutt"],"picked":"SKIP","floor":19},{"not_picked":["BowlingBash","Bloodletting"],"picked":"Wallop","floor":20},{"not_picked":["ThirdEye+1","FollowUp","FlurryOfBlows"],"picked":"SKIP","floor":21},{"not_picked":["InnerPeace","Steam Power"],"picked":"Streamline+1","floor":22},{"not_picked":["Halt","Ghostly Armor+1"],"picked":"Beam Cell+1","floor":27},{"not_picked":["Thunder Strike","Entrench"],"picked":"Heavy Blade","floor":29},{"not_picked":["Flying Knee","Cleave+1"],"picked":"Whirlwind+1","floor":35},{"not_picked":["Fasting2+1","Stack+1"],"picked":"Cold Snap+1","floor":36},{"not_picked":["Dash+1","Rip and Tear"],"picked":"Cloak And Dagger+1","floor":39},{"not_picked":["Headbutt","Wraith Form v2","Perseverance+1"],"picked":"SKIP","floor":40},{"not_picked":["ThirdEye","Twin Strike"],"picked":"Dash+1","floor":41}],"player_experience":1718141,"relics_obtained":[{"floor":7,"key":"Matryoshka"},{"floor":9,"key":"Blood Vial"},{"floor":9,"key":"CeramicFish"},{"floor":10,"key":"Ancient Tea Set"},{"floor":26,"key":"Tiny Chest"},{"floor":26,"key":"StrikeDummy"},{"floor":27,"key":"Sundial"},{"floor":29,"key":"Lizard Tail"},{"floor":30,"key":"Nilry\u0027s Codex"},{"floor":38,"key":"Cables"},{"floor":40,"key":"Potion Belt"},{"floor":40,"key":"TungstenRod"},{"floor":43,"key":"Centennial Puzzle"},{"floor":48,"key":"Symbiotic Virus"}],"event_choices":[{"damage_healed":0,"gold_gain":0,"player_choice":"Grow","damage_taken":0,"max_hp_gain":0,"max_hp_loss":0,"event_name":"Living Wall","floor":11,"gold_loss":0,"cards_upgraded":["Disarm"]},{"damage_healed":0,"gold_gain":0,"player_choice":"Entered Light","damage_taken":16,"max_hp_gain":0,"max_hp_loss":0,"event_name":"Shining Light","floor":12,"gold_loss":0,"cards_upgraded":["Defend_B","Glacier"]},{"damage_healed":0,"gold_gain":0,"player_choice":"3 cards matched","damage_taken":0,"max_hp_gain":0,"max_hp_loss":0,"event_name":"Match and Keep!","floor":14,"gold_loss":0,"cards_obtained":["Limit Break","Injury","Enlightenment"]},{"damage_healed":0,"gold_gain":0,"player_choice":"Obtained Book","damage_taken":16,"max_hp_gain":0,"max_hp_loss":0,"event_name":"Cursed Tome","floor":30,"gold_loss":0},{"damage_healed":0,"gold_gain":0,"player_choice":"Shed Blood","damage_taken":25,"max_hp_gain":5,"max_hp_loss":0,"event_name":"Forgotten Altar","floor":31,"gold_loss":0},{"damage_healed":0,"gold_gain":0,"player_choice":"Paid","damage_taken":0,"relics_obtained":["Red Mask"],"max_hp_gain":0,"max_hp_loss":0,"event_name":"Tomb of Lord Red Mask","floor":45,"gold_loss":80},{"damage_healed":0,"gold_gain":0,"player_choice":"Forge","damage_taken":0,"max_hp_gain":0,"max_hp_loss":0,"event_name":"Accursed Blacksmith","floor":47,"gold_loss":0,"cards_upgraded":["Apotheosis"]}],"is_beta":false,"boss_relics":[{"not_picked":["Velvet Choker","Coffee Dripper"],"picked":"Runic Dome"},{"not_picked":["Runic Pyramid","Busted Crown"],"picked":"Black Star"}],"items_purged_floors":[13,24,37,42],"is_endless":false,"potions_floor_spawned":[1,3,4,19,20,29,35,36],"ascension_level":0}}