{"host":"m6rwrrl4vtok99e8","time":1614428481,"event":{"mods":["100% Spire Juice","ATMod(??Mod)","Act Like it!","Aspiration","BaseMod","Colored Powertips","Downfall","Energized Spire","GungeonMod","Hermit","Koishi","LagranYue(???·?)","Library of Ruina","Library of Ruina Extra","Lobotomy","Marisa????????","Minty Spire (QoL Compilation)","Pale of the Ancients","Quick Restart","Relic Stats","Reliquary","Remilia??????","Replay The Spire","Spicy Shops","StSLib","TestMod","The Servant 0.9.4","Waifu the Spire","??????REMEMod"],"gold_per_floor":[113,83,100,120,132,132,57,57,57,78,113,113,113,125,125,225,225,238,238,258,274,289,289,166,166,246,260,260,260,287,301,301,301,301],"floor_reached":33,"language":"ZHS","playtime":1305,"items_purged":["LightAttack"],"score":322,"play_id":"98d24973-948d-4627-b24a-b8e88dea6fe9","local_time":"20210227202121","is_ascension_mode":false,"campfire_choices":[{"data":"RipSpace","floor":6,"key":"SMITH"},{"data":"FrontalAssault","floor":8,"key":"SMITH"},{"data":"ChargeAndCover","floor":12,"key":"SMITH"},{"floor":15,"key":"REST"},{"data":"FocusedStrikes","floor":23,"key":"SMITH"},{"data":"LeRegole","floor":28,"key":"SMITH"},{"data":"GroundSmash","floor":32,"key":"SMITH"}],"circlet_count":0,"master_deck":["Dodge","LightDefense+1","LightAttack","LightAttack","LightDefense","LightDefense","LightDefense+1","ChargeAndCover+1","FocusedStrikes+1","FrontalAssault+1","RipSpace+1","ViolentFlame","GroundSmash+1","AbeCurse","AbsorbImpact+1","SunsetBlade","LeRegole+1","ChargeUp"],"relics":["PageOfLibrarian","AT_ATBox","testmod-TestBox","REME_ComplimentaryCards","LagranYue:RandomDrawCardRelic","testmod-IntensifyImprint","Pen Nib","reliquary:TridentHead","Odd Mushroom","Thread and Needle","Abe\u0027s Treasure","testmod-InjuryResistance","Replay:Bottled Steam","War Paint"],"acts_visited":["Exordium","TheCity"],"potions_floor_usage":[16,24,31,33,33],"damage_taken":[{"damage":0,"enemies":"Small Slimes","floor":1,"turns":2},{"damage":0,"enemies":"Cultist","floor":3,"turns":2},{"damage":2,"enemies":"Jaw Worm","floor":4,"turns":2},{"damage":5,"enemies":"Looter","floor":5,"turns":3},{"damage":12,"enemies":"The Mushroom Lair","floor":10,"turns":3},{"damage":11,"enemies":"3 Sentries","floor":11,"turns":5},{"damage":0,"enemies":"Red Slaver","floor":14,"turns":3},{"damage":20,"enemies":"Hexaghost","floor":16,"turns":7},{"damage":10,"enemies":"Spheric Guardian","floor":18,"turns":4},{"damage":0,"enemies":"2 Thieves","floor":20,"turns":4},{"damage":0,"enemies":"Centurion and Healer","floor":21,"turns":5},{"damage":6,"enemies":"Shelled Parasite and Fungi","floor":22,"turns":4},{"damage":0,"enemies":"Snake Plant","floor":27,"turns":4},{"damage":0,"enemies":"3 Cultists","floor":31,"turns":5},{"damage":91,"enemies":"RedHoodMercenary","floor":33,"turns":9}],"seed_played":"-6807104216808367628","potions_obtained":[{"floor":1,"key":"testmod-TestPotion"},{"floor":2,"key":"Regen Potion"},{"floor":2,"key":"DuplicationPotion"},{"floor":13,"key":"DuplicationPotion"},{"floor":16,"key":"Fire Potion"},{"floor":20,"key":"SmokeBomb"},{"floor":27,"key":"Fruit Juice"}],"is_trial":false,"path_per_floor":["M","?","M","M","M","R","$","R","T","?","E","R","?","M","R","B",null,"M","?","M","M","M","R","$","?","T","M","R","$","T","M","R","B"],"character_chosen":"Librarian","items_purchased":["testmod-InjuryResistance","SunsetBlade","LeRegole"],"campfire_rested":1,"item_purchase_floors":[24,24,24],"current_hp_per_floor":[60,60,60,58,53,53,53,53,53,41,32,32,32,32,56,36,81,71,71,71,71,65,65,65,65,65,65,65,65,65,70,70,0,0],"gold":301,"neow_bonus":"RANDOM_COMMON_RELIC","is_daily":false,"chose_seed":false,"campfire_upgraded":6,"win_rate":0.0,"timestamp":1614428481,"path_taken":["M","?","M","?","M","R","$","R","T","?","E","R","?","?","R","BOSS","M","?","M","M","M","R","$","?","T","M","R","?","?","M","R","BOSS"],"items_purchased_type":["Relic","Card","Card"],"build_version":"2020-12-22","purchased_purges":1,"victory":false,"max_hp_per_floor":[70,70,62,81,81,81,81,81,81,67,67,81,81,81,81,81,81,81,81,89,89,89,89,89,89,89,68,89,89,89,94,94,94,94],"relic_stats":{"counters":[15,62],"Pen Nib":[9],"War Paint":["LightDefense","LightDefense"],"obtain_stats":[{"testmod-IntensifyImprint":0,"AT_ATBox":0,"testmod-TestBox":0,"LagranYue:RandomDrawCardRelic":0,"Thread and Needle":11,"Pen Nib":0,"DemoMod:GlassGuonStoneRelic":1,"Odd Mushroom":10,"War Paint":30,"PageOfLibrarian":0,"reliquary:TridentHead":9,"testmod-InjuryResistance":24,"Abe\u0027s Treasure":17,"REME_ComplimentaryCards":0,"Replay:Bottled Steam":26},{"testmod-IntensifyImprint":0,"AT_ATBox":0,"testmod-TestBox":0,"LagranYue:RandomDrawCardRelic":0,"Thread and Needle":6,"Pen Nib":0,"DemoMod:GlassGuonStoneRelic":1,"Odd Mushroom":5,"War Paint":13,"PageOfLibrarian":0,"reliquary:TridentHead":4,"testmod-InjuryResistance":12,"Abe\u0027s Treasure":8,"REME_ComplimentaryCards":0,"Replay:Bottled Steam":12},{"testmod-IntensifyImprint":0,"AT_ATBox":0,"testmod-TestBox":0,"LagranYue:RandomDrawCardRelic":0,"Thread and Needle":17,"Pen Nib":0,"DemoMod:GlassGuonStoneRelic":2,"Odd Mushroom":12,"War Paint":48,"PageOfLibrarian":0,"reliquary:TridentHead":9,"testmod-InjuryResistance":44,"Abe\u0027s Treasure":27,"REME_ComplimentaryCards":0,"Replay:Bottled Steam":44}]},"card_choices":[{"not_picked":["FierceCharge","SerpentSwordTechnique","NightInTheBackstreets","BalefulBrand","Pound","BackAttack","ClassAndRespect","PreemptiveStrike"],"picked":"FrontalAssault","floor":1},{"not_picked":["HighKick","Outburst","GreatSerpentsImpact","Diversion","TendonChords","SuppressingShot","SharpSwipe","InkOver","SnakeSlit"],"picked":"SKIP","floor":3},{"not_picked":["WillBeTasty","Unlock1","UpbeatPerformance","EnergyStrike","UncannyStrike","SnakesPrey","HighKick","ConcentratedFire"],"picked":"RipSpace","floor":4},{"not_picked":["UnavoidableGaze","GuidanceOfTheGears","DriedUp","Parry2","FleetEdge","ElectricShock","Leap_lor","AsThePrescriptOrders"],"picked":"ViolentFlame","floor":5},{"not_picked":["AssaultOrder","MindPrepared","ShrineToMusic","SparkingSpear","AlloutWar","Faith","RagingStormLove","WildCard","StrongStrike"],"picked":"SKIP","floor":11},{"not_picked":["HiddenBlade","SerpentineBarrier","StructuralAnalysis","Castigation","SparkingSpear","InkOver","ClassAndRespect","Concentration","InhaleSmoke"],"picked":"SKIP","floor":14},{"not_picked":["RipSpace","Eradication"],"picked":"GroundSmash","floor":16},{"not_picked":["HandleRequest","UnavoidableGaze","Quickness","StrongStrike","DarkCloud+1","FleetEdge","StrikeDown+1","ViolentFlame+1","MindCrush"],"picked":"SKIP","floor":18},{"not_picked":["Eject+1","QuickAttack","EnergyStrike","SenseQuarry","Wallop_lor+1","FrontalAssault","SearingSword","SkyClearingCut","Diversion"],"picked":"SKIP","floor":20},{"not_picked":["TheRedNotes","MultiHit+1","Multislash","PinpointShot","EnergyStrike","ReadyUp","BlazingStrike","Leap_lor","UpbeatPerformance"],"picked":"SKIP","floor":21},{"not_picked":["Rampage_lor","BladeWhirl","EnergyCycle","AGoldenOpportunity","Parry","HandleRequest","FeelinGood","UnavoidableGaze"],"picked":"AbsorbImpact+1","floor":22},{"not_picked":["Preparation","StructuralAnalysis+1","MultiBlock+1","EnergyCycle+1","ViolentFlame","GreatSerpentsImpact","SuppressingShot+1","FleetEdge"],"picked":"ChargeUp","floor":27},{"not_picked":["HandleRequest+1","Struggle","TheWillOfTheCity+1","GaleKick","GrazeTheGrass","Brawl","Outburst","Diversion","HandlingWork"],"picked":"SKIP","floor":31}],"player_experience":54591,"relics_obtained":[{"floor":9,"key":"reliquary:TridentHead"},{"floor":10,"key":"Odd Mushroom"},{"floor":11,"key":"Thread and Needle"},{"floor":26,"key":"Replay:Bottled Steam"},{"floor":30,"key":"War Paint"}],"event_choices":[{"damage_healed":0,"gold_gain":0,"player_choice":"Bought 2 Potions","damage_taken":0,"max_hp_gain":0,"max_hp_loss":0,"event_name":"The Woman in Blue","floor":2,"gold_loss":0},{"damage_healed":0,"gold_gain":0,"player_choice":"Fought Mushrooms","damage_taken":0,"max_hp_gain":0,"max_hp_loss":0,"event_name":"Mushrooms","floor":10,"gold_loss":0},{"damage_healed":0,"gold_gain":0,"player_choice":"Got Potions","damage_taken":0,"max_hp_gain":0,"max_hp_loss":0,"event_name":"Lab","floor":13,"gold_loss":0},{"damage_healed":0,"gold_gain":0,"player_choice":"Ignored","damage_taken":0,"max_hp_gain":0,"max_hp_loss":0,"event_name":"Vampires","floor":25,"gold_loss":0}],"is_beta":false,"boss_relics":[{"not_picked":["Ectoplasm","Black Star"],"picked":"Abe\u0027s Treasure"}],"items_purged_floors":[7],"is_endless":false,"potions_floor_spawned":[1,10,14,16,18,20,22,27],"killed_by":"RedHoodMercenary","ascension_level":0}}