{"host":"wshey5htrz8rni6u","time":1614453680,"event":{"mods":["2.2 Compatiblity","BaseMod","Block Reminder","Colored Map","Colored Powertips","Current Relic Mod","Curses Come First","Dark Map","Key Reminder","Keyboard Shortcuts","Minty Spire (QoL Compilation)","Potion Indicator Mod","Quick Restart","Random Character Button","Relic Sorter","Relic Stats","StSLib","SuperFastMode","Unceasing Turn Reminder","UnlockEverythingMod","Weighted Paths"],"gold_per_floor":[112,112,126,126,126,144,144,177,177,203,203,235,235,250,261,261,335,335,347,360,360,360],"floor_reached":21,"language":"ENG","playtime":844,"items_purged":[],"score":350,"play_id":"e570ef2d-91fc-4747-9d13-492334a86711","local_time":"20210227112120","is_ascension_mode":true,"campfire_choices":[{"data":"Eruption","floor":7.0,"key":"SMITH"},{"data":"ConjureBlade","floor":9.0,"key":"SMITH"},{"data":"ForeignInfluence","floor":16.0,"key":"SMITH"}],"circlet_count":0,"master_deck":["AscendersBane","Strike_P","Defend_P","Defend_P","Defend_P","Defend_P","Eruption+1","Vigilance","FearNoEvil","WheelKick","FlurryOfBlows","FlurryOfBlows","ConjureBlade+1","ForeignInfluence+1","Perseverance","Alpha","Tantrum","Wallop"],"relics":["HolyWater","NeowsBlessing","Lantern","Smiling Mask","Darkstone Periapt","keyreminder:keyreminder"],"acts_visited":["Exordium","TheCity"],"potions_floor_usage":[21],"damage_taken":[{"damage":0.0,"enemies":"Small Slimes","floor":1.0,"turns":2.0},{"damage":0.0,"enemies":"Cultist","floor":3.0,"turns":1.0},{"damage":0.0,"enemies":"2 Louse","floor":6.0,"turns":1.0},{"damage":8.0,"enemies":"Gremlin Nob","floor":8.0,"turns":3.0},{"damage":24.0,"enemies":"Lagavulin","floor":12.0,"turns":6.0},{"damage":0.0,"enemies":"Looter","floor":14.0,"turns":1.0},{"damage":0.0,"enemies":"2 Fungi Beasts","floor":15.0,"turns":1.0},{"damage":41.0,"enemies":"The Guardian","floor":17.0,"turns":13.0},{"damage":24,"enemies":"2 Thieves","floor":19,"turns":3},{"damage":6,"enemies":"Spheric Guardian","floor":20,"turns":3},{"damage":25,"enemies":"Masked Bandits","floor":21,"turns":3}],"seed_played":"-491788087012226183","potions_obtained":[{"floor":1.0,"key":"Regen Potion"},{"floor":6.0,"key":"Weak Potion"},{"floor":8.0,"key":"PowerPotion"},{"floor":17.0,"key":"SpeedPotion"}],"is_trial":false,"path_per_floor":["M","?","M","?","$","M","R","E","R","T","?","E","?","M","M","R","B",null,"M","M","?"],"character_chosen":"WATCHER","items_purchased":[],"campfire_rested":0,"item_purchase_floors":[],"current_hp_per_floor":[61,61,61,61,61,61,61,53,53,53,46,37,59,59,59,59,18,56,32,26,1,1],"gold":360,"neow_bonus":"THREE_ENEMY_KILL","is_daily":false,"chose_seed":false,"campfire_upgraded":3,"win_rate":0.0,"timestamp":1614453680,"path_taken":["M","?","?","?","?","M","R","E","R","T","?","E","?","M","M","R","BOSS","M","M","?"],"items_purchased_type":[],"build_version":"2020-12-13","purchased_purges":0,"victory":false,"max_hp_per_floor":[68,68,68,68,68,68,68,68,68,68,68,68,68,68,68,68,68,68,68,68,68,68],"relic_stats":{"Darkstone Periapt":0,"counters":[11,37],"Smiling Mask":0,"obtain_stats":[{"Darkstone Periapt":12,"keyreminder:keyreminder":12,"Lantern":8,"NeowsBlessing":0,"HolyWater":18,"PureWater":0,"Smiling Mask":10},{"Darkstone Periapt":5,"keyreminder:keyreminder":5,"Lantern":4,"NeowsBlessing":0,"HolyWater":8,"PureWater":0,"Smiling Mask":4},{"Darkstone Periapt":13,"keyreminder:keyreminder":13,"Lantern":7,"NeowsBlessing":0,"HolyWater":28,"PureWater":0,"Smiling Mask":7}]},"card_choices":[{"not_picked":["PathToVictory","CutThroughFate"],"picked":"FearNoEvil","floor":1.0},{"not_picked":["ClearTheMind","FlyingSleeves"],"picked":"FlurryOfBlows","floor":3.0},{"not_picked":["WindmillStrike","SashWhip"],"picked":"FlurryOfBlows","floor":6.0},{"not_picked":["Swivel","JustLucky"],"picked":"ConjureBlade","floor":8.0},{"not_picked":["WindmillStrike","SignatureMove"],"picked":"ForeignInfluence","floor":12.0},{"not_picked":["WreathOfFlame","ReachHeaven","FollowUp"],"picked":"SKIP","floor":14.0},{"not_picked":["Pray","FlyingSleeves"],"picked":"Perseverance","floor":15.0},{"not_picked":["MasterReality","DeusExMachina"],"picked":"Alpha","floor":17.0},{"not_picked":["Crescendo","SandsOfTime"],"picked":"Tantrum","floor":19},{"not_picked":["WreathOfFlame","JustLucky"],"picked":"Wallop","floor":20}],"player_experience":243062,"relics_obtained":[{"floor":8.0,"key":"Lantern"},{"floor":10.0,"key":"Smiling Mask"},{"floor":12.0,"key":"Darkstone Periapt"}],"event_choices":[{"damage_healed":0.0,"max_hp_gain":0.0,"max_hp_loss":0.0,"gold_gain":0.0,"cards_transformed":["Strike_P"],"event_name":"Transmorgrifier","player_choice":"Transformed","floor":2.0,"gold_loss":0.0,"damage_taken":0.0,"cards_obtained":["WheelKick"]},{"cards_removed":["Strike_P"],"damage_healed":0.0,"max_hp_gain":0.0,"max_hp_loss":0.0,"gold_gain":0.0,"event_name":"Purifier","player_choice":"Purged","floor":4.0,"gold_loss":0.0,"damage_taken":0.0},{"cards_removed":["Strike_P"],"damage_healed":0.0,"max_hp_gain":0.0,"max_hp_loss":0.0,"gold_gain":0.0,"event_name":"Golden Wing","player_choice":"Card Removal","floor":11.0,"gold_loss":0.0,"damage_taken":7.0},{"damage_healed":22.0,"max_hp_gain":0.0,"max_hp_loss":0.0,"gold_gain":0.0,"event_name":"Big Fish","player_choice":"Banana","floor":13.0,"gold_loss":0.0,"damage_taken":0.0},{"damage_healed":0,"gold_gain":0,"player_choice":"Fought Bandits","damage_taken":0,"max_hp_gain":0,"max_hp_loss":0,"event_name":"Masked Bandits","floor":21,"gold_loss":0}],"is_beta":false,"boss_relics":[{"not_picked":["Calling Bell","SlaversCollar"],"picked":"HolyWater"}],"items_purged_floors":[],"is_endless":false,"potions_floor_spawned":[1,6,8,17],"killed_by":"Masked Bandits","ascension_level":17}}