{"host":"jgl9m63d23sfproq","time":1614422016,"event":{"mods":["AchievementEnabler","Act Like it!","Aspiration","Bard","BaseMod","Bossed Relics","Colored Map","Colored Powertips","Conspire","Dark Map","DeckTracker","Downfall","Friendly Minions","Gensokyo","Jedi Mod","Marisa¡]Ãú«B¡@Å]²z¨F¡^","Minty Spire (QoL Compilation)","Quick Restart","READ ME - Guardian Mod","Relic Stats","Reliquary","Replay The Spire","Shop Mod","Smile Girya","StSLib","The Blackbeard","The Construct","The Jungle","The Mystic","The Runesmith","The Servant 0.9.4","Wide Potions","Yuyuko","[IsaacMod]¥H¼»¦y¶ð"],"gold_per_floor":[115,165,182,199,215,215,269,269,292,320,320,335,22,37,37,141,141,155,165,80,90,90,90,101,101,113,113,113,125,156,156,171,271,271,367,367,387,487,487,504,550,550,577,577,603,617,634,654,654,673,673,673],"floor_reached":53,"language":"ZHS","playtime":2013,"items_purged":["Strike_G"],"score":838,"play_id":"57ae1b99-f58b-41b5-b935-14ee2ba2ab81","local_time":"20210227183336","is_ascension_mode":false,"campfire_choices":[{"data":"DoctorFetus","floor":6,"key":"SMITH"},{"floor":11,"key":"REST"},{"floor":15,"key":"RECALL"},{"floor":25,"key":"REST"},{"floor":27,"key":"REST"},{"floor":34,"key":"REST"},{"floor":42,"key":"REST"},{"floor":44,"key":"REST"},{"floor":51,"key":"REST"}],"circlet_count":0,"master_deck":["Strike_G","Strike_G","Defend_G","Defend_G","Defend_G","Defend_G","Defend_G","Survivor","Neutralize","DoctorFetus+1","jedi:pocketpoison","Catalyst+1","ReplayTheSpireMod:Speed Training+1","Endless Agony","Die Die Die","Footwork","Burst","jedi:pocketpoison+1","Deflect","Deflect","Catalyst","Adrenaline","Deadly Poison+1","Noxious Fumes+1","jedi:pocketpoison+1","jedi:pocketpoison+1","Footwork","Catalyst"],"relics":["Ring of the Snake","HushsDoor","KeepersGift","NeowsBlessing","TheBible","Blood Vial","Regal Pillow","Toy Ornithopter","Replay:Baseball","conspire:Dentures","Empty Cage","reliquary:JackalopeAntler","reliquary:Buckler","reliquary:RoseTintedGlasses","aspiration:SneckoTail","Onion Ring","aspiration:RunesmithSkillbook","CatCart","Anchor","Smiling Mask"],"acts_visited":["Exordium","TheCity","TheBeyond"],"potions_floor_usage":[5,14,24,30,30,32,33,35,40,40,47,48,52,52],"damage_taken":[{"damage":0,"enemies":"Small Slimes","floor":1,"turns":1},{"damage":0,"enemies":"Hiden Room Battle","floor":2,"turns":1},{"damage":0,"enemies":"Cultist","floor":3,"turns":1},{"damage":2,"enemies":"Jaw Worm","floor":4,"turns":3},{"damage":13,"enemies":"Lots of Slimes","floor":5,"turns":3},{"damage":28,"enemies":"Gremlin Nob","floor":10,"turns":4},{"damage":16,"enemies":"Exordium Thugs","floor":12,"turns":4},{"damage":0,"enemies":"3 Louse","floor":14,"turns":2},{"damage":0,"enemies":"Fading Forest","floor":16,"turns":11},{"damage":13,"enemies":"Spheric Guardian","floor":18,"turns":4},{"damage":5,"enemies":"Shell Parasite","floor":19,"turns":6},{"damage":34,"enemies":"Shelled Parasite and Fungi","floor":21,"turns":5},{"damage":16,"enemies":"Centurion and Healer","floor":24,"turns":6},{"damage":18,"enemies":"Snake Plant","floor":26,"turns":4},{"damage":14,"enemies":"3 Cultists","floor":29,"turns":6},{"damage":22,"enemies":"Book of Stabbing","floor":30,"turns":5},{"damage":19,"enemies":"Centurion and Healer","floor":32,"turns":3},{"damage":3,"enemies":"Colosseum Slavers","floor":33,"turns":4},{"damage":31,"enemies":"Colosseum Nobs","floor":33,"turns":5},{"damage":41,"enemies":"Champ","floor":35,"turns":12},{"damage":1,"enemies":"Orb Walker","floor":37,"turns":4},{"damage":17,"enemies":"3 Shapes","floor":40,"turns":3},{"damage":21,"enemies":"Orin","floor":41,"turns":8},{"damage":54,"enemies":"Giant Head","floor":43,"turns":9},{"damage":6,"enemies":"Transient","floor":46,"turns":5},{"damage":6,"enemies":"3 Darklings","floor":47,"turns":6},{"damage":39,"enemies":"Jaw Worm Horde","floor":48,"turns":5},{"damage":0,"enemies":"Writhing Mass","floor":50,"turns":4},{"damage":103,"enemies":"conspire:OrnateMirror","floor":52,"turns":3}],"seed_played":"3183394893982269203","potions_obtained":[{"floor":4,"key":"Block Potion"},{"floor":10,"key":"Explosive Potion"},{"floor":12,"key":"PowerPotion"},{"floor":18,"key":"Languid Potion"},{"floor":29,"key":"ColorlessPotion"},{"floor":30,"key":"PowerPotion"},{"floor":32,"key":"Fire Potion"},{"floor":33,"key":"Regen Potion"},{"floor":35,"key":"GamblersBrew"},{"floor":37,"key":"Dexterity Potion"},{"floor":41,"key":"Fire Potion"},{"floor":47,"key":"Venom Potion"},{"floor":48,"key":"Fire Potion"},{"floor":50,"key":"Fire Potion"}],"is_trial":false,"path_per_floor":["M","?","M","M","M","R","T","?","T","E","R","M","$","M","R","B",null,"M","M","?","M","PTL","PTL","M","R","M","R","T","M","E","?","M","?","R","B",null,"M","?","?","M","?","R","E","R","T","M","M","M","?","M","R","B",null],"character_chosen":"THE_SILENT","items_purchased":["conspire:Dentures","Footwork","Burst"],"campfire_rested":7,"item_purchase_floors":[13,17,17],"current_hp_per_floor":[70,70,70,68,57,57,57,57,57,31,67,53,53,60,60,62,63,50,47,47,15,15,15,6,39,23,56,56,44,39,39,27,7,40,21,63,62,62,62,56,37,63,9,42,42,38,39,7,7,9,42,25],"gold":673,"neow_bonus":"THREE_ENEMY_KILL","is_daily":false,"chose_seed":false,"campfire_upgraded":1,"win_rate":0.0,"timestamp":1614422016,"path_taken":["M","?","M","?","M","R","?","?","T","E","R","M","?","M","R","BOSS","M","?","?","M","PTL","PTL","M","R","M","R","T","?","E","?","M","?","R","BOSS","M","?","?","M","?","R","E","R","T","?","M","M","?","M","R","BOSS"],"items_purchased_type":["Relic","Card","Card"],"build_version":"2020-12-22","purchased_purges":1,"victory":true,"max_hp_per_floor":[70,70,70,70,70,70,70,70,70,70,70,70,70,70,70,70,63,63,63,63,63,63,63,63,63,63,63,63,63,63,63,63,63,63,63,63,63,63,63,63,63,63,63,63,63,63,63,63,60,60,60,60],"relic_stats":{"Blood Vial":43,"Regal Pillow":98,"counters":[29,137],"Smiling Mask":0,"obtain_stats":[{"KeepersGift":0,"conspire:Dentures":13,"Regal Pillow":7,"NeowsBlessing":0,"aspiration:SneckoTail":33,"Empty Cage":17,"Smiling Mask":45,"Blood Vial":2,"reliquary:JackalopeAntler":20,"Replay:Baseball":10,"Anchor":43,"TheBible":2,"aspiration:RunesmithSkillbook":36,"reliquary:Buckler":30,"Onion Ring":33,"reliquary:RoseTintedGlasses":31,"CatCart":41,"HushsDoor":0,"Toy Ornithopter":9,"Ring of the Snake":0},{"KeepersGift":0,"conspire:Dentures":7,"Regal Pillow":5,"NeowsBlessing":0,"aspiration:SneckoTail":19,"Empty Cage":9,"Smiling Mask":24,"Blood Vial":2,"reliquary:JackalopeAntler":11,"Replay:Baseball":6,"Anchor":24,"TheBible":2,"aspiration:RunesmithSkillbook":20,"reliquary:Buckler":16,"Onion Ring":19,"reliquary:RoseTintedGlasses":16,"CatCart":23,"HushsDoor":0,"Toy Ornithopter":5,"Ring of the Snake":0},{"KeepersGift":0,"conspire:Dentures":17,"Regal Pillow":9,"NeowsBlessing":0,"aspiration:SneckoTail":78,"Empty Cage":30,"Smiling Mask":114,"Blood Vial":2,"reliquary:JackalopeAntler":40,"Replay:Baseball":13,"Anchor":114,"TheBible":2,"aspiration:RunesmithSkillbook":90,"reliquary:Buckler":66,"Onion Ring":78,"reliquary:RoseTintedGlasses":66,"CatCart":105,"HushsDoor":0,"Toy Ornithopter":9,"Ring of the Snake":0}],"Toy Ornithopter":0,"Ring of the Snake":[60]},"card_choices":[{"not_picked":[],"picked":"DoctorFetus","floor":0},{"not_picked":["Dodge and Roll","Concentrate"],"picked":"jedi:pocketpoison","floor":1},{"not_picked":["Backflip","Storm of Steel"],"picked":"Catalyst","floor":3},{"not_picked":["Flechettes","Hidden Blade","PiercingWail"],"picked":"SKIP","floor":4},{"not_picked":["Blade Dance","Well Laid Plans","Dagger Spray"],"picked":"SKIP","floor":5},{"not_picked":["Unload","conspire:PoisonWeapons"],"picked":"ReplayTheSpireMod:Speed Training","floor":10},{"not_picked":["Quick Slash","Draining Mist"],"picked":"Endless Agony","floor":12},{"not_picked":["Underhanded Strike","Leg Sweep","Well Laid Plans"],"picked":"SKIP","floor":14},{"not_picked":["Bullet Time","Storm of Steel"],"picked":"Die Die Die","floor":16},{"not_picked":["Bouncing Flask","Distraction","Acrobatics+1"],"picked":"SKIP","floor":18},{"not_picked":["Sucker Punch","Infinite Blades","Hidden Blade+1"],"picked":"SKIP","floor":19},{"not_picked":["Dagger Throw+1","jedi:unstablefumes"],"picked":"jedi:pocketpoison+1","floor":21},{"not_picked":["Hidden Blade","Underhanded Strike"],"picked":"Deflect","floor":24},{"not_picked":["Slice","Well Laid Plans","Choke"],"picked":"SKIP","floor":26},{"not_picked":["Dagger Throw","Flying Knee","jedi:unstablefumes"],"picked":"SKIP","floor":29},{"not_picked":["Dash","Sucker Punch"],"picked":"Deflect","floor":30},{"not_picked":["Dash","Prepared"],"picked":"Catalyst","floor":32},{"not_picked":["Unload","Corpse Explosion"],"picked":"Adrenaline","floor":35},{"not_picked":["Backflip+1","Runesmith:GoWithTheFlow","Runesmith:UnstableHammer+1"],"picked":"Deadly Poison+1","floor":37},{"not_picked":["Replay:Poison Smokescreen","Flying Knee+1","Accuracy+1"],"picked":"Noxious Fumes+1","floor":40},{"not_picked":["Runesmith:Malloc","Runesmith:ShiftingStrike+1","aspiration:UnbridledHammer","Runesmith:MakeshiftArmor+1"],"picked":"SKIP","floor":43},{"not_picked":["Bane+1","Underhanded Strike+1","Dagger Spray+1"],"picked":"jedi:pocketpoison+1","floor":46},{"not_picked":["PiercingWail","Runesmith:EnergizedChisel+1","Runesmith:HammerAndChisel"],"picked":"jedi:pocketpoison+1","floor":47},{"not_picked":["PiercingWail+1","jedi:collectorvenom+1","Runesmith:Electrocute"],"picked":"Footwork","floor":48},{"not_picked":["Runesmith:Augment+1","Runesmith:CraftIndustria","Prepared+1"],"picked":"Catalyst","floor":50}],"player_experience":13466,"relics_obtained":[{"floor":2,"key":"TheBible"},{"floor":2,"key":"Blood Vial"},{"floor":7,"key":"Regal Pillow"},{"floor":9,"key":"Toy Ornithopter"},{"floor":10,"key":"Replay:Baseball"},{"floor":30,"key":"reliquary:Buckler"},{"floor":31,"key":"reliquary:RoseTintedGlasses"},{"floor":33,"key":"aspiration:SneckoTail"},{"floor":33,"key":"Onion Ring"},{"floor":41,"key":"CatCart"},{"floor":43,"key":"Anchor"},{"floor":45,"key":"Smiling Mask"}],"event_choices":[{"damage_healed":0,"gold_gain":0,"player_choice":"Fight","damage_taken":0,"max_hp_gain":0,"max_hp_loss":0,"event_name":"HidenRoomEvent","floor":2,"gold_loss":0},{"damage_healed":0,"gold_gain":0,"player_choice":"Ignored","damage_taken":0,"max_hp_gain":0,"max_hp_loss":0,"event_name":"Liars Game","floor":8,"gold_loss":0},{"damage_healed":0,"gold_gain":0,"player_choice":"Obtained Relic","damage_taken":0,"relics_obtained":["reliquary:JackalopeAntler"],"max_hp_gain":0,"max_hp_loss":0,"event_name":"Addict","floor":20,"gold_loss":85},{"damage_healed":0,"gold_gain":0,"player_choice":"Fight","damage_taken":0,"max_hp_gain":0,"max_hp_loss":0,"event_name":"Colosseum","floor":33,"gold_loss":0},{"damage_healed":0,"gold_gain":0,"player_choice":"Fought Nobs","damage_taken":0,"max_hp_gain":0,"max_hp_loss":0,"event_name":"Colosseum","floor":33,"gold_loss":0},{"damage_healed":0,"gold_gain":0,"player_choice":"Leave","damage_taken":0,"max_hp_gain":0,"max_hp_loss":0,"event_name":"conspire:Investor","floor":39,"gold_loss":0},{"damage_healed":0,"gold_gain":0,"player_choice":"Fight","damage_taken":0,"max_hp_gain":0,"max_hp_loss":0,"event_name":"OrinTheCat","floor":41,"gold_loss":0},{"damage_healed":0,"gold_gain":0,"player_choice":"Max HP","damage_taken":0,"max_hp_gain":0,"max_hp_loss":3,"event_name":"Winding Halls","floor":49,"gold_loss":0}],"is_beta":false,"boss_relics":[{"not_picked":["jedi:battlestandard","Ectoplasm"],"picked":"Empty Cage"},{"not_picked":[]},{"not_picked":["ChewingGum","conspire:RunicOctahedron"],"picked":"aspiration:RunesmithSkillbook"},{"not_picked":[]}],"items_purged_floors":[13],"is_endless":false,"potions_floor_spawned":[4,10,12,18,29,30,32,33,33,35,37,41,47,48,50],"ascension_level":0}}