{"host":"dftd5cr6l8m56acq","time":1614399493,"event":{"mods":["AchievementEnabler","BaseMod","Bestiary","Colored Map","Highlight Path","Minty Spire (QoL Compilation)","Relic Stats","StSLib","everything is the same but u backflip on backflip"],"gold_per_floor":[15,15,38,38,54,89,102,118,118,132,132,172,172,516,516,639,639,654,674,67,67,86,119,119,134,134,233,233,258,11,54,54,184,184,232,232,27,52,98,98,162,162,162],"floor_reached":42,"language":"ENG","playtime":1667,"items_purged":["Strike_P"],"score":813,"play_id":"bee60b59-0267-4b92-8f4b-2779fdb90cf5","local_time":"20210226231813","is_ascension_mode":true,"campfire_choices":[{"floor":11,"key":"REST"},{"data":"Sanctity","floor":15,"key":"SMITH"},{"floor":24,"key":"REST"},{"floor":32,"key":"REST"},{"data":"LikeWater","floor":40,"key":"SMITH"}],"circlet_count":0,"master_deck":["Strike_P","Strike_P","Defend_P","Defend_P+1","Defend_P","Defend_P","Eruption","Vigilance+1","DeusExMachina+1","CrushJoints","ReachHeaven","FollowUp","DeusExMachina","Wallop","Sanctity+1","Indignation+1","Alpha+1","Alpha+1","CurseOfTheBell","TalkToTheHand+1","Finesse+1","Evaluate+1","SpiritShield+1","ThirdEye+1","ThirdEye+1","LikeWater+1","Master of Strategy+1","Protect+1","Wish+1","Protect+1","Master of Strategy+1","Sanctity+1"],"relics":["PureWater","Golden Idol","Oddly Smooth Stone","Calipers","Toxic Egg 2","Old Coin","Calling Bell","Potion Belt","Molten Egg 2","Unceasing Top","Incense Burner","Ginger","Kunai","Pen Nib","SacredBark","War Paint","Boot"],"acts_visited":["Exordium","TheCity","TheBeyond"],"potions_floor_usage":[14,16,18,19,21,23,23,23,25,31,31,31,31,41,41],"damage_taken":[{"damage":7,"enemies":"Jaw Worm","floor":1,"turns":4},{"damage":2,"enemies":"Small Slimes","floor":3,"turns":4},{"damage":0,"enemies":"Cultist","floor":5,"turns":2},{"damage":12,"enemies":"Lagavulin","floor":6,"turns":5},{"damage":10,"enemies":"3 Louse","floor":7,"turns":4},{"damage":8,"enemies":"Red Slaver","floor":8,"turns":3},{"damage":0,"enemies":"2 Fungi Beasts","floor":10,"turns":3},{"damage":1,"enemies":"Gremlin Nob","floor":12,"turns":3},{"damage":7,"enemies":"3 Sentries","floor":14,"turns":3},{"damage":0,"enemies":"Slime Boss","floor":16,"turns":4},{"damage":32,"enemies":"3 Byrds","floor":18,"turns":5},{"damage":10,"enemies":"Spheric Guardian","floor":19,"turns":5},{"damage":9,"enemies":"Centurion and Healer","floor":22,"turns":4},{"damage":5,"enemies":"Gremlin Leader","floor":23,"turns":4},{"damage":8,"enemies":"Snake Plant","floor":25,"turns":5},{"damage":3,"enemies":"Snecko","floor":29,"turns":5},{"damage":14,"enemies":"Book of Stabbing","floor":31,"turns":7},{"damage":7,"enemies":"Collector","floor":33,"turns":8},{"damage":5,"enemies":"3 Shapes","floor":35,"turns":4},{"damage":9,"enemies":"Orb Walker","floor":38,"turns":4},{"damage":0,"enemies":"4 Shapes","floor":39,"turns":8},{"damage":10,"enemies":"Reptomancer","floor":41,"turns":8},{"damage":48,"enemies":"Jaw Worm Horde","floor":42,"turns":1}],"seed_played":"-2762894927588493498","potions_obtained":[{"floor":3,"key":"Block Potion"},{"floor":6,"key":"Swift Potion"},{"floor":8,"key":"Energy Potion"},{"floor":12,"key":"LiquidMemories"},{"floor":14,"key":"CultistPotion"},{"floor":21,"key":"Fruit Juice"},{"floor":21,"key":"Dexterity Potion"},{"floor":21,"key":"Explosive Potion"},{"floor":23,"key":"ColorlessPotion"},{"floor":25,"key":"CultistPotion"},{"floor":29,"key":"SpeedPotion"},{"floor":33,"key":"Ancient Potion"},{"floor":35,"key":"Regen Potion"},{"floor":39,"key":"Weak Potion"}],"is_trial":false,"path_per_floor":["M","?","M","?","M","E","M","M","T","M","R","E","?","E","R","B",null,"M","M","$","?","M","E","R","M","T","?","?","M","$","E","R","B",null,"M","?","$","M","M","R","E","M"],"character_chosen":"WATCHER","items_purchased":["Finesse+1","Incense Burner","PowerPotion","Dexterity Potion","FearPotion","LikeWater","Master of Strategy+1","War Paint","SkillPotion"],"campfire_rested":3,"item_purchase_floors":[20,20,20,20,20,30,30,37,37],"current_hp_per_floor":[58,58,56,56,56,44,34,26,26,26,46,45,32,25,25,25,57,25,15,15,20,11,6,27,19,19,19,19,16,16,2,23,16,58,53,53,53,44,44,44,34,0,0],"gold":162,"neow_bonus":"THREE_RARE_CARDS","is_daily":false,"chose_seed":false,"campfire_upgraded":2,"win_rate":0.0,"timestamp":1614399493,"path_taken":["M","?","M","?","M","E","M","?","T","M","R","E","?","E","R","BOSS","M","M","$","?","?","E","R","M","T","?","?","M","?","E","R","BOSS","M","?","$","M","M","R","E","M"],"items_purchased_type":["Card","Relic","Potion","Potion","Potion","Card","Card","Relic","Potion"],"build_version":"2020-12-22","purchased_purges":1,"victory":false,"max_hp_per_floor":[72,67,67,67,67,67,67,67,67,67,67,67,67,67,67,67,67,67,67,67,72,72,72,72,72,72,72,72,72,72,72,72,72,72,72,72,72,72,72,72,72,72,72],"relic_stats":{"counters":[23,103],"Golden Idol":146,"Pen Nib":[1],"Ginger":[7],"Kunai":[0],"War Paint":["Defend_P","Indignation"],"Boot":[0],"obtain_stats":[{"Potion Belt":17,"Calipers":9,"Golden Idol":2,"SacredBark":34,"Oddly Smooth Stone":6,"Pen Nib":31,"Incense Burner":20,"Ginger":23,"War Paint":37,"Boot":41,"Old Coin":14,"Calling Bell":17,"Molten Egg 2":17,"Kunai":26,"PureWater":0,"Toxic Egg 2":12,"Unceasing Top":17},{"Potion Belt":10,"Calipers":6,"Golden Idol":1,"SacredBark":18,"Oddly Smooth Stone":4,"Pen Nib":17,"Incense Burner":12,"Ginger":14,"War Paint":19,"Boot":22,"Old Coin":9,"Calling Bell":10,"Molten Egg 2":10,"Kunai":15,"PureWater":0,"Toxic Egg 2":8,"Unceasing Top":10},{"Potion Belt":35,"Calipers":22,"Golden Idol":4,"SacredBark":78,"Oddly Smooth Stone":15,"Pen Nib":70,"Incense Burner":45,"Ginger":53,"War Paint":82,"Boot":102,"Old Coin":31,"Calling Bell":35,"Molten Egg 2":35,"Kunai":58,"PureWater":0,"Toxic Egg 2":28,"Unceasing Top":35}],"Unceasing Top":[0]},"card_choices":[{"not_picked":["Blasphemy","Devotion"],"picked":"DeusExMachina","floor":0},{"not_picked":["ThirdEye","Crescendo"],"picked":"CrushJoints","floor":1},{"not_picked":["FlyingSleeves","ClearTheMind"],"picked":"ReachHeaven","floor":3},{"not_picked":["WreathOfFlame","Pray"],"picked":"FollowUp","floor":5},{"not_picked":["CutThroughFate","EmptyFist"],"picked":"DeusExMachina","floor":6},{"not_picked":["EmptyMind","Prostrate"],"picked":"Wallop","floor":7},{"not_picked":["CutThroughFate","Halt"],"picked":"Sanctity","floor":8},{"not_picked":["EmptyBody","FlurryOfBlows"],"picked":"Indignation","floor":10},{"not_picked":["SashWhip","CrushJoints"],"picked":"Alpha+1","floor":12},{"not_picked":["CutThroughFate","FearNoEvil","ReachHeaven"],"picked":"SKIP","floor":14},{"not_picked":["Judgement+1","Blasphemy+1"],"picked":"Alpha+1","floor":16},{"not_picked":["Adaptation","WreathOfFlame+1"],"picked":"TalkToTheHand+1","floor":18},{"not_picked":["Conclude+1","CarveReality+1","FlurryOfBlows+1"],"picked":"SKIP","floor":19},{"not_picked":["CarveReality+1","FlyingSleeves+1"],"picked":"Evaluate+1","floor":22},{"not_picked":["WindmillStrike+1","FlurryOfBlows+1"],"picked":"SpiritShield+1","floor":23},{"not_picked":["SashWhip+1","FollowUp+1"],"picked":"ThirdEye+1","floor":25},{"not_picked":["Crescendo+1","ConjureBlade+1"],"picked":"ThirdEye+1","floor":29},{"not_picked":["SashWhip+1","Tantrum+1"],"picked":"Protect+1","floor":31},{"not_picked":["Ragnarok+1","MasterReality"],"picked":"Wish+1","floor":33},{"not_picked":["SashWhip+1","FlurryOfBlows+1"],"picked":"Protect+1","floor":35},{"not_picked":["HandOfGreed+1","Dramatic Entrance+1"],"picked":"Master of Strategy+1","floor":36},{"not_picked":["Consecrate+1","BowlingBash+1","SandsOfTime+1"],"picked":"SKIP","floor":38},{"not_picked":["Vengeance+1","JustLucky+1"],"picked":"Sanctity+1","floor":39},{"not_picked":["ReachHeaven+1","Establishment","Crescendo+1"],"picked":"SKIP","floor":41}],"player_experience":508651,"relics_obtained":[{"floor":6,"key":"Oddly Smooth Stone"},{"floor":9,"key":"Calipers"},{"floor":12,"key":"Toxic Egg 2"},{"floor":14,"key":"Old Coin"},{"floor":17,"key":"Potion Belt"},{"floor":17,"key":"Molten Egg 2"},{"floor":17,"key":"Unceasing Top"},{"floor":23,"key":"Ginger"},{"floor":26,"key":"Kunai"},{"floor":31,"key":"Pen Nib"},{"floor":41,"key":"Boot"}],"event_choices":[{"damage_healed":0,"gold_gain":0,"player_choice":"Lose Max HP","damage_taken":0,"relics_obtained":["Golden Idol"],"max_hp_gain":0,"max_hp_loss":5,"event_name":"Golden Idol","floor":2,"gold_loss":0},{"cards_removed":["Strike_P"],"damage_healed":0,"gold_gain":0,"player_choice":"Purged","damage_taken":0,"max_hp_gain":0,"max_hp_loss":0,"event_name":"Purifier","floor":4,"gold_loss":0},{"damage_healed":0,"gold_gain":0,"player_choice":"Entered Light","damage_taken":13,"max_hp_gain":0,"max_hp_loss":0,"event_name":"Shining Light","floor":13,"gold_loss":0,"cards_upgraded":["DeusExMachina","Vigilance"]},{"damage_healed":0,"gold_gain":0,"player_choice":"Got Potions","damage_taken":0,"max_hp_gain":0,"max_hp_loss":0,"event_name":"Lab","floor":21,"gold_loss":0},{"damage_healed":0,"gold_gain":99,"player_choice":"Stole From Cult","damage_taken":0,"max_hp_gain":0,"max_hp_loss":0,"event_name":"Nest","floor":27,"gold_loss":0},{"damage_healed":0,"gold_gain":0,"player_choice":"Ignored","damage_taken":0,"max_hp_gain":0,"max_hp_loss":0,"event_name":"Vampires","floor":28,"gold_loss":0},{"damage_healed":0,"gold_gain":0,"player_choice":"Memory 1","damage_taken":0,"max_hp_gain":0,"max_hp_loss":0,"event_name":"SensoryStone","floor":36,"gold_loss":0}],"is_beta":false,"boss_relics":[{"not_picked":["Coffee Dripper","SlaversCollar"],"picked":"Calling Bell"},{"not_picked":["Empty Cage","Pandora\u0027s Box"],"picked":"SacredBark"}],"items_purged_floors":[20],"is_endless":false,"potions_floor_spawned":[3,6,8,12,14,23,25,29,33,35,39],"killed_by":"Jaw Worm Horde","ascension_level":8}}