{"host":"nwd160me4iqdtr8u","time":1614395976,"event":{"mods":["AchievementEnabler","Act Like it!","BaseMod","Colored Map","DeckTracker","Keyboard Shortcuts","Minty Spire (QoL Compilation)","Quick Restart","Rare Cards Sparkle","Smile Girya","StSLib","SuperFastMode","everything is the same but u backflip on backflip"],"gold_per_floor":[112,131,206,226,176,176,209,209,209,225,249,279,279,294,294,396,396,407,407,420,437,437,437,86,96,96,110,128,162,162,175,175,274,324,342,11,21,21,121,121,156,173,173,183,183,183,183,195,195,195],"floor_reached":51,"language":"KOR","playtime":2752,"items_purged":["Pain","Defend_B"],"score":684,"play_id":"a114ce71-708c-4eea-8ac6-fb1c89470569","local_time":"20210227121936","is_ascension_mode":false,"campfire_choices":[{"data":"Consume","floor":6.0,"key":"SMITH"},{"data":"Defragment","floor":8.0,"key":"SMITH"},{"floor":13.0,"key":"REST"},{"data":"White Noise","floor":15.0,"key":"SMITH"},{"data":"Strike_B","floor":23,"key":"PURGE"},{"floor":30,"key":"DIG"},{"data":"Chaos","floor":32,"key":"SMITH"},{"data":"Strike_B","floor":40,"key":"PURGE"},{"data":"Seek","floor":45,"key":"SMITH"},{"data":"Skim","floor":47,"key":"SMITH"},{"floor":49,"key":"DIG"}],"circlet_count":0,"master_deck":["Defend_B","Defend_B","Defend_B","Zap","Dualcast","Consume+1","Undo","White Noise+1","Defragment+1","Genetic Algorithm","Conserve Battery","Reboot","Self Repair","Biased Cognition","Ball Lightning","Auto Shields","Tempest","Chaos+1","Skim+1","Coolheaded+1","Turbo+1","Meteor Strike+1","Reinforced Body+1","Chill","Recycle+1","Go for the Eyes+1","Seek+1","Coolheaded+1"],"relics":["Cracked Core","Peace Pipe","Shovel","Odd Mushroom","StoneCalendar","Coffee Dripper","WarpedTongs","White Beast Statue","Nunchaku","Happy Flower","Dream Catcher","Tiny House","Runic Capacitor","Cables","Symbiotic Virus","Pear"],"acts_visited":["Exordium","TheCity","TheBeyond"],"potions_floor_usage":[27,28,28,31,33,33,37,37,42,50,50,50],"damage_taken":[{"damage":0.0,"enemies":"Small Slimes","floor":1.0,"turns":2.0},{"damage":0.0,"enemies":"2 Louse","floor":2.0,"turns":2.0},{"damage":8.0,"enemies":"Jaw Worm","floor":4.0,"turns":4.0},{"damage":20.0,"enemies":"Lagavulin","floor":7.0,"turns":9.0},{"damage":2.0,"enemies":"Large Slime","floor":10.0,"turns":5.0},{"damage":29.0,"enemies":"The Mushroom Lair","floor":11.0,"turns":8.0},{"damage":4.0,"enemies":"3 Sentries","floor":12.0,"turns":9.0},{"damage":7.0,"enemies":"3 Louse","floor":14.0,"turns":5.0},{"damage":14.0,"enemies":"Hexaghost","floor":16.0,"turns":9.0},{"damage":3.0,"enemies":"3 Byrds","floor":18.0,"turns":3.0},{"damage":19.0,"enemies":"2 Thieves","floor":20.0,"turns":4.0},{"damage":7.0,"enemies":"3 Cultists","floor":21.0,"turns":5.0},{"damage":2,"enemies":"Centurion and Healer","floor":25,"turns":6},{"damage":3,"enemies":"Snake Plant","floor":27,"turns":4},{"damage":0,"enemies":"Chosen and Byrds","floor":28,"turns":4},{"damage":2,"enemies":"Book of Stabbing","floor":29,"turns":6},{"damage":0,"enemies":"Centurion and Healer","floor":31,"turns":7},{"damage":18,"enemies":"Collector","floor":33,"turns":8},{"damage":10,"enemies":"Orb Walker","floor":35,"turns":3},{"damage":12,"enemies":"3 Darklings","floor":37,"turns":4},{"damage":18,"enemies":"Reptomancer","floor":41,"turns":7},{"damage":1,"enemies":"Maw","floor":42,"turns":6},{"damage":0,"enemies":"Writhing Mass","floor":44,"turns":3},{"damage":5,"enemies":"Spire Growth","floor":48,"turns":3},{"damage":1,"enemies":"Awakened One","floor":50,"turns":9}],"seed_played":"-8748210891586452277","potions_obtained":[{"floor":1.0,"key":"Weak Potion"},{"floor":11.0,"key":"PowerPotion"},{"floor":14.0,"key":"Block Potion"},{"floor":16.0,"key":"LiquidBronze"},{"floor":18.0,"key":"GamblersBrew"},{"floor":21.0,"key":"Swift Potion"},{"floor":25,"key":"Dexterity Potion"},{"floor":27,"key":"LiquidBronze"},{"floor":28,"key":"FocusPotion"},{"floor":29,"key":"SkillPotion"},{"floor":31,"key":"DuplicationPotion"},{"floor":33,"key":"CultistPotion"},{"floor":34,"key":"Strength Potion"},{"floor":35,"key":"LiquidBronze"},{"floor":37,"key":"SmokeBomb"},{"floor":41,"key":"LiquidBronze"},{"floor":42,"key":"LiquidMemories"},{"floor":48,"key":"Strength Potion"}],"is_trial":false,"path_per_floor":["M","M","?","M","?","R","E","R","T","M","?","E","R","M","R","B",null,"M","?","M","M","?","R","$","M","T","M","M","E","R","M","R","B",null,"M","$","M","?","?","R","E","M","T","M","R","?","R","M","R","B",null],"character_chosen":"DEFECT","items_purchased":["Tempest","White Beast Statue","Runic Capacitor","Chill"],"campfire_rested":1,"item_purchase_floors":[24,24,36,36],"current_hp_per_floor":[75,75,64,56,56,56,36,36,36,34,5,1,23,16,16,9,75,75,75,63,63,63,63,63,68,68,65,65,73,73,75,75,64,80,77,77,65,65,65,65,57,63,63,70,70,70,70,65,75,81],"gold":195,"neow_bonus":"THREE_CARDS","is_daily":false,"chose_seed":false,"campfire_upgraded":6,"win_rate":0.0,"timestamp":1614395976,"path_taken":["M","M","?","M","?","R","E","R","T","M","?","E","R","M","R","BOSS","M","?","M","M","?","R","$","?","T","M","M","E","R","M","R","BOSS","M","$","?","?","?","R","E","M","T","?","R","?","R","M","R","BOSS"],"items_purchased_type":["Card","Relic","Relic","Card"],"build_version":"2020-12-22","purchased_purges":2,"victory":true,"max_hp_per_floor":[75,75,75,75,75,75,75,75,75,75,75,75,75,75,75,75,75,75,75,75,75,75,75,75,75,75,75,75,75,75,75,75,75,80,80,80,80,76,76,76,76,76,76,76,76,76,76,76,86,86],"card_choices":[{"not_picked":["Barrage","Chill"],"picked":"Consume","floor":0.0},{"not_picked":["Heatsinks","Hologram"],"picked":"Undo","floor":1.0},{"not_picked":["Beam Cell","Stack","Leap"],"picked":"SKIP","floor":2.0},{"not_picked":["Rip and Tear","Leap"],"picked":"White Noise","floor":4.0},{"not_picked":["Darkness","Consume"],"picked":"Defragment","floor":7.0},{"not_picked":["Reprogram","Defragment"],"picked":"Genetic Algorithm","floor":10.0},{"not_picked":["Chaos","Reprogram"],"picked":"Conserve Battery","floor":11.0},{"not_picked":["FTL","Reinforced Body"],"picked":"Reboot","floor":12.0},{"not_picked":["Heatsinks","Leap"],"picked":"Self Repair","floor":14.0},{"not_picked":["Amplify","Core Surge"],"picked":"Biased Cognition","floor":16.0},{"not_picked":["Stack","Conserve Battery"],"picked":"Ball Lightning","floor":18.0},{"not_picked":["Streamline","Defragment"],"picked":"Auto Shields","floor":20.0},{"not_picked":["Gash+1","Conserve Battery","Static Discharge"],"picked":"SKIP","floor":21.0},{"not_picked":["Force Field","Lockon"],"picked":"Chaos","floor":25},{"not_picked":["Leap","Stack"],"picked":"Skim","floor":27},{"not_picked":["Creative AI","Go for the Eyes+1"],"picked":"Coolheaded+1","floor":28},{"not_picked":["Barrage","Redo","Rebound+1"],"picked":"SKIP","floor":29},{"not_picked":["Hologram","Streamline"],"picked":"Turbo+1","floor":31},{"not_picked":["Creative AI","All For One"],"picked":"Meteor Strike","floor":33},{"not_picked":["Redo","Gash+1"],"picked":"Reinforced Body+1","floor":34},{"not_picked":["Conserve Battery","Compile Driver+1","Barrage"],"picked":"SKIP","floor":35},{"not_picked":["Melter+1","Blizzard"],"picked":"Recycle+1","floor":37},{"not_picked":["Streamline+1","Steam"],"picked":"Go for the Eyes+1","floor":41},{"not_picked":["Defragment+1","Auto Shields+1"],"picked":"Seek","floor":42},{"not_picked":["Streamline+1","Genetic Algorithm+1"],"picked":"Coolheaded+1","floor":44},{"not_picked":["Ball Lightning","Hello World+1","Steam+1"],"picked":"SKIP","floor":48}],"player_experience":445353,"relics_obtained":[{"floor":7.0,"key":"Peace Pipe"},{"floor":9.0,"key":"Shovel"},{"floor":11.0,"key":"Odd Mushroom"},{"floor":12.0,"key":"StoneCalendar"},{"floor":26,"key":"Nunchaku"},{"floor":29,"key":"Happy Flower"},{"floor":30,"key":"Dream Catcher"},{"floor":41,"key":"Cables"},{"floor":43,"key":"Symbiotic Virus"},{"floor":49,"key":"Pear"}],"event_choices":[{"damage_healed":0.0,"max_hp_gain":0.0,"max_hp_loss":0.0,"gold_gain":75.0,"event_name":"World of Goop","player_choice":"Gather Gold","floor":3.0,"gold_loss":0.0,"damage_taken":11.0},{"cards_removed":["Strike_B"],"damage_healed":0.0,"max_hp_gain":0.0,"max_hp_loss":0.0,"gold_gain":0.0,"event_name":"The Cleric","player_choice":"Card Removal","floor":5.0,"gold_loss":50.0,"damage_taken":0.0},{"damage_healed":0.0,"max_hp_gain":0.0,"max_hp_loss":0.0,"gold_gain":0.0,"event_name":"Mushrooms","player_choice":"Fought Mushrooms","floor":11.0,"gold_loss":0.0,"damage_taken":0.0},{"cards_removed":["Strike_B"],"damage_healed":0.0,"max_hp_gain":0.0,"max_hp_loss":0.0,"gold_gain":0.0,"event_name":"Back to Basics","player_choice":"Elegance","floor":19.0,"gold_loss":0.0,"damage_taken":0.0},{"damage_healed":0.0,"max_hp_gain":0.0,"max_hp_loss":0.0,"gold_gain":0.0,"event_name":"Accursed Blacksmith","player_choice":"Rummage","floor":22.0,"gold_loss":0.0,"damage_taken":0.0,"relics_obtained":["WarpedTongs"],"cards_obtained":["Pain"]},{"damage_healed":0,"gold_gain":0,"player_choice":"Max HP","damage_taken":0,"max_hp_gain":0,"max_hp_loss":4,"event_name":"Winding Halls","floor":38,"gold_loss":0},{"damage_healed":0,"gold_gain":100,"player_choice":"Pray","damage_taken":0,"max_hp_gain":0,"max_hp_loss":0,"event_name":"Golden Shrine","floor":39,"gold_loss":0},{"damage_healed":0,"gold_gain":0,"player_choice":"Ignored","damage_taken":0,"max_hp_gain":0,"max_hp_loss":0,"event_name":"NoteForYourself","floor":46,"gold_loss":0}],"is_beta":false,"boss_relics":[{"not_picked":["Sozu","Busted Crown"],"picked":"Coffee Dripper"},{"not_picked":["Calling Bell","Fusion Hammer"],"picked":"Tiny House"}],"items_purged_floors":[24,36],"is_endless":false,"potions_floor_spawned":[1,11,14,16,18,21,25,27,28,29,31,33,35,37,41,42,44,48],"ascension_level":0}}