{"host":"d2gh6suihlstufn7","time":1614412412,"event":{"mods":["AchievementEnabler","BaseMod","Colored Map","Colored Powertips","Minty Spire (QoL Compilation)","Permanent Neow","Quick Restart","Shop Mod","StSLib","SuperFastMode","everything is the same but u backflip on backflip"],"gold_per_floor":[115,65,240,254,254,292,316,331,383,383,404,418,418,441,441,441,441],"floor_reached":16,"language":"KOR","playtime":203,"items_purged":[],"score":129,"play_id":"b9175a9c-6050-418a-9c08-0348cb6ff141","local_time":"20210227165332","is_ascension_mode":false,"campfire_choices":[{"data":"Bash","floor":10,"key":"SMITH"},{"data":"Inflame","floor":13,"key":"SMITH"},{"data":"Heavy Blade","floor":15,"key":"SMITH"}],"circlet_count":0,"master_deck":["Strike_R","Strike_R","Strike_R","Strike_R","Strike_R","Defend_R","Defend_R","Defend_R","Bash+1","Doubt","Inflame+1","Inflame","Dropkick","Heavy Blade+1","Heavy Blade"],"relics":["Burning Blood","NeowsBlessing","Golden Idol","Pear","PreservedInsect"],"acts_visited":["Exordium"],"potions_floor_usage":[],"damage_taken":[{"damage":0,"enemies":"Small Slimes","floor":1,"turns":1},{"damage":0,"enemies":"Jaw Worm","floor":4,"turns":1},{"damage":0,"enemies":"Gremlin Nob","floor":6,"turns":1},{"damage":6,"enemies":"Cultist","floor":7,"turns":3},{"damage":5,"enemies":"Looter","floor":8,"turns":4},{"damage":29,"enemies":"2 Fungi Beasts","floor":11,"turns":4},{"damage":27,"enemies":"Large Slime","floor":12,"turns":6},{"damage":21,"enemies":"Red Slaver","floor":14,"turns":3},{"damage":18,"enemies":"The Guardian","floor":16,"turns":4}],"seed_played":"-7042978998119463386","potions_obtained":[{"floor":7,"key":"BlessingOfTheForge"},{"floor":11,"key":"LiquidBronze"},{"floor":14,"key":"Ancient Potion"}],"is_trial":false,"path_per_floor":["M","?","?","M","?","E","M","M","T","R","M","M","R","M","R","B"],"character_chosen":"IRONCLAD","items_purchased":[],"campfire_rested":0,"item_purchase_floors":[],"current_hp_per_floor":[80,80,80,80,60,76,76,77,77,77,54,33,33,18,18,0,0],"gold":441,"neow_bonus":"THREE_ENEMY_KILL","is_daily":false,"chose_seed":false,"campfire_upgraded":3,"win_rate":0.0,"timestamp":1614412412,"path_taken":["M","?","?","M","?","E","M","M","T","R","M","M","R","M","R","BOSS"],"items_purchased_type":[],"build_version":"2020-12-22","purchased_purges":0,"victory":false,"max_hp_per_floor":[80,80,80,80,80,90,90,90,90,90,90,90,90,90,90,90,90],"card_choices":[{"not_picked":["Perfected Strike","Wild Strike","Infernal Blade"],"picked":"SKIP","floor":1},{"not_picked":["Pommel Strike","Sword Boomerang","Second Wind"],"picked":"SKIP","floor":4},{"not_picked":["Metallicize","Clothesline"],"picked":"Inflame","floor":6},{"not_picked":["Anger","Flame Barrier","Twin Strike"],"picked":"SKIP","floor":7},{"not_picked":["Burning Pact","Shrug It Off"],"picked":"Inflame","floor":8},{"not_picked":["Barricade","Searing Blow"],"picked":"Dropkick","floor":11},{"not_picked":["Pommel Strike","Clash"],"picked":"Heavy Blade","floor":12},{"not_picked":["Juggernaut","Wild Strike"],"picked":"Heavy Blade","floor":14}],"player_experience":72060,"relics_obtained":[{"floor":6,"key":"Pear"},{"floor":9,"key":"PreservedInsect"}],"event_choices":[{"cards_removed":["Defend_R"],"damage_healed":0,"gold_gain":0,"player_choice":"Card Removal","damage_taken":0,"max_hp_gain":0,"max_hp_loss":0,"event_name":"The Cleric","floor":2,"gold_loss":50},{"damage_healed":0,"gold_gain":175,"player_choice":"AGREE","damage_taken":0,"max_hp_gain":0,"max_hp_loss":0,"event_name":"Liars Game","floor":3,"gold_loss":0,"cards_obtained":["Doubt"]},{"damage_healed":0,"gold_gain":0,"player_choice":"Take Damage","damage_taken":20,"relics_obtained":["Golden Idol"],"max_hp_gain":0,"max_hp_loss":0,"event_name":"Golden Idol","floor":5,"gold_loss":0}],"is_beta":false,"boss_relics":[],"items_purged_floors":[],"is_endless":false,"potions_floor_spawned":[7,11,14],"killed_by":"The Guardian","ascension_level":0}}