{"host":"3nces2ajq3sg92g2","time":1614406878,"event":{"mods":["ATMod(阿瑾Mod)","Act Like it!","Arknights","BaseMod","Colored Map","Downfall","Highlight Path","Minty Spire (QoL Compilation)","MostiFishMod","Quick Restart","Relic Filter Mod","Relic Stats","Reliquary","Shop Mod","Spicy Shops","StSLib","TestMod","WarShipGirlsR/战舰少女R mod","【遗物卡牌】REMEMod","篝火指南"],"gold_per_floor":[99,118,132,12,2,16,16,33,33,33,33,44,54,72,83,186,186,186,205,221,231,11,11,11,11,28,28,43,43,28,45,62,62,62,62],"floor_reached":33,"language":"ZHS","playtime":3371,"items_purged":[],"score":420,"play_id":"8d0384bb-7493-43e5-8776-3c6bc610efcf","local_time":"20210227142118","is_ascension_mode":false,"campfire_choices":[{"data":"AT_FamilyPortrait","floor":1.0,"key":"SMITH"},{"floor":9.0,"key":"REST"},{"data":"Slimebound:CorrosiveSpit","floor":11.0,"key":"SMITH"},{"data":"Slimebound:RallyTheTroops","floor":18.0,"key":"SMITH"},{"floor":23.0,"key":"REST"},{"data":"MostiFishMod:TheLastGuard","floor":25.0,"key":"SMITH"},{"data":"Slimebound:Dissolve","floor":27.0,"key":"SMITH"},{"data":"Slimebound:Prepare","floor":29.0,"key":"SMITH"}],"circlet_count":0,"master_deck":["Slimebound:Strike_Slimebound","Slimebound:Strike_Slimebound","Slimebound:Strike_Slimebound","Slimebound:Tackle","Slimebound:Defend_Slimebound","Slimebound:Defend_Slimebound","Slimebound:Defend_Slimebound","Slimebound:Defend_Slimebound","Slimebound:Split","Slimebound:CorrosiveSpit+1","AT_FamilyPortrait+1","MostiFishMod:TheLastGuard+1","Pride","testmod-Lust","testmod-Wrath","testmod-Sloth","testmod-Envy","testmod-Greed","testmod-Gluttony","testmod-Gluttony","Slimebound:ComboTackle","Slimebound:SplitBruiser","Slimebound:HauntingLick","Slimebound:PressTheAttack","Slimebound:LeechEnergy","Slimebound:SlimeSpikes","Slimebound:Dissolve+1","Slimebound:SplitMire","Slimebound:SplitAcid","Slimebound:Nibble","Slimebound:HauntingLick","Slimebound:RallyTheTroops+1","Slimebound:FinishingTackle","Slimebound:SlimeSpikes+1","Slimebound:Schlurp","Slimebound:LeechEnergy+1","Slimebound:Prepare+1","Slimebound:SplitMire+1"],"relics":["Slimebound:AbsorbEndCombat","AT_ATBox","DaveBox","testmod-TestBox","REME_ComplimentaryCards","Lizard Tail","testmod-SevenDeadlySins","Du-Vu Doll","Darkstone Periapt","Blue Candle","reliquary:Knoch","testmod-ArcanaOfDestiny","Mercury Hourglass","testmod-DreamHouse","Happy Flower","Lantern","bronze:MakeshiftBattery","Toy Ornithopter","AT_TimeSand"],"acts_visited":["Exordium","TheCity"],"potions_floor_usage":[32,33,33,33],"damage_taken":[{"damage":11.0,"enemies":"Small Slimes","floor":2.0,"turns":5.0},{"damage":6.0,"enemies":"ats:Genji","floor":3.0,"turns":2.0},{"damage":6.0,"enemies":"downfall:FleeingMerchant","floor":4.0,"turns":4.0},{"damage":6.0,"enemies":"Jaw Worm","floor":6.0,"turns":1.0},{"damage":41.0,"enemies":"Lots of Slimes","floor":8.0,"turns":8.0},{"damage":0.0,"enemies":"2 Fungi Beasts","floor":12.0,"turns":1.0},{"damage":4.0,"enemies":"Red Slaver","floor":13.0,"turns":2.0},{"damage":3.0,"enemies":"downfall:LooterAlt","floor":14.0,"turns":3.0},{"damage":53.0,"enemies":"Exordium Thugs","floor":15.0,"turns":5.0},{"damage":51.0,"enemies":"DF_ARCHETYPE_STREAMLINE","floor":16.0,"turns":8.0},{"damage":10.0,"enemies":"Chosen","floor":19.0,"turns":2.0},{"damage":9.0,"enemies":"downfall:LooterAlt2","floor":20.0,"turns":2.0},{"damage":46.0,"enemies":"Shelled Parasite and Fungi","floor":21.0,"turns":3.0},{"damage":8.0,"enemies":"downfall:FleeingMerchant","floor":22.0,"turns":4.0},{"damage":11.0,"enemies":"Chosen and Byrds","floor":26.0,"turns":3.0},{"damage":10.0,"enemies":"3 Cultists","floor":28.0,"turns":4.0},{"damage":28.0,"enemies":"downfall:FleeingMerchant","floor":30.0,"turns":4.0},{"damage":32,"enemies":"Snake Plant","floor":31,"turns":3},{"damage":5,"enemies":"Centurion and Healer","floor":32,"turns":2},{"damage":58,"enemies":"SI_MIRROR_ARCHETYPE","floor":33,"turns":12}],"seed_played":"5763467117797397125","potions_obtained":[{"floor":3.0,"key":"DistilledChaos"},{"floor":6.0,"key":"Fire Potion"},{"floor":13.0,"key":"Regen Potion"},{"floor":15.0,"key":"Energy Potion"},{"floor":20.0,"key":"Strength Potion"},{"floor":28.0,"key":"Weak Potion"},{"floor":31,"key":"testmod-EscapePotion"},{"floor":32,"key":"Strength Potion"}],"is_trial":false,"path_per_floor":["R","M","M","$","?","M","T","M","R","T","R","M","M","M","M","B",null,"R","M","M","M","$","R","T","R","M","R","M","R","$","M","M","B"],"character_chosen":"SLIMEBOUND","items_purchased":["Slimebound:PressTheAttack","Slimebound:LeechEnergy","Toy Ornithopter","Fire Potion"],"campfire_rested":2,"item_purchase_floors":[4,4,22,22],"current_hp_per_floor":[113,104,98,92,92,88,88,49,82,82,82,84,82,81,46,59,113,113,106,99,55,53,86,86,86,84,84,78,78,54,24,28,0,0,0],"gold":62,"neow_bonus":"RANDOM_COMMON_RELIC","is_daily":false,"chose_seed":false,"campfire_upgraded":6,"win_rate":0.0,"timestamp":1614406878,"path_taken":["R","M","M","$","?","M","T","M","R","?","R","?","M","M","M","BOSS","R","M","M","M","$","R","T","R","M","R","M","R","$","M","M","BOSS"],"items_purchased_type":["Card","Card","Relic","Potion"],"build_version":"2020-12-22","purchased_purges":0,"victory":false,"max_hp_per_floor":[113,113,113,113,113,113,113,113,113,113,113,113,113,113,113,113,113,113,113,113,113,113,113,113,113,113,113,113,113,113,113,113,113,113,113],"relic_stats":{"Darkstone Periapt":48,"Lizard Tail":56,"Happy Flower":[13],"counters":[20,75],"Blue Candle":[28],"obtain_stats":[{"Darkstone Periapt":0,"Lantern":17,"AT_ATBox":0,"testmod-TestBox":0,"DaveBox":0,"Happy Flower":17,"Blue Candle":0,"testmod-SevenDeadlySins":0,"AT_TimeSand":24,"Mercury Hourglass":10,"Du-Vu Doll":0,"Lizard Tail":0,"testmod-DreamHouse":17,"Slimebound:AbsorbEndCombat":0,"reliquary:Knoch":0,"testmod-ArcanaOfDestiny":7,"bronze:MakeshiftBattery":17,"Toy Ornithopter":22,"REME_ComplimentaryCards":0},{"Darkstone Periapt":0,"Lantern":10,"AT_ATBox":0,"testmod-TestBox":0,"DaveBox":0,"Happy Flower":10,"Blue Candle":0,"testmod-SevenDeadlySins":0,"AT_TimeSand":14,"Mercury Hourglass":5,"Du-Vu Doll":0,"Lizard Tail":0,"testmod-DreamHouse":10,"Slimebound:AbsorbEndCombat":0,"reliquary:Knoch":0,"testmod-ArcanaOfDestiny":4,"bronze:MakeshiftBattery":10,"Toy Ornithopter":14,"REME_ComplimentaryCards":0},{"Darkstone Periapt":0,"Lantern":36,"AT_ATBox":0,"testmod-TestBox":0,"DaveBox":0,"Happy Flower":36,"Blue Candle":0,"testmod-SevenDeadlySins":0,"AT_TimeSand":47,"Mercury Hourglass":19,"Du-Vu Doll":0,"Lizard Tail":0,"testmod-DreamHouse":36,"Slimebound:AbsorbEndCombat":0,"reliquary:Knoch":0,"testmod-ArcanaOfDestiny":12,"bronze:MakeshiftBattery":36,"Toy Ornithopter":47,"REME_ComplimentaryCards":0}],"Toy Ornithopter":25,"Mercury Hourglass":[162]},"card_choices":[{"not_picked":["Slimebound:Grow","Slimebound:LivingWall"],"picked":"Slimebound:ComboTackle","floor":2.0},{"not_picked":["Slimebound:Dissolve","Slimebound:Chomp"],"picked":"Slimebound:SplitBruiser","floor":3.0},{"not_picked":["Slimebound:Prepare","Slimebound:FirmFortitude"],"picked":"Slimebound:HauntingLick","floor":4.0},{"not_picked":["Slimebound:Replication","Slimebound:LeadByExample"],"picked":"Slimebound:SlimeSpikes","floor":6.0},{"not_picked":["Slimebound:SplitBruiser","Slimebound:ForwardTackle"],"picked":"Slimebound:Dissolve","floor":8.0},{"not_picked":["Slimebound:RollThrough","Slimebound:LivingWall"],"picked":"Slimebound:SplitMire","floor":12.0},{"not_picked":["Slimebound:DouseInSlime","Slimebound:HauntingLick"],"picked":"Slimebound:SplitAcid","floor":13.0},{"not_picked":["Slimebound:ComboTackle","Slimebound:SpikyOuterGoop"],"picked":"Slimebound:Nibble","floor":14.0},{"not_picked":["Slimebound:LeechEnergy","Slimebound:SpikyOuterGoop"],"picked":"Slimebound:HauntingLick","floor":15.0},{"not_picked":["Slimebound:SlimeSlap","Slimebound:Overexert"],"picked":"Slimebound:RallyTheTroops","floor":16.0},{"not_picked":["Slimebound:SpikyOuterGoop","Slimebound:SplitMire"],"picked":"Slimebound:FinishingTackle","floor":19.0},{"not_picked":["Slimebound:FlameTackle+1","Slimebound:PressTheAttack"],"picked":"Slimebound:SlimeSpikes+1","floor":20.0},{"not_picked":["Slimebound:LevelUp","Slimebound:FinishingTackle"],"picked":"Slimebound:Schlurp","floor":21.0},{"not_picked":["Slimebound:ItLooksTasty","Slimebound:ComboTackle"],"picked":"Slimebound:OozeBath","floor":22.0},{"not_picked":["Slimebound:LivingWall","Slimebound:ViciousTackle"],"picked":"Slimebound:LeechEnergy+1","floor":26.0},{"not_picked":["Slimebound:AcidTongue+1","Slimebound:LeechingTouch"],"picked":"Slimebound:Prepare","floor":28.0},{"not_picked":["Slimebound:SamplingLick","Slimebound:GoopSpray"],"picked":"Slimebound:Overexert","floor":30.0},{"not_picked":["Slimebound:LeechingTouch","Slimebound:ForwardTackle"],"picked":"Slimebound:SplitMire+1","floor":31},{"not_picked":["Slimebound:FinishingTackle","Slimebound:GoopSpray"],"picked":"Slimebound:MegaLick","floor":32}],"player_experience":109322,"relics_obtained":[{"floor":7.0,"key":"testmod-ArcanaOfDestiny"},{"floor":10.0,"key":"Mercury Hourglass"},{"floor":24.0,"key":"AT_TimeSand"}],"event_choices":[],"is_beta":false,"boss_relics":[{"not_picked":["testmod-PortableAltar","Slimebound:AbsorbEndCombatUpgraded"],"picked":"bronze:MakeshiftBattery"}],"items_purged_floors":[],"is_endless":false,"potions_floor_spawned":[3,6,13,15,20,28,31,32],"killed_by":"SI_MIRROR_ARCHETYPE","ascension_level":0}}