{"host":"n43wxkei7kulhi8o","time":1614442544,"event":{"mods":["BaseMod","Bestiary","Block Reminder","Colored Map","Colored Powertips","Curses Come First","Custom Start","Dark Map","Highlight Path","Minty Spire (QoL Compilation)","Relic Stats","StSLib"],"gold_per_floor":[115,115,61,77,90,90,110,110,136,101,101,113,113,129,129,226,226,242,157,177,177,191,191,191,220,220,220,246,258,268,283,283,387,437,450,450,375,386,386,386,102,121,121,138,154,154,179,198,198,198],"floor_reached":51,"language":"ENG","playtime":2158,"items_purged":["Writhe","Pain"],"score":661,"play_id":"03695171-657d-47e0-8edf-a56bf3dc42e0","local_time":"20210227111544","is_ascension_mode":false,"campfire_choices":[{"data":"Neutralize","floor":6,"key":"SMITH"},{"data":"Poisoned Stab","floor":8,"key":"SMITH"},{"data":"Deadly Poison","floor":11,"key":"SMITH"},{"data":"Leg Sweep","floor":13,"key":"SMITH"},{"data":"Backflip","floor":15,"key":"SMITH"},{"data":"Deadly Poison","floor":23,"key":"SMITH"},{"data":"Deadly Poison","floor":27,"key":"SMITH"},{"floor":32,"key":"REST"},{"data":"Venomology","floor":40,"key":"SMITH"},{"floor":46,"key":"REST"},{"floor":49,"key":"REST"}],"circlet_count":0,"master_deck":["Strike_G","Strike_G","Strike_G","Strike_G","Strike_G+1","Defend_G","Defend_G","Defend_G","Defend_G","Defend_G","Survivor","Neutralize+1","Poisoned Stab+1","Deadly Poison+1","Leg Sweep+1","Backflip+1","Die Die Die","CurseOfTheBell","Flying Knee+1","Deadly Poison+1","Backflip","Deadly Poison+1","Sucker Punch+1","Bane","Venomology+1","Apotheosis","Noxious Fumes","Parasite","Noxious Fumes+1"],"relics":["Velvet Choker","Bag of Preparation","Calling Bell","MealTicket","Matryoshka","Torii","Nunchaku","PreservedInsect","Lantern","Regal Pillow","Tiny Chest","Bag of Marbles","Tiny House","WarpedTongs","Sundial","Bronze Scales"],"acts_visited":["Exordium","TheCity","TheBeyond"],"potions_floor_usage":[33,33,33,45,48,50,50,50],"damage_taken":[{"damage":14,"enemies":"Jaw Worm","floor":1,"turns":4},{"damage":0,"enemies":"Small Slimes","floor":4,"turns":3},{"damage":8,"enemies":"2 Louse","floor":5,"turns":3},{"damage":9,"enemies":"Blue Slaver","floor":7,"turns":4},{"damage":0,"enemies":"2 Fungi Beasts","floor":12,"turns":4},{"damage":2,"enemies":"Large Slime","floor":14,"turns":5},{"damage":22,"enemies":"Slime Boss","floor":16,"turns":15},{"damage":19,"enemies":"Spheric Guardian","floor":18,"turns":6},{"damage":0,"enemies":"3 Byrds","floor":20,"turns":6},{"damage":4,"enemies":"Snake Plant","floor":22,"turns":5},{"damage":2,"enemies":"Book of Stabbing","floor":25,"turns":6},{"damage":11,"enemies":"Snecko","floor":29,"turns":4},{"damage":21,"enemies":"Chosen and Byrds","floor":30,"turns":5},{"damage":2,"enemies":"Snake Plant","floor":31,"turns":4},{"damage":40,"enemies":"Collector","floor":33,"turns":8},{"damage":24,"enemies":"3 Darklings","floor":35,"turns":15},{"damage":1,"enemies":"3 Shapes","floor":38,"turns":4},{"damage":7,"enemies":"Transient","floor":42,"turns":5},{"damage":24,"enemies":"3 Darklings","floor":44,"turns":4},{"damage":30,"enemies":"Maw","floor":45,"turns":7},{"damage":2,"enemies":"Writhing Mass","floor":48,"turns":5},{"damage":79,"enemies":"Donu and Deca","floor":50,"turns":8}],"seed_played":"-3033774064457784387","potions_obtained":[{"floor":1,"key":"Block Potion"},{"floor":12,"key":"PowerPotion"},{"floor":14,"key":"Energy Potion"},{"floor":29,"key":"DuplicationPotion"},{"floor":34,"key":"DuplicationPotion"},{"floor":38,"key":"SteroidPotion"}],"is_trial":false,"path_per_floor":["M","?","$","M","M","R","M","R","T","?","R","M","R","M","R","B",null,"M","?","M","?","M","R","$","E","T","R","T","M","M","M","R","B",null,"M","?","$","M","?","R","$","M","T","M","M","R","T","M","R","B",null],"character_chosen":"THE_SILENT","items_purchased":["Poisoned Stab","Apotheosis"],"campfire_rested":3,"item_purchase_floors":[3,41],"current_hp_per_floor":[56,61,61,61,53,53,44,44,44,62,62,62,62,60,60,38,75,56,56,56,56,52,52,67,65,65,65,65,54,33,31,68,28,80,56,76,80,79,79,79,80,73,73,49,19,58,58,56,80,1],"gold":198,"neow_bonus":"BOSS_RELIC","is_daily":false,"chose_seed":false,"campfire_upgraded":8,"win_rate":0.0,"timestamp":1614442544,"path_taken":["M","?","$","M","M","R","M","R","T","?","R","M","R","M","R","BOSS","M","?","M","?","M","R","$","E","T","R","?","M","M","M","R","BOSS","M","?","$","M","?","R","$","?","T","M","M","R","?","?","R","BOSS"],"items_purchased_type":["Card","Card"],"build_version":"2020-12-22","purchased_purges":2,"victory":true,"max_hp_per_floor":[70,75,75,75,75,75,75,75,75,75,75,75,75,75,75,75,75,75,75,75,75,75,75,75,75,75,75,75,75,75,75,75,75,80,80,80,80,80,80,80,80,80,80,80,80,80,80,80,80,80],"relic_stats":{"Nunchaku":[14],"Regal Pillow":30,"Torii":46,"counters":[22,130],"Sundial":[2],"Bronze Scales":[56],"MealTicket":20,"Tiny Chest":1,"PreservedInsect":41,"Bag of Preparation":[36],"obtain_stats":[{"Lantern":25,"Regal Pillow":26,"Tiny House":34,"Torii":17,"Velvet Choker":0,"PreservedInsect":21,"Bag of Preparation":9,"WarpedTongs":39,"Calling Bell":17,"Nunchaku":19,"Matryoshka":17,"Sundial":43,"Bronze Scales":47,"MealTicket":17,"Tiny Chest":28,"Bag of Marbles":28,"Ring of the Snake":0},{"Lantern":11,"Regal Pillow":11,"Tiny House":15,"Torii":7,"Velvet Choker":0,"PreservedInsect":9,"Bag of Preparation":4,"WarpedTongs":17,"Calling Bell":7,"Nunchaku":8,"Matryoshka":7,"Sundial":18,"Bronze Scales":20,"MealTicket":7,"Tiny Chest":11,"Bag of Marbles":11,"Ring of the Snake":0},{"Lantern":61,"Regal Pillow":61,"Tiny House":82,"Torii":38,"Velvet Choker":0,"PreservedInsect":50,"Bag of Preparation":14,"WarpedTongs":101,"Calling Bell":38,"Nunchaku":44,"Matryoshka":38,"Sundial":106,"Bronze Scales":117,"MealTicket":38,"Tiny Chest":61,"Bag of Marbles":61,"Ring of the Snake":0}],"WarpedTongs":[22]},"card_choices":[{"not_picked":["Cloak And Dagger","Predator","Endless Agony"],"picked":"SKIP","floor":1},{"not_picked":["Dodge and Roll","Acrobatics"],"picked":"Deadly Poison","floor":4},{"not_picked":["Outmaneuver","Deflect","Riddle With Holes"],"picked":"SKIP","floor":5},{"not_picked":["Sucker Punch","Underhanded Strike"],"picked":"Leg Sweep","floor":7},{"not_picked":["Skewer","Blade Dance","Unload"],"picked":"SKIP","floor":12},{"not_picked":["Underhanded Strike","Flying Knee"],"picked":"Backflip","floor":14},{"not_picked":["A Thousand Cuts","Doppelganger"],"picked":"Die Die Die","floor":16},{"not_picked":["Expertise+1","Predator"],"picked":"Flying Knee+1","floor":18},{"not_picked":["Backstab+1","Outmaneuver"],"picked":"Deadly Poison","floor":20},{"not_picked":["Caltrops+1","Skewer"],"picked":"Backflip","floor":22},{"not_picked":["Glass Knife","Choke"],"picked":"Deadly Poison","floor":25},{"not_picked":["Riddle With Holes","Cloak And Dagger+1","Blade Dance"],"picked":"SKIP","floor":29},{"not_picked":["Blade Dance","Caltrops+1","Slice"],"picked":"SKIP","floor":30},{"not_picked":["Blade Dance","Caltrops+1","Slice"],"picked":"SKIP","floor":30},{"not_picked":["Acrobatics","Dodge and Roll","Flying Knee"],"picked":"SKIP","floor":31},{"not_picked":["Slice","Blade Dance"],"picked":"Sucker Punch+1","floor":34},{"not_picked":["Quick Slash","Setup"],"picked":"Bane","floor":35},{"not_picked":["Distraction","Dagger Throw"],"picked":"Venomology","floor":38},{"not_picked":["Deflect+1","Footwork"],"picked":"Noxious Fumes","floor":42},{"not_picked":["Backflip","Quick Slash","Prepared"],"picked":"SKIP","floor":44},{"not_picked":["Underhanded Strike+1","Distraction","Bane+1"],"picked":"SKIP","floor":45},{"not_picked":["Dagger Spray","Bouncing Flask"],"picked":"Noxious Fumes+1","floor":48}],"player_experience":723837,"relics_obtained":[{"floor":9,"key":"Bag of Preparation"},{"floor":17,"key":"MealTicket"},{"floor":17,"key":"Matryoshka"},{"floor":17,"key":"Torii"},{"floor":25,"key":"Lantern"},{"floor":26,"key":"Regal Pillow"},{"floor":28,"key":"Tiny Chest"},{"floor":28,"key":"Bag of Marbles"},{"floor":43,"key":"Sundial"},{"floor":47,"key":"Bronze Scales"}],"event_choices":[{"damage_healed":0,"gold_gain":0,"player_choice":"Donut","damage_taken":0,"max_hp_gain":5,"max_hp_loss":0,"event_name":"Big Fish","floor":2,"gold_loss":0},{"damage_healed":18,"gold_gain":0,"player_choice":"Healed","damage_taken":0,"max_hp_gain":0,"max_hp_loss":0,"event_name":"The Cleric","floor":10,"gold_loss":35},{"damage_healed":0,"gold_gain":0,"player_choice":"Obtained Relic","damage_taken":0,"relics_obtained":["Nunchaku"],"max_hp_gain":0,"max_hp_loss":0,"event_name":"Addict","floor":19,"gold_loss":85},{"damage_healed":0,"gold_gain":0,"player_choice":"Opened","damage_taken":0,"relics_obtained":["PreservedInsect"],"max_hp_gain":0,"max_hp_loss":0,"event_name":"The Mausoleum","floor":21,"gold_loss":0},{"damage_healed":20,"gold_gain":0,"player_choice":"Writhe","damage_taken":0,"max_hp_gain":0,"max_hp_loss":0,"event_name":"Winding Halls","floor":36,"gold_loss":0,"cards_obtained":["Writhe"]},{"damage_healed":0,"gold_gain":0,"player_choice":"Rummage","damage_taken":0,"relics_obtained":["WarpedTongs"],"max_hp_gain":0,"max_hp_loss":0,"event_name":"Accursed Blacksmith","floor":39,"gold_loss":0,"cards_obtained":["Pain"]}],"is_beta":false,"boss_relics":[{"not_picked":["Fusion Hammer","Runic Pyramid"],"picked":"Calling Bell"},{"not_picked":["Sozu","SlaversCollar"],"picked":"Tiny House"}],"items_purged_floors":[37,41],"is_endless":false,"potions_floor_spawned":[1,12,14,16,22,25,29,31,38,45,48],"ascension_level":0}}