{"host":"9czo1ewqehy3yunx","time":1614428026,"event":{"mods":["AchievementEnabler","Act Like it!","BaseMod","CapriCore","Colored Powertips","DeckTracker","GifTheSpireLib","GungeonMod","Hermit","Keyboard Shortcuts","Koishi","Lobotomy","Marisa£¨Ùöéë¡¡Øª×âÞÞ£©","Minty Spire (QoL Compilation)","Permanent Neow","Quick Restart","StSLib","SuperFastMode","Td1madao Mod","The Bug Knight","The Cursed","The Hierophant","The Immortal","The Jungle","The Poker Player","The Runesmith"],"gold_per_floor":[117,132,207,207,92,92,136,136],"floor_reached":7,"language":"KOR","playtime":333,"items_purged":[],"score":49,"play_id":"f62f8ae6-f11b-4445-8b10-b3fa006f2575","local_time":"20210227211346","is_ascension_mode":false,"campfire_choices":[{"data":"Koishi:Ego","floor":6,"key":"SMITH"}],"circlet_count":0,"master_deck":["Koishi:BasicStrike","Koishi:BasicStrike","Koishi:BasicStrike","Koishi:BasicStrike","Koishi:BasicDefend","Koishi:BasicDefend","Koishi:BasicDefend","Koishi:BasicDefend","Koishi:Provoke","Koishi:HauntingSlash","Koishi:Ego+1","Koishi:SubterraneanRose","Koishi:UnconsciousUprising"],"relics":["Koishi:ImaginaryFriend","Golden Idol","DemoMod:GnawedKey","DemoMod:ChaffGrenade"],"acts_visited":["Exordium"],"potions_floor_usage":[7],"damage_taken":[{"damage":5,"enemies":"Small Slimes","floor":1,"turns":3},{"damage":0,"enemies":"2 Louse","floor":2,"turns":2},{"damage":18,"enemies":"Gremlin Nob","floor":7,"turns":11}],"seed_played":"-5611602507398536595","potions_obtained":[{"floor":2,"key":"EssenceOfSteel"}],"is_trial":false,"path_per_floor":["M","M","?","?","$","R","E"],"character_chosen":"KOISHI","items_purchased":["DemoMod:GnawedKey"],"campfire_rested":0,"item_purchase_floors":[5],"current_hp_per_floor":[39,39,28,28,28,28,15,15],"gold":136,"neow_bonus":"THREE_RARE_CARDS","is_daily":false,"chose_seed":false,"campfire_upgraded":1,"win_rate":0.0,"timestamp":1614428026,"path_taken":["M","M","?","?","?","R","E"],"items_purchased_type":["Relic"],"build_version":"2020-12-22","purchased_purges":0,"victory":false,"max_hp_per_floor":[60,60,60,56,56,56,56,56],"card_choices":[{"not_picked":["Koishi:ConfinedInnocent","Koishi:MentalBreakdown"],"picked":"Koishi:Ego","floor":0},{"not_picked":["Koishi:Prune","Koishi:Jaunt"],"picked":"Koishi:SubterraneanRose","floor":1},{"not_picked":["Koishi:BloodcurdlingScream","Koishi:Vanish"],"picked":"Koishi:UnconsciousUprising","floor":2}],"player_experience":263619,"relics_obtained":[{"floor":7,"key":"DemoMod:ChaffGrenade"}],"event_choices":[{"damage_healed":0,"gold_gain":75,"player_choice":"Gather Gold","damage_taken":11,"max_hp_gain":0,"max_hp_loss":0,"event_name":"World of Goop","floor":3,"gold_loss":0},{"damage_healed":0,"gold_gain":0,"player_choice":"Lose Max HP","damage_taken":0,"relics_obtained":["Golden Idol"],"max_hp_gain":0,"max_hp_loss":4,"event_name":"Golden Idol","floor":4,"gold_loss":0}],"is_beta":false,"boss_relics":[],"items_purged_floors":[],"is_endless":false,"potions_floor_spawned":[2],"killed_by":"Gremlin Nob","ascension_level":0}}