{"host":"sw6p9u0oh417cx03","time":1614396152,"event":{"mods":["AchievementEnabler","Act Like it!","BaseMod","CapriCore","DeckTracker","Highlight Path","Minty Spire (QoL Compilation)","Quick Restart","StSLib"],"gold_per_floor":[113,113,113,38,38,38,58,58,58,58,83,106,129,149,149,242,242,255,255,305,205,205,205,205,246,269,294,310,106,140,163,163,256,256,274,274,274,290,140,140,473,507,531,563,563,563,578,611,611,611,611,611,68,100,100],"floor_reached":56,"language":"ZHS","playtime":3290,"items_purged":["Strike_G","Strike_G+1","Defend_G","Predator","Defend_G"],"score":2743,"play_id":"befd1e59-6c83-4a44-854d-45d8c01232ed","local_time":"20210227112232","is_ascension_mode":true,"campfire_choices":[{"floor":6.0,"key":"REST"},{"data":"Terror","floor":10.0,"key":"SMITH"},{"data":"Concentrate","floor":15.0,"key":"SMITH"},{"data":"Acrobatics","floor":23.0,"key":"SMITH"},{"data":"Prepared","floor":32.0,"key":"SMITH"},{"floor":40.0,"key":"RECALL"},{"data":"Calculated Gamble","floor":46.0,"key":"SMITH"},{"data":"Masterful Stab","floor":49.0,"key":"SMITH"},{"data":"Escape Plan","floor":52,"key":"SMITH"}],"circlet_count":0,"master_deck":["AscendersBane","Defend_G+1","Defend_G","Defend_G","Survivor","Neutralize","Reflex+1","Terror+1","Acrobatics+1","Concentrate+1","Acrobatics+1","Masterful Stab+1","Adrenaline","Caltrops","Prepared+1","Escape Plan+1","Footwork+1","After Image+1","Calculated Gamble+1","Adrenaline","Footwork+1"],"relics":["Ring of the Snake","Prayer Wheel","Eternal Feather","Whetstone","Empty Cage","Frozen Egg 2","Strawberry","Vajra","Black Star","Tingsha","Incense Burner","Calipers","Potion Belt","Happy Flower","Dream Catcher","Medical Kit","Bronze Scales","Centennial Puzzle"],"acts_visited":["Exordium","TheCity","TheBeyond","TheEnding"],"potions_floor_usage":[55,55,55,55],"damage_taken":[{"damage":13.0,"enemies":"Jaw Worm","floor":1.0,"turns":7.0},{"damage":1.0,"enemies":"2 Louse","floor":7.0,"turns":4.0},{"damage":6.0,"enemies":"Small Slimes","floor":11.0,"turns":5.0},{"damage":1.0,"enemies":"Blue Slaver","floor":12.0,"turns":4.0},{"damage":0.0,"enemies":"2 Fungi Beasts","floor":13.0,"turns":3.0},{"damage":0.0,"enemies":"Looter","floor":14.0,"turns":2.0},{"damage":28.0,"enemies":"The Guardian","floor":16.0,"turns":10.0},{"damage":10.0,"enemies":"2 Thieves","floor":18.0,"turns":4.0},{"damage":0.0,"enemies":"Slavers","floor":25.0,"turns":3.0},{"damage":7.0,"enemies":"Shell Parasite","floor":27.0,"turns":2.0},{"damage":0.0,"enemies":"Cultist and Chosen","floor":28.0,"turns":3.0},{"damage":10.0,"enemies":"Book of Stabbing","floor":30.0,"turns":3.0},{"damage":20.0,"enemies":"Shelled Parasite and Fungi","floor":31.0,"turns":2.0},{"damage":0.0,"enemies":"Champ","floor":33.0,"turns":3.0},{"damage":0.0,"enemies":"Orb Walker","floor":35.0,"turns":2.0},{"damage":0.0,"enemies":"3 Shapes","floor":38.0,"turns":3.0},{"damage":0.0,"enemies":"Giant Head","floor":42.0,"turns":2.0},{"damage":0.0,"enemies":"Reptomancer","floor":44.0,"turns":2.0},{"damage":0.0,"enemies":"Sphere and 2 Shapes","floor":47.0,"turns":1.0},{"damage":0.0,"enemies":"Nemesis","floor":48.0,"turns":1.0},{"damage":0.0,"enemies":"Awakened One","floor":50.0,"turns":3.0},{"damage":0,"enemies":"Shield and Spear","floor":54,"turns":1},{"damage":0,"enemies":"The Heart","floor":55,"turns":3}],"seed_played":"-4555608755458899404","potions_obtained":[{"floor":1.0,"key":"CultistPotion"},{"floor":7.0,"key":"SteroidPotion"},{"floor":11.0,"key":"SkillPotion"},{"floor":25.0,"key":"FearPotion"},{"floor":33.0,"key":"Poison Potion"},{"floor":38.0,"key":"FearPotion"},{"floor":45.0,"key":"ColorlessPotion"},{"floor":45.0,"key":"LiquidBronze"},{"floor":48.0,"key":"GamblersBrew"}],"is_trial":false,"path_per_floor":["M","?","T","$","?","R","M","?","T","R","M","M","M","M","R","B",null,"M","?","?","$","?","R","?","E","T","M","M","$","E","M","R","B",null,"M","$","?","M","$","R","?","E","T","E","?","R","M","E","R","B",null,"R","$","E","B",null],"character_chosen":"THE_SILENT","items_purchased":["DistilledChaos","Medical Kit","Swift Potion","PowerPotion","Footwork+1"],"campfire_rested":1,"item_purchase_floors":[29,53,53,53,53],"current_hp_per_floor":[31,11,11,11,11,35,34,34,34,40,34,33,33,33,42,14,49,39,39,39,39,39,48,48,48,55,48,48,48,38,18,27,27,57,57,57,57,57,57,67,67,67,67,67,67,67,67,67,67,67,67,67,67,67,67],"gold":100,"neow_bonus":"ONE_RARE_RELIC","is_daily":false,"chose_seed":false,"campfire_upgraded":7,"win_rate":0.0,"timestamp":1614396152,"path_taken":["M","?","?","$","?","R","M","?","T","R","M","M","M","M","R","BOSS","M","?","?","$","?","R","?","E","T","M","M","$","E","M","R","BOSS","M","$","?","?","$","R","?","E","T","E","?","R","?","E","R","BOSS","R","$","E","BOSS"],"items_purchased_type":["Potion","Relic","Potion","Potion","Card"],"build_version":"2020-12-22","purchased_purges":5,"victory":true,"max_hp_per_floor":[66,66,66,66,60,60,60,60,60,60,60,60,60,60,60,60,60,60,60,60,60,60,60,60,60,67,67,67,67,67,67,67,67,67,67,67,67,67,67,67,67,67,67,67,67,67,67,67,67,67,67,67,67,67,67],"card_choices":[{"not_picked":["Outmaneuver","Deadly Poison"],"picked":"Reflex","floor":1.0},{"not_picked":["Cloak And Dagger","Dagger Spray"],"picked":"Terror","floor":1.0},{"not_picked":["Bane","Footwork","Flechettes"],"picked":"SKIP","floor":7.0},{"not_picked":["Bane","PiercingWail","Dodge and Roll"],"picked":"SKIP","floor":7.0},{"not_picked":["Footwork","Distraction"],"picked":"Acrobatics","floor":11.0},{"not_picked":["Setup","PiercingWail","Wraith Form v2"],"picked":"SKIP","floor":11.0},{"not_picked":["Noxious Fumes","Bouncing Flask"],"picked":"Concentrate","floor":12.0},{"not_picked":["Deflect","Dagger Throw","PiercingWail"],"picked":"SKIP","floor":12.0},{"not_picked":["Caltrops","Predator"],"picked":"Acrobatics","floor":13.0},{"not_picked":["Bane","Quick Slash","Backstab"],"picked":"SKIP","floor":13.0},{"not_picked":["Cloak And Dagger","Flying Knee"],"picked":"Masterful Stab","floor":14.0},{"not_picked":["PiercingWail","Cloak And Dagger"],"picked":"Footwork","floor":14.0},{"not_picked":["Tools of the Trade","Unload"],"picked":"Adrenaline","floor":16.0},{"not_picked":["Dagger Spray","Flying Knee","Flechettes"],"picked":"SKIP","floor":18.0},{"not_picked":["Footwork+1","Outmaneuver","Finisher"],"picked":"SKIP","floor":18.0},{"not_picked":["Bane","Terror","Storm of Steel"],"picked":"SKIP","floor":25.0},{"not_picked":["Bane","Terror","Storm of Steel"],"picked":"SKIP","floor":25.0},{"not_picked":["Reflex+1","Footwork+1"],"picked":"Escape Plan","floor":27.0},{"not_picked":["Sucker Punch","Underhanded Strike","Acrobatics"],"picked":"SKIP","floor":27.0},{"not_picked":["Bouncing Flask","Poisoned Stab","Underhanded Strike"],"picked":"SKIP","floor":28.0},{"not_picked":["Corpse Explosion","Flying Knee","Dagger Throw"],"picked":"SKIP","floor":28.0},{"not_picked":["Caltrops+1","Catalyst"],"picked":"Footwork+1","floor":30.0},{"not_picked":["Underhanded Strike","Finisher","Masterful Stab"],"picked":"SKIP","floor":31.0},{"not_picked":["Footwork+1","Deadly Poison","Cloak And Dagger+1"],"picked":"SKIP","floor":31.0},{"not_picked":["Wraith Form v2+1","Corpse Explosion"],"picked":"After Image+1","floor":33.0},{"not_picked":["Cloak And Dagger","PiercingWail"],"picked":"Calculated Gamble","floor":35.0},{"not_picked":["Deflect","Dodge and Roll","PiercingWail"],"picked":"SKIP","floor":35.0},{"not_picked":["Underhanded Strike","Well Laid Plans+1","Cloak And Dagger"],"picked":"SKIP","floor":38.0},{"not_picked":["Blade Dance","PiercingWail","Quick Slash+1"],"picked":"SKIP","floor":38.0},{"not_picked":["Deadly Poison+1","Deflect","PiercingWail"],"picked":"SKIP","floor":42.0},{"not_picked":["PiercingWail+1","Well Laid Plans+1"],"picked":"Adrenaline","floor":44.0},{"not_picked":["Dagger Throw","Deadly Poison","Catalyst"],"picked":"SKIP","floor":47.0},{"not_picked":["Bane","Dodge and Roll+1","Deflect"],"picked":"SKIP","floor":47.0},{"not_picked":["Skewer","Heel Hook","Bane"],"picked":"SKIP","floor":48.0},{"not_picked":["Backflip","Outmaneuver","Dagger Throw+1"],"picked":"SKIP","floor":54}],"player_experience":330121,"relics_obtained":[{"floor":3.0,"key":"Eternal Feather"},{"floor":9.0,"key":"Whetstone"},{"floor":25.0,"key":"Frozen Egg 2"},{"floor":26.0,"key":"Strawberry"},{"floor":30.0,"key":"Vajra"},{"floor":42.0,"key":"Tingsha"},{"floor":42.0,"key":"Incense Burner"},{"floor":44.0,"key":"Calipers"},{"floor":44.0,"key":"Potion Belt"},{"floor":48.0,"key":"Happy Flower"},{"floor":48.0,"key":"Dream Catcher"},{"floor":54,"key":"Bronze Scales"},{"floor":54,"key":"Centennial Puzzle"}],"event_choices":[{"damage_healed":0.0,"max_hp_gain":0.0,"max_hp_loss":0.0,"gold_gain":0.0,"event_name":"Shining Light","player_choice":"Entered Light","floor":2.0,"gold_loss":0.0,"damage_taken":20.0,"cards_upgraded":["Defend_G","Reflex"]},{"damage_healed":0.0,"max_hp_gain":0.0,"max_hp_loss":6.0,"gold_gain":0.0,"event_name":"Golden Idol","player_choice":"Lose Max HP","floor":5.0,"gold_loss":0.0,"damage_taken":0.0,"relics_obtained":["Golden Idol"]},{"damage_healed":0.0,"max_hp_gain":0.0,"max_hp_loss":0.0,"gold_gain":0.0,"event_name":"Scrap Ooze","player_choice":"Fled","floor":8.0,"gold_loss":0.0,"damage_taken":0.0},{"damage_healed":0.0,"max_hp_gain":0.0,"max_hp_loss":0.0,"gold_gain":0.0,"event_name":"The Mausoleum","player_choice":"Ignored","floor":19.0,"gold_loss":0.0,"damage_taken":0.0},{"damage_healed":0.0,"max_hp_gain":0.0,"max_hp_loss":0.0,"gold_gain":50.0,"event_name":"Nest","player_choice":"Stole From Cult","floor":20.0,"gold_loss":0.0,"damage_taken":0.0},{"damage_healed":0.0,"max_hp_gain":0.0,"max_hp_loss":0.0,"gold_gain":0.0,"cards_transformed":["Strike_G","Footwork"],"event_name":"Drug Dealer","player_choice":"Became Test Subject","floor":22.0,"gold_loss":0.0,"damage_taken":0.0,"cards_obtained":["Predator","Caltrops"]},{"damage_healed":0.0,"max_hp_gain":0.0,"max_hp_loss":0.0,"gold_gain":0.0,"event_name":"The Library","player_choice":"Read","floor":24.0,"gold_loss":0.0,"damage_taken":0.0,"cards_obtained":["Prepared"]},{"damage_healed":0.0,"max_hp_gain":0.0,"max_hp_loss":0.0,"gold_gain":0.0,"event_name":"Upgrade Shrine","player_choice":"Upgraded","floor":37.0,"gold_loss":0.0,"damage_taken":0.0,"cards_upgraded":["Acrobatics"]},{"damage_healed":0.0,"max_hp_gain":0.0,"max_hp_loss":0.0,"gold_gain":333.0,"event_name":"The Moai Head","player_choice":"Gave Idol","floor":41.0,"relics_lost":["Golden Idol"],"gold_loss":0.0,"damage_taken":0.0},{"damage_healed":0.0,"max_hp_gain":0.0,"max_hp_loss":0.0,"gold_gain":0.0,"event_name":"Lab","player_choice":"Got Potions","floor":45.0,"gold_loss":0.0,"damage_taken":0.0}],"is_beta":false,"boss_relics":[{"not_picked":["Snecko Eye","WristBlade"],"picked":"Empty Cage"},{"not_picked":["SlaversCollar","Tiny House"],"picked":"Black Star"}],"items_purged_floors":[4,21,29,39,53],"is_endless":false,"potions_floor_spawned":[1,7,11,25,27,33,35,38,48],"ascension_level":18}}