{"host":"dwyzfvnzfcqffr30","time":1614393629,"event":{"mods":["2.2 Compatiblity","Act Like it!","Aspiration","BaseMod","Beaked The Cultist","Better Altar","Better Match","Better Note","Better Sensory Stone","Better Skull","Better Third Choice","Clockwork Mod","Colored Map","Colored Powertips","Conspire","Downfall","Elementarium","GifTheSpireLib","Halation","Hermit","Hubris","Infinite Spire","Ironclad Rager","Jedi Mod","Menagerie","Mimic Mod","Minty Spire (QoL Compilation)","Permanent Neow","Random Character Button","Relic Filter Mod","Reliquary","Replay The Spire","Shapeshifter Mod","Spicy Shops","Spikes Relics","StSLib","Stuff the Spire","The Construct","The Disciple","The Druid","The Marked","TheFirefly","Trackpad","Wandering Minibosses"],"gold_per_floor":[336,382,14,14,28,71,71,107,186,186,214,252,217,266,266,402,402,447,447,500,553,151,151,196,233,271,324,365,410,410,481,481,631,631,686,686,751,751,824,913,913,1010,1010,1010,1117,1225,1321,54,54,55,55,55,3,36,36,36],"floor_reached":55,"language":"ENG","playtime":40842,"items_purged":["theMarked:Strike+1","theMarked:Strike+1","theMarked:Strike+1","theMarked:Strike+1"],"score":1548,"play_id":"2e953880-a6b2-42d7-a007-f33ab611302c","local_time":"20210226184029","is_ascension_mode":true,"campfire_choices":[{"floor":7,"key":"RECALL"},{"data":"theMarked:ElectricStrings+1","floor":15,"key":"SMITH"},{"data":"theMarked:MagusForm+1","floor":23,"key":"SMITH"},{"floor":32,"key":"REST"},{"floor":41,"key":"REST"},{"floor":44,"key":"REST"},{"data":"theMarked:MagusForm+2","floor":49,"key":"SMITH"},{"data":"theMarked:MagusForm+3","floor":52,"key":"SMITH"}],"circlet_count":0,"master_deck":["AscendersBane","reliquary:Vim+1","theMarked:Defend+1","theMarked:Defend+1","theMarked:Defend+1","theMarked:Defend+1","theMarked:SoldierOfQuellstein+1","theMarked:TakeOffHeels+1","MasterReality+1","Apotheosis+1","theMarked:EmpowerWeapon+1","theMarked:ComboAttacks+1","theMarked:SwordAndMagic+1","theMarked:Improvise+1","theMarked:ElectricStrings+2","theMarked:MagusForm+4","theMarked:Parkour+1","Replay:BasicMightCard+1","theMarked:EternalStudent+1","Dramatic Entrance+1","theMarked:OneWithTheBlade+1","theMarked:ParalyzingBlade+1"],"relics":["theMarked:ArtifactOfAir","Bottled Tornado","hubris:TinFlute","halation:Prosthetics","infinitespire:EvilPickle","conspire:InfiniteJournal","SacredBark","Golden Idol","Quantum Egg","Molten Egg 2","Toxic Egg 2","Frozen Egg 2","BargainBundle","BlackRope","Lee\u0027s Waffle","reliquary:PrincelyHelmet","reliquary:Stiletto","Calipers","infinitespire:EmpoweringShard","reliquary:QuartzCube","Blood Vial","Juzu Bracelet","MealTicket","Art of War","Quantum Egg","Anchor","CosmicIsotope","ClockworkSouvenir","hubris:FunFungus","aspiration:StickyExplosives_weak","BranchBurnRelic","StuffTheSpire:Mouthbags","reliquary:ExpiredCoupon","Ice Cream","Chemical X","reliquary:Firecrackers","trackpad:HandOfMidas","Torii"],"acts_visited":["Exordium","TheCity","TheBeyond","TheEnding"],"potions_floor_usage":[12,16,16,20,21,27,29,33,45,50,55],"damage_taken":[{"damage":0,"enemies":"Cultist","floor":1,"turns":2},{"damage":0,"enemies":"Jaw Worm","floor":2,"turns":2},{"damage":11,"enemies":"Small Slimes","floor":5,"turns":3},{"damage":9,"enemies":"3 Sentries","floor":6,"turns":6},{"damage":0,"enemies":"Lagavulin","floor":8,"turns":3},{"damage":0,"enemies":"3 Louse","floor":11,"turns":2},{"damage":6,"enemies":"Exordium Thugs","floor":12,"turns":2},{"damage":0,"enemies":"Gremlin Nob","floor":14,"turns":3},{"damage":0,"enemies":"Hexaghost","floor":16,"turns":6},{"damage":0,"enemies":"2 Thieves","floor":18,"turns":3},{"damage":0,"enemies":"Chosen","floor":20,"turns":4},{"damage":3,"enemies":"Shelled Parasite and Fungi","floor":21,"turns":3},{"damage":12,"enemies":"Slavers","floor":24,"turns":5},{"damage":0,"enemies":"conspire:HollyBat","floor":25,"turns":6},{"damage":0,"enemies":"Snake Plant","floor":26,"turns":3},{"damage":11,"enemies":"Book of Stabbing","floor":27,"turns":5},{"damage":0,"enemies":"Snake Plant","floor":28,"turns":2},{"damage":0,"enemies":"Snecko","floor":29,"turns":3},{"damage":9,"enemies":"Slavers","floor":31,"turns":4},{"damage":11,"enemies":"conspire:MysteriousRune","floor":33,"turns":5},{"damage":0,"enemies":"Orb Walker","floor":35,"turns":3},{"damage":6,"enemies":"3 Shapes","floor":37,"turns":4},{"damage":13,"enemies":"3 Darklings","floor":39,"turns":4},{"damage":46,"enemies":"Nemesis","floor":40,"turns":7},{"damage":0,"enemies":"Giant Head","floor":42,"turns":5},{"damage":2,"enemies":"Nemesis","floor":45,"turns":6},{"damage":12,"enemies":"beaked:SuperParasite","floor":46,"turns":5},{"damage":0,"enemies":"Sphere and 2 Shapes","floor":47,"turns":2},{"damage":8,"enemies":"hubris:GrandSnecko","floor":50,"turns":6},{"damage":53,"enemies":"Shield and Spear","floor":54,"turns":5},{"damage":35,"enemies":"The Heart","floor":55,"turns":5}],"seed_played":"9057564172976102062","potions_obtained":[{"floor":1,"key":"Swift Potion"},{"floor":6,"key":"infinitespire:BlackPotion"},{"floor":14,"key":"Regen Potion"},{"floor":16,"key":"Weak Potion"},{"floor":18,"key":"SkillPotion"},{"floor":28,"key":"EssenceOfSteel"},{"floor":31,"key":"FearPotion"},{"floor":35,"key":"jedi:wingpotion"},{"floor":40,"key":"LifebloodPotion"}],"is_trial":false,"path_per_floor":["M","M","$","?","M","E","R","E","T","?","M","M","?","E","R","B",null,"M","?","M","M","$","R","E","M","MIM","E","M","M","?","E","R","B",null,"M","AVR","M","?","M","E","R","E","T","R","E","E","M","$","R","B",null,"R","$","E","B"],"character_chosen":"THE_DEFAULT","items_purchased":["theMarked:ComboAttacks+1","BargainBundle","BlackRope","Lee\u0027s Waffle","reliquary:PrincelyHelmet","Dexterity Potion","hexamod:SoulburnPotion","Juzu Bracelet","MealTicket","Ice Cream","Chemical X","reliquary:Firecrackers","theMarked:ParalyzingBlade+1","trackpad:HandOfMidas","SteroidPotion","Elixir"],"campfire_rested":3,"item_purchase_floors":[3,3,3,3,3,3,3,22,22,48,48,48,48,48,48,53],"current_hp_per_floor":[72,72,79,79,68,59,59,59,59,59,59,53,72,72,72,72,77,77,56,58,76,76,76,66,68,70,61,63,65,65,58,79,68,76,78,78,73,73,62,18,41,43,43,66,79,70,72,79,79,71,77,77,79,28,0,0],"gold":36,"neow_bonus":"THREE_RARE_CARDS","is_daily":false,"chose_seed":false,"campfire_upgraded":4,"win_rate":0.0,"timestamp":1614393629,"path_taken":["M","M","$","?","M","E","R","E","T","?","M","M","?","E","R","BOSS","M","?","M","M","$","R","E","M","MIM","E","M","M","?","E","R","BOSS","M","AVR","M","?","M","E","R","E","T","R","E","E","M","$","R","BOSS","R","$","E","BOSS"],"items_purchased_type":["Card","Relic","Relic","Relic","Relic","Potion","Potion","Relic","Relic","Relic","Relic","Relic","Card","Relic","Potion","Potion"],"build_version":"2020-12-22","purchased_purges":4,"victory":false,"max_hp_per_floor":[72,72,79,79,79,79,79,79,79,79,79,79,79,79,79,79,79,79,79,79,79,79,79,79,79,79,79,79,79,79,79,79,79,79,79,79,79,79,79,79,79,79,79,79,79,79,79,79,79,79,79,79,79,79,79,79],"card_choices":[{"not_picked":["theMarked:FavorableWinds","theMarked:MagusForm"],"picked":"theMarked:TakeOffHeels","floor":0},{"not_picked":["theMarked:WastefulAttack+1","theMarked:ChainLightning+1"],"picked":"theMarked:EmpowerWeapon+1","floor":1},{"not_picked":["theMarked:WardOff+1","theMarked:TwofoldDefense+1","theMarked:RepellingDischarge+1"],"picked":"SKIP","floor":2},{"not_picked":["theMarked:CreepingChasm+1","theMarked:Levitate+1"],"picked":"theMarked:SwordAndMagic+1","floor":5},{"not_picked":["theMarked:ChainLightning+1","theMarked:BanishingStrike+1"],"picked":"theMarked:Improvise+1","floor":6},{"not_picked":["theMarked:Indomitable+1","theMarked:Heritage+1","theMarked:Frustration+1"],"picked":"SKIP","floor":8},{"not_picked":["theMarked:Maelstrom+1","theMarked:Memento+1"],"picked":"theMarked:ElectricStrings+1","floor":11},{"not_picked":["theMarked:MysticalArsenal+1","theMarked:BanishingStrike+1","theMarked:Aftermath+1"],"picked":"SKIP","floor":12},{"not_picked":["theMarked:TakeCover+1","theMarked:EnhanceMovement+1","theMarked:Memento+1"],"picked":"SKIP","floor":14},{"not_picked":["theMarked:Snap+1","theMarked:Levitate+1"],"picked":"theMarked:MagusForm+1","floor":16},{"not_picked":["theMarked:Memento+1","theMarked:ResourceFulStrike+1","theMarked:Convert+1"],"picked":"SKIP","floor":18},{"not_picked":["theMarked:BanishingStrike+1","theMarked:Overcharge+1"],"picked":"theMarked:Parkour+1","floor":20},{"not_picked":["theMarked:HeightenedSenses+1","theMarked:Frustration+1","theMarked:TakeCover+1"],"picked":"SKIP","floor":21},{"not_picked":["theMarked:Heritage+1","theMarked:KeepCalmAndFight+1","theMarked:EnhanceMovement+1"],"picked":"SKIP","floor":24},{"not_picked":["theMarked:Heritage+1","theMarked:KeepCalmAndFight+1","theMarked:EnhanceMovement+1"],"picked":"SKIP","floor":24},{"not_picked":["theMarked:PowerFlow+1","theMarked:Aftermath+1","theMarked:LightningStrikesTwice+1"],"picked":"SKIP","floor":25},{"not_picked":["theMarked:ElectricStrings+1","theMarked:BanishingStrike+1","theMarked:LightningStrikesTwice+1"],"picked":"SKIP","floor":27},{"not_picked":["theMarked:SwordAndMagic+1","theMarked:TwofoldDefense+1","theMarked:RepellingDischarge+1"],"picked":"SKIP","floor":28},{"not_picked":["theMarked:Indomitable+1","theMarked:CreepingChasm+1","theMarked:Memento+1"],"picked":"SKIP","floor":29},{"not_picked":["jedi:forcepull+1","Replay:Sssssssssstrike+1"],"picked":"Dramatic Entrance+1","floor":30},{"not_picked":["Flash of Steel+1","Survey Options+1"],"picked":"Replay:BasicMightCard+1","floor":30},{"not_picked":["theMarked:BanishingStrike+1","theMarked:Levitate+1","theMarked:TakeCover+1"],"picked":"SKIP","floor":31},{"not_picked":["theMarked:TakeOffHeels+1","theMarked:FavorableWinds+1"],"picked":"theMarked:EternalStudent+1","floor":33},{"not_picked":["theMarked:WardOff+1","theMarked:SwordAndMagic+1","theMarked:MysticalArsenal+1"],"picked":"SKIP","floor":35},{"not_picked":["theMarked:Parkour+1","theMarked:WastefulAttack+1","theMarked:Overcharge+1"],"picked":"SKIP","floor":37},{"not_picked":["theMarked:WardOff+1","theMarked:EmpowerWeapon+1","theMarked:RepellingDischarge+1"],"picked":"SKIP","floor":39},{"not_picked":["theMarked:GodGivenPower+1","theMarked:Levitate+1","theMarked:Memento+1"],"picked":"SKIP","floor":40},{"not_picked":["theMarked:Memento+1","theMarked:Electrocute+1","theMarked:Overthink+1"],"picked":"SKIP","floor":42},{"not_picked":["theMarked:PowerFlow+1","theMarked:ElectricStrings+1","theMarked:SwordAndMagic+1"],"picked":"SKIP","floor":45},{"not_picked":["theMarked:EmpowerWeapon+1","theMarked:WastefulAttack+1"],"picked":"theMarked:OneWithTheBlade+1","floor":46},{"not_picked":["theMarked:WastefulAttack+1","theMarked:Frustration+1","theMarked:TwofoldDefense+1"],"picked":"SKIP","floor":47},{"not_picked":["theMarked:Convert+1","theMarked:EmpowerWeapon+1","theMarked:BanishingStrike+1"],"picked":"SKIP","floor":54}],"player_experience":3755606,"relics_obtained":[{"floor":6,"key":"reliquary:Stiletto"},{"floor":8,"key":"Calipers"},{"floor":9,"key":"infinitespire:EmpoweringShard"},{"floor":14,"key":"reliquary:QuartzCube"},{"floor":24,"key":"Art of War"},{"floor":27,"key":"Quantum Egg"},{"floor":31,"key":"Anchor"},{"floor":40,"key":"Dead Branch"},{"floor":42,"key":"hubris:FunFungus"},{"floor":43,"key":"aspiration:StickyExplosives_weak"},{"floor":45,"key":"StuffTheSpire:Mouthbags"},{"floor":46,"key":"reliquary:ExpiredCoupon"},{"floor":54,"key":"Torii"}],"event_choices":[{"damage_healed":0,"gold_gain":0,"player_choice":"Simplicity","damage_taken":0,"max_hp_gain":0,"max_hp_loss":9,"event_name":"betterThird:BetterWriting","floor":0,"gold_loss":0},{"damage_healed":0,"gold_gain":0,"player_choice":"Ignored","damage_taken":14,"max_hp_gain":0,"max_hp_loss":0,"event_name":"betterThird:BetterSerpent","floor":4,"gold_loss":0},{"cards_removed":["theMarked:Strike"],"damage_healed":0,"gold_gain":0,"player_choice":"Forget","damage_taken":0,"max_hp_gain":0,"max_hp_loss":0,"event_name":"Living Wall","floor":10,"gold_loss":0},{"damage_healed":19,"gold_gain":0,"player_choice":"Healed","damage_taken":0,"max_hp_gain":0,"max_hp_loss":0,"event_name":"The Cleric","floor":13,"gold_loss":35},{"damage_healed":0,"gold_gain":0,"player_choice":" Vial ","damage_taken":21,"relics_obtained":["Blood Vial"],"max_hp_gain":77,"max_hp_loss":56,"event_name":"betterAltar:BetterAltar","floor":19,"potions_obtained":[],"relics_lost":[],"gold_loss":0},{"damage_healed":0,"gold_gain":2,"player_choice":"1","damage_taken":0,"max_hp_gain":0,"max_hp_loss":0,"event_name":"betterStone:BetterStone","floor":30,"gold_loss":0},{"damage_healed":0,"gold_gain":0,"player_choice":"Leave","damage_taken":0,"max_hp_gain":0,"max_hp_loss":0,"event_name":"conspire:Investor","floor":38,"gold_loss":0}],"is_beta":false,"boss_relics":[{"not_picked":["bronze:MakeshiftBattery","jedi:paperlyon","Replay:Bronze Core"]},{"not_picked":["Ring of Chaos","reliquary:ThirdArm"],"picked":"CosmicIsotope"}],"items_purged_floors":[3,22,36,48],"is_endless":false,"potions_floor_spawned":[1,6,14,16,18,20,28,31,35,40],"killed_by":"The Heart","ascension_level":10}}