{"host":"s41rn2jhghpwfrvz","time":1614434471,"event":{"mods":["BaseMod","Minty Spire (QoL Compilation)","Quick Restart","Relic Stats","SuperFastMode"],"gold_per_floor":[112,112,136,161,176,209,229,267,339,373,523,523,523],"floor_reached":12,"language":"ENG","playtime":430,"items_purged":[],"score":350,"play_id":"7ad29d8b-d4a9-4a90-bc17-7281f5dc45e4","local_time":"20210227160111","daily_mods":["SealedDeck","Diverse","Elite Swarm"],"is_ascension_mode":true,"campfire_choices":[],"circlet_count":0,"master_deck":["AscendersBane","Metallicize","Undo","PathToVictory","Metallicize","Fire Breathing","Shrug It Off","Pommel Strike","Evolve","Second Wind","Power Through","Establishment","Doubt"],"relics":["Burning Blood","Golden Idol","Bird Faced Urn","TungstenRod","Gambling Chip"],"acts_visited":["Exordium"],"potions_floor_usage":[8,12,12],"damage_taken":[{"damage":11,"enemies":"Small Slimes","floor":1,"turns":3},{"damage":0,"enemies":"Cultist","floor":3,"turns":5},{"damage":0,"enemies":"Jaw Worm","floor":4,"turns":6},{"damage":1,"enemies":"Large Slime","floor":5,"turns":4},{"damage":0,"enemies":"Lagavulin","floor":6,"turns":6},{"damage":21,"enemies":"Exordium Wildlife","floor":7,"turns":5},{"damage":19,"enemies":"Gremlin Nob","floor":8,"turns":5},{"damage":0,"enemies":"Lagavulin","floor":10,"turns":4},{"damage":89,"enemies":"Gremlin Nob","floor":12,"turns":7}],"seed_played":"3018415196222632409","potions_obtained":[{"floor":4,"key":"Explosive Potion"},{"floor":7,"key":"Energy Potion"},{"floor":10,"key":"BlessingOfTheForge"}],"is_trial":true,"path_per_floor":["M","?","M","M","M","E","M","E","T","E","?","E"],"character_chosen":"IRONCLAD","items_purchased":[],"campfire_rested":0,"item_purchase_floors":[],"current_hp_per_floor":[63,37,43,49,54,60,55,52,52,68,68,0,0],"gold":523,"neow_bonus":"","is_daily":false,"chose_seed":false,"campfire_upgraded":0,"win_rate":0.0,"timestamp":1614434471,"path_taken":["M","?","M","M","M","E","M","E","T","E","?","E"],"items_purchased_type":[],"build_version":"2020-12-22","purchased_purges":0,"victory":false,"max_hp_per_floor":[75,75,75,75,75,75,75,75,75,75,75,75,75],"relic_stats":{"counters":[9,45],"Golden Idol":39,"Bird Faced Urn":[37],"Gambling Chip":[1],"obtain_stats":[{"Golden Idol":2,"Bird Faced Urn":6,"Gambling Chip":10,"Burning Blood":0,"TungstenRod":8},{"Golden Idol":1,"Bird Faced Urn":5,"Gambling Chip":8,"Burning Blood":0,"TungstenRod":7},{"Golden Idol":3,"Bird Faced Urn":24,"Gambling Chip":38,"Burning Blood":0,"TungstenRod":34}],"Burning Blood":48,"TungstenRod":3},"card_choices":[{"not_picked":["Underhanded Strike","Halt","Cleave"],"picked":"SKIP","floor":1},{"not_picked":["Iron Wave","Evaluate","Protect"],"picked":"SKIP","floor":3},{"not_picked":["Leap","Indignation","Heel Hook"],"picked":"SKIP","floor":4},{"not_picked":["Coolheaded","Wild Strike","Ghostly Armor"],"picked":"SKIP","floor":5},{"not_picked":["Rainbow","Malaise"],"picked":"Establishment","floor":6},{"not_picked":["Hello World","Coolheaded","Rebound"],"picked":"SKIP","floor":7},{"not_picked":["Hyperbeam","Double Tap","Bullet Time"],"picked":"SKIP","floor":8},{"not_picked":["Fiend Fire","Storm of Steel","Tools of the Trade"],"picked":"SKIP","floor":10}],"player_experience":2050862,"relics_obtained":[{"floor":6,"key":"Bird Faced Urn"},{"floor":8,"key":"TungstenRod"},{"floor":10,"key":"Gambling Chip"}],"event_choices":[{"damage_healed":0,"gold_gain":0,"player_choice":"Take Damage","damage_taken":26,"relics_obtained":["Golden Idol"],"max_hp_gain":0,"max_hp_loss":0,"event_name":"Golden Idol","floor":2,"gold_loss":0},{"damage_healed":0,"gold_gain":150,"player_choice":"AGREE","damage_taken":0,"max_hp_gain":0,"max_hp_loss":0,"event_name":"Liars Game","floor":11,"gold_loss":0,"cards_obtained":["Doubt"]}],"is_beta":false,"boss_relics":[],"items_purged_floors":[],"is_endless":false,"potions_floor_spawned":[4,7,10],"killed_by":"Gremlin Nob","ascension_level":20}}