{"host":"7b9o5l52q07whoyx","time":1614407955,"event":{"mods":["BaseMod","Bestiary","BetterRewards","Colored Powertips","Duelist Mod","GifTheSpireLib","JesterMod","Luminous","Minty Spire (QoL Compilation)","Relic Stats","Shop Mod","StSLib","Td1madao Mod","The Cursed","The Exalted","The Necromancer"],"gold_per_floor":[140,140,101,114,4,4,16,49,49,14,27,27,27,39,39,159,159,171,171,63,75,89,89,103,103,127,140,140,168,168,206,206,307,307,319,47,97,144,44,44,54,54,80,90,9,9,9,9,9,9],"floor_reached":51,"language":"ENG","playtime":5323,"items_purged":["theDuelist:Sparks","theDuelist:Sparks"],"score":838,"play_id":"85ca453c-0203-4e72-aa9c-cced292da28f","local_time":"20210226223915","is_ascension_mode":false,"campfire_choices":[{"data":"theDuelist:PurplePainOni","floor":6,"key":"SMITH"},{"data":"theDuelist:Mudora","floor":13,"key":"SMITH"},{"data":"theDuelist:GreyGreedOni","floor":15,"key":"SMITH"},{"floor":23,"key":"REST"},{"data":"theDuelist:CoreBlaster","floor":28,"key":"SMITH"},{"data":"theDuelist:SpiralSpearStrike","floor":30,"key":"SMITH"},{"floor":32,"key":"REST"},{"floor":40,"key":"REST"},{"floor":42,"key":"REST"},{"data":"theDuelist:SpiralSpearStrike+1","floor":49,"key":"SMITH"}],"circlet_count":0,"master_deck":["theDuelist:BeaverWarrior","theDuelist:BeaverWarrior","theDuelist:CastleWalls","theDuelist:CastleWalls","theDuelist:FinalFlame+1","theDuelist:GiantSoldier","theDuelist:GiantSoldier","theDuelist:ScrapFactory","theDuelist:CoreBlaster+1","theDuelist:PurplePainOni+1","theDuelist:LegendHeart","theDuelist:PsychicShockwave+1","theDuelist:MudragonSwamp","theDuelist:Hinotama","theDuelist:Mudora+1","theDuelist:GreyGreedOni+1","theDuelist:ElectromagneticShield","theDuelist:WormKing","theDuelist:PowerWall","theDuelist:MillenniumShield+1","theDuelist:SangaEarth+1","theDuelist:WhiteMagicalHat+1","theDuelist:SpiralSpearStrike+2","theDuelist:GolemSentry","theDuelist:KamionTimelord","theDuelist:FluteKuriboh+1","Master of Strategy","theDuelist:MiraculousDescent+1","theDuelist:RainbowNeos+1","theDuelist:BlueBloodedOni","Parasite","theDuelist:CombinationAttack","theDuelist:HarpieFeather+1","theDuelist:FeatherPho","theDuelist:SolarWindJammer"],"relics":["theDuelist:MillenniumPuzzle","theDuelist:CardPoolRelic","theDuelist:CardPoolBasicRelic","theDuelist:BoosterPackPoolRelic","theDuelist:CardPoolAddRelic","theDuelist:CardPoolMinusRelic","theDuelist:CardPoolSaveRelic","theDuelist:CardPoolOptionsRelic","theDuelist:BoosterPackHealer","theDuelist:DuelistOrichalcum","theDuelist:ElectricToken","SacredBark","theDuelist:ZoneToken","Whetstone","Sundial","Runic Cube","TungstenRod","WingedGreaves","Bromod:ArcanePistoleer","Prayer Wheel","Bromod:ArcaneConsequence"],"acts_visited":["Exordium","TheCity","TheBeyond"],"potions_floor_usage":[16,18,21,33,33,37,50],"damage_taken":[{"damage":0,"enemies":"Jaw Worm","floor":1,"turns":5},{"damage":0,"enemies":"Small Slimes","floor":4,"turns":3},{"damage":0,"enemies":"2 Louse","floor":7,"turns":3},{"damage":15,"enemies":"Gremlin Nob","floor":8,"turns":4},{"damage":3,"enemies":"Looter","floor":11,"turns":3},{"damage":0,"enemies":"2 Fungi Beasts","floor":14,"turns":1},{"damage":0,"enemies":"Slime Boss","floor":16,"turns":6},{"damage":26,"enemies":"2 Thieves","floor":18,"turns":4},{"damage":12,"enemies":"Spheric Guardian","floor":21,"turns":4},{"damage":16,"enemies":"Snake Plant","floor":22,"turns":5},{"damage":2,"enemies":"Snecko","floor":24,"turns":3},{"damage":0,"enemies":"Cultist and Chosen","floor":27,"turns":3},{"damage":0,"enemies":"theDuelist:KaibaA2","floor":29,"turns":4},{"damage":18,"enemies":"Sentry and Sphere","floor":31,"turns":4},{"damage":40,"enemies":"Automaton","floor":33,"turns":6},{"damage":23,"enemies":"3 Shapes","floor":35,"turns":3},{"damage":16,"enemies":"Mind Bloom Boss Battle","floor":37,"turns":4},{"damage":17,"enemies":"Mind Bloom Boss Battle","floor":38,"turns":10},{"damage":11,"enemies":"3 Darklings","floor":41,"turns":5},{"damage":18,"enemies":"Writhing Mass","floor":44,"turns":6},{"damage":25,"enemies":"Donu and Deca","floor":50,"turns":12}],"seed_played":"-4286287957193434252","potions_obtained":[{"floor":4,"key":"theDuelist:BurningPotionB"},{"floor":8,"key":"theDuelist:TributeBottle"},{"floor":11,"key":"Explosive Potion"},{"floor":16,"key":"theDuelist:IcePotion"},{"floor":21,"key":"CunningPotion"},{"floor":31,"key":"LiquidBronze"},{"floor":33,"key":"SneckoOil"},{"floor":38,"key":"Swift Potion"}],"is_trial":false,"path_per_floor":["M","?","?","M","$","R","M","E","T","?","M","T","R","M","R","B",null,"M","?","$","M","M","R","M","?","T","M","R","E","R","M","R","B",null,"M","$","?","?","$","R","M","R","T","M","$","$","?","?","R","B",null],"character_chosen":"THE_DUELIST","items_purchased":["theDuelist:LegendHeart","theDuelist:PsychicShockwave","theDuelist:WormKing","theDuelist:PowerWall","Master of Strategy","theDuelist:FeatherPho"],"campfire_rested":4,"item_purchase_floors":[5,5,20,20,36,45],"current_hp_per_floor":[88,93,93,93,93,93,93,78,78,93,93,93,93,93,93,93,93,79,79,79,75,63,90,92,86,86,90,90,93,93,79,93,53,93,74,74,58,61,61,93,88,109,109,101,101,101,101,105,105,80],"gold":9,"neow_bonus":"TEN_PERCENT_HP_BONUS","is_daily":false,"chose_seed":false,"campfire_upgraded":6,"win_rate":0.0,"timestamp":1614407955,"path_taken":["M","?","?","M","$","R","M","E","T","?","M","?","R","M","R","BOSS","M","?","?","M","M","R","M","?","T","M","R","E","R","M","R","BOSS","M","$","?","?","?","R","M","R","T","?","$","$","?","?","R","BOSS"],"items_purchased_type":["Card","Card","Card","Card","Card","Card"],"build_version":"2020-12-22","purchased_purges":2,"victory":true,"max_hp_per_floor":[88,93,93,93,93,93,93,93,93,93,93,93,93,93,93,93,93,93,93,93,93,93,93,93,93,93,93,93,93,93,93,93,93,93,93,93,93,109,109,109,109,109,109,109,109,109,109,109,109,109],"relic_stats":{"counters":[21,98],"Sundial":[6],"Prayer Wheel":2,"Whetstone":["theDuelist:FinalFlame","theDuelist:PsychicShockwave"],"obtain_stats":[{"theDuelist:DuelistOrichalcum":9,"SacredBark":17,"theDuelist:BoosterPackHealer":8,"Bromod:ArcanePistoleer":38,"theDuelist:MillenniumPuzzle":0,"theDuelist:CardPoolSaveRelic":0,"Whetstone":26,"Bromod:ArcaneConsequence":43,"theDuelist:BoosterPackPoolRelic":0,"theDuelist:CardPoolMinusRelic":0,"theDuelist:ElectricToken":12,"Sundial":29,"theDuelist:CardPoolBasicRelic":0,"theDuelist:ZoneToken":25,"Prayer Wheel":38,"theDuelist:CardPoolAddRelic":0,"WingedGreaves":38,"theDuelist:CardPoolOptionsRelic":0,"TungstenRod":37,"theDuelist:CardPoolRelic":0,"Runic Cube":34},{"theDuelist:DuelistOrichalcum":4,"SacredBark":7,"theDuelist:BoosterPackHealer":4,"Bromod:ArcanePistoleer":18,"theDuelist:MillenniumPuzzle":0,"theDuelist:CardPoolSaveRelic":0,"Whetstone":11,"Bromod:ArcaneConsequence":19,"theDuelist:BoosterPackPoolRelic":0,"theDuelist:CardPoolMinusRelic":0,"theDuelist:ElectricToken":5,"Sundial":13,"theDuelist:CardPoolBasicRelic":0,"theDuelist:ZoneToken":11,"Prayer Wheel":18,"theDuelist:CardPoolAddRelic":0,"WingedGreaves":18,"theDuelist:CardPoolOptionsRelic":0,"TungstenRod":17,"theDuelist:CardPoolRelic":0,"Runic Cube":15},{"theDuelist:DuelistOrichalcum":15,"SacredBark":25,"theDuelist:BoosterPackHealer":15,"Bromod:ArcanePistoleer":75,"theDuelist:MillenniumPuzzle":0,"theDuelist:CardPoolSaveRelic":0,"Whetstone":41,"Bromod:ArcaneConsequence":80,"theDuelist:BoosterPackPoolRelic":0,"theDuelist:CardPoolMinusRelic":0,"theDuelist:ElectricToken":18,"Sundial":48,"theDuelist:CardPoolBasicRelic":0,"theDuelist:ZoneToken":41,"Prayer Wheel":75,"theDuelist:CardPoolAddRelic":0,"WingedGreaves":75,"theDuelist:CardPoolOptionsRelic":0,"TungstenRod":65,"theDuelist:CardPoolRelic":0,"Runic Cube":58}],"TungstenRod":10,"Runic Cube":[16]},"card_choices":[{"not_picked":["theDuelist:MeteorDestruction","theDuelist:Hinotama","theDuelist:DoubleTool","theDuelist:VendreadCharge"],"picked":"theDuelist:CoreBlaster","floor":1},{"not_picked":["theDuelist:DestroyerGolem","theDuelist:HammerShot","theDuelist:Reload","theDuelist:CatapultZone"],"picked":"theDuelist:PurplePainOni","floor":4},{"not_picked":["theDuelist:BigFire","theDuelist:LightningVortex","theDuelist:MudGolem","theDuelist:Raigeki"],"picked":"theDuelist:MudragonSwamp","floor":7},{"not_picked":["theDuelist:SpellShatteringArrow","theDuelist:MeteorDestruction","theDuelist:CoreBlaster","theDuelist:SilentDoom"],"picked":"theDuelist:Hinotama","floor":8},{"not_picked":["theDuelist:BattleguardKing","theDuelist:EarthquakeGiant","theDuelist:MillenniumGolem","theDuelist:PowerGiant"],"picked":"theDuelist:Mudora","floor":11},{"not_picked":["theDuelist:RainbowNeos","theDuelist:Eva","theDuelist:PurplePainOni","theDuelist:RainbowOverdragon"],"picked":"theDuelist:GreyGreedOni","floor":14},{"not_picked":["theDuelist:LegendarySword","theDuelist:BlackPendant+1","theDuelist:Electrowhip+1","theDuelist:BerserkerCrush"],"picked":"theDuelist:ElectromagneticShield","floor":18},{"not_picked":["theDuelist:SwordsRevealing","theDuelist:Raigeki+1","theDuelist:GridRod","theDuelist:KamionTimelord"],"picked":"theDuelist:MillenniumShield+1","floor":21},{"not_picked":["theDuelist:MeteorDestruction+1","theDuelist:Hinotama","theDuelist:SparkBlaster","theDuelist:CoreBlaster"],"picked":"theDuelist:SangaEarth+1","floor":22},{"not_picked":["theDuelist:SpiritHarp","theDuelist:SangaEarth+1","theDuelist:FrontierWiseman","theDuelist:Eva"],"picked":"theDuelist:WhiteMagicalHat+1","floor":24},{"not_picked":["theDuelist:PowerKaishin+1","theDuelist:Eva","theDuelist:LightningVortex","theDuelist:PreventRat"],"picked":"theDuelist:SpiralSpearStrike","floor":27},{"not_picked":["theDuelist:BlockGolem+1","theDuelist:GemElephant","theDuelist:GiantSoldierSteel","theDuelist:MagicHoleGolem"],"picked":"theDuelist:GolemSentry","floor":29},{"not_picked":["theDuelist:LightningVortex","theDuelist:CoreBlaster","theDuelist:MagicalStone","theDuelist:AfterTheStorm+1","theDuelist:BlackPendant"],"picked":"SKIP","floor":31},{"not_picked":["theDuelist:SwordsConcealing","theDuelist:InstantFusion","theDuelist:GravityLash","theDuelist:FeatherShot"],"picked":"theDuelist:KamionTimelord","floor":33},{"not_picked":["theDuelist:InfernoFireBlast","theDuelist:PreventRat","theDuelist:GravityAxe+1","theDuelist:MagicalStone"],"picked":"theDuelist:FluteKuriboh+1","floor":35},{"not_picked":["theDuelist:GravityAxe+1","theDuelist:Electrowhip+1","theDuelist:ElectromagneticShield+1","theDuelist:WhiteHowling+1"],"picked":"theDuelist:MiraculousDescent+1","floor":38},{"not_picked":["theDuelist:HappyLover","theDuelist:Eva+1","theDuelist:RainbowKuriboh+1","theDuelist:RainbowOverdragon+1"],"picked":"theDuelist:RainbowNeos+1","floor":41},{"not_picked":["theDuelist:WormWarlord","theDuelist:RainbowKuriboh","theDuelist:PotDichotomy+1","theDuelist:MudGolem+1"],"picked":"theDuelist:BlueBloodedOni","floor":41},{"not_picked":["theDuelist:CoreBlaster","theDuelist:PowerKaishin","theDuelist:GravityAxe+1","theDuelist:ElectromagneticShield+1"],"picked":"theDuelist:CombinationAttack","floor":44},{"not_picked":["theDuelist:FuryFire","theDuelist:WormApocalypse","theDuelist:GauntletWarrior+1","theDuelist:RedHeadedOni"],"picked":"theDuelist:HarpieFeather+1","floor":44},{"not_picked":["theDuelist:Sangan","theDuelist:SangaEarth","theDuelist:CharcoalInpachi+1","theDuelist:RainbowNeos"],"picked":"theDuelist:SolarWindJammer","floor":48}],"player_experience":199379,"relics_obtained":[{"floor":8,"key":"theDuelist:BoosterPackHealer"},{"floor":9,"key":"theDuelist:DuelistOrichalcum"},{"floor":12,"key":"theDuelist:ElectricToken"},{"floor":26,"key":"Whetstone"},{"floor":29,"key":"Sundial"},{"floor":37,"key":"TungstenRod"},{"floor":38,"key":"WingedGreaves"},{"floor":38,"key":"Bromod:ArcanePistoleer"},{"floor":38,"key":"Prayer Wheel"},{"floor":43,"key":"Bromod:ArcaneConsequence"}],"event_choices":[{"damage_healed":0,"gold_gain":0,"player_choice":"Donut","damage_taken":0,"max_hp_gain":5,"max_hp_loss":0,"event_name":"Big Fish","floor":2,"gold_loss":0},{"damage_healed":0,"gold_gain":0,"player_choice":"Left Gold","damage_taken":0,"max_hp_gain":0,"max_hp_loss":0,"event_name":"World of Goop","floor":3,"gold_loss":39},{"damage_healed":23,"gold_gain":0,"player_choice":"Healed","damage_taken":0,"max_hp_gain":0,"max_hp_loss":0,"event_name":"The Cleric","floor":10,"gold_loss":35},{"damage_healed":0,"gold_gain":0,"player_choice":"Leave","duelist":true,"damage_taken":0,"max_hp_gain":0,"max_hp_loss":0,"event_name":"Relic Duplicator","floor":19,"gold_loss":0},{"damage_healed":0,"gold_gain":0,"player_choice":"Dig - random Duelist relic","duelist":true,"damage_taken":0,"max_hp_gain":0,"max_hp_loss":0,"event_name":"Aknamkanon\u0027s Tomb","floor":25,"gold_loss":0},{"damage_healed":0,"gold_gain":0,"player_choice":"Fight","damage_taken":0,"max_hp_gain":0,"max_hp_loss":0,"event_name":"MindBloom","floor":37,"gold_loss":0},{"damage_healed":0,"gold_gain":0,"player_choice":"Fight","duelist":true,"damage_taken":0,"max_hp_gain":0,"max_hp_loss":0,"event_name":"Battle City","floor":38,"gold_loss":0},{"damage_healed":0,"gold_gain":0,"player_choice":"Leave","duelist":true,"damage_taken":0,"max_hp_gain":0,"max_hp_loss":0,"event_name":"Relic Duplicator","floor":47,"gold_loss":0},{"damage_healed":0,"gold_gain":0,"player_choice":"Memory 1","damage_taken":0,"max_hp_gain":0,"max_hp_loss":0,"event_name":"SensoryStone","floor":48,"gold_loss":0}],"is_beta":false,"boss_relics":[{"not_picked":["Velvet Choker","Pandora\u0027s Box"],"picked":"SacredBark"},{"not_picked":["Astrolabe","Runic Dome"],"picked":"Runic Cube"}],"items_purged_floors":[36,39],"is_endless":false,"potions_floor_spawned":[4,8,11,16,21,29,31,33,38],"ascension_level":0}}