{"host":"4amcrcg6ktw8dbzk","time":1614392464,"event":{"mods":["BaseMod","Challenge The Spire","Dota2Spire","Minty Spire (QoL Compilation)","MostiFishMod","Shop Mod","Spicy Shops","StSLib","The Servant 0.9.4","Yuri Mod"],"gold_per_floor":[616,616,649,679,714,714,388,388,421,446,476,488,500,500,526,551,578,640],"floor_reached":19,"language":"ZHS","playtime":576,"items_purged":["Strike_R","Strike_R","Strike_R","Defend_R"],"score":545,"play_id":"8f7795f1-c0b8-428a-8aeb-fda0312cdf1b","local_time":"20210227102104","daily_mods":["challengethespire:Bronze Difficulty","challengethespire:Elite Rush","Uncertain Future"],"is_ascension_mode":false,"campfire_choices":[{"data":"Sword Boomerang","floor":2.0,"key":"SMITH"},{"data":"Apotheosis","floor":14,"key":"SMITH"}],"circlet_count":0,"master_deck":["Strike_R","Strike_R","Defend_R","Defend_R","Defend_R","Bash","Sword Boomerang+1","Whirlwind","Battle Trance","Reaper","Apotheosis+1","Reaper+1","Shrug It Off","Second Wind","MostiFishMod:RainCloud+1","Shrug It Off","MostiFishMod:Chiaki"],"relics":["Burning Blood","Black Star","Sling","PreservedInsect","DaveBox","ShadowXiaoBlade","Shuriken","Meat on the Bone","Dota2Spire:LinkenSphere","Vajra","Omamori","BionicSphere","Art of War","Transparent","Sundial","DiscerningMonocle","Eternal Feather","Dota2Spire:UrnOfShadows","Gremlin Horn","Cauldron","Anchor","Akabeko","Regal Pillow","HandDrill","DollysMirror","Dota2Spire:ArcaneBoots","Nunchaku","Dota2Spire:LotusOrb","Centennial Puzzle","Pen Nib","Whetstone","MawBank","JellyFishMachine","Bottled Lightning","Dota2Spire:EchoSabre","Dota2Spire:ArmletOfMordiggian","Lantern","Civilization","Champion Belt","Darkstone Periapt","Dota2Spire:ShadowBlade","StrikeDummy","Dota2Spire:Vanguard","Dota2Spire:HandOfMidas","Orichalcum","ImprovedEquipment"],"acts_visited":["Exordium"],"potions_floor_usage":[],"damage_taken":[{"damage":0.0,"enemies":"Gremlin Nob","floor":3.0,"turns":1.0},{"damage":0.0,"enemies":"3 Sentries","floor":4.0,"turns":2.0},{"damage":0.0,"enemies":"Lagavulin","floor":5.0,"turns":4.0},{"damage":32.0,"enemies":"Book of Stabbing","floor":9.0,"turns":2.0},{"damage":16.0,"enemies":"Slavers","floor":10.0,"turns":1.0},{"damage":16.0,"enemies":"Gremlin Leader","floor":11.0,"turns":1.0},{"damage":32,"enemies":"Reptomancer","floor":15,"turns":2},{"damage":16,"enemies":"Nemesis","floor":16,"turns":1},{"damage":32,"enemies":"Giant Head","floor":17,"turns":2},{"damage":34,"enemies":"Shield and Spear","floor":18,"turns":2}],"seed_played":"-4178165989541854280","potions_obtained":[{"floor":4.0,"key":"SkillPotion"},{"floor":5.0,"key":"SpeedPotion"},{"floor":7.0,"key":"SteroidPotion"},{"floor":7.0,"key":"Energy Potion"}],"is_trial":true,"path_per_floor":["$","R","E","E","E","T","$","$","E","E","E","T","$","R","E","E","E","E",null],"character_chosen":"IRONCLAD","items_purchased":["Shuriken","Sword Boomerang","Sundial","DiscerningMonocle","Apotheosis","Eternal Feather","Dota2Spire:UrnOfShadows","Gremlin Horn","Cauldron","Anchor","Akabeko","Regal Pillow","HandDrill","DollysMirror","Dota2Spire:ArcaneBoots","Shrug It Off","Swift Potion","Bottled Lightning","Dota2Spire:EchoSabre","Dota2Spire:ArmletOfMordiggian","Lantern","Civilization"],"campfire_rested":0,"item_purchase_floors":[1,1,7,7,7,7,7,7,7,8,8,8,8,8,8,8,8,13,13,13,13,13],"current_hp_per_floor":[80,80,80,80,80,80,80,80,80,80,80,80,80,80,81,83,86,91],"gold":640,"neow_bonus":"","is_daily":false,"chose_seed":false,"campfire_upgraded":2,"win_rate":0.0,"timestamp":1614392464,"path_taken":["$","R","E","E","E","T","$","$","E","E","E","T","$","R","E","E","E","E"],"items_purchased_type":["Relic","Card","Relic","Relic","Card","Relic","Relic","Relic","Relic","Relic","Relic","Relic","Relic","Relic","Relic","Card","Potion","Relic","Relic","Relic","Relic","Relic"],"build_version":"2020-12-22","purchased_purges":4,"victory":true,"max_hp_per_floor":[80,80,80,80,80,80,80,80,80,80,80,80,80,80,81,83,86,91],"card_choices":[],"player_experience":440132,"relics_obtained":[{"floor":3.0,"key":"Meat on the Bone"},{"floor":3.0,"key":"Dota2Spire:LinkenSphere"},{"floor":4.0,"key":"Vajra"},{"floor":4.0,"key":"Omamori"},{"floor":5.0,"key":"BionicSphere"},{"floor":5.0,"key":"Art of War"},{"floor":9.0,"key":"Nunchaku"},{"floor":9.0,"key":"Dota2Spire:LotusOrb"},{"floor":10.0,"key":"Centennial Puzzle"},{"floor":10.0,"key":"Pen Nib"},{"floor":11.0,"key":"Whetstone"},{"floor":11.0,"key":"MawBank"},{"floor":15,"key":"Champion Belt"},{"floor":15,"key":"Darkstone Periapt"},{"floor":16,"key":"Dota2Spire:ShadowBlade"},{"floor":16,"key":"StrikeDummy"},{"floor":17,"key":"Dota2Spire:Vanguard"},{"floor":17,"key":"Dota2Spire:HandOfMidas"},{"floor":18,"key":"Orichalcum"},{"floor":18,"key":"ImprovedEquipment"}],"event_choices":[],"is_beta":false,"boss_relics":[{"not_picked":["EE1DDrone","OneHitWonderSystem"],"picked":"Transparent"},{"not_picked":["MoonlightInvasionPlan","Astrolabe"],"picked":"JellyFishMachine"}],"items_purged_floors":[1,7,8,13],"is_endless":false,"potions_floor_spawned":[4,5,10,15],"ascension_level":0}}