{"host":"jfbo3eu2ui08ej1u","time":1614411563,"event":{"mods":["2.2 Compatiblity","AchievementEnabler","Act Like it!","Aspiration","BaseMod","Better Altar","Better Match","Better Note","Better Sensory Stone","Better Skull","Better Third Choice","Block Reminder","Colored Map","Colored Powertips","Conspire","DeckTracker","Displayed Cursed Tome","Energized Spire","Fox Events","GifTheSpireLib","Hermit","Hubris","Infinite Spire","Marked Mod","Minty Spire (QoL Compilation)","Monster B Gone","Pale of the Ancients","Poor People Problems","Quick Restart","Relic Filter","Reliquary","Reorder Act Four","Replay The Spire","Shop Mod","Spicy Shops","Spire Arcade","StSLib","Stuff the Spire","The Blue Laboratory","The Disciple","The Forsaken","The Hierophant","The Marked","Uncapped","Unceasing Turn Reminder","Wandering Minibosses"],"gold_per_floor":[113,130,143,155,172,172,172,172],"floor_reached":7,"language":"ENG","playtime":251,"items_purged":[],"score":90,"play_id":"d08675ad-e9e8-466e-887a-efa1444cbd0b","local_time":"20210227023923","is_ascension_mode":true,"campfire_choices":[{"data":"StuffTheSpire:LoadUp","floor":6.0,"key":"SMITH"}],"circlet_count":0,"master_deck":["AscendersBane","Strike_B","Strike_B","Strike_B","Defend_B","Defend_B","Defend_B","Zap","Dualcast","Hologram","StuffTheSpire:LoadUp+1","Undo","Defragment","Panic Button"],"relics":["Cracked Core"],"acts_visited":["Exordium"],"potions_floor_usage":[],"damage_taken":[{"damage":4.0,"enemies":"Small Slimes","floor":1.0,"turns":4.0},{"damage":1.0,"enemies":"Cultist","floor":2.0,"turns":3.0},{"damage":2.0,"enemies":"2 Louse","floor":3.0,"turns":3.0},{"damage":6.0,"enemies":"Looter","floor":4.0,"turns":3.0},{"damage":13.0,"enemies":"2 Fungi Beasts","floor":5.0,"turns":3.0},{"damage":41,"enemies":"3 Sentries","floor":7,"turns":8}],"seed_played":"-7986574033098281302","potions_obtained":[{"floor":4.0,"key":"blueLaboratory:BottleOfRum"}],"is_trial":false,"path_per_floor":["M","M","M","M","M","R","E"],"character_chosen":"DEFECT","items_purchased":[],"campfire_rested":0,"item_purchase_floors":[],"current_hp_per_floor":[60,59,57,51,38,38,0,0],"gold":172,"neow_bonus":"REMOVE_TWO","is_daily":false,"chose_seed":false,"campfire_upgraded":1,"win_rate":0.0,"timestamp":1614411563,"path_taken":["M","M","M","M","M","R","E"],"items_purchased_type":[],"build_version":"2020-12-22","purchased_purges":0,"victory":false,"max_hp_per_floor":[64,64,64,64,64,64,64,64],"card_choices":[{"not_picked":["Turbo","White Noise"],"picked":"Hologram","floor":1.0},{"not_picked":["Barrage","StuffTheSpire:ShieldGenerator"],"picked":"StuffTheSpire:LoadUp","floor":2.0},{"not_picked":["Chill","Hello World"],"picked":"Undo","floor":3.0},{"not_picked":["Force Field","Panic Button"],"picked":"Defragment","floor":4.0},{"not_picked":["Steam Power","ReplayTheSpireMod:Reroute Power"],"picked":"Panic Button","floor":5.0}],"player_experience":1392094,"relics_obtained":[],"event_choices":[],"is_beta":false,"boss_relics":[],"items_purged_floors":[],"is_endless":false,"potions_floor_spawned":[4],"killed_by":"3 Sentries","ascension_level":20}}