{"host":"0fd22hpf43j6tvvm","time":1614447369,"event":{"mods":["AchievementEnabler","BaseMod","Colored Map","Minty Spire (QoL Compilation)","Relic Stats"],"gold_per_floor":[112,112,112,133,148,187,187,228,254,297,9,0,0,43,43,138,138,162,178,178,178,178],"floor_reached":21,"language":"ENG","playtime":918,"items_purged":["Strike_P"],"score":379,"play_id":"f267a6a3-6cf7-46da-8a8d-ee1e3611fa30","local_time":"20210227123609","is_ascension_mode":true,"campfire_choices":[{"floor":7.0,"key":"REST"},{"data":"LikeWater","floor":15,"key":"SMITH"}],"circlet_count":0,"master_deck":["AscendersBane","Strike_P","Strike_P","Defend_P","Defend_P","Defend_P","Defend_P","Eruption","Vigilance","Alpha","Evaluate","Tantrum","Perseverance","PathToVictory","LikeWater+1","EmptyFist","PathToVictory","Evaluate","Omniscience","BowlingBash+1","EmptyBody"],"relics":["PureWater","Golden Idol","Nunchaku","MealTicket","Pantograph","Pen Nib","Bronze Scales","Molten Egg 2","SlaversCollar","Nloth\u0027s Gift"],"acts_visited":["Exordium","TheCity"],"potions_floor_usage":[10,18,21],"damage_taken":[{"damage":3.0,"enemies":"Cultist","floor":1.0,"turns":4.0},{"damage":23.0,"enemies":"Small Slimes","floor":4.0,"turns":4.0},{"damage":0.0,"enemies":"2 Louse","floor":5.0,"turns":3.0},{"damage":15.0,"enemies":"3 Sentries","floor":6.0,"turns":4.0},{"damage":11.0,"enemies":"Lagavulin","floor":8.0,"turns":5.0},{"damage":7,"enemies":"3 Sentries","floor":10,"turns":4},{"damage":3,"enemies":"Lagavulin","floor":14,"turns":6},{"damage":21,"enemies":"Hexaghost","floor":16,"turns":7},{"damage":31,"enemies":"Shell Parasite","floor":18,"turns":4},{"damage":14,"enemies":"2 Thieves","floor":19,"turns":4},{"damage":12,"enemies":"Snake Plant","floor":21,"turns":1}],"seed_played":"9096402758966281262","potions_obtained":[{"floor":6.0,"key":"Ancient Potion"},{"floor":8.0,"key":"PowerPotion"},{"floor":14,"key":"GamblersBrew"},{"floor":19,"key":"Explosive Potion"}],"is_trial":false,"path_per_floor":["M","?","?","M","M","E","R","E","T","E","$","?","?","E","R","B",null,"M","M","?","M"],"character_chosen":"WATCHER","items_purchased":["PathToVictory","Bronze Scales"],"campfire_rested":1,"item_purchase_floors":[11,11],"current_hp_per_floor":[58,58,40,17,17,2,20,9,9,2,17,17,17,14,14,18,51,20,6,6,0,0],"gold":178,"neow_bonus":"ONE_RANDOM_RARE_CARD","is_daily":false,"chose_seed":false,"campfire_upgraded":1,"win_rate":0.0,"timestamp":1614447369,"path_taken":["M","?","?","M","M","E","R","E","T","E","$","?","?","E","R","BOSS","M","M","?","?"],"items_purchased_type":["Card","Relic"],"build_version":"2020-12-22","purchased_purges":1,"victory":false,"max_hp_per_floor":[68,62,62,62,62,62,62,62,62,62,62,62,62,62,62,62,62,62,62,62,62,62],"relic_stats":{"Nunchaku":[3],"counters":[11,46],"Golden Idol":68,"Pantograph":25,"Bronze Scales":[72],"MealTicket":15,"Pen Nib":[1],"Nloth\u0027s Gift":0,"obtain_stats":[{"SlaversCollar":17,"Nunchaku":3,"Golden Idol":2,"Pantograph":8,"Bronze Scales":11,"MealTicket":6,"Molten Egg 2":14,"Pen Nib":9,"Nloth\u0027s Gift":20,"PureWater":0,"Question Card":10},{"SlaversCollar":8,"Nunchaku":1,"Golden Idol":1,"Pantograph":5,"Bronze Scales":6,"MealTicket":4,"Molten Egg 2":7,"Pen Nib":5,"Nloth\u0027s Gift":10,"PureWater":0,"Question Card":6},{"SlaversCollar":37,"Nunchaku":4,"Golden Idol":4,"Pantograph":20,"Bronze Scales":24,"MealTicket":15,"Molten Egg 2":30,"Pen Nib":20,"Nloth\u0027s Gift":45,"PureWater":0,"Question Card":24}]},"card_choices":[{"not_picked":["EmptyFist","Prostrate"],"picked":"Evaluate","floor":1.0},{"not_picked":["Crescendo","Collect"],"picked":"Tantrum","floor":4.0},{"not_picked":["Collect","ClearTheMind"],"picked":"Perseverance","floor":5.0},{"not_picked":["Fasting2","TalkToTheHand"],"picked":"PathToVictory","floor":6.0},{"not_picked":["Weave","JustLucky"],"picked":"LikeWater","floor":8.0},{"not_picked":["Pray","Judgement"],"picked":"EmptyFist","floor":10},{"not_picked":["Weave+1","Conclude+1","CarveReality+1"],"picked":"Evaluate","floor":14},{"not_picked":["Alpha","Ragnarok+1","Judgement"],"picked":"Omniscience","floor":16},{"not_picked":["WreathOfFlame","FlyingSleeves+1","WheelKick+1"],"picked":"BowlingBash+1","floor":18},{"not_picked":["Conclude+1","Sanctity","CutThroughFate+1"],"picked":"EmptyBody","floor":19}],"player_experience":599429,"relics_obtained":[{"floor":6.0,"key":"MealTicket"},{"floor":8.0,"key":"Pantograph"},{"floor":9.0,"key":"Pen Nib"},{"floor":10,"key":"Question Card"},{"floor":14,"key":"Molten Egg 2"}],"event_choices":[{"damage_healed":0.0,"max_hp_gain":0.0,"max_hp_loss":6.0,"gold_gain":0.0,"event_name":"Golden Idol","player_choice":"Lose Max HP","floor":2.0,"gold_loss":0.0,"damage_taken":0.0,"relics_obtained":["Golden Idol"]},{"damage_healed":0.0,"max_hp_gain":0.0,"max_hp_loss":0.0,"gold_gain":0.0,"event_name":"Scrap Ooze","player_choice":"Success","floor":3.0,"gold_loss":0.0,"damage_taken":18.0,"relics_obtained":["Nunchaku"]},{"damage_healed":0,"gold_gain":0,"player_choice":"Left Gold","damage_taken":0,"max_hp_gain":0,"max_hp_loss":0,"event_name":"World of Goop","floor":12,"gold_loss":9},{"cards_removed":["Strike_P"],"damage_healed":0,"gold_gain":0,"player_choice":"Purged","damage_taken":0,"max_hp_gain":0,"max_hp_loss":0,"event_name":"Purifier","floor":13,"gold_loss":0},{"damage_healed":0,"gold_gain":0,"player_choice":"Traded Relic","damage_taken":0,"relics_obtained":["Nloth\u0027s Gift"],"max_hp_gain":0,"max_hp_loss":0,"event_name":"N\u0027loth","floor":20,"relics_lost":["Question Card"],"gold_loss":0}],"is_beta":false,"boss_relics":[{"not_picked":["Cursed Key","HolyWater"],"picked":"SlaversCollar"}],"items_purged_floors":[11],"is_endless":false,"potions_floor_spawned":[6,8,14,19],"killed_by":"Snake Plant","ascension_level":17}}