{"host":"mc5v85iuptizxtr7","time":1614455502,"event":{"mods":["2.2 Compatiblity","AlwaysNeverKeys","Aspiration","Bard","Bartender","BaseMod","Bestiary","Block Reminder","Colored Map","Colored Powertips","Conspire","Curses Come First","Dio Mod","Downfall","Duelist Mod","Hermit","Highlight Path","Hubris","Infinite Spire","Jorbs\u0027s Wanderer Trilogy","Koishi","LagranYue(???·?)","Luminous","Mad Scientist","Marisa????????","Minty Spire (QoL Compilation)","Permanent Neow","Quick Restart","Random Character Button","Reimu??????","Relic Stats","Remilia??????","Replay The Spire","StSLib","The Administrix","The Animator","The Blackbeard","The Bladedancer","The Bug Knight","The Construct","The Cursed","The Death Knight","The Disciple","The Druid","The Exalted","The Forsaken","The Gatherer","The Hierophant","The Judge","The Jungle","The Marked","The Mystic","The Necromancer","The Poker Player","The Runesmith","The Servant 0.9.4","The Valiant","The Wild Card","The Witch","TheBandit","TheSwordswoman","Wandering Minibosses","Youmu??????","Yuri Mod"],"gold_per_floor":[110,110,107,102,102,102,111,117,117,117,129,142,142,142,142,237,237,253,273,305,351,363,363,363,363,363,363,453,465,465,484,484,587,587,599,647,647,671,694,724,724,753,753,772,109,109,109,123,123,123],"floor_reached":51,"language":"DEU","playtime":4355,"items_purged":[],"score":584,"play_id":"683750e3-6b80-4e4f-a8db-99f35c5aa122","local_time":"20210227205142","is_ascension_mode":false,"campfire_choices":[{"data":"dioMod:BloodSplash","floor":6,"key":"SMITH"},{"data":"dioMod:Hiss","floor":15,"key":"SMITH"},{"data":"dioMod:UltimateSacrifice","floor":23,"key":"SMITH"},{"data":"dioMod:Freeze","floor":30,"key":"SMITH"},{"data":"dioMod:DominatingPresence","floor":32,"key":"SMITH"},{"data":"dioMod:MudaMudaMuda","floor":41,"key":"SMITH"},{"data":"dioMod:ZaWarudo","floor":46,"key":"SMITH"},{"data":"dioMod:TripleThreat","floor":49,"key":"SMITH"}],"circlet_count":0,"master_deck":["dioMod:Strike","dioMod:Strike","dioMod:Strike","dioMod:Strike","Bite+1","dioMod:Defend","dioMod:Defend","dioMod:Defend","dioMod:Defend","dioMod:Pluck","dioMod:DaggerSpree","dioMod:BloodSplash+1","dioMod:DarkRebirth","dioMod:Hiss+1","dioMod:Refresh","infinitespire:Menacing+1","dioMod:UltimateSacrifice+1","dioMod:Freeze+1","dioMod:BloodTransfusion","dioMod:Minions+1","dioMod:DominatingPresence+1","dioMod:Muda+1","Gluttony_TH","dioMod:SadisticLaugh+1","dioMod:StreetSign+1","dioMod:MudaMudaMuda+1","dioMod:ComposedMuda","dioMod:TripleThreat+1","dioMod:DisarmingVoice+1","dioMod:ZaWarudo+1","dioMod:DaggerToss+1","dioMod:Muda","dioMod:CutDeep","dioMod:SlashThroughTime+1"],"relics":["dioMod:VampireBlood","LagranYue:RandomDrawCardRelic","YidongShenshe:ReiMu","infinitespire:EmpoweringShard","hubris:ToyBattleship","MealTicket","aspiration:MobileForge","Vajra","infinitespire:Lucky Rock","SlaversCollar","Lantern","hubris:Backtick","Ninja Scroll","infinitespire:Magic Flask","Chameleon Ring","infinitespire:Satchel","Archangels Feather","Bromod:ArcaneAwakening","Replay:Accelerometer","Pen Nib","Strange Spoon"],"acts_visited":["Exordium","TheCity","TheBeyond"],"potions_floor_usage":[8,16,20,22,33,36,38,39,48],"damage_taken":[{"damage":7,"enemies":"2 Louse","floor":1,"turns":3},{"damage":6,"enemies":"Jaw Worm","floor":3,"turns":3},{"damage":0,"enemies":"Small Slimes","floor":4,"turns":4},{"damage":31,"enemies":"Lagavulin","floor":7,"turns":6},{"damage":13,"enemies":"3 Louse","floor":8,"turns":4},{"damage":5,"enemies":"Exordium Wildlife","floor":11,"turns":2},{"damage":12,"enemies":"Looter","floor":12,"turns":2},{"damage":57,"enemies":"Hexaghost","floor":16,"turns":13},{"damage":7,"enemies":"Chosen","floor":18,"turns":4},{"damage":25,"enemies":"Shell Parasite","floor":19,"turns":5},{"damage":16,"enemies":"conspire:MimicChest","floor":20,"turns":6},{"damage":22,"enemies":"conspire:HollyBat","floor":21,"turns":8},{"damage":35,"enemies":"Centurion and Healer","floor":22,"turns":6},{"damage":22,"enemies":"Shelled Parasite and Fungi","floor":29,"turns":3},{"damage":10,"enemies":"Snake Plant","floor":31,"turns":1},{"damage":29,"enemies":"Collector","floor":33,"turns":5},{"damage":9,"enemies":"3 Shapes","floor":35,"turns":4},{"damage":28,"enemies":"2 Orb Walkers","floor":36,"turns":6},{"damage":26,"enemies":"3 Darklings","floor":38,"turns":6},{"damage":6,"enemies":"Maw","floor":39,"turns":5},{"damage":13,"enemies":"Nemesis","floor":40,"turns":3},{"damage":3,"enemies":"Reptomancer","floor":42,"turns":3},{"damage":4,"enemies":"4 Shapes","floor":44,"turns":3},{"damage":21,"enemies":"HollowMod:SlobberingHusk","floor":48,"turns":4},{"damage":15,"enemies":"Replay:Hell Engine","floor":50,"turns":4}],"seed_played":"7157116370573129329","potions_obtained":[{"floor":4,"key":"Regen Potion"},{"floor":7,"key":"SkillPotion"},{"floor":12,"key":"Explosive Potion"},{"floor":16,"key":"FearPotion"},{"floor":19,"key":"SpeedPotion"},{"floor":21,"key":"Strength Potion"},{"floor":22,"key":"sneckomod:MuddlingPotion"},{"floor":29,"key":"SkillPotion"},{"floor":35,"key":"GamblersBrew"},{"floor":36,"key":"Block Potion"},{"floor":38,"key":"GamblersBrew"},{"floor":48,"key":"Weak Potion"}],"is_trial":false,"path_per_floor":["M","?","M","M","T","R","E","M","T","?","M","M","?","?","R","B",null,"M","M","?","M","M","R","AVR","?","T","?","?","M","R","M","R","B",null,"M","?","?","M","M","E","R","E","T","M","$","R","?","M","R_BF","B",null],"character_chosen":"THE_DEFAULT","items_purchased":["Replay:Accelerometer","Pen Nib","dioMod:Muda","Strange Spoon","dioMod:CutDeep"],"campfire_rested":0,"item_purchase_floors":[45,45,45,45,45],"current_hp_per_floor":[75,75,72,75,75,75,51,67,67,67,68,62,45,41,41,10,75,71,55,61,61,45,45,45,70,70,85,73,73,73,66,66,65,90,90,81,81,86,90,90,90,90,90,90,90,90,90,90,90,84],"gold":123,"neow_bonus":"RANDOM_EVENT","is_daily":false,"chose_seed":false,"campfire_upgraded":8,"win_rate":0.0,"timestamp":1614455502,"path_taken":["M","?","M","M","?","R","E","M","T","?","?","M","?","?","R","BOSS","M","M","?","M","M","R","AVR","?","T","?","?","M","R","?","R","BOSS","M","?","?","M","?","E","R","E","T","M","$","R","?","M","R_BF","BOSS"],"items_purchased_type":["Relic","Relic","Card","Relic","Card"],"build_version":"2020-12-22","purchased_purges":0,"victory":true,"max_hp_per_floor":[75,75,75,75,75,75,75,75,75,75,75,75,75,75,75,75,75,75,75,75,75,75,75,75,75,75,90,90,90,90,90,90,90,90,90,90,90,90,90,90,90,90,90,90,90,90,90,90,90,90],"relic_stats":{"Strange Spoon":[9],"counters":[25,113],"MealTicket":0,"Pen Nib":[2],"obtain_stats":[{"Replay:Accelerometer":45,"Lantern":26,"LagranYue:RandomDrawCardRelic":0,"Vajra":20,"Pen Nib":45,"infinitespire:Lucky Rock":24,"infinitespire:Magic Flask":36,"Bromod:ArcaneAwakening":43,"SlaversCollar":24,"Strange Spoon":45,"hubris:Backtick":34,"Chameleon Ring":37,"Archangels Feather":42,"dioMod:VampireBlood":0,"aspiration:MobileForge":17,"Ninja Scroll":34,"infinitespire:Satchel":40,"MealTicket":9,"YidongShenshe:ReiMu":2,"infinitespire:EmpoweringShard":5,"hubris:ToyBattleship":7},{"Replay:Accelerometer":23,"Lantern":13,"LagranYue:RandomDrawCardRelic":0,"Vajra":11,"Pen Nib":23,"infinitespire:Lucky Rock":13,"infinitespire:Magic Flask":18,"Bromod:ArcaneAwakening":22,"SlaversCollar":13,"Strange Spoon":23,"hubris:Backtick":16,"Chameleon Ring":18,"Archangels Feather":22,"dioMod:VampireBlood":0,"aspiration:MobileForge":8,"Ninja Scroll":16,"infinitespire:Satchel":21,"MealTicket":5,"YidongShenshe:ReiMu":1,"infinitespire:EmpoweringShard":3,"hubris:ToyBattleship":4},{"Replay:Accelerometer":105,"Lantern":66,"LagranYue:RandomDrawCardRelic":0,"Vajra":52,"Pen Nib":105,"infinitespire:Lucky Rock":66,"infinitespire:Magic Flask":85,"Bromod:ArcaneAwakening":102,"SlaversCollar":66,"Strange Spoon":105,"hubris:Backtick":75,"Chameleon Ring":85,"Archangels Feather":102,"dioMod:VampireBlood":0,"aspiration:MobileForge":37,"Ninja Scroll":75,"infinitespire:Satchel":99,"MealTicket":20,"YidongShenshe:ReiMu":3,"infinitespire:EmpoweringShard":10,"hubris:ToyBattleship":16}]},"card_choices":[{"not_picked":["dioMod:CutDeep","dioMod:BloodTransfusion"],"picked":"dioMod:Pluck","floor":1},{"not_picked":["dioMod:SadisticLaugh","dioMod:SecretPlan"],"picked":"dioMod:DaggerSpree","floor":3},{"not_picked":["dioMod:SadisticLaugh","dioMod:FlyAway"],"picked":"dioMod:BloodSplash","floor":4},{"not_picked":["dioMod:BloodShield","dioMod:DisarmingVoice"],"picked":"dioMod:DarkRebirth","floor":7},{"not_picked":["dioMod:TripleThreat","dioMod:LaserVision"],"picked":"dioMod:Hiss","floor":8},{"not_picked":["dioMod:CutDeep","dioMod:DominatingPresence"],"picked":"dioMod:Refresh","floor":11},{"not_picked":["dioMod:DaggerSpree","dioMod:HeavyLifting","dioMod:Hiss"],"picked":"SKIP","floor":12},{"not_picked":["ReplayTheSpireMod:Haul","infinitespire:SevenWalls"],"picked":"infinitespire:Menacing","floor":13},{"not_picked":["dioMod:Regeneration","dioMod:Despair"],"picked":"dioMod:UltimateSacrifice","floor":16},{"not_picked":["dioMod:DaggerToss","dioMod:Pluck+1"],"picked":"dioMod:Freeze","floor":18},{"not_picked":["dioMod:Hiss","dioMod:CoffinBath"],"picked":"dioMod:BloodTransfusion","floor":19},{"not_picked":["dioMod:FlyAway","dioMod:CoffinBath+1"],"picked":"dioMod:Minions+1","floor":20},{"not_picked":["dioMod:Hiss","dioMod:HeavyLifting"],"picked":"dioMod:DominatingPresence","floor":21},{"not_picked":["dioMod:KonoDioDa","dioMod:VengefulMuda"],"picked":"dioMod:Muda+1","floor":22},{"not_picked":["dioMod:WRYYY","dioMod:DominatingPresence"],"picked":"dioMod:SadisticLaugh+1","floor":29},{"not_picked":["dioMod:Freeze+1","dioMod:BloodSplash"],"picked":"dioMod:StreetSign+1","floor":31},{"not_picked":["dioMod:PathToHeaven","dioMod:Refresh"],"picked":"dioMod:MudaMudaMuda","floor":33},{"not_picked":["dioMod:SadisticLaugh","dioMod:Pluck+1"],"picked":"dioMod:Donut+1","floor":35},{"not_picked":["dioMod:Roundabout+1","dioMod:BloodShield+1"],"picked":"dioMod:ComposedMuda","floor":36},{"not_picked":["dioMod:BloodSplash+1","dioMod:FlyAway"],"picked":"dioMod:TripleThreat","floor":38},{"not_picked":["dioMod:GoodbyeJojo+1","dioMod:Roundabout","dioMod:HeavyLifting"],"picked":"SKIP","floor":39},{"not_picked":["dioMod:Roundabout","dioMod:DarkRebirth+1"],"picked":"dioMod:DisarmingVoice+1","floor":40},{"not_picked":["dioMod:DoubleTime","dioMod:HeavyLifting+1"],"picked":"dioMod:ZaWarudo","floor":42},{"not_picked":["dioMod:BloodTransfusion","dioMod:ComposedMuda"],"picked":"dioMod:DaggerToss+1","floor":44},{"not_picked":["dioMod:FlyAway+1","dioMod:WRYYY"],"picked":"dioMod:SlashThroughTime+1","floor":48}],"player_experience":276238,"relics_obtained":[{"floor":5,"key":"infinitespire:EmpoweringShard"},{"floor":7,"key":"hubris:ToyBattleship"},{"floor":9,"key":"MealTicket"},{"floor":20,"key":"Vajra"},{"floor":26,"key":"Lantern"},{"floor":36,"key":"infinitespire:Magic Flask"},{"floor":40,"key":"infinitespire:Satchel"},{"floor":42,"key":"Archangels Feather"},{"floor":43,"key":"Bromod:ArcaneAwakening"}],"event_choices":[{"damage_healed":0,"gold_gain":0,"player_choice":"Grow","damage_taken":0,"max_hp_gain":0,"max_hp_loss":0,"event_name":"Living Wall","floor":0,"gold_loss":0,"cards_upgraded":["Bite"]},{"damage_healed":0,"gold_gain":0,"player_choice":"Take Tiny Shrine away","damage_taken":0,"relics_obtained":["YidongShenshe:ReiMu"],"max_hp_gain":0,"max_hp_loss":0,"event_name":"yidonshenshe","floor":2,"gold_loss":0,"cards_obtained":["Poor:ReiMu"]},{"damage_healed":0,"gold_gain":0,"cards_transformed":["Poor:ReiMu"],"player_choice":"Transformed","damage_taken":0,"max_hp_gain":0,"max_hp_loss":0,"event_name":"Transmorgrifier","floor":10,"gold_loss":0,"cards_obtained":["theForsaken:PlagueCurse"]},{"damage_healed":25,"gold_gain":0,"player_choice":"Heal","damage_taken":0,"max_hp_gain":0,"max_hp_loss":0,"event_name":"The Library","floor":25,"gold_loss":0},{"damage_healed":0,"gold_gain":90,"player_choice":"GOLD ","damage_taken":12,"max_hp_gain":0,"max_hp_loss":0,"event_name":"Knowing Skull","floor":28,"potions_obtained":[],"gold_loss":0,"cards_obtained":[]},{"damage_healed":0,"gold_gain":0,"player_choice":"Fight","damage_taken":0,"max_hp_gain":0,"max_hp_loss":0,"event_name":"Mysterious Sphere","floor":36,"gold_loss":0},{"cards_removed":["dioMod:Donut"],"damage_healed":0,"gold_gain":0,"player_choice":"Gave Card","damage_taken":0,"relics_obtained":["Chameleon Ring"],"max_hp_gain":0,"max_hp_loss":0,"event_name":"WeMeetAgain","floor":37,"gold_loss":0}],"is_beta":false,"boss_relics":[{"not_picked":["Abe\u0027s Treasure","ReplayTheSpireMod:DimensionalGlitch"],"picked":"aspiration:MobileForge"},{"not_picked":["Ring of Chaos","Replay:Bronze Core"],"picked":"hubris:Backtick"}],"items_purged_floors":[],"is_endless":false,"potions_floor_spawned":[4,7,12,16,19,21,22,29,35,36,38,48],"ascension_level":0}}