{"host":"rgoqx5rraw279wuc","time":1614425482,"event":{"mods":["Act Like it!","Arknights","BaseMod","Bestiary","Downfall","Highlight Path","Library of Ruina","Library of Ruina Extra","Minty Spire (QoL Compilation)","Reliquary","Ruina","StSLib","Uncapped","UnlockEverythingMod","Waifu the Spire","¡¾ÒÅÎï¿¨ÅÆ¡¿REMEMod"],"gold_per_floor":[99,113,113,132,132,158,210,256,280,325,337,249,281,293,321,428,440,452,464,299,310,310,310,310,310],"floor_reached":23,"language":"ZHS","playtime":807,"items_purged":["Regret"],"score":282,"play_id":"40bee25b-2346-4b44-83bb-f548f24618e2","local_time":"20210227193122","daily_mods":["SealedDeck","Chimera","Heirloom","Elite Swarm"],"is_ascension_mode":false,"campfire_choices":[{"data":"Tantrum","floor":1,"key":"SMITH"},{"data":"RepressedFlesh","floor":12,"key":"SMITH"},{"floor":18,"key":"DIG"}],"circlet_count":0,"master_deck":["Bash","Survivor","Zap","Eruption","Strike_R","Strike_G+1","Strike_B+1","Defend_R","Defend_G","Defend_P","Tantrum+1","WillBeTasty","PinpointShot","Slimebound:DouseInSlime","RepressedFlesh+1","FlowOfTheSword","SuanNi","UndertakePrescript","FrontalAssault","Slimebound:PrepareCrush","CurseOfTheBell","Pride"],"relics":["Snecko Eye","REME_ComplimentaryCards","PageOfLaetitia","Mercury Hourglass","MawBank","Incense Burner","Boot","PageOfMercenary","downfall:HeartBlessingGreen","Shovel","Calling Bell","PageOfBigBadWolf","Lantern","Lizard Tail","Slimebound:PreparedRelic","PageOfTheSilentOrchestra","PageOfSpiderBud","reliquary:FerryPass"],"acts_visited":["Exordium","TheCity"],"potions_floor_usage":[5,9,10,16,20],"damage_taken":[{"damage":10,"enemies":"2 Louse","floor":2,"turns":2},{"damage":6,"enemies":"Jaw Worm","floor":4,"turns":2},{"damage":0,"enemies":"Gremlin Nob","floor":6,"turns":2},{"damage":0,"enemies":"Lagavulin","floor":8,"turns":2},{"damage":0,"enemies":"Cultist","floor":9,"turns":2},{"damage":9,"enemies":"3 Sentries","floor":10,"turns":2},{"damage":0,"enemies":"Looter","floor":13,"turns":1},{"damage":0,"enemies":"Blue Slaver","floor":15,"turns":1},{"damage":12,"enemies":"WA_ARCHETYPE_RETAIN","floor":16,"turns":2},{"damage":23,"enemies":"downfall:FleeingMerchant","floor":20,"turns":3},{"damage":17,"enemies":"3 Byrds","floor":21,"turns":3},{"damage":0,"enemies":"Slavers","floor":23,"turns":1}],"seed_played":"-4556686876063430763","potions_obtained":[{"floor":2,"key":"SkillPotion"},{"floor":4,"key":"Explosive Potion"},{"floor":5,"key":"Fruit Juice"},{"floor":5,"key":"Regen Potion"},{"floor":5,"key":"Fire Potion"},{"floor":9,"key":"REME_GoldPotion"},{"floor":16,"key":"BlessingOfTheForge"}],"is_trial":true,"path_per_floor":["R","M","?","M","?","E","T","E","M","E","?","R","M","T","M","B",null,"R","?","$","M","?","E"],"character_chosen":"SLIMEBOUND","items_purchased":["PageOfSpiderBud","reliquary:FerryPass","Fruit Juice"],"campfire_rested":0,"item_purchase_floors":[20,20,20],"current_hp_per_floor":[65,55,42,38,43,45,45,45,45,38,38,38,40,40,40,28,70,70,70,58,53,53,53,53,53],"gold":310,"neow_bonus":"","is_daily":false,"chose_seed":false,"campfire_upgraded":2,"win_rate":0.0,"timestamp":1614425482,"path_taken":["R","M","?","M","?","E","T","E","?","E","?","R","M","?","M","BOSS","R","?","$","M","?","E"],"items_purchased_type":["Relic","Relic","Potion"],"build_version":"2020-12-22","purchased_purges":1,"victory":false,"max_hp_per_floor":[65,65,65,65,70,70,70,70,70,70,70,70,70,70,70,70,70,70,70,75,75,75,75,75,75],"card_choices":[{"not_picked":["Outburst","Slimebound:SplitAcid"],"picked":"WillBeTasty","floor":2},{"not_picked":["SwordOfVolition","Endure"],"picked":"PinpointShot","floor":4},{"not_picked":["Slimebound:OneTwoCombo","Slimebound:SlimeSlap"],"picked":"Slimebound:DouseInSlime","floor":6},{"not_picked":["Slimebound:RallyTheTroops","BlazingStrike"],"picked":"RepressedFlesh","floor":8},{"not_picked":["Slimebound:SamplingLick","Rewind"],"picked":"FlowOfTheSword","floor":9},{"not_picked":["SavageMode","Castigation"],"picked":"SuanNi","floor":10},{"not_picked":["IngredientHunt","EnergyConversion"],"picked":"UndertakePrescript","floor":13},{"not_picked":["UnavoidableGaze","SpearedSweep"],"picked":"FrontalAssault","floor":15},{"not_picked":["GroundSmash","TieShanKao"],"picked":"Slimebound:PrepareCrush","floor":16},{"not_picked":["Slimebound:GoopSpray+1","EndlessBattle","Standoff"],"picked":"SKIP","floor":20},{"not_picked":["PreemptiveStrike","EnergyShield+1","SerpentSwordTechnique"],"picked":"SKIP","floor":21}],"player_experience":85410,"relics_obtained":[{"floor":6,"key":"Mercury Hourglass"},{"floor":7,"key":"MawBank"},{"floor":8,"key":"Incense Burner"},{"floor":10,"key":"Boot"},{"floor":14,"key":"Shovel"},{"floor":17,"key":"PageOfBigBadWolf"},{"floor":17,"key":"Lantern"},{"floor":17,"key":"Lizard Tail"},{"floor":18,"key":"Slimebound:PreparedRelic"}],"event_choices":[{"damage_healed":0,"gold_gain":0,"player_choice":"Entered Light","damage_taken":13,"max_hp_gain":0,"max_hp_loss":0,"event_name":"Shining Light","floor":3,"gold_loss":0,"cards_upgraded":["Strike_B","Strike_G"]},{"damage_healed":0,"gold_gain":0,"player_choice":"Got Potions","damage_taken":0,"max_hp_gain":0,"max_hp_loss":0,"event_name":"Lab","floor":5,"gold_loss":0},{"damage_healed":0,"gold_gain":0,"player_choice":"Box","damage_taken":0,"relics_obtained":["PageOfMercenary"],"max_hp_gain":0,"max_hp_loss":0,"event_name":"Big Fish","floor":11,"gold_loss":0,"cards_obtained":["Regret"]},{"damage_healed":0,"gold_gain":0,"player_choice":"Stole Relic","damage_taken":0,"relics_obtained":["PageOfTheSilentOrchestra"],"max_hp_gain":0,"max_hp_loss":0,"event_name":"Addict","floor":19,"gold_loss":0,"cards_obtained":["Pride"]},{"damage_healed":0,"gold_gain":0,"player_choice":"Ignored","damage_taken":0,"max_hp_gain":0,"max_hp_loss":0,"event_name":"Ghosts","floor":22,"gold_loss":0}],"is_beta":false,"boss_relics":[{"not_picked":["REME_DuelDisc","SlaversCollar"],"picked":"Calling Bell"}],"items_purged_floors":[20],"is_endless":false,"potions_floor_spawned":[2,4,9,16],"killed_by":"Slavers","ascension_level":0}}