{"host":"mu5qkq7030l6349q","time":1614423932,"event":{"mods":["AchievementEnabler","BaseMod","Colored Powertips","Downfall","Highlight Path","Minty Spire (QoL Compilation)","Permanent Neow","Practice Mode","Rare Cards Sparkle","Relic Sorter","Relic Stats","StSLib","Wide Potions"],"gold_per_floor":[99,113,126,426,526,526,549,560,203,35,51,51,67,87,100,197,197,197,92,112,112,112,127,127,127,144,144,159,173,173,208,227,330,330,330,342,360,435,445,455,455,505,405,429,439,439,101,101,115,115],"floor_reached":51,"language":"ENG","playtime":3710,"items_purged":["sneckomod:Strike","Pain"],"score":788,"play_id":"ecd1024d-f4ef-4e4e-8524-c9f20d500622","local_time":"20210227120532","is_ascension_mode":false,"campfire_choices":[{"data":"sneckomod:TailWhip","floor":1.0,"key":"SMITH"},{"data":"sneckomod:UnknownRareAttack","floor":18.0,"key":"SMITH"},{"data":"sneckomod:SlitherStrike","floor":25.0,"key":"SMITH"},{"floor":35.0,"key":"RECALL"},{"data":"Normality","floor":43,"key":"PURGE"},{"data":"downfall:Bewildered","floor":46,"key":"PURGE"}],"circlet_count":0,"master_deck":["sneckomod:TailWhip+1","sneckomod:SnekBite","sneckomod:Unknown","sneckomod:UnknownClassGREEN","sneckomod:UnknownClassGREEN","sneckomod:UnknownClassGREEN","sneckomod:UnknownClassGREEN","Escape Plan","sneckomod:QuickBite","sneckomod:DiceCrush","Terror","Well Laid Plans+1","sneckomod:SerpentMind","Crippling Poison","Heel Hook","Adrenaline","sneckomod:UnknownWeak","sneckomod:SnakeSap","Sadistic Nature","Adrenaline","sneckomod:DiceBlock","Blade Dance","sneckomod:DefensiveFlair","sneckomod:UnknownUncommonAttack","sneckomod:DiceBlock","sneckomod:SnekBeam","sneckomod:DiceCrush","Burst","sneckomod:SlitherStrike+1","sneckomod:UnknownRareAttack+1","Dash","sneckomod:SnakeSap","sneckomod:DiceCrush","Blade Dance","sneckomod:PureSnecko+1","sneckomod:DefensiveFlair","Unload","sneckomod:DiceBlock+1","sneckomod:DiceBlock+1","Predator","CurseOfTheBell","CurseOfTheBell","sneckomod:UnknownClassGREEN","Bullet Time","sneckomod:SlitherStrike","Blade Dance","sneckomod:SoulExchange","Backflip","Envenom+1","sneckomod:UnknownWeak+1","Night Terror","sneckomod:TrashToTreasure+1","sneckomod:SerpentIdol","After Image+1","sneckomod:PureSnecko","Cloak And Dagger","sneckomod:DiceBlock+1","sneckomod:UnknownVulnerable+1","Night Terror","sneckomod:UnknownStrike","sneckomod:Memorize+1","Malaise"],"relics":["sneckomod:SneckoBoss","Old Coin","downfall:ShatteredFragment","Regal Pillow","Lee\u0027s Waffle","Cursed Key","Shuriken","downfall:KnowingSkull","Bird Faced Urn","downfall:ExtraCursedBell","Ancient Tea Set","Frozen Egg 2","Du-Vu Doll","Letter Opener","Fusion Hammer","Peace Pipe","downfall:HeartBlessingRed","Vajra","OrangePellets","Strawberry"],"acts_visited":["Exordium","TheCity","TheBeyond"],"potions_floor_usage":[50,50],"damage_taken":[{"damage":4.0,"enemies":"Cultist","floor":2.0,"turns":5.0},{"damage":0.0,"enemies":"Small Slimes","floor":3.0,"turns":4.0},{"damage":28.0,"enemies":"downfall:Heads","floor":5.0,"turns":6.0},{"damage":4.0,"enemies":"2 Louse","floor":8.0,"turns":3.0},{"damage":7.0,"enemies":"downfall:FleeingMerchant","floor":9.0,"turns":4.0},{"damage":0.0,"enemies":"downfall:FleeingMerchant","floor":10.0,"turns":4.0},{"damage":0.0,"enemies":"downfall:LooterAlt","floor":11.0,"turns":2.0},{"damage":2.0,"enemies":"Red Slaver","floor":13.0,"turns":2.0},{"damage":0.0,"enemies":"Large Slime","floor":14.0,"turns":2.0},{"damage":2.0,"enemies":"Gremlin Gang","floor":15.0,"turns":2.0},{"damage":20.0,"enemies":"SI_SHIV_ARCHETYPE","floor":16.0,"turns":4.0},{"damage":0.0,"enemies":"downfall:FleeingMerchant","floor":19.0,"turns":3.0},{"damage":5.0,"enemies":"downfall:LooterAlt2","floor":20.0,"turns":2.0},{"damage":1.0,"enemies":"3 Byrds","floor":23.0,"turns":3.0},{"damage":1.0,"enemies":"Centurion and Healer","floor":26.0,"turns":3.0},{"damage":0.0,"enemies":"3 Cultists","floor":28.0,"turns":3.0},{"damage":13.0,"enemies":"Snecko","floor":29.0,"turns":4.0},{"damage":0.0,"enemies":"Slavers","floor":31.0,"turns":1.0},{"damage":1.0,"enemies":"Cultist and Chosen","floor":32.0,"turns":4.0},{"damage":18.0,"enemies":"IC_MUSHROOM_ARCHETYPE","floor":33.0,"turns":3.0},{"damage":4.0,"enemies":"3 Shapes","floor":36.0,"turns":3.0},{"damage":5.0,"enemies":"3 Darklings","floor":37.0,"turns":3.0},{"damage":5.0,"enemies":"Jaw Worm Horde","floor":39.0,"turns":2.0},{"damage":0.0,"enemies":"Sphere and 2 Shapes","floor":40.0,"turns":2.0},{"damage":0,"enemies":"Sphere and 2 Shapes","floor":42,"turns":4},{"damage":8,"enemies":"Spire Growth","floor":45,"turns":2},{"damage":2,"enemies":"Jaw Worm Horde","floor":49,"turns":2},{"damage":43,"enemies":"DF_ARCHETYPE_ORBS","floor":50,"turns":4}],"seed_played":"-1561436811008511812","potions_obtained":[{"floor":3.0,"key":"SpeedPotion"},{"floor":11.0,"key":"Weak Potion"},{"floor":14.0,"key":"AttackPotion"},{"floor":15.0,"key":"Weak Potion"},{"floor":26.0,"key":"Slimebound:ThreeZeroPotion"}],"is_trial":false,"path_per_floor":["R","M","M","?","?","?","T","M","$","$","M","?","M","M","M","B",null,"R","$","M","$","?","M","T","R","M","?","M","M","?","E","M","B",null,"R","M","M","?","M","M","T","?","R","T","M","R","$","?","M","B",null],"character_chosen":"THE_SNECKO","items_purchased":["sneckomod:SnakeSap","Sadistic Nature","Lee\u0027s Waffle","Shuriken","sneckomod:SnakeSap","OrangePellets","Strawberry","sneckomod:UnknownStrike"],"campfire_rested":0,"item_purchase_floors":[9,9,10,19,19,47,47,47],"current_hp_per_floor":[90,86,86,83,55,34,34,30,23,97,97,97,95,95,93,73,97,97,97,92,92,85,84,84,84,85,85,87,76,76,76,79,61,97,97,93,90,97,92,96,96,97,97,97,89,89,96,96,96,59],"gold":115,"neow_bonus":"BOSS_RELIC","is_daily":false,"chose_seed":false,"campfire_upgraded":3,"win_rate":0.0,"timestamp":1614423932,"path_taken":["R","M","M","?","?","?","T","M","?","$","?","?","?","M","M","BOSS","R","$","M","$","?","?","T","R","M","?","M","M","?","E","M","BOSS","R","M","M","?","?","M","T","?","R","?","M","R","$","?","M","BOSS"],"items_purchased_type":["Card","Card","Relic","Relic","Card","Relic","Relic","Card"],"build_version":"2020-12-22","purchased_purges":2,"victory":true,"max_hp_per_floor":[90,90,90,90,90,90,90,90,90,97,97,97,97,97,97,97,97,97,97,97,97,97,97,97,97,97,97,97,97,97,97,97,97,97,97,97,97,97,97,97,97,97,97,97,97,97,104,104,104,104],"relic_stats":{"Peace Pipe":2,"OrangePellets":[0],"Regal Pillow":0,"Lee\u0027s Waffle":74,"counters":[28,86],"Shuriken":[47],"Bird Faced Urn":[25],"Letter Opener":[140],"Cursed Key":2,"obtain_stats":[{"Regal Pillow":7,"Lee\u0027s Waffle":10,"downfall:ShatteredFragment":6,"downfall:HeartBlessingRed":43,"Vajra":44,"Letter Opener":31,"Frozen Egg 2":30,"sneckomod:SneckoSoul":0,"Cursed Key":17,"Ancient Tea Set":30,"Old Coin":4,"Du-Vu Doll":30,"Peace Pipe":42,"OrangePellets":47,"Shuriken":19,"Bird Faced Urn":24,"Strawberry":47,"downfall:KnowingSkull":22,"Fusion Hammer":34,"downfall:ExtraCursedBell":30,"sneckomod:SneckoBoss":0},{"Regal Pillow":3,"Lee\u0027s Waffle":6,"downfall:ShatteredFragment":3,"downfall:HeartBlessingRed":25,"Vajra":25,"Letter Opener":18,"Frozen Egg 2":17,"sneckomod:SneckoSoul":0,"Cursed Key":11,"Ancient Tea Set":17,"Old Coin":2,"Du-Vu Doll":17,"Peace Pipe":25,"OrangePellets":26,"Shuriken":12,"Bird Faced Urn":14,"Strawberry":26,"downfall:KnowingSkull":13,"Fusion Hammer":20,"downfall:ExtraCursedBell":17,"sneckomod:SneckoBoss":0},{"Regal Pillow":15,"Lee\u0027s Waffle":26,"downfall:ShatteredFragment":15,"downfall:HeartBlessingRed":78,"Vajra":78,"Letter Opener":57,"Frozen Egg 2":56,"sneckomod:SneckoSoul":0,"Cursed Key":38,"Ancient Tea Set":56,"Old Coin":9,"Du-Vu Doll":56,"Peace Pipe":78,"OrangePellets":80,"Shuriken":41,"Bird Faced Urn":46,"Strawberry":80,"downfall:KnowingSkull":43,"Fusion Hammer":64,"downfall:ExtraCursedBell":56,"sneckomod:SneckoBoss":0}]},"card_choices":[{"not_picked":["Caltrops","Skewer"],"picked":"Escape Plan","floor":2.0},{"not_picked":["sneckomod:ImprovisedGuard","sneckomod:SoulRoll"],"picked":"sneckomod:QuickBite","floor":2.0},{"not_picked":["sneckomod:UnknownCommonAttack","sneckomod:UnknownCommonSkill"],"picked":"sneckomod:DiceCrush","floor":3.0},{"not_picked":["Dagger Spray","Wraith Form v2"],"picked":"Terror","floor":3.0},{"not_picked":["sneckomod:UnknownBlock","sneckomod:UnknownCommonAttack"],"picked":"sneckomod:UnknownWeak","floor":5.0},{"not_picked":["Expertise","A Thousand Cuts"],"picked":"Well Laid Plans","floor":5.0},{"not_picked":["sneckomod:WideSting","sneckomod:UnknownCommonSkill"],"picked":"sneckomod:SerpentMind","floor":8.0},{"not_picked":["Doppelganger","Grand Finale"],"picked":"Crippling Poison","floor":8.0},{"not_picked":["Dagger Spray","Choke"],"picked":"Adrenaline","floor":9.0},{"not_picked":["sneckomod:UnknownClassGUARDIAN","sneckomod:UnknownStrike"],"picked":"sneckomod:UnknownWeak","floor":9.0},{"not_picked":["Storm of Steel","Blur"],"picked":"Adrenaline","floor":10.0},{"not_picked":["sneckomod:PureSnecko","sneckomod:UnknownClassGREEN"],"picked":"sneckomod:DiceBlock","floor":10.0},{"not_picked":["Caltrops","Heel Hook"],"picked":"Blade Dance","floor":11.0},{"not_picked":["sneckomod:UnknownClassBLUE","sneckomod:UnknownX"],"picked":"sneckomod:Memorize","floor":11.0},{"not_picked":["sneckomod:Rotation","sneckomod:UnknownClassGUARDIAN"],"picked":"sneckomod:SnekBeam","floor":13.0},{"not_picked":["sneckomod:UnknownUncommonPower","sneckomod:Unknown1Cost"],"picked":"sneckomod:DiceCrush","floor":14.0},{"not_picked":["sneckomod:UnlimitedRolls","sneckomod:WideSting"],"picked":"sneckomod:SlitherStrike","floor":15.0},{"not_picked":["sneckomod:UnknownBoss","sneckomod:SerpentMind"],"picked":"sneckomod:UnknownRareAttack","floor":16.0},{"not_picked":["Catalyst","Expertise"],"picked":"Dash","floor":16.0},{"not_picked":["sneckomod:CheapStock","sneckomod:WideSting","sneckomod:DefensiveFlair"],"picked":"SKIP","floor":19.0},{"not_picked":["sneckomod:UnknownClassGUARDIAN+1","sneckomod:UnknownUncommonSkill"],"picked":"sneckomod:DiceCrush","floor":20.0},{"not_picked":["Acrobatics","Caltrops"],"picked":"Blade Dance","floor":23.0},{"not_picked":["sneckomod:UnknownClassBLUE","sneckomod:ImprovisedAttack"],"picked":"sneckomod:PureSnecko+1","floor":23.0},{"not_picked":["sneckomod:SoulRoll","sneckomod:UnknownCommonSkill"],"picked":"sneckomod:DefensiveFlair","floor":26.0},{"not_picked":["Glass Knife","Doppelganger"],"picked":"Unload","floor":26.0},{"not_picked":["sneckomod:UnknownClassGREEN","sneckomod:RainOfDice"],"picked":"sneckomod:DiceBlock+1","floor":28.0},{"not_picked":["sneckomod:Nope","sneckomod:DiceBoulder"],"picked":"sneckomod:DiceBlock+1","floor":29.0},{"not_picked":["Deadly Poison","Poisoned Stab"],"picked":"Predator","floor":29.0},{"not_picked":["sneckomod:Nope","sneckomod:UnknownClassBLUE+1"],"picked":"sneckomod:UnknownClassGREEN","floor":31.0},{"not_picked":["Skewer","Outmaneuver"],"picked":"Bullet Time","floor":31.0},{"not_picked":["sneckomod:UnknownClassGREEN","sneckomod:SoulRoll"],"picked":"sneckomod:SlitherStrike","floor":32.0},{"not_picked":["Dodge and Roll","Survivor"],"picked":"Blade Dance","floor":32.0},{"not_picked":["sneckomod:Restock","sneckomod:UnlimitedRolls+1"],"picked":"sneckomod:SoulExchange","floor":33.0},{"not_picked":["Dodge and Roll","Choke"],"picked":"Backflip","floor":33.0},{"not_picked":["Caltrops","Flechettes"],"picked":"Envenom","floor":36.0},{"not_picked":["sneckomod:UnknownCommonSkill+1","sneckomod:UnknownDraw"],"picked":"sneckomod:UnknownWeak+1","floor":36.0},{"not_picked":["Malaise","Endless Agony"],"picked":"Night Terror","floor":37.0},{"not_picked":["sneckomod:Unknown2Cost","sneckomod:ImprovisedGuard"],"picked":"sneckomod:TrashToTreasure+1","floor":37.0},{"not_picked":["sneckomod:ImprovisedAttack","sneckomod:UnknownUncommonAttack+1"],"picked":"sneckomod:SerpentIdol","floor":39.0},{"not_picked":["Grand Finale","Tools of the Trade"],"picked":"After Image","floor":39.0},{"not_picked":["sneckomod:DiceBlock+1","sneckomod:SoulRoll+1"],"picked":"sneckomod:PureSnecko","floor":40.0},{"not_picked":["Well Laid Plans","Bullet Time"],"picked":"Cloak And Dagger","floor":42},{"not_picked":["sneckomod:Unknown1Cost","sneckomod:MorePower+1"],"picked":"sneckomod:DiceBlock+1","floor":42},{"not_picked":["sneckomod:WideSting","sneckomod:ImprovisedGuard+1"],"picked":"sneckomod:UnknownVulnerable+1","floor":45},{"not_picked":["Caltrops","Deflect"],"picked":"Night Terror","floor":45},{"not_picked":["sneckomod:UnknownClassGUARDIAN","sneckomod:Unknown1Cost"],"picked":"sneckomod:Memorize+1","floor":49},{"not_picked":["Bouncing Flask","Concentrate"],"picked":"Malaise","floor":49}],"player_experience":111042,"relics_obtained":[{"floor":7.0,"key":"Regal Pillow"},{"floor":24.0,"key":"Bird Faced Urn"},{"floor":30.0,"key":"Ancient Tea Set"},{"floor":30.0,"key":"Frozen Egg 2"},{"floor":30.0,"key":"Du-Vu Doll"},{"floor":31.0,"key":"Letter Opener"},{"floor":42,"key":"Peace Pipe"},{"floor":44,"key":"Vajra"}],"event_choices":[{"damage_healed":0.0,"max_hp_gain":0.0,"max_hp_loss":0.0,"gold_gain":0.0,"event_name":"Scrap Ooze","player_choice":"Success","floor":4.0,"gold_loss":0.0,"damage_taken":3.0,"relics_obtained":["Old Coin"]},{"cards_removed":["sneckomod:Unknown"],"damage_healed":0,"gold_gain":0,"player_choice":"Removed Skill","damage_taken":0,"max_hp_gain":0,"max_hp_loss":0,"event_name":"Falling","floor":48,"gold_loss":0}],"is_beta":false,"boss_relics":[{"not_picked":["Velvet Choker","Philosopher\u0027s Stone"],"picked":"Cursed Key"},{"not_picked":["Black Star","Astrolabe"],"picked":"Fusion Hammer"}],"items_purged_floors":[9,19],"is_endless":false,"potions_floor_spawned":[3,5,11,14,15,23,26,29,33,36,37,42],"ascension_level":0}}