{"host":"x73jdofm2fk9hsud","time":1614450612,"event":{"mods":["BaseMod","Bestiary","Minty Spire (QoL Compilation)","Relic Stats","ojb\u0027s Better Paths Mod","ojb\u0027s Info Mod"],"gold_per_floor":[113,113,71,71,87,131,131,131,131],"floor_reached":8,"language":"ENG","playtime":106,"items_purged":[],"score":158,"play_id":"120c0269-a4aa-417b-813a-5fd4dd690046","local_time":"20210227133012","is_ascension_mode":true,"campfire_choices":[],"circlet_count":0,"master_deck":["AscendersBane","Strike_B","Strike_B+1","Strike_B","Strike_B","Defend_B","Defend_B","Defend_B+1","Defend_B","Zap","Dualcast","Barrage","Sunder","Coolheaded","Coolheaded"],"relics":["Cracked Core","NeowsBlessing","Golden Idol","DataDisk","CeramicFish"],"acts_visited":["Exordium"],"potions_floor_usage":[],"damage_taken":[{"damage":0,"enemies":"2 Louse","floor":1,"turns":1},{"damage":0,"enemies":"Small Slimes","floor":5,"turns":1},{"damage":0,"enemies":"3 Sentries","floor":6,"turns":1},{"damage":62,"enemies":"Gremlin Nob","floor":8,"turns":4}],"seed_played":"-7758696676515901876","potions_obtained":[],"is_trial":false,"path_per_floor":["M","?","$","?","M","E","T","E"],"character_chosen":"DEFECT","items_purchased":["Sunder"],"campfire_rested":0,"item_purchase_floors":[3],"current_hp_per_floor":[64,64,64,45,45,45,45,0,0],"gold":131,"neow_bonus":"THREE_ENEMY_KILL","is_daily":false,"chose_seed":false,"campfire_upgraded":0,"win_rate":0.0,"timestamp":1614450612,"path_taken":["M","?","$","?","M","E","?","E"],"items_purchased_type":["Card"],"build_version":"2020-12-22","purchased_purges":0,"victory":false,"max_hp_per_floor":[71,64,64,64,64,64,64,64,64],"relic_stats":{"counters":[4,7],"Golden Idol":12,"CeramicFish":0,"obtain_stats":[{"DataDisk":6,"NeowsBlessing":0,"Golden Idol":2,"CeramicFish":7,"Cracked Core":0},{"DataDisk":3,"NeowsBlessing":0,"Golden Idol":1,"CeramicFish":3,"Cracked Core":0},{"DataDisk":3,"NeowsBlessing":0,"Golden Idol":1,"CeramicFish":3,"Cracked Core":0}]},"card_choices":[{"not_picked":["Hologram","Redo"],"picked":"Barrage","floor":1},{"not_picked":["Gash","Turbo"],"picked":"Coolheaded","floor":5},{"not_picked":["Thunder Strike","Rebound"],"picked":"Coolheaded","floor":6}],"player_experience":5447553,"relics_obtained":[{"floor":6,"key":"DataDisk"},{"floor":7,"key":"CeramicFish"}],"event_choices":[{"damage_healed":0,"gold_gain":0,"player_choice":"Lose Max HP","damage_taken":0,"relics_obtained":["Golden Idol"],"max_hp_gain":0,"max_hp_loss":7,"event_name":"Golden Idol","floor":2,"gold_loss":0},{"damage_healed":0,"gold_gain":0,"player_choice":"Entered Light","damage_taken":19,"max_hp_gain":0,"max_hp_loss":0,"event_name":"Shining Light","floor":4,"gold_loss":0,"cards_upgraded":["Defend_B","Strike_B"]}],"is_beta":false,"boss_relics":[],"items_purged_floors":[],"is_endless":false,"potions_floor_spawned":[],"killed_by":"Gremlin Nob","ascension_level":20}}