{"host":"1mv6gj0zv8k9e9tz","time":1614429496,"event":{"mods":["AchievementEnabler","BaseMod","Better Third Choice","Colored Map","DeckTracker","Highlight Path","KOR Keyword Fix","Keyboard Shortcuts","Minty Spire (QoL Compilation)","Permanent Neow","Quick Restart","Rare Cards Sparkle","StSLib","SuperFastMode","everything is the same but u backflip on backflip"],"gold_per_floor":[19,19,32,48,62,62,76,76,76,88,88,88,117,42,42,145,145,145],"floor_reached":17,"language":"KOR","playtime":330,"items_purged":["Defend_P"],"score":157,"play_id":"50af4329-6830-45d5-9723-bd25e9850c07","local_time":"20210227213816","is_ascension_mode":false,"campfire_choices":[{"data":"Eruption","floor":6.0,"key":"SMITH"},{"data":"FearNoEvil","floor":8.0,"key":"SMITH"},{"data":"Halt","floor":15.0,"key":"SMITH"}],"circlet_count":0,"master_deck":["Strike_P","Strike_P","Strike_P","Defend_P","Eruption+1","Vigilance","FearNoEvil+1","Halt+1"],"relics":["PureWater","Matryoshka","Coffee Dripper"],"acts_visited":["Exordium","TheCity"],"potions_floor_usage":[16,16],"damage_taken":[{"damage":0.0,"enemies":"2 Louse","floor":1.0,"turns":3.0},{"damage":0.0,"enemies":"Cultist","floor":3.0,"turns":4.0},{"damage":1.0,"enemies":"Jaw Worm","floor":4.0,"turns":4.0},{"damage":5.0,"enemies":"2 Fungi Beasts","floor":5.0,"turns":3.0},{"damage":2.0,"enemies":"Looter","floor":7.0,"turns":2.0},{"damage":0.0,"enemies":"Red Slaver","floor":10.0,"turns":3.0},{"damage":25.0,"enemies":"Gremlin Nob","floor":13.0,"turns":4.0},{"damage":16,"enemies":"Hexaghost","floor":16,"turns":8}],"seed_played":"4350247092131181854","potions_obtained":[{"floor":2.0,"key":"PowerPotion"},{"floor":2.0,"key":"Explosive Potion"},{"floor":2.0,"key":"Dexterity Potion"},{"floor":10.0,"key":"Regen Potion"},{"floor":16,"key":"LiquidMemories"}],"is_trial":false,"path_per_floor":["M","?","M","M","M","R","M","R","T","M","?","$","E","$","R","B",null],"character_chosen":"WATCHER","items_purchased":[],"campfire_rested":0,"item_purchase_floors":[],"current_hp_per_floor":[72,72,72,71,66,66,64,64,64,64,57,57,32,32,32,31,72,72],"gold":145,"neow_bonus":"REMOVE_TWO","is_daily":false,"chose_seed":false,"campfire_upgraded":3,"win_rate":0.0,"timestamp":1614429496,"path_taken":["M","?","M","?","M","R","M","R","T","M","?","$","E","$","R","BOSS"],"items_purchased_type":[],"build_version":"2020-12-22","purchased_purges":1,"victory":false,"max_hp_per_floor":[72,72,72,72,72,72,72,72,72,72,72,72,72,72,72,72,72,72],"card_choices":[{"not_picked":["CutThroughFate","Evaluate"],"picked":"FearNoEvil","floor":1.0},{"not_picked":["FollowUp","EmptyFist","CrushJoints"],"picked":"SKIP","floor":3.0},{"not_picked":["FlyingSleeves","BowlingBash","WindmillStrike"],"picked":"SKIP","floor":4.0},{"not_picked":["JustLucky","SandsOfTime","Wallop"],"picked":"SKIP","floor":5.0},{"not_picked":["FlyingSleeves","CrushJoints","WreathOfFlame"],"picked":"SKIP","floor":7.0},{"not_picked":["Protect","Prostrate","Brilliance"],"picked":"SKIP","floor":10.0},{"not_picked":["CrushJoints","Establishment"],"picked":"Halt","floor":13.0}],"player_experience":671850,"relics_obtained":[{"floor":13.0,"key":"Matryoshka"}],"event_choices":[{"damage_healed":0.0,"max_hp_gain":0.0,"max_hp_loss":0.0,"gold_gain":0.0,"event_name":"Lab","player_choice":"Got Potions","floor":2.0,"gold_loss":0.0,"damage_taken":0.0},{"cards_removed":["Defend_P"],"damage_healed":0.0,"max_hp_gain":0.0,"max_hp_loss":0.0,"gold_gain":0.0,"event_name":"Golden Wing","player_choice":"Card Removal","floor":11.0,"gold_loss":0.0,"damage_taken":7.0}],"is_beta":false,"boss_relics":[{"not_picked":["Calling Bell","SlaversCollar"],"picked":"Coffee Dripper"}],"items_purged_floors":[14],"is_endless":false,"potions_floor_spawned":[7,10,16],"ascension_level":0}}