{"host":"snd6571rw3150vxe","time":1614439017,"event":{"mods":["AchievementEnabler","BaseMod","Bestiary","Block Reminder","Colored Powertips","Dark Map","Highlight Path","Minty Spire (QoL Compilation)","Quick Restart","Random Character Button","Relic Stats","StSLib","slay the spire mod where everything is the same but ironclad has a cowboy hat"],"gold_per_floor":[125,95,118,118,118,118,145,182,206,223,249,260,260,360,360,464,473,496,521,521,548,574,574,587,587,633,633,665,678,261,261,261,365,365,387,387,396,26,26,62,62,106,106,134,85,144,144,144,144,144],"floor_reached":51,"language":"ENG","playtime":2296,"items_purged":["Writhe"],"score":1036,"play_id":"aaab2213-54d5-4246-81e1-e7d9a40ec68d","local_time":"20210227171657","is_ascension_mode":true,"campfire_choices":[{"data":"Accuracy","floor":6,"key":"SMITH"},{"floor":13,"key":"REST"},{"floor":15,"key":"REST"},{"floor":23,"key":"REST"},{"data":"Blade Dance","floor":25,"key":"SMITH"},{"data":"Cloak And Dagger","floor":27,"key":"SMITH"},{"floor":32,"key":"REST"},{"floor":41,"key":"DIG"},{"floor":47,"key":"DIG"},{"floor":49,"key":"DIG"}],"circlet_count":0,"master_deck":["Strike_G","Strike_G","Strike_G","Defend_G","Defend_G","Defend_G","Defend_G","Survivor","Neutralize","Well Laid Plans","Accuracy+1","PiercingWail","Noxious Fumes","Infinite Blades","Cloak And Dagger","Storm of Steel","CurseOfTheBell","Blade Dance","Cloak And Dagger+1","Blade Dance+1","Night Terror","Accuracy+1","Blade Dance","Flying Knee+1","Crippling Poison+1"],"relics":["Ring of the Snake","CeramicFish","Lantern","Art of War","Calling Bell","Juzu Bracelet","Ninja Scroll","Turnip","Matryoshka","HornCleat","Pen Nib","PreservedInsect","Strawberry","Toy Ornithopter","HandDrill","White Beast Statue","MutagenicStrength","SlaversCollar","Shovel","Anchor","Shuriken","Unceasing Top","Gremlin Horn","Bronze Scales","Lizard Tail","Potion Belt","Meat on the Bone","Oddly Smooth Stone"],"acts_visited":["Exordium","TheCity","TheBeyond"],"potions_floor_usage":[7,33,50,50],"damage_taken":[{"damage":0,"enemies":"Cultist","floor":1,"turns":3},{"damage":3,"enemies":"2 Louse","floor":3,"turns":3},{"damage":0,"enemies":"Small Slimes","floor":7,"turns":5},{"damage":41,"enemies":"Lagavulin","floor":8,"turns":10},{"damage":0,"enemies":"Red Slaver","floor":10,"turns":4},{"damage":16,"enemies":"Exordium Thugs","floor":11,"turns":5},{"damage":0,"enemies":"3 Louse","floor":12,"turns":3},{"damage":22,"enemies":"Hexaghost","floor":16,"turns":12},{"damage":0,"enemies":"Chosen","floor":18,"turns":4},{"damage":2,"enemies":"Shell Parasite","floor":19,"turns":6},{"damage":12,"enemies":"Cultist and Chosen","floor":21,"turns":5},{"damage":0,"enemies":"Shelled Parasite and Fungi","floor":24,"turns":3},{"damage":12,"enemies":"Book of Stabbing","floor":28,"turns":3},{"damage":12,"enemies":"Snake Plant","floor":29,"turns":4},{"damage":64,"enemies":"Automaton","floor":33,"turns":10},{"damage":6,"enemies":"3 Shapes","floor":35,"turns":2},{"damage":7,"enemies":"Giant Head","floor":40,"turns":4},{"damage":0,"enemies":"Nemesis","floor":42,"turns":3},{"damage":0,"enemies":"Reptomancer","floor":44,"turns":1},{"damage":7,"enemies":"Mind Bloom Boss Battle","floor":46,"turns":5},{"damage":25,"enemies":"Donu and Deca","floor":50,"turns":5}],"seed_played":"-292156497363315190","potions_obtained":[{"floor":1,"key":"Block Potion"},{"floor":8,"key":"Block Potion"},{"floor":11,"key":"DuplicationPotion"},{"floor":12,"key":"DistilledChaos"},{"floor":33,"key":"FairyPotion"}],"is_trial":false,"path_per_floor":["M","$","M","?","?","R","M","E","T","M","M","M","R","?","R","B",null,"M","M","?","M","T","R","M","R","T","R","E","M","$","?","R","B",null,"M","?","?","$","?","E","R","E","T","E","$","?","R","T","R","B",null],"character_chosen":"THE_SILENT","items_purchased":["Accuracy","HandDrill","White Beast Statue","Shovel","Strength Potion"],"campfire_rested":4,"item_purchase_floors":[2,30,30,38,45],"current_hp_per_floor":[70,70,67,60,60,60,60,19,19,19,3,3,24,24,45,23,58,58,56,56,44,44,65,65,65,72,72,60,48,48,48,71,12,61,55,55,74,74,74,67,67,67,67,67,67,60,60,60,60,45],"gold":144,"neow_bonus":"RANDOM_COMMON_RELIC","is_daily":false,"chose_seed":false,"campfire_upgraded":3,"win_rate":0.0,"timestamp":1614439017,"path_taken":["M","$","?","?","?","R","M","E","T","M","M","?","R","?","R","BOSS","M","M","?","M","?","R","M","R","T","R","E","M","$","?","R","BOSS","M","?","?","$","?","E","R","E","T","E","?","?","R","?","R","BOSS"],"items_purchased_type":["Card","Relic","Relic","Relic","Potion"],"build_version":"2020-12-22","purchased_purges":1,"victory":true,"max_hp_per_floor":[70,70,70,70,70,70,70,70,70,70,70,70,70,70,70,70,70,70,70,70,70,70,70,70,70,77,77,77,77,77,77,77,77,77,77,77,77,77,77,77,77,77,77,77,77,77,77,77,77,77],"relic_stats":{"Gremlin Horn":[3,3],"counters":[21,100],"CeramicFish":153,"Pen Nib":[19],"PreservedInsect":271,"Juzu Bracelet":0,"Lizard Tail":0,"Shovel":3,"Shuriken":[17],"Bronze Scales":[21],"Turnip":[2],"Art of War":[3],"HandDrill":[10],"obtain_stats":[{"Lantern":8,"Gremlin Horn":43,"CeramicFish":0,"Juzu Bracelet":17,"Lizard Tail":46,"Matryoshka":20,"HornCleat":22,"Shovel":38,"Ninja Scroll":17,"Strawberry":26,"HandDrill":30,"Ring of the Snake":0,"Potion Belt":47,"Oddly Smooth Stone":49,"Pen Nib":22,"PreservedInsect":26,"White Beast Statue":30,"Calling Bell":17,"SlaversCollar":34,"Anchor":40,"Shuriken":41,"MutagenicStrength":31,"Bronze Scales":44,"Turnip":17,"Art of War":9,"Toy Ornithopter":28,"Unceasing Top":42,"Meat on the Bone":48},{"Lantern":4,"Gremlin Horn":18,"CeramicFish":0,"Juzu Bracelet":8,"Lizard Tail":20,"Matryoshka":10,"HornCleat":11,"Shovel":16,"Ninja Scroll":8,"Strawberry":12,"HandDrill":14,"Ring of the Snake":0,"Potion Belt":20,"Oddly Smooth Stone":20,"Pen Nib":11,"PreservedInsect":12,"White Beast Statue":14,"Calling Bell":8,"SlaversCollar":15,"Anchor":17,"Shuriken":17,"MutagenicStrength":14,"Bronze Scales":19,"Turnip":8,"Art of War":4,"Toy Ornithopter":13,"Unceasing Top":18,"Meat on the Bone":20},{"Lantern":21,"Gremlin Horn":89,"CeramicFish":0,"Juzu Bracelet":45,"Lizard Tail":95,"Matryoshka":55,"HornCleat":60,"Shovel":82,"Ninja Scroll":45,"Strawberry":63,"HandDrill":70,"Ring of the Snake":0,"Potion Belt":95,"Oddly Smooth Stone":95,"Pen Nib":60,"PreservedInsect":63,"White Beast Statue":70,"Calling Bell":45,"SlaversCollar":80,"Anchor":86,"Shuriken":86,"MutagenicStrength":70,"Bronze Scales":90,"Turnip":45,"Art of War":21,"Toy Ornithopter":66,"Unceasing Top":89,"Meat on the Bone":95}],"Toy Ornithopter":15,"Unceasing Top":[1],"Ring of the Snake":[42],"Meat on the Bone":0},"card_choices":[{"not_picked":["Tactician","Terror"],"picked":"Well Laid Plans","floor":1},{"not_picked":["Underhanded Strike","Dodge and Roll"],"picked":"PiercingWail","floor":3},{"not_picked":["Endless Agony","Deadly Poison"],"picked":"Noxious Fumes","floor":7},{"not_picked":["Flying Knee","Acrobatics"],"picked":"Infinite Blades","floor":8},{"not_picked":["Terror","Calculated Gamble","Envenom"],"picked":"SKIP","floor":10},{"not_picked":["Choke","Flechettes"],"picked":"Cloak And Dagger","floor":11},{"not_picked":["PiercingWail","Dagger Throw","Backflip"],"picked":"SKIP","floor":12},{"not_picked":["Glass Knife","Night Terror"],"picked":"Storm of Steel","floor":16},{"not_picked":["Finisher","Prepared"],"picked":"Blade Dance","floor":18},{"not_picked":["Backflip","Distraction"],"picked":"Cloak And Dagger","floor":19},{"not_picked":["Underhanded Strike","Bouncing Flask"],"picked":"Blade Dance","floor":21},{"not_picked":["Backflip","Well Laid Plans","Distraction"],"picked":"SKIP","floor":24},{"not_picked":["Slice","Catalyst","Dodge and Roll"],"picked":"SKIP","floor":28},{"not_picked":["Tools of the Trade","Deflect+1","Well Laid Plans"],"picked":"SKIP","floor":29},{"not_picked":["Corpse Explosion","Malaise"],"picked":"Night Terror","floor":33},{"not_picked":["Flying Knee+1","Deflect"],"picked":"Accuracy+1","floor":35},{"not_picked":["Bane+1","Choke+1"],"picked":"Blade Dance","floor":40},{"not_picked":["Catalyst","Backflip+1"],"picked":"Flying Knee+1","floor":42},{"not_picked":["Heel Hook","Choke","Dodge and Roll"],"picked":"SKIP","floor":44},{"not_picked":["Slice+1","Deflect"],"picked":"Crippling Poison+1","floor":46}],"player_experience":425765,"relics_obtained":[{"floor":8,"key":"Lantern"},{"floor":9,"key":"Art of War"},{"floor":17,"key":"Juzu Bracelet"},{"floor":17,"key":"Ninja Scroll"},{"floor":17,"key":"Turnip"},{"floor":22,"key":"HornCleat"},{"floor":22,"key":"Pen Nib"},{"floor":26,"key":"PreservedInsect"},{"floor":26,"key":"Strawberry"},{"floor":28,"key":"Toy Ornithopter"},{"floor":40,"key":"Anchor"},{"floor":41,"key":"Shuriken"},{"floor":42,"key":"Unceasing Top"},{"floor":43,"key":"Gremlin Horn"},{"floor":44,"key":"Bronze Scales"},{"floor":46,"key":"Lizard Tail"},{"floor":47,"key":"Potion Belt"},{"floor":48,"key":"Meat on the Bone"},{"floor":49,"key":"Oddly Smooth Stone"}],"event_choices":[{"cards_removed":["Strike_G"],"damage_healed":0,"gold_gain":0,"player_choice":"Card Removal","damage_taken":7,"max_hp_gain":0,"max_hp_loss":0,"event_name":"Golden Wing","floor":4,"gold_loss":0},{"cards_removed":["Defend_G"],"damage_healed":0,"gold_gain":0,"player_choice":"Offered Basic","damage_taken":0,"max_hp_gain":0,"max_hp_loss":0,"event_name":"Bonfire Elementals","floor":5,"gold_loss":0},{"damage_healed":0,"gold_gain":100,"player_choice":"Pray","damage_taken":0,"max_hp_gain":0,"max_hp_loss":0,"event_name":"Golden Shrine","floor":14,"gold_loss":0},{"damage_healed":0,"gold_gain":0,"player_choice":"Opened","damage_taken":0,"relics_obtained":["Matryoshka"],"max_hp_gain":0,"max_hp_loss":0,"event_name":"The Mausoleum","floor":20,"gold_loss":0},{"damage_healed":0,"gold_gain":0,"player_choice":"Inject Mutagens","damage_taken":0,"relics_obtained":["MutagenicStrength"],"max_hp_gain":0,"max_hp_loss":0,"event_name":"Drug Dealer","floor":31,"gold_loss":0},{"damage_healed":0,"gold_gain":0,"player_choice":"Memory 1","damage_taken":0,"max_hp_gain":0,"max_hp_loss":0,"event_name":"SensoryStone","floor":36,"gold_loss":0},{"damage_healed":19,"gold_gain":0,"player_choice":"Writhe","damage_taken":0,"max_hp_gain":0,"max_hp_loss":0,"event_name":"Winding Halls","floor":37,"gold_loss":0,"cards_obtained":["Writhe"]},{"cards_removed":["Strike_G"],"damage_healed":0,"gold_gain":0,"player_choice":"Removed Attack","damage_taken":0,"max_hp_gain":0,"max_hp_loss":0,"event_name":"Falling","floor":39,"gold_loss":0},{"damage_healed":0,"gold_gain":0,"player_choice":"Fight","damage_taken":0,"max_hp_gain":0,"max_hp_loss":0,"event_name":"MindBloom","floor":46,"gold_loss":0}],"is_beta":false,"boss_relics":[{"not_picked":["Fusion Hammer","Empty Cage"],"picked":"Calling Bell"},{"not_picked":["Runic Dome","Busted Crown"],"picked":"SlaversCollar"}],"items_purged_floors":[38],"is_endless":false,"potions_floor_spawned":[1,8,11,12,19,21,24,33,35,40,42,44,46],"ascension_level":5}}