{"host":"jjunaul04msmo6r1","time":1614384734,"event":{"mods":["BaseMod","Better Third Choice","Booster Modes","Colored Map","Downfall","Minty Spire (QoL Compilation)","Relic Stats","StSLib","UnlockEverythingMod","everything is the same but u backflip on backflip"],"gold_per_floor":[99,110,110,121,139,149,149,181,181,216,232,263,278,35,45,142,142,142,153,173,173,190,223,223,323,335,353,386,386,400,429,441,545,545,345,358,358,72,89,139,165,200,200,220,236,262,162,178,190,190,190,219,39,39,39,39],"floor_reached":57,"language":"ENG","playtime":32925,"items_purged":["bronze:Strike","downfall:Bewildered"],"score":1429,"play_id":"7b2ad2e5-6f2b-4cf0-9fe3-83d51a8d957f","local_time":"20210226171214","is_ascension_mode":true,"campfire_choices":[{"data":"bronze:Goto","floor":1,"key":"SMITH"},{"data":"bronze:Invalidate","floor":9,"key":"SMITH"},{"floor":18,"key":"RECALL"},{"floor":35,"key":"REST"},{"floor":47,"key":"REST"},{"floor":54,"key":"REST"}],"circlet_count":0,"master_deck":["bronze:Strike","bronze:Strike","bronze:Defend","bronze:Defend","bronze:Defend","bronze:Defend","bronze:Replicate+1","bronze:Goto+1","Finesse","bronze:DelayedGuard","bronze:Invalidate+1","bronze:Philosophize","bronze:Return","bronze:Flail","bronze:Constructor","bronze:Refactor","bronze:Constructor","bronze:DelayedGuard","Apotheosis","bronze:Deprecate","bronze:Iterate","bronze:HardenedForm","bronze:Iterate","bronze:DelayedGuard+1","bronze:ForceShield+1","bronze:Repair","bronze:ChosenStrike","bronze:ForceShield+1","bronze:Virus","bronze:Terminator+1","bronze:Allocate+1","bronze:FineTuning+1","Mayhem","bronze:Constructor+1","Mayhem","bronze:ForLoop+1"],"relics":["bronze:BronzeCore","TungstenRod","Ginger","Art of War","Strawberry","Fusion Hammer","sneckomod:BabySnecko","Guardian:PocketSentry","champ:DeflectingBracers","hexamod:Sixitude","Toxic Egg 2","Ancient Tea Set","Blood Vial","Busted Crown","downfall:HeartBlessingRed","downfall:HeartBlessingGreen","StoneCalendar","Anchor","Bag of Preparation","downfall:HeartBlessingBlue","hexamod:BolsterEngine"],"acts_visited":["Exordium","TheCity","TheBeyond","TheEnding"],"potions_floor_usage":[11,23,23,25,31,42,52,56,56],"damage_taken":[{"damage":1,"enemies":"Jaw Worm","floor":2,"turns":4},{"damage":0,"enemies":"Cultist","floor":4,"turns":3},{"damage":1,"enemies":"Small Slimes","floor":5,"turns":3},{"damage":0,"enemies":"3 Louse","floor":6,"turns":3},{"damage":15,"enemies":"Lagavulin","floor":8,"turns":5},{"damage":17,"enemies":"Gremlin Nob","floor":10,"turns":3},{"damage":2,"enemies":"downfall:LooterAlt","floor":11,"turns":2},{"damage":4,"enemies":"Lagavulin","floor":12,"turns":5},{"damage":0,"enemies":"Lots of Slimes","floor":13,"turns":1},{"damage":3,"enemies":"downfall:FleeingMerchant","floor":14,"turns":4},{"damage":0,"enemies":"Large Slime","floor":15,"turns":5},{"damage":14,"enemies":"SI_SHIV_ARCHETYPE","floor":16,"turns":8},{"damage":0,"enemies":"Chosen","floor":19,"turns":6},{"damage":0,"enemies":"Shell Parasite","floor":20,"turns":4},{"damage":0,"enemies":"Centurion and Healer","floor":22,"turns":5},{"damage":36,"enemies":"Gremlin Leader","floor":23,"turns":6},{"damage":2,"enemies":"IC_STATUS_ARCHETYPE","floor":25,"turns":6},{"damage":0,"enemies":"Snake Plant","floor":26,"turns":4},{"damage":0,"enemies":"Snecko","floor":27,"turns":3},{"damage":10,"enemies":"Book of Stabbing","floor":28,"turns":5},{"damage":0,"enemies":"3 Cultists","floor":30,"turns":2},{"damage":13,"enemies":"Slavers","floor":31,"turns":5},{"damage":0,"enemies":"Sentry and Sphere","floor":32,"turns":4},{"damage":0,"enemies":"WA_ARCHETYPE_CALM","floor":33,"turns":7},{"damage":8,"enemies":"3 Shapes","floor":36,"turns":2},{"damage":2,"enemies":"downfall:FleeingMerchant","floor":38,"turns":4},{"damage":0,"enemies":"3 Darklings","floor":39,"turns":5},{"damage":25,"enemies":"2 Orb Walkers","floor":40,"turns":4},{"damage":4,"enemies":"Nemesis","floor":42,"turns":5},{"damage":8,"enemies":"4 Shapes","floor":44,"turns":5},{"damage":0,"enemies":"Transient","floor":45,"turns":5},{"damage":0,"enemies":"Giant Head","floor":46,"turns":5},{"damage":0,"enemies":"Sphere and 2 Shapes","floor":48,"turns":3},{"damage":10,"enemies":"3 Darklings","floor":49,"turns":4},{"damage":6,"enemies":"DF_ARCHETYPE_ORBS","floor":50,"turns":7},{"damage":0,"enemies":"downfall:CharBossMerchant","floor":52,"turns":6},{"damage":0,"enemies":"downfall:NeowBoss","floor":55,"turns":10},{"damage":60,"enemies":"downfall:NeowBossFinal","floor":56,"turns":8}],"seed_played":"-1531897535065873144","potions_obtained":[{"floor":2,"key":"LiquidMemories"},{"floor":6,"key":"Fire Potion"},{"floor":11,"key":"Block Potion"},{"floor":12,"key":"DistilledChaos"},{"floor":13,"key":"CultistPotion"},{"floor":23,"key":"ColorlessPotion"},{"floor":25,"key":"bronze:BurnAndBuffPotion"},{"floor":27,"key":"Swift Potion"},{"floor":31,"key":"Dexterity Potion"},{"floor":44,"key":"FearPotion"},{"floor":46,"key":"EssenceOfSteel"},{"floor":49,"key":"Slimebound:ThreeZeroPotion"}],"is_trial":false,"path_per_floor":["R","M","?","M","M","M","T","E","R","E","M","E","M","$","M","B",null,"R","M","M","?","M","E","T","?","M","M","E","?","M","E","M","B",null,"R","M","?","$","M","?","T","E","?","M","M","E","R","M","M","B",null,"E","$","R","B","B",null],"character_chosen":"THE_AUTOMATON","items_purchased":["Apotheosis","bronze:Deprecate","Mayhem","bronze:ForLoop+1"],"campfire_rested":3,"item_purchase_floors":[14,14,38,53],"current_hp_per_floor":[70,69,69,69,68,68,68,53,53,36,34,37,37,34,34,20,77,77,77,77,77,77,41,41,49,49,56,56,56,56,53,55,57,77,77,69,69,69,77,52,52,60,60,64,66,77,87,87,87,87,87,87,87,87,87,34],"gold":39,"neow_bonus":"RANDOM_COLORLESS","is_daily":false,"chose_seed":false,"campfire_upgraded":2,"win_rate":0.0,"timestamp":1614384734,"path_taken":["R","M","?","M","?","M","T","E","R","E","M","E","M","$","M","BOSS","R","M","M","?","M","E","T","?","M","M","E","?","?","E","M","BOSS","R","M","?","$","M","?","T","E","?","M","M","E","R","?","M","BOSS","E","$","R","BOSS","BOSS"],"items_purchased_type":["Card","Card","Card","Card"],"build_version":"2020-12-22","purchased_purges":2,"victory":true,"max_hp_per_floor":[70,70,70,70,70,70,70,70,70,70,70,77,77,77,77,77,77,77,77,77,77,77,77,77,77,77,77,77,77,77,77,77,77,77,77,77,77,77,77,77,77,77,77,77,77,77,87,87,87,87,87,87,87,87,87,87],"relic_stats":{"Blood Vial":16,"Busted Crown":24,"counters":[38,176],"StoneCalendar":[104],"Art of War":[20],"Bag of Preparation":[12],"Ginger":[63],"obtain_stats":[{"bronze:BronzeCore":0,"downfall:HeartBlessingRed":35,"hexamod:Sixitude":25,"downfall:HeartBlessingGreen":35,"StoneCalendar":40,"champ:DeflectingBracers":24,"Guardian:PocketSentry":23,"Bag of Preparation":46,"Ginger":8,"Ancient Tea Set":28,"Blood Vial":31,"sneckomod:BabySnecko":21,"Anchor":42,"Busted Crown":34,"downfall:HeartBlessingBlue":47,"Strawberry":12,"Fusion Hammer":17,"Art of War":10,"Toxic Egg 2":25,"hexamod:BolsterEngine":52,"TungstenRod":7},{"bronze:BronzeCore":0,"downfall:HeartBlessingRed":24,"hexamod:Sixitude":17,"downfall:HeartBlessingGreen":24,"StoneCalendar":28,"champ:DeflectingBracers":16,"Guardian:PocketSentry":16,"Bag of Preparation":32,"Ginger":5,"Ancient Tea Set":20,"Blood Vial":22,"sneckomod:BabySnecko":14,"Anchor":29,"Busted Crown":24,"downfall:HeartBlessingBlue":32,"Strawberry":8,"Fusion Hammer":12,"Art of War":6,"Toxic Egg 2":17,"hexamod:BolsterEngine":36,"TungstenRod":4},{"bronze:BronzeCore":0,"downfall:HeartBlessingRed":103,"hexamod:Sixitude":73,"downfall:HeartBlessingGreen":103,"StoneCalendar":118,"champ:DeflectingBracers":67,"Guardian:PocketSentry":67,"Bag of Preparation":138,"Ginger":18,"Ancient Tea Set":85,"Blood Vial":92,"sneckomod:BabySnecko":56,"Anchor":123,"Busted Crown":103,"downfall:HeartBlessingBlue":138,"Strawberry":28,"Fusion Hammer":46,"Art of War":21,"Toxic Egg 2":73,"hexamod:BolsterEngine":158,"TungstenRod":13}],"TungstenRod":44},"card_choices":[{"not_picked":["Dramatic Entrance","Dark Shackles"],"picked":"Finesse","floor":0},{"not_picked":["bronze:Frontload","bronze:Overheat","bronze:Overload"],"picked":"SKIP","floor":2},{"not_picked":["bronze:Philosophize","bronze:Shield"],"picked":"bronze:DelayedGuard","floor":4},{"not_picked":["bronze:NullPointer","bronze:BuggyMess"],"picked":"bronze:Invalidate","floor":5},{"not_picked":["bronze:BuggyMess","bronze:Optimize"],"picked":"bronze:Philosophize","floor":6},{"not_picked":["bronze:NullPointer","bronze:DelayedSlice"],"picked":"bronze:Return","floor":8},{"not_picked":["bronze:CutThrough","bronze:RecursiveStrike"],"picked":"bronze:Flail","floor":10},{"not_picked":["bronze:BugBarrage","bronze:WildBeam"],"picked":"bronze:Constructor","floor":11},{"not_picked":["bronze:FollowUp","bronze:DelayedSlice"],"picked":"bronze:Refactor","floor":12},{"not_picked":["bronze:BuggyMess","bronze:Invalidate"],"picked":"bronze:Constructor","floor":13},{"not_picked":["bronze:Frontload","bronze:Boost"],"picked":"bronze:DelayedGuard","floor":14},{"not_picked":["bronze:Separator","bronze:BuggyMess"],"picked":"bronze:Iterate","floor":15},{"not_picked":["bronze:Mutator","bronze:Assembly"],"picked":"bronze:HardenedForm","floor":16},{"not_picked":["bronze:Overheat+1","bronze:NullPointer"],"picked":"bronze:Iterate","floor":19},{"not_picked":["bronze:CutThrough+1","bronze:Invalidate"],"picked":"bronze:DelayedGuard+1","floor":20},{"not_picked":["bronze:Frontload","bronze:Philosophize"],"picked":"bronze:ForceShield+1","floor":22},{"not_picked":["bronze:Safeguard+1","bronze:BronzeArmor"],"picked":"bronze:Repair","floor":23},{"not_picked":["bronze:Fortify","bronze:WildBeam+1"],"picked":"bronze:ChosenStrike","floor":25},{"not_picked":["bronze:FollowUp","bronze:BugBarrage+1"],"picked":"bronze:ForceShield+1","floor":26},{"not_picked":["bronze:ChildClass+1","bronze:Safeguard+1"],"picked":"bronze:Virus","floor":27},{"not_picked":["bronze:Fortify","bronze:WhirlingStrike"],"picked":"bronze:Terminator+1","floor":28},{"not_picked":["bronze:Shield+1","bronze:Boost+1","bronze:Deprecate+1"],"picked":"SKIP","floor":30},{"not_picked":["bronze:Deprecate+1","bronze:Philosophize+1","bronze:BugBarrage+1"],"picked":"SKIP","floor":31},{"not_picked":["bronze:GetLatest+1","bronze:DelayedGuard+1","bronze:BugBarrage"],"picked":"SKIP","floor":32},{"not_picked":[],"picked":"bronze:FineTuning+1","floor":36},{"not_picked":["bronze:Turbo+1"],"picked":"SKIP","floor":38},{"not_picked":["bronze:Overload+1"],"picked":"SKIP","floor":39},{"not_picked":[],"picked":"bronze:Constructor+1","floor":42},{"not_picked":["bronze:Constructor+1"],"picked":"SKIP","floor":44},{"not_picked":["bronze:Invalidate+1"],"picked":"SKIP","floor":45},{"not_picked":["bronze:OilSpill+1"],"picked":"SKIP","floor":46},{"not_picked":["bronze:Boost+1"],"picked":"SKIP","floor":48},{"not_picked":["bronze:Deprecate+1"],"picked":"SKIP","floor":49},{"not_picked":["bronze:Iterate"],"picked":"SKIP","floor":52}],"player_experience":633301,"relics_obtained":[{"floor":7,"key":"TungstenRod"},{"floor":8,"key":"Ginger"},{"floor":10,"key":"Art of War"},{"floor":12,"key":"Strawberry"},{"floor":23,"key":"Guardian:PocketSentry"},{"floor":24,"key":"champ:DeflectingBracers"},{"floor":25,"key":"hexamod:Sixitude"},{"floor":25,"key":"Toxic Egg 2"},{"floor":28,"key":"Ancient Tea Set"},{"floor":31,"key":"Blood Vial"},{"floor":40,"key":"StoneCalendar"},{"floor":42,"key":"Anchor"},{"floor":46,"key":"Bag of Preparation"},{"floor":52,"key":"hexamod:BolsterEngine"}],"event_choices":[{"damage_healed":0,"gold_gain":0,"player_choice":"Fight","damage_taken":0,"max_hp_gain":0,"max_hp_loss":0,"event_name":"Mysterious Sphere","floor":40,"gold_loss":0}],"is_beta":false,"boss_relics":[{"not_picked":["Calling Bell","Runic Dome"],"picked":"Fusion Hammer"},{"not_picked":["Pandora\u0027s Box","SacredBark"],"picked":"Busted Crown"}],"items_purged_floors":[38,53],"is_endless":false,"potions_floor_spawned":[2,6,11,12,13,15,16,23,25,27,31,39,40,44,46,49],"ascension_level":1}}