{"host":"t5kis9necmbui802","time":1614404649,"event":{"mods":["100% Spire Juice","Act Like it!","BaseMod","CapriCore","Chen","Colored Powertips","Downfall","Gensokyo","HololiveMod","Koishi","KomeijiMod","Lobotomy","LobotomyExtend","Minty Spire (QoL Compilation)","MostiFishMod","Replay The Spire","Robot Space Explorer","Shop Mod","Spicy Shops","StSLib","The Alterego","The Immortal","TheWitcher","Uncapped","Yuri Mod","noobMod"],"gold_per_floor":[99,29,8,20,70,93,93,118,163,163,212,235,235,235,260,372,372,372,400,400,427,412,460,460,486,486,24,128,128,476,502,534,648,648,648,648,648,666,685,742,791,791,833,833,130,142,142,188,198,222],"floor_reached":51,"language":"ZHS","playtime":3215,"items_purged":[],"score":1080,"play_id":"550d53e9-cd17-417e-81f9-f7e073683c74","local_time":"20210227134408","is_ascension_mode":false,"campfire_choices":[],"circlet_count":0,"master_deck":["sneckomod:Strike","sneckomod:Strike","sneckomod:Strike","sneckomod:Defend","sneckomod:Defend+1","sneckomod:Defend","sneckomod:TailWhip","sneckomod:SnekBite","Moonworks:AnotherUltimateWeapon","sneckomod:QuickBite","Doubt","sneckomod:UnknownUncommonPower","sneckomod:SnakeSap","Pain","sneckomod:Mudshield","sneckomod:UnendingSupply","sneckomod:UnknownClassWHITE_ICE_COLOR","ReplayTheSpireMod:Splinters","sneckomod:UnlimitedRolls","AbeCurse","Moonworks:IndiscriminateFireSupport+1","sneckomod:UnknownDraw+1","SnafuTest:CurseWeakArmy","sneckomod:UnknownCommonSkill+1","Gensokyo:ManorOfTheDishes","Parasite","sneckomod:UnknownUncommonPower","Moonworks:ShieldCounter+1","Injury","downfall:Icky","sneckomod:Unknown0Cost","Spreading Infection","SnafuTest:CurseBurningStake","Looming Evil","downfall:Haunted","SnafuTest:CursePact","expansioncontent:LastStand","sneckomod:Nope+1","sneckomod:UnknownUncommonPower+1","Amnesia","Moonworks:Wanted","Moonworks:Assault+1","Gensokyo:HAARP","Gensokyo:LifeforceConverter","sneckomod:Unknown1Cost+1","sneckomod:Unknown0Cost","sneckomod:UnknownBlock+1","ReplayTheSpireMod:Restless Dread"],"relics":["sneckomod:SneckoSoul","DaveBox","ice","FeatherPendant","LetterFromLob","Ring of Hypnosis","Ring of Greed","Replay:Bandana","Replay:Wax Seal","MerchantsRug","ReplayFunnel","Bottled Flame","Shuriken","Oddly Smooth Stone","Gensokyo:Justice","Abe\u0027s Treasure","PreservedInsect","BirthdayGift-Tetrahedron","BirthdayGift-Icosahedron","NitorisBag","Lizard Tail","Turnip","Anchor","Lantern","Hololive_Finger","Ancient Tea Set","Strawberry","Dodecahedron","Chemical X","Toolbox","Gensokyo:DualWield"],"acts_visited":["Gensokyo:Gensokyo","Gensokyo:Gensokyoer","Gensokyo:Gensokyoest"],"potions_floor_usage":[],"damage_taken":[{"damage":0.0,"enemies":"Gensokyo:Python","floor":4.0,"turns":4.0},{"damage":0.0,"enemies":"downfall:FleeingMerchant","floor":6.0,"turns":4.0},{"damage":0.0,"enemies":"Gensokyo:Gryphon","floor":8.0,"turns":1.0},{"damage":16.0,"enemies":"Gensokyo:Cirno","floor":9.0,"turns":9.0},{"damage":0.0,"enemies":"Gensokyo:Mamizou","floor":11.0,"turns":5.0},{"damage":0.0,"enemies":"Gensokyo:2_Kodama","floor":12.0,"turns":2.0},{"damage":3.0,"enemies":"Gensokyo:LivingMonolith","floor":15.0,"turns":2.0},{"damage":35.0,"enemies":"DF_ARCHETYPE_STREAMLINE","floor":16.0,"turns":10.0},{"damage":4.0,"enemies":"Gensokyo:Chomper","floor":19.0,"turns":2.0},{"damage":24.0,"enemies":"Gensokyo:AngelMirror","floor":21.0,"turns":2.0},{"damage":8.0,"enemies":"Gensokyo:Chomper_and_Gloop","floor":23.0,"turns":2.0},{"damage":20.0,"enemies":"Gensokyo:Swordslinger","floor":25.0,"turns":4.0},{"damage":3.0,"enemies":"","floor":28.0,"turns":3.0},{"damage":9.0,"enemies":"Gensokyo:Tenshi","floor":30.0,"turns":2.0},{"damage":0.0,"enemies":"Gensokyo:Wraith","floor":32.0,"turns":2.0},{"damage":0.0,"enemies":"SI_MIRROR_ARCHETYPE","floor":33.0,"turns":4.0},{"damage":0.0,"enemies":"Gensokyo:3_Bats","floor":38.0,"turns":1.0},{"damage":0.0,"enemies":"Gensokyo:3_Boulders","floor":39.0,"turns":2.0},{"damage":0.0,"enemies":"Gensokyo:Doremy","floor":40.0,"turns":2.0},{"damage":0.0,"enemies":"Gensokyo:Sharpion","floor":43.0,"turns":2.0},{"damage":0.0,"enemies":"Gensokyo:Rafflesia","floor":46.0,"turns":2.0},{"damage":0.0,"enemies":"Gensokyo:Dusk_and_Dawn","floor":48.0,"turns":1.0},{"damage":0.0,"enemies":"Gensokyo:4_Bats","floor":49.0,"turns":1.0},{"damage":8.0,"enemies":"IC_BLOCK_ARCHETYPE","floor":50.0,"turns":1.0},{"damage":0.0,"enemies":"Malkuth","floor":51.0,"turns":2.0},{"damage":1.0,"enemies":"Hod","floor":51.0,"turns":5.0}],"seed_played":"1709576327905902868","potions_obtained":[{"floor":4.0,"key":"Dexterity Potion"},{"floor":8.0,"key":"Energy Potion"},{"floor":16.0,"key":"Toxic Potion"},{"floor":19.0,"key":"Block Potion"},{"floor":43.0,"key":"FairyPotion"}],"is_trial":false,"path_per_floor":["R","?","COS","M","?","$","T","M","E","?","E","M","M","?","M","B",null,"R","M","?","M","?","M","T","M","?","COS","?","R","E","T","M","B",null,"R","?","?","M","M","E","T","R","M","R","COS","M","?","M","M","B",null,null],"character_chosen":"THE_SNECKO","items_purchased":["MerchantsRug","ReplayFunnel"],"campfire_rested":0,"item_purchase_floors":[6,6],"current_hp_per_floor":[90,90,90,90,90,90,90,90,74,74,74,74,74,74,71,36,90,90,86,86,62,86,78,78,58,58,58,56,56,48,48,49,60,81,81,81,81,81,81,81,88,88,88,88,88,88,88,88,88,88],"gold":284,"neow_bonus":"ONE_RANDOM_RARE_CARD","is_daily":false,"chose_seed":false,"campfire_upgraded":0,"win_rate":0.0,"timestamp":1614404648,"path_taken":["R","?","COS","M","?","$","T","M","E","?","E","M","M","?","M","BOSS","R","M","?","M","?","?","T","M","?","COS","?","R","E","?","M","BOSS","R","?","?","?","M","E","T","R","?","R","COS","?","?","M","M","BOSS"],"items_purchased_type":["Relic","Relic"],"build_version":"2020-12-22","purchased_purges":0,"victory":true,"max_hp_per_floor":[90,90,90,90,90,90,90,90,90,90,90,90,90,90,90,90,90,90,90,90,90,90,90,90,90,81,81,81,81,81,81,81,81,81,81,81,81,81,81,81,88,88,88,88,88,88,88,88,88,88],"card_choices":[{"not_picked":["sneckomod:IronFang","sneckomod:DiceBoulder"],"picked":"sneckomod:QuickBite","floor":4.0},{"not_picked":["sneckomod:SerpentIdol","sneckomod:UnknownDraw"],"picked":"sneckomod:UnknownUncommonPower","floor":6.0},{"not_picked":["sneckomod:Unknown1Cost","sneckomod:DiceBlock"],"picked":"sneckomod:UnknownX","floor":8.0},{"not_picked":["sneckomod:ImprovisedGuard","sneckomod:QuickBite"],"picked":"sneckomod:SnakeSap","floor":9.0},{"not_picked":["sneckomod:UnknownBlock","sneckomod:UnknownClassYURI_RED"],"picked":"sneckomod:Mudshield","floor":11.0},{"not_picked":["sneckomod:UnknownUncommonSkill","sneckomod:SnakeSap"],"picked":"sneckomod:UnendingSupply","floor":12.0},{"not_picked":["sneckomod:WideSting","sneckomod:QuickMove"],"picked":"sneckomod:UnknownClassWHITE_ICE_COLOR","floor":15.0},{"not_picked":["sneckomod:Unknown3Cost","sneckomod:UnknownRarePower"],"picked":"sneckomod:UnlimitedRolls","floor":16.0},{"not_picked":["sneckomod:QuickMove","sneckomod:UnknownClassShop Special"],"picked":"sneckomod:UnknownDraw+1","floor":19.0},{"not_picked":["sneckomod:PureSnecko","sneckomod:QuickBite","sneckomod:UnknownClassWHITE_ICE_COLOR"],"picked":"SKIP","floor":21.0},{"not_picked":["sneckomod:SoulDraw+1","sneckomod:WideSting"],"picked":"sneckomod:UnknownBlock+1","floor":23.0},{"not_picked":["sneckomod:UnknownUncommonPower","sneckomod:DiceBlock"],"picked":"sneckomod:UnknownCommonSkill+1","floor":25.0},{"not_picked":["Gensokyo:TekeTeke","Gensokyo:MonkeysPaw"],"picked":"Gensokyo:ManorOfTheDishes","floor":26.0},{"not_picked":["sneckomod:UnknownWeak","sneckomod:RainOfDice"],"picked":"sneckomod:UnknownUncommonPower","floor":28.0},{"not_picked":["sneckomod:SlitherStrike","sneckomod:UnknownCommonAttack"],"picked":"sneckomod:Unknown0Cost","floor":30.0},{"not_picked":["sneckomod:QuickBite","sneckomod:DefensiveFlair","sneckomod:DiceCrush"],"picked":"SKIP","floor":32.0},{"not_picked":["sneckomod:Restock","sneckomod:UnlimitedRolls"],"picked":"sneckomod:UnknownRareSkill","floor":33.0},{"not_picked":["sneckomod:IronFang+1","sneckomod:UnknownClassWHITE_ICE_COLOR"],"picked":"sneckomod:UnknownCommonAttack+1","floor":38.0},{"not_picked":["sneckomod:UnknownClassShop Special+1","sneckomod:IronFang+1"],"picked":"sneckomod:Nope+1","floor":39.0},{"not_picked":["sneckomod:DefensiveFlair","sneckomod:SoulDraw"],"picked":"sneckomod:UnknownUncommonPower+1","floor":40.0},{"not_picked":["sneckomod:DiceBoulder+1","sneckomod:SnekBeam","sneckomod:DefensiveFlair"],"picked":"SKIP","floor":43.0},{"not_picked":["sneckomod:SoulCleanse+1","sneckomod:Rotation"],"picked":"sneckomod:Unknown1Cost+1","floor":46.0},{"not_picked":["sneckomod:SnakeSap","sneckomod:QuickBite+1"],"picked":"sneckomod:Unknown0Cost","floor":48.0},{"not_picked":["sneckomod:UnknownUncommonAttack+1","sneckomod:DiceCrush"],"picked":"sneckomod:UnknownBlock+1","floor":49.0}],"player_experience":469935,"relics_obtained":[{"floor":4.0,"key":"LetterFromLob"},{"floor":5.0,"key":"Ring of Hypnosis"},{"floor":5.0,"key":"Ring of Greed"},{"floor":5.0,"key":"Replay:Bandana"},{"floor":5.0,"key":"Replay:Wax Seal"},{"floor":7.0,"key":"Bottled Flame"},{"floor":9.0,"key":"Shuriken"},{"floor":11.0,"key":"Oddly Smooth Stone"},{"floor":24.0,"key":"PreservedInsect"},{"floor":28.0,"key":"Lizard Tail"},{"floor":28.0,"key":"Turnip"},{"floor":30.0,"key":"Anchor"},{"floor":31.0,"key":"Lantern"},{"floor":40.0,"key":"Ancient Tea Set"},{"floor":41.0,"key":"Strawberry"}],"event_choices":[],"is_beta":false,"boss_relics":[{"not_picked":["TimeKeys","Fusion Hammer"],"picked":"Abe\u0027s Treasure"},{"not_picked":["Hololive_ChaosS","Ring of Chaos"],"picked":"Hololive_Finger"}],"items_purged_floors":[],"is_endless":false,"potions_floor_spawned":[4,8,16,19,30,32,33,40,43,46,49],"ascension_level":0}}