{"host":"hqvh779b89tfrjxy","time":1614432928,"event":{"mods":["Act Like it!","BaseMod","Better Third Choice","Downfall","Downfall-Rebalance","Elementarium","Filter the Spire","GifTheSpireLib","Minty Spire (QoL Compilation)","Replay The Spire","Ruina","Spicy Shops","StSLib"],"gold_per_floor":[119,132,132,132,57,85,103,103,103,103,103,136,151,175,175,271,271,288,307,1,17,32,32,32],"floor_reached":23,"language":"ENG","playtime":778,"items_purged":[],"score":302,"play_id":"7a5e6e87-8809-41a2-8377-6635a1ceab12","local_time":"20210227143528","is_ascension_mode":true,"campfire_choices":[{"data":"Choke","floor":8,"key":"SMITH"},{"floor":10,"key":"REST"},{"data":"Phantasmal Killer","floor":15,"key":"SMITH"}],"circlet_count":0,"master_deck":["AscendersBane","Strike_G","Strike_G+1","Strike_G","Strike_G","Defend_G","Defend_G","Defend_G","Defend_G","Defend_G","Survivor","Neutralize","Hidden Blade+1","Blade Dance+1","Choke+1","Blade Dance","Phantasmal Killer+1","Envenom+1","Dodge and Roll","Backflip","Dodge and Roll","Blade Dance"],"relics":["WristBlade","Boot","Medical Kit","Pen Nib","Ancient Tea Set","Kunai","Odd Mushroom","Black Star","Guide Book","ClockworkSouvenir"],"acts_visited":["Exordium","Elementarium:Elementarium"],"potions_floor_usage":[6,16,22,23,23,23],"damage_taken":[{"damage":0,"enemies":"Small Slimes","floor":1,"turns":5},{"damage":0,"enemies":"2 Louse","floor":2,"turns":3},{"damage":15,"enemies":"Lagavulin","floor":6,"turns":4},{"damage":0,"enemies":"Jaw Worm","floor":7,"turns":1},{"damage":5,"enemies":"3 Sentries","floor":12,"turns":4},{"damage":0,"enemies":"2 Fungi Beasts","floor":13,"turns":1},{"damage":3,"enemies":"The Mushroom Lair","floor":14,"turns":3},{"damage":10,"enemies":"Hexaghost","floor":16,"turns":6},{"damage":13,"enemies":"Elementarium:MUD_AND_TAR_GOLEMS","floor":18,"turns":2},{"damage":2,"enemies":"Elementarium:2_ELEMENTALS","floor":19,"turns":4},{"damage":11,"enemies":"Elementarium:STONE_GOLEMS","floor":21,"turns":5},{"damage":13,"enemies":"Elementarium:Hydrostalker","floor":22,"turns":7},{"damage":15,"enemies":"Elementarium:FIRE_NOBILITY","floor":23,"turns":5}],"seed_played":"3709584508773680141","potions_obtained":[{"floor":2,"key":"champ:CounterPotion"},{"floor":6,"key":"Poison Potion"},{"floor":12,"key":"SneckoOil"},{"floor":14,"key":"EntropicBrew"},{"floor":22,"key":"Languid Potion"}],"is_trial":false,"path_per_floor":["M","M","?","?","$","E","M","R","T","R","?","E","M","?","R","B",null,"M","M","$","M","M","E"],"character_chosen":"THE_SILENT","items_purchased":["Medical Kit","Guide Book","ClockworkSouvenir"],"campfire_rested":1,"item_purchase_floors":[5,20,20],"current_hp_per_floor":[63,63,49,31,31,16,16,16,16,37,30,25,25,22,22,12,56,43,41,41,30,17,2,2],"gold":32,"neow_bonus":"BOSS_RELIC","is_daily":false,"chose_seed":false,"campfire_upgraded":2,"win_rate":0.0,"timestamp":1614432928,"path_taken":["M","M","?","?","$","E","M","R","T","R","?","E","M","?","R","BOSS","M","M","$","M","M","E"],"items_purchased_type":["Relic","Relic","Relic"],"build_version":"2020-12-22","purchased_purges":0,"victory":false,"max_hp_per_floor":[70,70,70,70,70,70,70,70,70,70,70,70,70,70,70,70,70,70,70,70,70,70,70,70],"card_choices":[{"not_picked":["Deflect","Escape Plan"],"picked":"Hidden Blade","floor":1},{"not_picked":["Quick Slash","Prepared"],"picked":"Blade Dance","floor":2},{"not_picked":["Underhanded Strike","Dash"],"picked":"Choke","floor":6},{"not_picked":["Poisoned Stab","Outmaneuver"],"picked":"Blade Dance","floor":7},{"not_picked":["Poisoned Stab","Deadly Poison","Bane"],"picked":"SKIP","floor":12},{"not_picked":["Expertise","Eviscerate"],"picked":"Phantasmal Killer","floor":13},{"not_picked":["Unload","Replay:Bag of Tricks"],"picked":"Envenom","floor":16},{"not_picked":["Underhanded Strike","Dagger Spray"],"picked":"Dodge and Roll","floor":18},{"not_picked":["Infinite Blades+1","Reflex"],"picked":"Backflip","floor":19},{"not_picked":["Deadly Poison","Bane"],"picked":"Dodge and Roll","floor":21},{"not_picked":["Escape Plan","Crippling Poison"],"picked":"Blade Dance","floor":22}],"player_experience":289761,"relics_obtained":[{"floor":6,"key":"Pen Nib"},{"floor":9,"key":"Ancient Tea Set"},{"floor":12,"key":"Kunai"},{"floor":14,"key":"Odd Mushroom"}],"event_choices":[{"damage_healed":63,"gold_gain":0,"player_choice":"Upgrade","damage_taken":14,"max_hp_gain":0,"max_hp_loss":70,"event_name":"betterThird:BetterShining","floor":3,"gold_loss":0,"cards_upgraded":["Strike_G","Blade Dance"]},{"damage_healed":0,"gold_gain":0,"player_choice":"Relic ","damage_taken":18,"max_hp_gain":0,"max_hp_loss":0,"event_name":"betterThird:BetterScrap","floor":4,"gold_loss":0,"cards_obtained":["TalkToTheHand"]},{"cards_removed":["Strike_G"],"damage_healed":0,"gold_gain":0,"player_choice":"Card Removal","damage_taken":7,"max_hp_gain":0,"max_hp_loss":0,"event_name":"Golden Wing","floor":11,"gold_loss":0},{"damage_healed":0,"gold_gain":0,"player_choice":"Fought Mushrooms","damage_taken":0,"max_hp_gain":0,"max_hp_loss":0,"event_name":"Mushrooms","floor":14,"gold_loss":0}],"is_beta":false,"boss_relics":[{"not_picked":["Abe\u0027s Treasure","Snecko Scales"],"picked":"Black Star"}],"items_purged_floors":[],"is_endless":false,"potions_floor_spawned":[2,6,12,14,22],"killed_by":"Elementarium:FIRE_NOBILITY","ascension_level":10}}