{"host":"skx52d3x4g37h2em","time":1614443047,"event":{"mods":["BaseMod","Colored Map","Library of Ruina","Library of Ruina Extra","Lobotomy","LobotomyExtend","Minty Spire (QoL Compilation)","Quick Restart","Relic Sorter","StSLib"],"gold_per_floor":[111,81,96,108,108,120,132,144,231,277,302,345,369,556,568,683,695,718,730,753,433,613,640,657,682,682,716,726,741,741,215,215,319,319,333,345,360,360,379,409,409,438,465,482,482,500,515,533,533,533,533],"floor_reached":52,"language":"ENG","playtime":4175,"items_purged":["LightDefense+1"],"score":811,"play_id":"5d873270-69e7-4396-a9eb-53555dfdb00b","local_time":"20210227192407","is_ascension_mode":false,"campfire_choices":[{"data":"TheWillOfTheCity","floor":6,"key":"SMITH"},{"data":"TendonChords","floor":8,"key":"SMITH"},{"data":"Fence","floor":15,"key":"SMITH"},{"data":"SunsetBlade","floor":30,"key":"SMITH"},{"data":"BlindFaith","floor":32,"key":"SMITH"},{"data":"CrackOfDawn","floor":41,"key":"SMITH"},{"data":"UnforgettableMelody","floor":49,"key":"SMITH"}],"circlet_count":0,"master_deck":["Dodge+1","LightAttack","LightAttack","LightDefense+1","LightDefense","LightDefense","ChargeAndCover","FocusedStrikes","TheWillOfTheCity+1","QuickAttack","TendonChords+1","GuardingStance","Fence+1","GatherIntel","Preparation","Unlock1","SwordOfVolition","SunsetBlade+1","CrackOfDawn+1","AbsorbImpact","ViolentFlame","GatherIntel","ViolentFlame","Commandeering","BlindFaith+1","Observe","AGoldenOpportunity+1","FlashOfSunup","TheWillOfTheCity+1","SomberProcuration+1","UnforgettableMelody+1","EnergyCycle","QuickAttack"],"relics":["PageOfLibrarian","LetterFromLob","MawBank","Mercury Hourglass","PageOfWayBackHome","War Paint","Empty Cage","Lizard Tail","Ginger","PageOfMercenary","PageOfWrath","PageOfTheQueenOfHatred","Omamori","Potion Belt","Orrery","PageOfTheKnightOfDespair","PageOfGreed","Blood Vial","PageOfNihil"],"acts_visited":["Exordium","TheCity","TheBeyond"],"potions_floor_usage":[10,28,40,44,44,44,44,44],"damage_taken":[{"damage":0,"enemies":"Small Slimes","floor":1,"turns":5},{"damage":0,"enemies":"Cultist","floor":3,"turns":3},{"damage":0,"enemies":"Jaw Worm","floor":4,"turns":2},{"damage":7,"enemies":"Gremlin Nob","floor":10,"turns":3},{"damage":0,"enemies":"Blue Slaver","floor":11,"turns":2},{"damage":0,"enemies":"3 Sentries","floor":12,"turns":5},{"damage":3,"enemies":"Exordium Thugs","floor":13,"turns":5},{"damage":32,"enemies":"Hexaghost","floor":16,"turns":9},{"damage":0,"enemies":"Shell Parasite","floor":18,"turns":4},{"damage":0,"enemies":"3 Byrds","floor":20,"turns":4},{"damage":11,"enemies":"Gremlin Leader","floor":23,"turns":5},{"damage":2,"enemies":"Centurion and Healer","floor":24,"turns":2},{"damage":9,"enemies":"Book of Stabbing","floor":25,"turns":5},{"damage":8,"enemies":"Slavers","floor":27,"turns":4},{"damage":0,"enemies":"Snecko","floor":28,"turns":4},{"damage":2,"enemies":"Snake Plant","floor":29,"turns":3},{"damage":29,"enemies":"Automaton","floor":33,"turns":8},{"damage":0,"enemies":"Orb Walker","floor":35,"turns":3},{"damage":20,"enemies":"3 Darklings","floor":36,"turns":5},{"damage":0,"enemies":"Transient","floor":37,"turns":5},{"damage":2,"enemies":"Writhing Mass","floor":39,"turns":5},{"damage":52,"enemies":"Reptomancer","floor":40,"turns":7},{"damage":28,"enemies":"Nemesis","floor":42,"turns":5},{"damage":61,"enemies":"Sphere and 2 Shapes","floor":44,"turns":10},{"damage":27,"enemies":"3 Darklings","floor":46,"turns":4},{"damage":0,"enemies":"Jaw Worm Horde","floor":47,"turns":4},{"damage":0,"enemies":"Sphere and 2 Shapes","floor":48,"turns":5},{"damage":17,"enemies":"Donu and Deca","floor":50,"turns":8}],"seed_played":"-173081376768999074","potions_obtained":[{"floor":2,"key":"EntropicBrew"},{"floor":2,"key":"Regen Potion"},{"floor":4,"key":"Dexterity Potion"},{"floor":10,"key":"Fruit Juice"},{"floor":11,"key":"Block Potion"},{"floor":13,"key":"DuplicationPotion"},{"floor":33,"key":"DistilledChaos"},{"floor":37,"key":"SteroidPotion"},{"floor":40,"key":"SteroidPotion"},{"floor":44,"key":"PowerPotion"},{"floor":45,"key":"GamblersBrew"},{"floor":45,"key":"LiquidMemories"},{"floor":46,"key":"Weak Potion"}],"is_trial":false,"path_per_floor":["M","?","M","M","?","R","?","R","T","E","M","E","M","?","R","B",null,"M","?","M","$","?","E","M","E","T","E","M","M","R","$","R","B",null,"M","M","M","?","M","E","R","E","T","M","?","M","M","M","R","B",null,null],"character_chosen":"Librarian","items_purchased":["SunsetBlade","Lizard Tail","Omamori","Potion Belt","Orrery"],"campfire_rested":0,"item_purchase_floors":[21,21,31,31,31],"current_hp_per_floor":[60,60,60,60,60,60,60,60,60,61,64,70,70,70,70,50,82,82,82,82,82,63,58,56,53,53,48,64,67,67,67,67,60,82,82,65,82,82,82,51,51,34,34,16,16,30,50,70,70,82,82],"gold":533,"neow_bonus":"UPGRADE_CARD","is_daily":false,"chose_seed":false,"campfire_upgraded":7,"win_rate":0.0,"timestamp":1614443047,"path_taken":["M","?","M","?","?","R","?","R","T","E","?","E","M","?","R","BOSS","M","?","M","$","?","E","M","E","T","E","M","M","R","$","R","BOSS","M","M","M","?","M","E","R","E","T","M","?","M","?","M","R","BOSS"],"items_purchased_type":["Card","Relic","Relic","Relic","Relic"],"build_version":"2020-12-22","purchased_purges":1,"victory":true,"max_hp_per_floor":[77,77,77,77,77,77,77,77,77,82,82,82,82,82,82,82,82,82,82,82,82,82,82,82,82,82,82,82,82,82,82,82,82,82,82,82,82,82,82,82,82,82,82,82,82,82,82,82,82,82,82],"card_choices":[{"not_picked":["ClassAndRespect","GreatSerpentsImpact","WillProduceFineSilk","FleetEdge","FlowOfTheSword","TrimTheIngredients","FervidEmotions","PinpointShot"],"picked":"TheWillOfTheCity","floor":1},{"not_picked":["HighKick","GuidanceOfTheGears","BiAn","CutIn","FlowOfTheSword","BindingChains","Parry","MultiBlock"],"picked":"QuickAttack","floor":3},{"not_picked":["TraceOfFumes","BlindFaith","BackAttack","UnavoidableGaze","EnergyCycle","Lock","Unlock1","RhinoRam"],"picked":"TendonChords","floor":4},{"not_picked":["QuickSuppression","Reload","QuickAttack","YouOnlyLiveOnce","ViolentFlame","Rewind","RagingStormLove","UndertakePrescript"],"picked":"GuardingStance","floor":10},{"not_picked":["ClassAndRespect","UnavoidableGaze","NightInTheBackstreets","SerpentineBarrier","Overcharge","FrontalAssault","AutonomousRush","FleetFootsteps"],"picked":"Fence","floor":11},{"not_picked":["Riposte","HiddenBlade","PreemptiveStrike","FieryWaltz","ElectricShock","ChiWen","FocusFire","Quickness"],"picked":"GatherIntel","floor":12},{"not_picked":["Rewind","SinglePointStab","SunsetBlade","WillProduceFineSilk","Retaliate","GreatSerpentsImpact","HighKick","SmokingPipe"],"picked":"Preparation","floor":13},{"not_picked":["WillOfThePrescript","YoureAHindrance","EndlessBattle+1","PreparedMind+1","Duel_lor","DirtyBlow","AssaultOrder","Diversion"],"picked":"Unlock1","floor":18},{"not_picked":["HandleRequest","BackstreetsDash+1","DriedUp","FierceOnslaught","SharpSwipe+1","MultiHit","Thrust+1","FieryDragonSlash+1"],"picked":"SwordOfVolition","floor":20},{"not_picked":["StayCalm","PreemptiveStrike","Unlock1+1","EndlessBattle","LossOfSenses","InnerArdor+1","DesperateStruggle+1","IllEndYou"],"picked":"CrackOfDawn","floor":23},{"not_picked":["SharpSwipe","SunsetBlade","FeelinGood","PinpointShot","CombatPreparation","Bvapour","SparkingSpear+1","SuppressingShot"],"picked":"AbsorbImpact","floor":24},{"not_picked":["FocusFire","Crush","SunsetBlade","Faith","Leap_lor","Zzzzzap","PreemptiveStrike+1","StrongStrike"],"picked":"ViolentFlame","floor":25},{"not_picked":["StructuralAnalysis","BlazingStrike","SerpentSwordTechnique","FendThisOffIfYouCan","QuickSuppression+1","Gigigig","Quickness","Leap_lor+1","WillOfThePrescript"],"picked":"SKIP","floor":27},{"not_picked":["GreatSerpentsImpact","UnavoidableGaze","WaitUp","SummaryJudgment","GuidanceOfTheGears","Struggle+1","Parry2","SetFire","Laceration"],"picked":"SKIP","floor":28},{"not_picked":["GreatSerpentsImpact","UnavoidableGaze","WaitUp","SummaryJudgment","GuidanceOfTheGears","Struggle+1","Parry2","SetFire","Laceration"],"picked":"SKIP","floor":28},{"not_picked":["GuardingStance+1","BackAttack","Standoff","SunsetBlade+1","ICanCookAnything","Pound","FlamingDragonFist","Unlock1"],"picked":"GatherIntel","floor":29},{"not_picked":["Reload","Observe","ElectricShock","BattleCommand","WillBeTasty+1","SinglePointStab","MultiBlock+1","Wallop_lor"],"picked":"ViolentFlame","floor":31},{"not_picked":["Diversion","UnavoidableGaze+1","Reload+1","SunsetBlade","Decapitation","SinglePointStab","Execute_lor","Rewind"],"picked":"Commandeering","floor":31},{"not_picked":["Castigation","NightInTheBackstreets","Marionette","DefenseOrder","Thrust+1","BackstreetsDash","DriedUp","EnergyStrike+1"],"picked":"BlindFaith","floor":31},{"not_picked":["Punishment","Castigation"],"picked":"Observe","floor":33},{"not_picked":["ViolentFlame+1","Overpower","Parry2+1","Multislash+1","PreemptiveStrike+1","FaintMemories+1","FleetFootsteps","SweepTheBackstreets"],"picked":"AGoldenOpportunity+1","floor":35},{"not_picked":["SnakesPrey+1","WillProduceFineSilk","StrongStrike","HiddenBlade+1","FierceCharge+1","DevastatingThrash","MultiBlock","Faith"],"picked":"FlashOfSunup","floor":36},{"not_picked":["SearingSword","BiteOff","CoordinatedAssault","LoosenUp","StrongStrike+1","Leap_lor","HighKick","AsThePrescriptOrders+1"],"picked":"TheWillOfTheCity+1","floor":37},{"not_picked":["BattleCommand+1","NonstopAssault+1","PreemptiveStrike","GaleKick","GuidanceOfTheGears+1","MultiHit+1","Diversion+1","Juggling"],"picked":"SomberProcuration+1","floor":39},{"not_picked":["CoordinatedAssault+1","BizarreAttack","IllEndYou+1","BalefulBrand","DefenseOrder+1","NightInTheBackstreets+1","Disposal","Parry","Parry2"],"picked":"SKIP","floor":40},{"not_picked":["LawAndOrder","Faith","EnergyStrike","GuidanceOfTheGears","GuardingStance+1","HighKick","CutIn+1","SmokingPipe"],"picked":"UnforgettableMelody","floor":42},{"not_picked":["Eliminate","BiteOff+1","Outburst","Preparation","EnergyStrike","FeelinGood+1","FrontalAssault","FierceCharge"],"picked":"EnergyCycle","floor":44},{"not_picked":["Thrust+1","Standoff+1","Track+1","SkitterAway","Marionette+1","TrashDisposal","LawAndOrder+1","BackAttack+1","FleetEdge+1"],"picked":"SKIP","floor":46},{"not_picked":["SnakesPrey+1","StrongStrike","FleetFootsteps","HiddenBlade","Faith","FlyingSword+1","OminousPower","FrontalAssault"],"picked":"QuickAttack","floor":47},{"not_picked":["Outburst","FleetFootsteps","FieryWaltz+1","MindWhip+1","UpbeatPerformance","DarkCloud","CoordinatedAssault+1","Leap_lor","FierceOnslaught+1"],"picked":"SKIP","floor":48},{"not_picked":["Outburst","FleetFootsteps","FieryWaltz+1","MindWhip+1","UpbeatPerformance","DarkCloud","CoordinatedAssault+1","Leap_lor","FierceOnslaught+1"],"picked":"SKIP","floor":48}],"player_experience":119762,"relics_obtained":[{"floor":1,"key":"LetterFromLob"},{"floor":9,"key":"Mercury Hourglass"},{"floor":10,"key":"PageOfWayBackHome"},{"floor":12,"key":"War Paint"},{"floor":23,"key":"Ginger"},{"floor":25,"key":"PageOfMercenary"},{"floor":26,"key":"PageOfWrath"},{"floor":27,"key":"PageOfTheQueenOfHatred"},{"floor":40,"key":"PageOfTheKnightOfDespair"},{"floor":42,"key":"PageOfGreed"},{"floor":43,"key":"Blood Vial"},{"floor":44,"key":"PageOfNihil"}],"event_choices":[{"damage_healed":0,"gold_gain":0,"player_choice":"Bought 2 Potions","damage_taken":0,"max_hp_gain":0,"max_hp_loss":0,"event_name":"The Woman in Blue","floor":2,"gold_loss":0},{"damage_healed":0,"gold_gain":0,"player_choice":"Box","damage_taken":0,"relics_obtained":["MawBank"],"max_hp_gain":0,"max_hp_loss":0,"event_name":"Big Fish","floor":5,"gold_loss":0,"cards_obtained":["Regret"]},{"cards_removed":["Regret"],"damage_healed":0,"gold_gain":0,"player_choice":"Removed Curses","damage_taken":0,"max_hp_gain":0,"max_hp_loss":0,"event_name":"Fountain of Cleansing","floor":7,"gold_loss":0},{"damage_healed":0,"gold_gain":175,"player_choice":"AGREE","damage_taken":0,"max_hp_gain":0,"max_hp_loss":0,"event_name":"Liars Game","floor":14,"gold_loss":0,"cards_obtained":["Doubt"]},{"damage_healed":0,"gold_gain":0,"player_choice":"Ignored","damage_taken":0,"max_hp_gain":0,"max_hp_loss":0,"event_name":"Ghosts","floor":19,"gold_loss":0},{"damage_healed":0,"gold_gain":180,"player_choice":"GOLD GOLD ","damage_taken":19,"max_hp_gain":0,"max_hp_loss":0,"event_name":"Knowing Skull","floor":22,"potions_obtained":[],"gold_loss":0,"cards_obtained":[]},{"damage_healed":0,"gold_gain":0,"player_choice":"Got Potions","damage_taken":0,"max_hp_gain":0,"max_hp_loss":0,"event_name":"Lab","floor":45,"gold_loss":0}],"is_beta":false,"boss_relics":[{"not_picked":["Runic Pyramid","Pandora\u0027s Box"],"picked":"Empty Cage"},{"not_picked":["Astrolabe","Runic Dome","Calling Bell"]}],"items_purged_floors":[31],"is_endless":false,"potions_floor_spawned":[4,10,11,13,20,23,25,27,33,37,40,44,46],"ascension_level":0}}