{"host":"eaiphzh066bwqdh7","time":1614452840,"event":{"mods":["AchievementEnabler","Aspiration","BaseMod","Bestiary","Better Note","Better Third Choice","Colored Powertips","Curses Come First","GifTheSpireLib","Halation","Highlight Path","Hubris","Infinite Spire","Minty Spire (QoL Compilation)","Quick Restart","Reliquary","Replay The Spire","StSLib","Stuff the Spire"],"gold_per_floor":[113,113,131,56,56,83,83,96,151,151,151,168,180,145,145,241,241,259,259,259,259,278,298,298,298,323,323,323],"floor_reached":27,"language":"ENG","playtime":1172,"items_purged":["Defend_G"],"score":289,"play_id":"428d8271-137f-4620-ac73-26957f0e6db5","local_time":"20210227140720","is_ascension_mode":true,"campfire_choices":[{"floor":7,"key":"REST"},{"data":"hubris:SlightOfHand","floor":11,"key":"SMITH"},{"floor":15,"key":"REST"},{"floor":25,"key":"REST"}],"circlet_count":0,"master_deck":["Strike_G","Strike_G","Strike_G","Strike_G","Defend_G","Defend_G","Defend_G","Survivor+1","Neutralize","Dash","ReplayTheSpireMod:Scrap Shanks","Sucker Punch+1","StuffTheSpire:Shiver","Reflex","hubris:SlightOfHand+1","Slice+1","Quick Slash","Accuracy","Corpse Explosion+1","Calculated Gamble","StuffTheSpire:Shiver+1","hubris:Fate","Dagger Throw"],"relics":["Ring of the Serpent","StuffTheSpire:WitherSkull","Golden Egg","aspiration:TomeofQuesting","Replay:Mystery Machine","reliquary:Firecrackers","reliquary:Buckler"],"acts_visited":["Exordium","TheCity"],"potions_floor_usage":[16,23,27],"damage_taken":[{"damage":0,"enemies":"Small Slimes","floor":1,"turns":3},{"damage":0,"enemies":"Cultist","floor":3,"turns":3},{"damage":29,"enemies":"Lagavulin","floor":6,"turns":7},{"damage":9,"enemies":"infinitespire:Voidling","floor":8,"turns":4},{"damage":7,"enemies":"Large Slime","floor":12,"turns":5},{"damage":15,"enemies":"Lots of Slimes","floor":13,"turns":4},{"damage":29,"enemies":"Fading Forest","floor":16,"turns":11},{"damage":4,"enemies":"Chosen","floor":18,"turns":6},{"damage":0,"enemies":"3 Byrds","floor":22,"turns":2},{"damage":32,"enemies":"Shelled Parasite and Fungi","floor":23,"turns":4},{"damage":32,"enemies":"Book of Stabbing","floor":26,"turns":4},{"damage":26,"enemies":"Snake Plant","floor":27,"turns":4}],"seed_played":"-5205673221827766791","potions_obtained":[{"floor":12,"key":"Elixir"},{"floor":13,"key":"Toxic Potion"},{"floor":16,"key":"ColorlessPotion"},{"floor":18,"key":"Elixir"},{"floor":26,"key":"Regen Potion"}],"is_trial":false,"path_per_floor":["M","?","M","$","T","E","R","M","T","?","R","M","M","?","R","B",null,"M","?","PTL","PTL","M","M","AVR","R","E","M"],"character_chosen":"THE_SILENT","items_purchased":[],"campfire_rested":3,"item_purchase_floors":[],"current_hp_per_floor":[63,63,63,63,63,34,52,52,52,52,52,45,30,45,63,58,62,58,58,58,58,58,26,26,44,12,0,0],"gold":323,"neow_bonus":"TRANSFORM_TWO_CARDS","is_daily":false,"chose_seed":false,"campfire_upgraded":1,"win_rate":0.0,"timestamp":1614452840,"path_taken":["M","?","M","$","?","E","R","?","T","?","R","M","M","?","R","BOSS","M","?","PTL","PTL","M","M","AVR","R","E","M"],"items_purchased_type":[],"build_version":"2020-12-22","purchased_purges":1,"victory":false,"max_hp_per_floor":[63,63,63,63,63,63,63,63,63,63,63,63,63,63,63,63,63,63,63,63,63,63,63,63,63,63,63,63],"card_choices":[{"not_picked":["Acrobatics","Prepared","Outmaneuver"],"picked":"SKIP","floor":1},{"not_picked":["StuffTheSpire:ClusterCrunch","Outmaneuver"],"picked":"Reflex","floor":3},{"not_picked":["ReplayTheSpireMod:Shiv Toss","Atom Bomb"],"picked":"hubris:SlightOfHand","floor":6},{"not_picked":["Quick Slash","hubris:SlightOfHand"],"picked":"Slice","floor":8},{"not_picked":["Choke","Distraction"],"picked":"Quick Slash","floor":12},{"not_picked":["Prepared","Dash"],"picked":"Accuracy","floor":13},{"not_picked":["StuffTheSpire:FinalStruggle","Malaise"],"picked":"Corpse Explosion","floor":16},{"not_picked":["StuffTheSpire:Repulse","StuffTheSpire:Injection"],"picked":"Calculated Gamble","floor":18},{"not_picked":["Dagger Spray","Poisoned Stab"],"picked":"StuffTheSpire:Shiver+1","floor":22},{"not_picked":["Expertise","Sneak Up","Dodge and Roll"],"picked":"SKIP","floor":23},{"not_picked":["Flying Knee","StuffTheSpire:Python+1"],"picked":"Dagger Throw","floor":26}],"player_experience":354643,"relics_obtained":[{"floor":5,"key":"StuffTheSpire:WitherSkull"},{"floor":6,"key":"Golden Egg"},{"floor":9,"key":"aspiration:TomeofQuesting"},{"floor":26,"key":"reliquary:Buckler"}],"event_choices":[{"damage_healed":0,"gold_gain":0,"player_choice":"2 cards matched","damage_taken":0,"max_hp_gain":0,"max_hp_loss":0,"event_name":"Match and Keep!","floor":2,"gold_loss":0,"cards_obtained":["Sucker Punch","StuffTheSpire:Shiver"]},{"damage_healed":0,"gold_gain":0,"player_choice":"Grow","damage_taken":0,"max_hp_gain":0,"max_hp_loss":0,"event_name":"Living Wall","floor":10,"gold_loss":0,"cards_upgraded":["Sucker Punch"]},{"damage_healed":15,"gold_gain":0,"player_choice":"Healed","damage_taken":0,"max_hp_gain":0,"max_hp_loss":0,"event_name":"The Cleric","floor":14,"gold_loss":35},{"damage_healed":0,"gold_gain":0,"player_choice":"Gave Potion","damage_taken":0,"relics_obtained":["Replay:Mystery Machine"],"max_hp_gain":0,"max_hp_loss":0,"event_name":"WeMeetAgain","floor":19,"gold_loss":0}],"is_beta":false,"boss_relics":[{"not_picked":["halation:ForbiddenBikini","hubris:CrackedHourglass"],"picked":"Ring of the Serpent"}],"items_purged_floors":[4],"is_endless":false,"potions_floor_spawned":[12,13,16,18,26],"killed_by":"Snake Plant","ascension_level":5}}