{"host":"338bkdl2yirdp2ct","time":1614451460,"event":{"mods":["AchievementEnabler","BaseMod","Challenge The Spire","Colored Powertips","Custom Start","Dark Map","DeckTracker","Highlight Path","Minty Spire (QoL Compilation)","Quick Restart","Random Character Button","Relic Sorter","Relic Stats","Uncapped","Unceasing Turn Reminder","slay the spire mod where everything is the same but ironclad has a cowboy hat"],"gold_per_floor":[829,68,111,147,189,189,36,36,73,113,156,156,11,11,45,79,119,157],"floor_reached":19,"language":"ENG","playtime":1278,"items_purged":[],"score":420,"play_id":"d28b2883-3254-4455-be28-f0f46a86feba","local_time":"20210227104420","daily_mods":["challengethespire:Bronze Difficulty","challengethespire:Elite Rush","Uncertain Future"],"is_ascension_mode":false,"campfire_choices":[{"data":"Entrench","floor":8,"key":"SMITH"},{"data":"Barricade","floor":14,"key":"SMITH"}],"circlet_count":0,"master_deck":["Strike_R","Strike_R","Strike_R","Strike_R","Strike_R","Defend_R","Defend_R","Defend_R","Defend_R","Bash","Feel No Pain","True Grit","Sword Boomerang","Shrug It Off+1","Barricade+1","Power Through+1","Entrench+1","Burning Pact","Shockwave","Shrug It Off","Dark Embrace","Flame Barrier","Disarm"],"relics":["Burning Blood","Black Star","Sling","PreservedInsect","Vajra","Champion Belt","ClockworkSouvenir","CeramicFish","Calipers","Letter Opener","Strawberry","Akabeko","Bottled Flame","Philosopher\u0027s Stone","Medical Kit","Mummified Hand","Mercury Hourglass","Bag of Preparation","War Paint","Nunchaku","Unceasing Top","Cursed Key","OrangePellets","TungstenRod","Bird Faced Urn","The Courier","Toy Ornithopter","Frozen Egg 2","Bag of Marbles","MealTicket","Oddly Smooth Stone"],"acts_visited":["Exordium"],"potions_floor_usage":[4,9,10,11,15,18],"damage_taken":[{"damage":31,"enemies":"Lagavulin","floor":3,"turns":4},{"damage":10,"enemies":"3 Sentries","floor":4,"turns":5},{"damage":10,"enemies":"Gremlin Nob","floor":5,"turns":4},{"damage":47,"enemies":"Slavers","floor":9,"turns":10},{"damage":0,"enemies":"Gremlin Leader","floor":10,"turns":9},{"damage":0,"enemies":"Book of Stabbing","floor":11,"turns":7},{"damage":0,"enemies":"Reptomancer","floor":15,"turns":8},{"damage":0,"enemies":"Nemesis","floor":16,"turns":11},{"damage":0,"enemies":"Giant Head","floor":17,"turns":9},{"damage":47,"enemies":"Shield and Spear","floor":18,"turns":11}],"seed_played":"-5711362895692940185","potions_obtained":[{"floor":9,"key":"Swift Potion"},{"floor":10,"key":"Strength Potion"},{"floor":11,"key":"DistilledChaos"},{"floor":18,"key":"BloodPotion"}],"is_trial":true,"path_per_floor":["$","$","E","E","E","T","$","R","E","E","E","T","$","R","E","E","E","E",null],"character_chosen":"IRONCLAD","items_purchased":["Feel No Pain","True Grit","Sword Boomerang","Shrug It Off","Vajra","Champion Belt","ClockworkSouvenir","Fire Potion","Regen Potion","Medical Kit","OrangePellets"],"campfire_rested":0,"item_purchase_floors":[1,1,1,2,2,2,2,2,2,7,13],"current_hp_per_floor":[80,80,55,58,54,54,54,54,28,34,40,40,40,40,46,56,68,55],"gold":157,"neow_bonus":"","is_daily":false,"chose_seed":false,"campfire_upgraded":2,"win_rate":0.0,"timestamp":1614451460,"path_taken":["$","$","E","E","E","T","$","R","E","E","E","T","$","R","E","E","E","E"],"items_purchased_type":["Card","Card","Card","Card","Relic","Relic","Relic","Potion","Potion","Relic","Relic"],"build_version":"2020-12-22","purchased_purges":0,"victory":true,"max_hp_per_floor":[80,80,80,87,87,87,87,87,87,87,87,87,87,87,87,87,87,87],"relic_stats":{"counters":[10,78],"CeramicFish":81,"PreservedInsect":504,"Bag of Preparation":[10],"Letter Opener":[214],"War Paint":["Shrug It Off","Power Through"],"Medical Kit":[53],"Cursed Key":0,"Burning Blood":60,"Mercury Hourglass":[196],"OrangePellets":[0],"Nunchaku":[6],"Mummified Hand":[17],"Bird Faced Urn":[16],"MealTicket":0,"Black Star":10,"Champion Belt":[24],"obtain_stats":[{"Calipers":3,"CeramicFish":3,"Vajra":2,"Bag of Preparation":10,"Sling":0,"Cursed Key":12,"Burning Blood":0,"ClockworkSouvenir":2,"Nunchaku":11,"Mummified Hand":9,"Strawberry":4,"Philosopher\u0027s Stone":6,"MealTicket":18,"Oddly Smooth Stone":18,"PreservedInsect":0,"The Courier":16,"Letter Opener":4,"War Paint":10,"Frozen Egg 2":17,"Medical Kit":7,"Akabeko":5,"Mercury Hourglass":9,"OrangePellets":13,"Bottled Flame":5,"Bird Faced Urn":15,"Black Star":0,"Bag of Marbles":17,"Champion Belt":2,"Unceasing Top":11,"TungstenRod":15,"Toy Ornithopter":16},{"Calipers":1,"CeramicFish":1,"Vajra":0,"Bag of Preparation":5,"Sling":0,"Cursed Key":6,"Burning Blood":0,"ClockworkSouvenir":0,"Nunchaku":6,"Mummified Hand":4,"Strawberry":2,"Philosopher\u0027s Stone":3,"MealTicket":10,"Oddly Smooth Stone":10,"PreservedInsect":0,"The Courier":8,"Letter Opener":2,"War Paint":5,"Frozen Egg 2":9,"Medical Kit":3,"Akabeko":3,"Mercury Hourglass":4,"OrangePellets":6,"Bottled Flame":3,"Bird Faced Urn":7,"Black Star":0,"Bag of Marbles":9,"Champion Belt":0,"Unceasing Top":6,"TungstenRod":7,"Toy Ornithopter":8},{"Calipers":4,"CeramicFish":4,"Vajra":0,"Bag of Preparation":32,"Sling":0,"Cursed Key":39,"Burning Blood":0,"ClockworkSouvenir":0,"Nunchaku":39,"Mummified Hand":23,"Strawberry":9,"Philosopher\u0027s Stone":13,"MealTicket":78,"Oddly Smooth Stone":78,"PreservedInsect":0,"The Courier":58,"Letter Opener":9,"War Paint":32,"Frozen Egg 2":67,"Medical Kit":13,"Akabeko":13,"Mercury Hourglass":23,"OrangePellets":39,"Bottled Flame":13,"Bird Faced Urn":47,"Black Star":0,"Bag of Marbles":67,"Champion Belt":0,"Unceasing Top":39,"TungstenRod":47,"Toy Ornithopter":58}],"Unceasing Top":[9],"TungstenRod":5,"Toy Ornithopter":5},"card_choices":[],"player_experience":1182941,"relics_obtained":[{"floor":3,"key":"CeramicFish"},{"floor":3,"key":"Calipers"},{"floor":4,"key":"Letter Opener"},{"floor":4,"key":"Strawberry"},{"floor":5,"key":"Akabeko"},{"floor":5,"key":"Bottled Flame"},{"floor":9,"key":"Mummified Hand"},{"floor":9,"key":"Mercury Hourglass"},{"floor":10,"key":"Bag of Preparation"},{"floor":10,"key":"War Paint"},{"floor":11,"key":"Nunchaku"},{"floor":11,"key":"Unceasing Top"},{"floor":15,"key":"TungstenRod"},{"floor":15,"key":"Bird Faced Urn"},{"floor":16,"key":"The Courier"},{"floor":16,"key":"Toy Ornithopter"},{"floor":17,"key":"Frozen Egg 2"},{"floor":17,"key":"Bag of Marbles"},{"floor":18,"key":"MealTicket"},{"floor":18,"key":"Oddly Smooth Stone"}],"event_choices":[],"is_beta":false,"boss_relics":[{"not_picked":["Pandora\u0027s Box","Runic Cube"],"picked":"Philosopher\u0027s Stone"},{"not_picked":["Runic Pyramid","Ectoplasm"],"picked":"Cursed Key"}],"items_purged_floors":[],"is_endless":false,"potions_floor_spawned":[9,10,11,18],"ascension_level":0}}