{"host":"28wgp68li8o525n6","time":1614428770,"event":{"mods":["BaseMod","Minty Spire (QoL Compilation)","Reliquary","StSLib","The Marked","Trackpad"],"gold_per_floor":[114,114,74,74,74,74,74,102,102,102,122,134,59,75,75,180,180,195,208,123,50,50,50,85,85,111,134,156,168,109,126,126,126,126],"floor_reached":33,"language":"ENG","playtime":1415,"items_purged":["Strike_R"],"score":288,"play_id":"e84f6113-8ceb-4f91-a379-532509c3789a","local_time":"20210227132610","is_ascension_mode":false,"campfire_choices":[{"data":"Metallicize","floor":6,"key":"SMITH"},{"data":"Shockwave","floor":10,"key":"SMITH"},{"data":"Sword Boomerang","floor":15,"key":"SMITH"},{"data":"Offering","floor":23,"key":"SMITH"},{"floor":32,"key":"REST"}],"circlet_count":0,"master_deck":["Defend_R","Defend_R","Defend_R","Defend_R+1","Bash+1","Anger+1","Bloodletting","Metallicize+1","Shockwave+1","Sword Boomerang+1","Offering+1","Cleave","Feed","Rage","Evolve+1","Rampage","Inflame","Shrug It Off","Disarm","Shrug It Off+1"],"relics":["Burning Blood","reliquary:SharkskinSheath","reliquary:MedicineBall","Empty Cage","reliquary:TuningFork","reliquary:FeatherDuster","MawBank"],"acts_visited":["Exordium","TheCity"],"potions_floor_usage":[16,24,28,29,33],"damage_taken":[{"damage":0,"enemies":"Small Slimes","floor":1,"turns":3},{"damage":24,"enemies":"Lagavulin","floor":8,"turns":8},{"damage":0,"enemies":"Cultist","floor":11,"turns":3},{"damage":0,"enemies":"2 Louse","floor":12,"turns":3},{"damage":4,"enemies":"Looter","floor":14,"turns":3},{"damage":8,"enemies":"Hexaghost","floor":16,"turns":5},{"damage":19,"enemies":"Spheric Guardian","floor":18,"turns":5},{"damage":8,"enemies":"Chosen","floor":19,"turns":4},{"damage":40,"enemies":"Slavers","floor":24,"turns":7},{"damage":26,"enemies":"Sentry and Sphere","floor":27,"turns":6},{"damage":11,"enemies":"Centurion and Healer","floor":28,"turns":6},{"damage":17,"enemies":"Colosseum Slavers","floor":29,"turns":3},{"damage":21,"enemies":"Shelled Parasite and Fungi","floor":31,"turns":5},{"damage":50,"enemies":"Collector","floor":33,"turns":8}],"seed_played":"-7097091955431484006","potions_obtained":[{"floor":8,"key":"ColorlessPotion"},{"floor":12,"key":"Dexterity Potion"},{"floor":27,"key":"Regen Potion"},{"floor":28,"key":"GamblersBrew"},{"floor":31,"key":"Dexterity Potion"}],"is_trial":false,"path_per_floor":["M","?","$","?","?","R","$","E","T","R","M","M","$","M","R","B",null,"M","M","?","$","?","R","E","$","T","M","M","?","$","M","R","B"],"character_chosen":"IRONCLAD","items_purchased":["Bloodletting","Rampage","Disarm"],"campfire_rested":1,"item_purchase_floors":[3,21,30],"current_hp_per_floor":[80,80,80,80,64,64,64,46,46,46,52,58,58,60,60,58,80,70,71,71,71,71,71,40,40,40,23,36,25,25,13,42,0,0],"gold":126,"neow_bonus":"UPGRADE_CARD","is_daily":false,"chose_seed":false,"campfire_upgraded":4,"win_rate":0.0,"timestamp":1614428770,"path_taken":["M","?","?","?","?","R","?","E","T","R","M","M","$","M","R","BOSS","M","M","?","$","?","R","E","?","T","M","?","?","$","M","R","BOSS"],"items_purchased_type":["Card","Card","Card"],"build_version":"2020-12-22","purchased_purges":1,"victory":false,"max_hp_per_floor":[80,80,80,80,80,80,80,80,80,80,80,80,80,80,80,80,80,83,86,86,86,86,86,89,89,89,92,95,95,95,98,98,98,98],"card_choices":[{"not_picked":["Clothesline","Havoc"],"picked":"Anger","floor":1},{"not_picked":["Warcry","Bloodletting"],"picked":"Shockwave","floor":8},{"not_picked":["Entrench","Sentinel"],"picked":"Sword Boomerang","floor":11},{"not_picked":["Inflame","Second Wind"],"picked":"Offering","floor":12},{"not_picked":["Flex","Armaments"],"picked":"Cleave","floor":14},{"not_picked":["Exhume","Bludgeon"],"picked":"Feed","floor":16},{"not_picked":["Wild Strike+1","Havoc"],"picked":"Rage","floor":18},{"not_picked":["Wild Strike","Clash"],"picked":"Evolve+1","floor":19},{"not_picked":["Iron Wave","Thunderclap"],"picked":"Inflame","floor":24},{"not_picked":["Clothesline","Armaments","Sword Boomerang"],"picked":"SKIP","floor":27},{"not_picked":["Uppercut+1","Combust"],"picked":"Shrug It Off","floor":28},{"not_picked":["Reckless Charge","Sword Boomerang"],"picked":"Shrug It Off+1","floor":31}],"player_experience":781594,"relics_obtained":[{"floor":8,"key":"reliquary:SharkskinSheath"},{"floor":9,"key":"reliquary:MedicineBall"},{"floor":24,"key":"reliquary:FeatherDuster"},{"floor":26,"key":"MawBank"}],"event_choices":[{"cards_removed":["Strike_R"],"damage_healed":0,"gold_gain":0,"player_choice":"Purged","damage_taken":0,"max_hp_gain":0,"max_hp_loss":0,"event_name":"Purifier","floor":2,"gold_loss":0},{"damage_healed":0,"gold_gain":0,"cards_transformed":["Strike_R"],"player_choice":"Change","damage_taken":0,"max_hp_gain":0,"max_hp_loss":0,"event_name":"Living Wall","floor":4,"gold_loss":0,"cards_obtained":["Metallicize"]},{"damage_healed":0,"gold_gain":0,"player_choice":"Entered Light","damage_taken":16,"max_hp_gain":0,"max_hp_loss":0,"event_name":"Shining Light","floor":5,"gold_loss":0,"cards_upgraded":["Defend_R","Anger"]},{"damage_healed":0,"gold_gain":0,"player_choice":"Obtained Relic","damage_taken":0,"relics_obtained":["reliquary:TuningFork"],"max_hp_gain":0,"max_hp_loss":0,"event_name":"Addict","floor":20,"gold_loss":85},{"damage_healed":0,"gold_gain":0,"player_choice":"Ignored","damage_taken":0,"max_hp_gain":0,"max_hp_loss":0,"event_name":"Vampires","floor":22,"gold_loss":0},{"damage_healed":0,"gold_gain":0,"player_choice":"Fight","damage_taken":0,"max_hp_gain":0,"max_hp_loss":0,"event_name":"Colosseum","floor":29,"gold_loss":0},{"damage_healed":0,"gold_gain":0,"player_choice":"Fled From Nobs","damage_taken":0,"max_hp_gain":0,"max_hp_loss":0,"event_name":"Colosseum","floor":29,"gold_loss":0}],"is_beta":false,"boss_relics":[{"not_picked":["reliquary:RedCape","Pandora\u0027s Box"],"picked":"Empty Cage"}],"items_purged_floors":[13],"is_endless":false,"potions_floor_spawned":[8,12,27,28,31],"killed_by":"Collector","ascension_level":0}}