{"host":"hlfvgorhn0soxaby","time":1614397784,"event":{"mods":["BaseMod","Downfall","Marisa£®ÏF”Í°°ƒß¿Ì…≥£©","Minty Spire (QoL Compilation)","Replay The Spire","StSLib","The Cursed","The Servant 0.9.4"],"gold_per_floor":[99,117,117,109,133,51,51,85,107,107,107,107],"floor_reached":10,"language":"ZHS","playtime":635,"items_purged":["hexamod:Defend"],"score":73,"play_id":"0312d059-7308-4275-b96e-84228675ebfe","local_time":"20210227114944","is_ascension_mode":true,"campfire_choices":[{"floor":1,"key":"RECALL"}],"circlet_count":0,"master_deck":["hexamod:Strike","hexamod:Strike","hexamod:Strike","hexamod:Strike","hexamod:Defend","hexamod:Defend","hexamod:Defend","hexamod:Sear","hexamod:FirstSeal","Survivor","hexamod:SecondSeal","hexamod:FirstSeal","hexamod:RecurringNightmare","hexamod:DynamicBlow","hexamod:StepThrough","hexamod:InspiringFlames"],"relics":["Bronze Scales","m_HexaRing","Replay:Rubber Ducky"],"acts_visited":["Exordium"],"potions_floor_usage":[10],"damage_taken":[{"damage":0,"enemies":"2 Louse","floor":2,"turns":3},{"damage":14,"enemies":"Small Slimes","floor":5,"turns":3},{"damage":0,"enemies":"downfall:FleeingMerchant","floor":6,"turns":4},{"damage":39,"enemies":"Lagavulin","floor":8,"turns":6},{"damage":6,"enemies":"Jaw Worm","floor":9,"turns":3},{"damage":53,"enemies":"Gremlin Nob","floor":10,"turns":5}],"seed_played":"-5542893434826784833","potions_obtained":[{"floor":8,"key":"Languid Potion"}],"is_trial":false,"path_per_floor":["R","M","?","?","M","$","T","E","M","E"],"character_chosen":"THE_SPIRIT","items_purchased":[],"campfire_rested":0,"item_purchase_floors":[],"current_hp_per_floor":[70,70,70,63,63,70,70,45,53,0,0,0],"gold":107,"neow_bonus":"RANDOM_COMMON_RELIC","is_daily":false,"chose_seed":false,"campfire_upgraded":0,"win_rate":0.0,"timestamp":1614397784,"path_taken":["R","M","?","?","M","$","T","E","M","E"],"items_purchased_type":[],"build_version":"2020-12-22","purchased_purges":1,"victory":false,"max_hp_per_floor":[70,70,70,70,70,70,70,70,70,70,70,70],"card_choices":[{"not_picked":["hexamod:NightmareStrike","hexamod:SwordOfDarkness"],"picked":"hexamod:FirstSeal","floor":2},{"not_picked":["hexamod:GhostOfSpireFuture","hexamod:NightmareStrike"],"picked":"hexamod:RecurringNightmare","floor":5},{"not_picked":["hexamod:ThermalTransfer","hexamod:GhostOfSpireFuture"],"picked":"hexamod:DynamicBlow","floor":6},{"not_picked":["Bouncing Flask","hexamod:FlamesFromBeyond"],"picked":"hexamod:StepThrough","floor":8},{"not_picked":["hexamod:AdvancingGuard","hexamod:PhantomFireball"],"picked":"hexamod:InspiringFlames","floor":9}],"player_experience":464660,"relics_obtained":[{"floor":8,"key":"Replay:Rubber Ducky"}],"event_choices":[],"is_beta":false,"boss_relics":[],"items_purged_floors":[6],"is_endless":false,"potions_floor_spawned":[8],"killed_by":"Gremlin Nob","ascension_level":2}}