{"host":"bxn2em57qlx5u4i0","time":1614386386,"event":{"mods":["BaseMod","Colored Map","Colored Powertips","Highlight Path","Minty Spire (QoL Compilation)","Random Character Button","Relic Sorter","Relic Stats","StSLib","SuperFastMode"],"gold_per_floor":[113,10,10,10,10,10,40,40,90,115,115,28,28,28,28,99,99,113,13,23,23,23,53,53,53,53,84,84,84,84],"floor_reached":29,"language":"ENG","playtime":627,"items_purged":["Strike_G","Strike_G"],"score":647,"play_id":"73bf27ce-d4c6-428a-8765-327dcfb4de3e","local_time":"20210226193946","is_ascension_mode":true,"campfire_choices":[{"data":"Poisoned Stab","floor":6.0,"key":"SMITH"},{"data":"Quick Slash","floor":8.0,"key":"SMITH"},{"data":"Predator","floor":11.0,"key":"SMITH"},{"data":"Neutralize","floor":13.0,"key":"SMITH"},{"data":"Survivor","floor":15.0,"key":"SMITH"},{"data":"After Image","floor":28.0,"key":"SMITH"}],"circlet_count":0,"master_deck":["AscendersBane","Strike_G","Strike_G","Defend_G","Defend_G","Defend_G+1","Defend_G","Defend_G+1","Survivor+1","Neutralize+1","Quick Slash+1","Poisoned Stab+1","Calculated Gamble+1","Predator+1","Reflex+1","After Image+1","Crippling Poison+1","Prepared+1","Shame","Backflip+1","Crippling Poison+1"],"relics":["Ring of the Snake","NeowsBlessing","Boot","Toxic Egg 2","Nunchaku","Blue Candle","Sozu","War Paint","The Courier","Mango"],"acts_visited":["Exordium","TheCity"],"potions_floor_usage":[],"damage_taken":[{"damage":0.0,"enemies":"2 Louse","floor":1.0,"turns":1.0},{"damage":0.0,"enemies":"Gremlin Nob","floor":7.0,"turns":1.0},{"damage":0.0,"enemies":"3 Sentries","floor":10.0,"turns":1.0},{"damage":38.0,"enemies":"Hexaghost","floor":16.0,"turns":11.0},{"damage":6.0,"enemies":"3 Byrds","floor":18.0,"turns":6.0},{"damage":1.0,"enemies":"Shell Parasite","floor":20.0,"turns":5.0},{"damage":7.0,"enemies":"Gremlin Leader","floor":23.0,"turns":7.0},{"damage":4.0,"enemies":"Book of Stabbing","floor":27.0,"turns":6.0},{"damage":32,"enemies":"Slavers","floor":29,"turns":3}],"seed_played":"-8757308370788217900","potions_obtained":[{"floor":10.0,"key":"LiquidMemories"}],"is_trial":false,"path_per_floor":["M","$","?","?","?","R","E","R","T","E","R","$","R","$","R","B",null,"M","$","M","?","?","E","$","?","T","E","R","E"],"character_chosen":"THE_SILENT","items_purchased":["Poisoned Stab","Reflex+1"],"campfire_rested":0,"item_purchase_floors":[2,12],"current_hp_per_floor":[59,59,52,47,66,66,66,66,66,66,66,66,66,66,66,28,57,51,51,50,32,32,25,25,21,21,31,31,0,0],"gold":84,"neow_bonus":"THREE_ENEMY_KILL","is_daily":false,"chose_seed":false,"campfire_upgraded":6,"win_rate":0.0,"timestamp":1614386386,"path_taken":["M","$","?","?","?","R","E","R","T","E","R","$","R","?","R","BOSS","M","$","M","?","?","E","$","?","T","E","R","E"],"items_purchased_type":["Card","Card"],"build_version":"2020-12-22","purchased_purges":2,"victory":false,"max_hp_per_floor":[66,66,66,66,66,66,66,66,66,66,66,66,66,66,66,66,66,66,66,66,71,71,71,71,71,71,85,85,85,85],"relic_stats":{"Sozu":2,"Nunchaku":[8],"counters":[9,41],"Blue Candle":[3],"War Paint":["Defend_G","Defend_G"],"Boot":[49],"obtain_stats":[{"Sozu":17,"Nunchaku":9,"NeowsBlessing":0,"Blue Candle":10,"Mango":27,"The Courier":23,"Toxic Egg 2":7,"War Paint":22,"Boot":4,"Ring of the Snake":0},{"Sozu":4,"Nunchaku":2,"NeowsBlessing":0,"Blue Candle":3,"Mango":8,"The Courier":7,"Toxic Egg 2":2,"War Paint":6,"Boot":1,"Ring of the Snake":0},{"Sozu":14,"Nunchaku":2,"NeowsBlessing":0,"Blue Candle":3,"Mango":38,"The Courier":32,"Toxic Egg 2":2,"War Paint":25,"Boot":1,"Ring of the Snake":0}],"Ring of the Snake":[18]},"card_choices":[{"not_picked":["Cloak And Dagger","Flying Knee"],"picked":"Quick Slash","floor":1.0},{"not_picked":["Bane","Flying Knee"],"picked":"Calculated Gamble+1","floor":7.0},{"not_picked":["Infinite Blades","Concentrate+1"],"picked":"Predator","floor":10.0},{"not_picked":["Corpse Explosion+1","Grand Finale"],"picked":"After Image","floor":16.0},{"not_picked":["Acrobatics+1","Heel Hook"],"picked":"Crippling Poison+1","floor":18.0},{"not_picked":["Distraction+1","Cloak And Dagger+1"],"picked":"Prepared+1","floor":20.0},{"not_picked":["Flying Knee","Underhanded Strike"],"picked":"Backflip+1","floor":23.0},{"not_picked":["Slice","Outmaneuver+1"],"picked":"Crippling Poison+1","floor":27.0}],"player_experience":3062637,"relics_obtained":[{"floor":7.0,"key":"Toxic Egg 2"},{"floor":9.0,"key":"Nunchaku"},{"floor":10.0,"key":"Blue Candle"},{"floor":23.0,"key":"The Courier"},{"floor":27.0,"key":"Mango"}],"event_choices":[{"cards_removed":["Strike_G"],"damage_healed":0.0,"max_hp_gain":0.0,"max_hp_loss":0.0,"gold_gain":0.0,"event_name":"Golden Wing","player_choice":"Card Removal","floor":3.0,"gold_loss":0.0,"damage_taken":7.0},{"damage_healed":0.0,"max_hp_gain":0.0,"max_hp_loss":0.0,"gold_gain":0.0,"event_name":"Scrap Ooze","player_choice":"Success","floor":4.0,"gold_loss":0.0,"damage_taken":5.0,"relics_obtained":["Boot"]},{"damage_healed":22.0,"max_hp_gain":0.0,"max_hp_loss":0.0,"gold_gain":0.0,"event_name":"Big Fish","player_choice":"Banana","floor":5.0,"gold_loss":0.0,"damage_taken":0.0},{"damage_healed":0.0,"max_hp_gain":5.0,"max_hp_loss":0.0,"gold_gain":0.0,"event_name":"Forgotten Altar","player_choice":"Shed Blood","floor":21.0,"gold_loss":0.0,"damage_taken":23.0},{"damage_healed":0.0,"max_hp_gain":0.0,"max_hp_loss":0.0,"gold_gain":0.0,"event_name":"Addict","player_choice":"Stole Relic","floor":22.0,"gold_loss":0.0,"damage_taken":0.0,"relics_obtained":["War Paint"],"cards_obtained":["Shame"]},{"damage_healed":0.0,"max_hp_gain":0.0,"max_hp_loss":0.0,"gold_gain":0.0,"event_name":"The Woman in Blue","player_choice":"Bought 0 Potions","floor":25.0,"gold_loss":0.0,"damage_taken":0.0}],"is_beta":false,"boss_relics":[{"not_picked":["Astrolabe","Busted Crown"],"picked":"Sozu"}],"items_purged_floors":[2,19],"is_endless":false,"potions_floor_spawned":[10,18,27],"killed_by":"Slavers","ascension_level":20}}