{"host":"gk5m6v7zec9neb0j","time":1614424961,"event":{"mods":["AchievementEnabler","AlwaysNeverKeys","BaseMod","BetterRewards","Block Reminder","Minty Spire (QoL Compilation)","RNG Fix","Rare Cards Sparkle","Relic Stats","StSLib"],"gold_per_floor":[117,11,11,25,35,61,61,78,151,151,169,196,206,225,225,320,320,335,351,366,138,138,163,173,61,84,101,115,133,164,178,178,277,277,291,291,145,145,162,162,195,195,195,195,207,226,226,113,113,113,113,113,40,74,74],"floor_reached":56,"language":"ENG","playtime":2319,"items_purged":["Strike_B","Strike_B","Strike_B","Strike_B","Defend_B"],"score":1358,"play_id":"8447a879-17c7-4601-943e-5982d0a66e8e","local_time":"20210227062241","is_ascension_mode":false,"campfire_choices":[{"data":"Dualcast","floor":7,"key":"SMITH"},{"data":"Defragment","floor":15,"key":"SMITH"},{"data":"Echo Form","floor":32,"key":"SMITH"},{"data":"Echo Form","floor":40,"key":"SMITH"},{"data":"Echo Form","floor":42,"key":"SMITH"},{"data":"Biased Cognition","floor":44,"key":"SMITH"},{"data":"Biased Cognition","floor":49,"key":"SMITH"},{"data":"Capacitor","floor":52,"key":"SMITH"}],"circlet_count":0,"master_deck":["Defend_B+1","Defend_B+1","Defend_B","Zap","Dualcast+1","Loop","Beam Cell","Leap","Biased Cognition","Capacitor+1","Ball Lightning","Cold Snap","Reboot","Defragment+1","Glacier+1","Conserve Battery+1","Chill+1","Biased Cognition","Echo Form+1","CurseOfTheBell","Fission+1","Master of Strategy+1","Echo Form+1","Biased Cognition+1","Self Repair+1","Turbo+1","Echo Form+1","Biased Cognition+1","Seek+1","Cold Snap","Blizzard"],"relics":["Cracked Core","Membership Card","OrangePellets","Toxic Egg 2","Eternal Feather","Blood Vial","Calling Bell","Juzu Bracelet","StrikeDummy","CaptainsWheel","Lantern","Toy Ornithopter","Orrery","MealTicket","Sundial","Philosopher\u0027s Stone","InkBottle","Strawberry","Lee\u0027s Waffle","Pantograph"],"acts_visited":["Exordium","TheCity","TheBeyond","TheEnding"],"potions_floor_usage":[6,30,55],"damage_taken":[{"damage":2,"enemies":"Small Slimes","floor":1,"turns":3},{"damage":0,"enemies":"Cultist","floor":4,"turns":3},{"damage":0,"enemies":"2 Louse","floor":5,"turns":3},{"damage":7,"enemies":"3 Sentries","floor":6,"turns":7},{"damage":0,"enemies":"Red Slaver","floor":8,"turns":6},{"damage":0,"enemies":"Exordium Thugs","floor":11,"turns":4},{"damage":8,"enemies":"Gremlin Nob","floor":12,"turns":4},{"damage":0,"enemies":"Large Slime","floor":13,"turns":4},{"damage":0,"enemies":"2 Fungi Beasts","floor":14,"turns":4},{"damage":3,"enemies":"The Guardian","floor":16,"turns":7},{"damage":0,"enemies":"Spheric Guardian","floor":18,"turns":5},{"damage":2,"enemies":"3 Byrds","floor":19,"turns":5},{"damage":2,"enemies":"Snake Plant","floor":20,"turns":5},{"damage":3,"enemies":"Slavers","floor":23,"turns":9},{"damage":5,"enemies":"Chosen and Byrds","floor":24,"turns":6},{"damage":14,"enemies":"Centurion and Healer","floor":27,"turns":5},{"damage":11,"enemies":"Snake Plant","floor":28,"turns":5},{"damage":0,"enemies":"Snecko","floor":29,"turns":5},{"damage":10,"enemies":"Gremlin Leader","floor":30,"turns":7},{"damage":0,"enemies":"Centurion and Healer","floor":31,"turns":9},{"damage":0,"enemies":"Collector","floor":33,"turns":10},{"damage":17,"enemies":"3 Darklings","floor":35,"turns":6},{"damage":0,"enemies":"3 Shapes","floor":39,"turns":8},{"damage":22,"enemies":"Nemesis","floor":41,"turns":9},{"damage":16,"enemies":"Writhing Mass","floor":45,"turns":7},{"damage":1,"enemies":"Sphere and 2 Shapes","floor":46,"turns":5},{"damage":0,"enemies":"Time Eater","floor":50,"turns":11},{"damage":0,"enemies":"Shield and Spear","floor":54,"turns":10},{"damage":47,"enemies":"The Heart","floor":55,"turns":12}],"seed_played":"5544743797612825270","potions_obtained":[{"floor":5,"key":"EssenceOfSteel"},{"floor":27,"key":"DistilledChaos"},{"floor":39,"key":"DuplicationPotion"}],"is_trial":false,"path_per_floor":["M","$","?","M","M","E","R","M","T","?","M","E","M","M","R","B",null,"M","M","M","$","?","E","M","$","T","M","M","M","E","M","R","B",null,"M","?","$","?","M","R","E","R","T","R","M","M","?","$","R","B",null,"R","$","E","B",null],"character_chosen":"DEFECT","items_purchased":["Loop","Membership Card","Beam Cell","Leap","Biased Cognition","Capacitor","Ball Lightning","OrangePellets","Reboot","Master of Strategy+1","Lantern","Echo Form","Orrery","Seek+1","Cold Snap","Lee\u0027s Waffle"],"campfire_rested":0,"item_purchase_floors":[0,0,0,0,0,0,0,2,2,21,21,25,25,37,48,53],"current_hp_per_floor":[38,38,63,63,63,56,56,56,56,41,41,33,35,37,49,48,75,75,73,73,73,73,72,69,69,69,57,48,70,75,75,75,75,75,58,58,73,73,75,75,73,75,82,82,76,82,78,78,78,78,78,78,85,85,58],"gold":74,"neow_bonus":"","is_daily":false,"chose_seed":false,"campfire_upgraded":8,"win_rate":0.0,"timestamp":1614424961,"path_taken":["M","$","?","M","M","E","R","M","T","?","M","E","M","M","R","BOSS","M","M","M","$","?","E","M","$","T","M","M","M","E","M","R","BOSS","M","?","$","?","M","R","E","R","T","R","M","M","?","$","R","BOSS","R","$","E","BOSS"],"items_purchased_type":["Card","Relic","Card","Card","Card","Card","Card","Relic","Card","Card","Relic","Card","Relic","Card","Card","Relic"],"build_version":"2020-12-22","purchased_purges":5,"victory":true,"max_hp_per_floor":[75,75,75,75,75,75,75,75,75,75,75,75,75,75,75,75,75,75,75,75,75,75,75,75,75,75,75,75,75,75,75,75,75,75,75,75,75,75,75,75,75,75,82,82,82,82,78,78,78,78,78,78,85,85,85],"relic_stats":{"Blood Vial":24,"OrangePellets":[69],"Lee\u0027s Waffle":7,"counters":[301,1724],"Sundial":[16],"Pantograph":0,"Eternal Feather":20,"MealTicket":15,"Juzu Bracelet":1,"obtain_stats":[{"Ice Cream":0,"Tiny House":17,"Calipers":23,"CeramicFish":26,"Vajra":39,"Runic Capacitor":0,"Whetstone":9,"Bottled Tornado":53,"Boot":44,"Old Coin":38,"FrozenCore":17,"Sozu":34,"Blood Vial":54,"Lizard Tail":0,"Centennial Puzzle":9,"HornCleat":42,"DollysMirror":45,"Sundial":54,"Strawberry":8,"Prayer Wheel":13,"MealTicket":27,"Philosopher\u0027s Stone":34,"Kunai":0,"Toxic Egg 2":37,"Pear":37,"Happy Flower":45,"Blue Candle":43,"Astrolabe":17,"Dead Branch":7,"Oddly Smooth Stone":0,"Eternal Feather":25,"War Paint":54,"Question Card":9,"Akabeko":47,"Cables":0,"Du-Vu Doll":40,"OrangePellets":0,"SlaversCollar":17,"Bottled Flame":9,"Bronze Scales":0,"Bird Faced Urn":0,"Black Star":34,"Symbiotic Virus":26,"StrikeDummy":47,"Pocketwatch":19,"Meat on the Bone":0,"Darkstone Periapt":41,"Regal Pillow":47,"Lantern":54,"Singing Bowl":0,"SacredBark":34,"Mango":0,"Juzu Bracelet":23,"Bag of Preparation":24,"Smiling Mask":27,"Ancient Tea Set":26,"ClockworkSouvenir":0,"Emotion Chip":0,"Dream Catcher":29,"Matryoshka":9,"Mummified Hand":25,"Gambling Chip":0,"Pantograph":54,"Tiny Chest":20,"Red Mask":22,"Chemical X":0,"Cracked Core":0,"InkBottle":41,"Runic Pyramid":34,"Potion Belt":43,"Lee\u0027s Waffle":53,"Inserter":34,"Golden Idol":3,"PreservedInsect":40,"Omamori":43,"Frozen Egg 2":39,"Orichalcum":20,"Odd Mushroom":13,"MawBank":9,"White Beast Statue":54,"Mercury Hourglass":9,"Nuclear Battery":17,"Peace Pipe":9,"Calling Bell":17,"Strange Spoon":36,"CaptainsWheel":11,"Anchor":10,"DataDisk":9,"Orrery":12,"Bag of Marbles":47,"Art of War":28,"Membership Card":8,"TungstenRod":54,"Toy Ornithopter":26},{"Ice Cream":66,"Tiny House":38,"Calipers":41,"CeramicFish":53,"Vajra":86,"Runic Capacitor":0,"Whetstone":72,"Bottled Tornado":144,"Boot":88,"Old Coin":59,"FrozenCore":100,"Sozu":108,"Blood Vial":171,"Lizard Tail":66,"Centennial Puzzle":220,"HornCleat":22,"DollysMirror":88,"Sundial":239,"Strawberry":45,"Prayer Wheel":126,"MealTicket":160,"Philosopher\u0027s Stone":293,"Kunai":30,"Toxic Egg 2":109,"Pear":109,"Happy Flower":24,"Blue Candle":22,"Astrolabe":258,"Dead Branch":272,"Oddly Smooth Stone":146,"Eternal Feather":229,"War Paint":29,"Question Card":34,"Akabeko":142,"Cables":66,"Du-Vu Doll":111,"OrangePellets":66,"SlaversCollar":155,"Bottled Flame":206,"Bronze Scales":30,"Bird Faced Urn":202,"Black Star":84,"Symbiotic Virus":13,"StrikeDummy":26,"Pocketwatch":156,"Meat on the Bone":240,"Darkstone Periapt":87,"Regal Pillow":90,"Lantern":119,"Singing Bowl":172,"SacredBark":136,"Mango":30,"Juzu Bracelet":159,"Bag of Preparation":188,"Smiling Mask":132,"Ancient Tea Set":189,"ClockworkSouvenir":94,"Emotion Chip":120,"Dream Catcher":133,"Matryoshka":99,"Mummified Hand":13,"Gambling Chip":30,"Pantograph":300,"Tiny Chest":78,"Red Mask":212,"Chemical X":30,"Cracked Core":0,"InkBottle":296,"Runic Pyramid":163,"Potion Belt":87,"Lee\u0027s Waffle":299,"Inserter":15,"Golden Idol":31,"PreservedInsect":20,"Omamori":59,"Frozen Egg 2":59,"Orichalcum":102,"Odd Mushroom":153,"MawBank":150,"White Beast Statue":93,"Mercury Hourglass":5,"Nuclear Battery":49,"Peace Pipe":45,"Calling Bell":282,"Strange Spoon":137,"CaptainsWheel":6,"Anchor":150,"DataDisk":179,"Orrery":125,"Bag of Marbles":90,"Art of War":133,"Membership Card":125,"TungstenRod":65,"Toy Ornithopter":81},{"Ice Cream":367,"Tiny House":167,"Calipers":179,"CeramicFish":245,"Vajra":473,"Runic Capacitor":0,"Whetstone":385,"Bottled Tornado":905,"Boot":491,"Old Coin":298,"FrozenCore":564,"Sozu":629,"Blood Vial":1048,"Lizard Tail":367,"Centennial Puzzle":1315,"HornCleat":90,"DollysMirror":491,"Sundial":1410,"Strawberry":191,"Prayer Wheel":768,"MealTicket":980,"Philosopher\u0027s Stone":1659,"Kunai":131,"Toxic Egg 2":637,"Pear":637,"Happy Flower":96,"Blue Candle":90,"Astrolabe":1496,"Dead Branch":1546,"Oddly Smooth Stone":924,"Eternal Feather":1352,"War Paint":121,"Question Card":145,"Akabeko":886,"Cables":367,"Du-Vu Doll":657,"OrangePellets":367,"SlaversCollar":957,"Bottled Flame":1253,"Bronze Scales":131,"Bird Faced Urn":1243,"Black Star":464,"Symbiotic Virus":49,"StrikeDummy":105,"Pocketwatch":961,"Meat on the Bone":1416,"Darkstone Periapt":482,"Regal Pillow":504,"Lantern":722,"Singing Bowl":1060,"SacredBark":859,"Mango":131,"Juzu Bracelet":974,"Bag of Preparation":1131,"Smiling Mask":825,"Ancient Tea Set":1135,"ClockworkSouvenir":536,"Emotion Chip":736,"Dream Catcher":832,"Matryoshka":555,"Mummified Hand":49,"Gambling Chip":131,"Pantograph":1712,"Tiny Chest":418,"Red Mask":1282,"Chemical X":131,"Cracked Core":0,"InkBottle":1682,"Runic Pyramid":1002,"Potion Belt":482,"Lee\u0027s Waffle":1702,"Inserter":60,"Golden Idol":133,"PreservedInsect":82,"Omamori":298,"Frozen Egg 2":298,"Orichalcum":574,"Odd Mushroom":945,"MawBank":935,"White Beast Statue":527,"Mercury Hourglass":15,"Nuclear Battery":225,"Peace Pipe":191,"Calling Bell":1590,"Strange Spoon":860,"CaptainsWheel":19,"Anchor":935,"DataDisk":1086,"Orrery":758,"Bag of Marbles":504,"Art of War":832,"Membership Card":758,"TungstenRod":359,"Toy Ornithopter":442}],"Toy Ornithopter":3,"InkBottle":[18]},"card_choices":[{"not_picked":["Blizzard","Streamline"],"picked":"Cold Snap","floor":1},{"not_picked":["Gash","Rebound"],"picked":"Barrage","floor":4},{"not_picked":["Streamline","Hologram"],"picked":"Defragment","floor":5},{"not_picked":["Hello World","Reinforced Body+1"],"picked":"Glacier+1","floor":6},{"not_picked":["Static Discharge","Turbo+1"],"picked":"Conserve Battery+1","floor":8},{"not_picked":["Undo+1","Steam+1","Steam Power+1"],"picked":"SKIP","floor":11},{"not_picked":["Hologram+1","All For One"],"picked":"Chill+1","floor":12},{"not_picked":["Ball Lightning","Conserve Battery+1","Go for the Eyes"],"picked":"SKIP","floor":13},{"not_picked":["Redo+1","Gash"],"picked":"Biased Cognition","floor":14},{"not_picked":["Reboot+1","Fission+1"],"picked":"Echo Form","floor":16},{"not_picked":["Undo+1","Beam Cell","Rip and Tear"],"picked":"SKIP","floor":18},{"not_picked":["Stack+1","Steam+1","Barrage"],"picked":"SKIP","floor":19},{"not_picked":["Sweeping Beam","Consume+1"],"picked":"Fission+1","floor":20},{"not_picked":["Hologram+1","Auto Shields+1","Sweeping Beam"],"picked":"SKIP","floor":23},{"not_picked":["Scrape","Reinforced Body+1","Blizzard+1"],"picked":"SKIP","floor":24},{"not_picked":["Steam Power+1","Static Discharge"],"picked":"Biased Cognition","floor":25},{"not_picked":["Compile Driver+1","Steam+1"],"picked":"Self Repair+1","floor":27},{"not_picked":["Sweeping Beam","Go for the Eyes"],"picked":"Turbo+1","floor":28},{"not_picked":["Stack+1","Fusion+1","Barrage"],"picked":"SKIP","floor":29},{"not_picked":["Streamline","Leap+1","Rip and Tear"],"picked":"SKIP","floor":30},{"not_picked":["Conserve Battery+1","Stack+1"],"picked":"Echo Form","floor":31},{"not_picked":["Reboot+1","Seek+1"],"picked":"Biased Cognition","floor":33},{"not_picked":["Melter+1","Sweeping Beam+1","Genetic Algorithm+1"],"picked":"SKIP","floor":35},{"not_picked":["Gash+1","Streamline+1","Recycle+1"],"picked":"SKIP","floor":39},{"not_picked":["Hello World+1","Leap+1","BootSequence+1"],"picked":"SKIP","floor":41},{"not_picked":["Steam+1","Redo+1","Turbo+1"],"picked":"SKIP","floor":45},{"not_picked":["Sweeping Beam","Stack+1","Beam Cell+1"],"picked":"SKIP","floor":46},{"not_picked":["FTL+1","Redo+1"],"picked":"Blizzard","floor":54}],"player_experience":883763,"relics_obtained":[{"floor":6,"key":"Toxic Egg 2"},{"floor":9,"key":"Eternal Feather"},{"floor":12,"key":"Blood Vial"},{"floor":17,"key":"Juzu Bracelet"},{"floor":17,"key":"StrikeDummy"},{"floor":17,"key":"CaptainsWheel"},{"floor":23,"key":"Toy Ornithopter"},{"floor":26,"key":"MealTicket"},{"floor":30,"key":"Sundial"},{"floor":41,"key":"InkBottle"},{"floor":43,"key":"Strawberry"},{"floor":54,"key":"Pantograph"}],"event_choices":[{"damage_healed":25,"gold_gain":0,"player_choice":"Banana","damage_taken":0,"max_hp_gain":0,"max_hp_loss":0,"event_name":"Big Fish","floor":3,"gold_loss":0},{"damage_healed":0,"gold_gain":0,"player_choice":"Entered Light","damage_taken":15,"max_hp_gain":0,"max_hp_loss":0,"event_name":"Shining Light","floor":10,"gold_loss":0,"cards_upgraded":["Defend_B","Defend_B"]},{"damage_healed":0,"gold_gain":0,"player_choice":"Ignored","damage_taken":0,"max_hp_gain":0,"max_hp_loss":0,"event_name":"Ghosts","floor":22,"gold_loss":0},{"cards_removed":["Barrage"],"damage_healed":0,"gold_gain":0,"player_choice":"Removed Attack","damage_taken":0,"max_hp_gain":0,"max_hp_loss":0,"event_name":"Falling","floor":36,"gold_loss":0},{"damage_healed":0,"gold_gain":0,"player_choice":"Ignored","damage_taken":0,"max_hp_gain":0,"max_hp_loss":0,"event_name":"Tomb of Lord Red Mask","floor":38,"gold_loss":0},{"damage_healed":0,"gold_gain":0,"player_choice":"Max HP","damage_taken":0,"max_hp_gain":0,"max_hp_loss":4,"event_name":"Winding Halls","floor":47,"gold_loss":0}],"is_beta":false,"boss_relics":[{"not_picked":["Runic Dome","Astrolabe"],"picked":"Calling Bell"},{"not_picked":["Cursed Key","Snecko Eye"],"picked":"Philosopher\u0027s Stone"}],"items_purged_floors":[0,0,21,37,48],"is_endless":false,"potions_floor_spawned":[5,8,12,16,19,20,27,28,30,39,41,45,46],"ascension_level":0}}