{"host":"74ea4mm5h5v9d7b0","time":1614384983,"event":{"mods":["Aspiration","BaseMod","Hubris","Infinite Spire","Minty Spire (QoL Compilation)","Replay The Spire","StSLib","The Jungle","The Necromancer"],"gold_per_floor":[116,116,15,15,33,62,25,35,85,112,112,201,201,262,262,365,365,378,390,390,390],"floor_reached":20,"language":"ENG","playtime":1346,"items_purged":["Injury"],"score":236,"play_id":"eed0e708-ca3c-4d05-8860-5ff8bab0c0e6","local_time":"20210226161623","is_ascension_mode":true,"campfire_choices":[{"data":"Fusion","floor":11,"key":"SMITH"},{"data":"BasicCrystalCard","floor":15,"key":"SMITH"}],"circlet_count":0,"master_deck":["Strike_B","Strike_B","Strike_B","Strike_B","Defend_B","Defend_B+1","Defend_B+1","Defend_B","Zap","Dualcast","FIFO Queue","BasicCrystalCard+1","Ball Lightning","Fusion+1","Go for the Eyes","Go for the Eyes","Crystallizer+1","Fusion","Double Energy","Storm+1","Gash","Chill","Machine Learning+1","Barrage"],"relics":["Cracked Core","NeowsBlessing","Frozen Egg 2","Oddly Smooth Stone","StrikeDummy","Toy Ornithopter","War Paint","aspiration:TomeofQuesting","aspiration:IroncladSkillbook"],"acts_visited":["Exordium","Exordium"],"potions_floor_usage":[14,14,18,19,19,19],"damage_taken":[{"damage":0,"enemies":"2 Louse","floor":1,"turns":1},{"damage":0,"enemies":"Jaw Worm","floor":5,"turns":1},{"damage":0,"enemies":"Gremlin Nob","floor":6,"turns":1},{"damage":6,"enemies":"Small Slimes","floor":8,"turns":3},{"damage":32,"enemies":"3 Sentries","floor":10,"turns":6},{"damage":25,"enemies":"Lagavulin Event","floor":14,"turns":4},{"damage":8,"enemies":"Hexaghost","floor":16,"turns":10},{"damage":60,"enemies":"theJungle:Flameango_and_Byrd","floor":18,"turns":5},{"damage":18,"enemies":"theJungle:MUSHROOMGANG","floor":19,"turns":5},{"damage":25,"enemies":"theJungle:2_Snecko_Cultists","floor":20,"turns":2}],"seed_played":"4780184661360124167","potions_obtained":[{"floor":1,"key":"SteroidPotion"},{"floor":6,"key":"SpeedPotion"},{"floor":8,"key":"SmokeBomb"},{"floor":18,"key":"EntropicBrew"},{"floor":19,"key":"Toxic Potion"}],"is_trial":false,"path_per_floor":["M","?","$","?","M","E","$","M","T","E","R","?","?","?","R","B",null,"M","M","M"],"character_chosen":"DEFECT","items_purchased":["BasicCrystalCard","Go for the Eyes"],"campfire_rested":0,"item_purchase_floors":[3,7],"current_hp_per_floor":[75,75,75,72,72,72,72,66,66,34,34,4,29,14,14,6,75,24,25,0,0],"gold":390,"neow_bonus":"THREE_ENEMY_KILL","is_daily":false,"chose_seed":false,"campfire_upgraded":2,"win_rate":0.0,"timestamp":1614384983,"path_taken":["M","?","$","?","M","E","$","M","T","E","R","?","?","?","R","BOSS","M","M","M"],"items_purchased_type":["Card","Card"],"build_version":"2020-12-22","purchased_purges":1,"victory":false,"max_hp_per_floor":[75,75,75,75,75,75,75,75,75,75,75,75,75,75,75,75,75,75,75,75,75],"card_choices":[{"not_picked":["Sweeping Beam","Barrage"],"picked":"FIFO Queue","floor":1},{"not_picked":["Conserve Battery","Scrape"],"picked":"Ball Lightning","floor":5},{"not_picked":["Sweeping Beam","Steam"],"picked":"Fusion","floor":6},{"not_picked":["BasicCrystalCard","Rainbow"],"picked":"Crystallizer+1","floor":8},{"not_picked":["Panic Button","Storm+1"],"picked":"Fusion","floor":10},{"not_picked":["Cold Snap","Rebound"],"picked":"Double Energy","floor":12},{"not_picked":["Melter","Lockon"],"picked":"Storm+1","floor":12},{"not_picked":["Heatsinks+1","Static Discharge+1"],"picked":"Gash","floor":12},{"not_picked":["Turbo","Barrage"],"picked":"Chill","floor":14},{"not_picked":["Seek","Rainbow"],"picked":"Machine Learning+1","floor":16},{"not_picked":["Warcry","Clothesline","Havoc+1","Hologram+1"],"picked":"SKIP","floor":18},{"not_picked":["Stack+1","Sword Boomerang","Conserve Battery"],"picked":"Barrage","floor":19}],"player_experience":779440,"relics_obtained":[{"floor":6,"key":"StrikeDummy"},{"floor":9,"key":"Toy Ornithopter"},{"floor":10,"key":"War Paint"}],"event_choices":[{"damage_healed":0,"gold_gain":0,"player_choice":"Success","damage_taken":3,"relics_obtained":["Oddly Smooth Stone"],"max_hp_gain":0,"max_hp_loss":0,"event_name":"Scrap Ooze","floor":4,"gold_loss":0},{"damage_healed":25,"gold_gain":0,"player_choice":"Banana","damage_taken":0,"max_hp_gain":0,"max_hp_loss":0,"event_name":"Big Fish","floor":13,"gold_loss":0},{"damage_healed":0,"gold_gain":0,"player_choice":"Searched \u00273\u0027 times","damage_taken":0,"relics_obtained":["aspiration:TomeofQuesting"],"max_hp_gain":0,"max_hp_loss":0,"event_name":"Dead Adventurer","floor":14,"gold_loss":0}],"is_beta":false,"boss_relics":[{"not_picked":["Coffee Dripper","Ring of Chaos"],"picked":"aspiration:IroncladSkillbook"}],"items_purged_floors":[3],"is_endless":false,"potions_floor_spawned":[1,6,8,18,19],"killed_by":"theJungle:2_Snecko_Cultists","ascension_level":3}}