{"host":"h3awr6eovmieyhyn","time":1614398784,"event":{"mods":["Act Like it!","Aspiration","BaseMod","BetterRewards","Downfall","Gensokyo","Hubris","Infinite Spire","Lobotomy","LobotomyExtend","Marisa????????","Minty Spire (QoL Compilation)","Reliquary","Replay The Spire","Robot Space Explorer","Shade Mod","StSLib","Td1madao Mod","The Bug Knight","The Cursed","The Disciple","The Hierophant","The Jungle","The Marked","The Necromancer","The Servant 0.9.4","[IsaacMod]????"],"gold_per_floor":[116,116,116,181,181,256,256,284,284,4,4,4,4,16,16,114,114,132,132,132,132,132,165,212,212,212,240,299,299],"floor_reached":28,"language":"ENG","playtime":1444,"items_purged":[],"score":310,"play_id":"022b9849-b71d-4715-aa4d-939552d7fbb3","local_time":"20210227040624","daily_mods":["Heirloom","Flight","DeadlyEvents"],"is_ascension_mode":false,"campfire_choices":[{"floor":7,"key":"REST"},{"floor":11,"key":"REST"},{"data":"theMarked:EternalStudent","floor":12,"key":"SMITH"},{"data":"theMarked:Frustration","floor":15,"key":"SMITH"},{"floor":25,"key":"REST"}],"circlet_count":0,"master_deck":["theMarked:Strike","theMarked:Strike+1","theMarked:Strike","theMarked:Strike","theMarked:Strike","theMarked:Defend","theMarked:Defend","theMarked:Defend+1","theMarked:Defend","theMarked:SoldierOfQuellstein","theMarked:BanishingStrike+1","hubris:Sloth","Dazed","theMarked:RogueSparks+1","theMarked:EternalStudent+1","theMarked:KeepCalmAndFight+1","theMarked:Electrify+1","theMarked:Electrify+1","theMarked:Frustration+1","theMarked:Toughness","theMarked:BanishingWave+1","theMarked:MysticalArsenal","infinitespire:DeathsTouch","theMarked:Parkour","theMarked:Frustration","theMarked:Heritage"],"relics":["theMarked:ArtifactOfAir","HushsDoor","DeadEye","hexamod:Sixitude","LetterFromLob","ReplayTheSpireMod:Ring of Challenge","Ring of Fury","theMarked:NailFile","hubris:ToyBattleship","hubris:BottledRain","OrangePellets","MagicBullet_r","Replay:Fungal Core","Blue Candle","Replay:Bandana","BookOfRevelations","aspiration:StickyExplosives_weak","RedMistMask"],"acts_visited":["Exordium","Exordium"],"potions_floor_usage":[6,14,16],"damage_taken":[{"damage":8,"enemies":"Jaw Worm","floor":1,"turns":3},{"damage":7,"enemies":"2 Louse","floor":4,"turns":2},{"damage":26,"enemies":"3 Sentries","floor":6,"turns":9},{"damage":14,"enemies":"Gremlin Nob","floor":8,"turns":5},{"damage":0,"enemies":"Cultist","floor":14,"turns":1},{"damage":0,"enemies":"Slime Boss","floor":16,"turns":5},{"damage":15,"enemies":"theJungle:MUSHROOMGANG","floor":18,"turns":3},{"damage":9,"enemies":"theJungle:2_Phrogs","floor":23,"turns":5},{"damage":20,"enemies":"theJungle:Cassacara","floor":24,"turns":3},{"damage":25,"enemies":"Shell Parasite","floor":27,"turns":3},{"damage":20,"enemies":"theJungle:MamaSnecko","floor":28,"turns":5}],"seed_played":"5312524962812213876","potions_obtained":[{"floor":4,"key":"AttackPotion"},{"floor":8,"key":"champ:CounterPotion"},{"floor":14,"key":"Fruit Juice"},{"floor":27,"key":"Block Potion"}],"is_trial":true,"path_per_floor":["M","?","$","M","?","E","R","E","T","$","R","R","E","M","R","B",null,"M","?","?","?","AVR","E","E","R","T","M","E"],"character_chosen":"THE_DEFAULT","items_purchased":["OrangePellets","theMarked:KeepCalmAndFight","theMarked:Electrify"],"campfire_rested":3,"item_purchase_floors":[10,10,10],"current_hp_per_floor":[64,64,64,57,43,17,38,24,24,24,45,45,38,43,43,43,77,62,62,57,57,57,48,28,51,51,26,6,6],"gold":299,"neow_bonus":"","is_daily":false,"chose_seed":false,"campfire_upgraded":2,"win_rate":0.0,"timestamp":1614398784,"path_taken":["M","?","?","M","?","E","R","?","T","$","R","R","E","?","R","BOSS","M","?","?","?","AVR","E","E","R","T","?","?"],"items_purchased_type":["Relic","Card","Card"],"build_version":"2020-12-22","purchased_purges":0,"victory":false,"max_hp_per_floor":[72,72,72,72,72,72,72,72,72,72,72,72,72,77,77,77,77,77,77,77,77,77,77,77,77,77,77,77,77],"card_choices":[{"not_picked":["theMarked:RepellingDischarge","theMarked:KeepCalmAndFight"],"picked":"theMarked:BanishingStrike","floor":1},{"not_picked":["Bomb","theMarked:HeightenedSenses"],"picked":"theMarked:WardOff","floor":4},{"not_picked":["theMarked:TakeCover","theMarked:Parkour"],"picked":"theMarked:RogueSparks","floor":6},{"not_picked":["theMarked:Overcharge","theMarked:Parry"],"picked":"theMarked:EternalStudent","floor":8},{"not_picked":["theMarked:HeightenedSenses","theMarked:GodGivenPower"],"picked":"theMarked:Frustration","floor":14},{"not_picked":["theMarked:Snap","theMarked:BiggerThanFate"],"picked":"theMarked:Toughness","floor":16},{"not_picked":["theMarked:TakeCover+1","theMarked:SelfDefenseTraining"],"picked":"theMarked:BanishingWave+1","floor":18},{"not_picked":["theMarked:BanishingStrike","theMarked:AttractMetal"],"picked":"theMarked:Parkour","floor":23},{"not_picked":["theMarked:RepellingDischarge+1","theMarked:Memento"],"picked":"theMarked:Frustration","floor":24},{"not_picked":["theMarked:TwofoldDefense","theMarked:Frustration"],"picked":"theMarked:Heritage","floor":27}],"player_experience":170461,"relics_obtained":[{"floor":1,"key":"LetterFromLob"},{"floor":2,"key":"ReplayTheSpireMod:Ring of Challenge"},{"floor":2,"key":"Ring of Fury"},{"floor":6,"key":"theMarked:NailFile"},{"floor":8,"key":"hubris:ToyBattleship"},{"floor":9,"key":"hubris:BottledRain"},{"floor":23,"key":"Replay:Bandana"},{"floor":24,"key":"BookOfRevelations"},{"floor":26,"key":"aspiration:StickyExplosives_weak"},{"floor":27,"key":"RedMistMask"}],"event_choices":[{"damage_healed":0,"gold_gain":0,"player_choice":"Entered Light","damage_taken":14,"max_hp_gain":0,"max_hp_loss":0,"event_name":"Shining Light","floor":5,"gold_loss":0,"cards_upgraded":["theMarked:Strike","theMarked:Defend"]}],"is_beta":false,"boss_relics":[{"not_picked":["aspiration:SecretTechniqueScroll","Runic Dome"],"picked":"Replay:Fungal Core"},{"not_picked":[]}],"items_purged_floors":[],"is_endless":false,"potions_floor_spawned":[4,8,14,27],"killed_by":"theJungle:MamaSnecko","ascension_level":0}}