{"host":"z37g2hkgkh2zjyzk","time":1614392235,"event":{"mods":["2.2 Compatiblity","AchievementEnabler","BaseMod","Bestiary","Colored Map","Colored Powertips","Curses Come First","Highlight Path","Keyboard Shortcuts","Minty Spire (QoL Compilation)","Relic Stats","StSLib","SuperFastMode"],"gold_per_floor":[214,227,177,21,21,21,50,50,101,101,101,132,57,75,75,180,180,199,216,235,160,175,206,206,238,316,178,178,178,207,221,221,324,324,337,350,350,45,95,127,127,160,160,160,179,211,17,17,17,17],"floor_reached":51,"language":"ENG","playtime":5710,"items_purged":["Strike_B","Regret","Defend_B","Shame"],"score":1316,"play_id":"92e75f9e-2eb8-4e8f-9984-ff3b4d21c762","local_time":"20210227031715","is_ascension_mode":true,"campfire_choices":[{"data":"Zap","floor":6.0,"key":"SMITH"},{"floor":8.0,"key":"REST"},{"data":"Echo Form","floor":10.0,"key":"SMITH"},{"data":"Barrage","floor":15.0,"key":"SMITH"},{"data":"Static Discharge","floor":24,"key":"SMITH"},{"data":"Biased Cognition","floor":28,"key":"SMITH"},{"data":"Sunder","floor":32,"key":"SMITH"},{"floor":41,"key":"RECALL"},{"data":"Capacitor","floor":44,"key":"SMITH"},{"data":"Panacea","floor":49,"key":"SMITH"}],"circlet_count":0,"master_deck":["AscendersBane","Strike_B+1","Defend_B","Defend_B","Defend_B","Zap+1","Dualcast","Ball Lightning","Echo Form+1","Sweeping Beam+1","BootSequence","Barrage+1","Cold Snap","Glacier","Core Surge","Go for the Eyes+1","Coolheaded","Biased Cognition+1","Glacier","Static Discharge+1","Sunder+1","Self Repair","Cold Snap+1","Biased Cognition","Glacier+1","Capacitor+1","Capacitor","Hologram+1","Barrage+1","Buffer","Panacea+1"],"relics":["Cracked Core","Orrery","DataDisk","Bag of Preparation","Incense Burner","Cursed Key","Centennial Puzzle","Question Card","The Courier","Strawberry","Red Mask","Runic Pyramid","Membership Card","Gambling Chip","Gremlin Horn","Orichalcum","Bottled Tornado","Shovel","Medical Kit","Bronze Scales"],"acts_visited":["Exordium","TheCity","TheBeyond"],"potions_floor_usage":[18,20,23,25,33,40,50],"damage_taken":[{"damage":1.0,"enemies":"Cultist","floor":1.0,"turns":4.0},{"damage":0.0,"enemies":"Small Slimes","floor":2.0,"turns":2.0},{"damage":24.0,"enemies":"Gremlin Nob","floor":7.0,"turns":4.0},{"damage":15.0,"enemies":"3 Sentries","floor":12.0,"turns":3.0},{"damage":2.0,"enemies":"Jaw Worm","floor":14.0,"turns":3.0},{"damage":0.0,"enemies":"Slime Boss","floor":16.0,"turns":8.0},{"damage":10,"enemies":"3 Byrds","floor":18,"turns":4},{"damage":0,"enemies":"Shell Parasite","floor":19,"turns":4},{"damage":9,"enemies":"3 Cultists","floor":20,"turns":5},{"damage":0,"enemies":"Centurion and Healer","floor":22,"turns":5},{"damage":1,"enemies":"Book of Stabbing","floor":23,"turns":6},{"damage":5,"enemies":"Gremlin Leader","floor":25,"turns":5},{"damage":11,"enemies":"Masked Bandits","floor":30,"turns":4},{"damage":0,"enemies":"Chosen and Byrds","floor":31,"turns":4},{"damage":0,"enemies":"Champ","floor":33,"turns":11},{"damage":0,"enemies":"3 Shapes","floor":35,"turns":3},{"damage":0,"enemies":"3 Darklings","floor":36,"turns":8},{"damage":0,"enemies":"Mind Bloom Boss Battle","floor":39,"turns":7},{"damage":21,"enemies":"Reptomancer","floor":40,"turns":7},{"damage":0,"enemies":"Nemesis","floor":42,"turns":7},{"damage":5,"enemies":"Transient","floor":45,"turns":5},{"damage":0,"enemies":"Giant Head","floor":46,"turns":7},{"damage":8,"enemies":"Time Eater","floor":50,"turns":12}],"seed_played":"-6039953958959438111","potions_obtained":[{"floor":7.0,"key":"Dexterity Potion"},{"floor":12.0,"key":"ColorlessPotion"},{"floor":14.0,"key":"FearPotion"},{"floor":19,"key":"CultistPotion"},{"floor":22,"key":"ColorlessPotion"},{"floor":23,"key":"DistilledChaos"},{"floor":30,"key":"Fire Potion"},{"floor":33,"key":"Strength Potion"},{"floor":36,"key":"ColorlessPotion"},{"floor":42,"key":"SteroidPotion"}],"is_trial":false,"path_per_floor":["M","M","?","$","?","R","E","R","T","R","?","E","$","M","R","B",null,"M","M","M","?","M","E","R","E","T","$","R","?","?","M","R","B",null,"M","M","?","$","?","E","R","E","T","R","M","E","$","?","R","B",null],"character_chosen":"DEFECT","items_purchased":["Orrery","Self Repair","Capacitor","Capacitor","Membership Card","Medical Kit","Bronze Scales"],"campfire_rested":1,"item_purchase_floors":[4,27,38,38,38,47,47],"current_hp_per_floor":[67,67,67,67,52,52,28,50,50,50,75,60,60,58,58,58,71,61,61,52,52,52,51,51,46,46,46,46,53,56,63,63,70,79,79,82,82,82,82,75,75,82,82,82,82,82,82,82,82,81],"gold":17,"neow_bonus":"HUNDRED_GOLD","is_daily":false,"chose_seed":false,"campfire_upgraded":8,"win_rate":0.0,"timestamp":1614392235,"path_taken":["M","?","?","$","?","R","E","R","T","R","?","E","?","M","R","BOSS","M","M","M","?","M","E","R","E","T","$","R","?","?","M","R","BOSS","M","M","?","?","?","E","R","E","T","R","?","E","$","?","R","BOSS"],"items_purchased_type":["Relic","Card","Card","Card","Relic","Relic","Relic"],"build_version":"2020-12-22","purchased_purges":4,"victory":true,"max_hp_per_floor":[75,75,75,75,75,75,75,75,75,75,75,75,75,75,75,75,75,75,75,75,75,75,75,75,75,75,75,75,82,82,82,82,82,82,82,82,82,82,82,82,82,82,82,82,82,82,82,82,82,82],"relic_stats":{"Centennial Puzzle":[15],"Shovel":0,"Gremlin Horn":[0,0],"counters":[23,128],"Gambling Chip":[20],"Bronze Scales":[57],"Bag of Preparation":[40],"Orichalcum":[42],"Cursed Key":2,"Question Card":11,"Medical Kit":[0],"obtain_stats":[{"Gremlin Horn":40,"The Courier":26,"Bag of Preparation":9,"Incense Burner":12,"Orichalcum":42,"Bottled Tornado":43,"Cursed Key":17,"Question Card":25,"Medical Kit":47,"DataDisk":7,"Centennial Puzzle":23,"Shovel":46,"Strawberry":29,"Gambling Chip":39,"Bronze Scales":47,"Orrery":4,"Red Mask":30,"Membership Card":38,"Cracked Core":0,"Runic Pyramid":34},{"Gremlin Horn":19,"The Courier":12,"Bag of Preparation":3,"Incense Burner":4,"Orichalcum":20,"Bottled Tornado":20,"Cursed Key":6,"Question Card":12,"Medical Kit":22,"DataDisk":3,"Centennial Puzzle":11,"Shovel":22,"Strawberry":12,"Gambling Chip":18,"Bronze Scales":22,"Orrery":2,"Red Mask":13,"Membership Card":17,"Cracked Core":0,"Runic Pyramid":15},{"Gremlin Horn":97,"The Courier":53,"Bag of Preparation":10,"Incense Burner":13,"Orichalcum":104,"Bottled Tornado":104,"Cursed Key":24,"Question Card":53,"Medical Kit":116,"DataDisk":10,"Centennial Puzzle":48,"Shovel":116,"Strawberry":53,"Gambling Chip":90,"Bronze Scales":116,"Orrery":6,"Red Mask":57,"Membership Card":83,"Cracked Core":0,"Runic Pyramid":72}]},"card_choices":[{"not_picked":["Cold Snap","Tempest"],"picked":"Ball Lightning","floor":1.0},{"not_picked":["Fusion","Skim","Undo"],"picked":"SKIP","floor":2.0},{"not_picked":["Tempest","Reinforced Body"],"picked":"Echo Form","floor":4.0},{"not_picked":["Compile Driver","Rebound"],"picked":"Sweeping Beam","floor":4.0},{"not_picked":["Hologram","Machine Learning"],"picked":"BootSequence","floor":4.0},{"not_picked":["Creative AI","Reprogram"],"picked":"Barrage","floor":4.0},{"not_picked":["Steam Power","Auto Shields"],"picked":"Cold Snap","floor":7.0},{"not_picked":["Ball Lightning","Conserve Battery"],"picked":"Glacier","floor":12.0},{"not_picked":["Reprogram","Hello World","Barrage"],"picked":"SKIP","floor":14.0},{"not_picked":["Hyperbeam","All For One"],"picked":"Core Surge","floor":16.0},{"not_picked":["Sweeping Beam+1","Compile Driver"],"picked":"Go for the Eyes+1","floor":18},{"not_picked":["Cold Snap","Darkness+1"],"picked":"Coolheaded","floor":19},{"not_picked":["Conserve Battery","Leap"],"picked":"Biased Cognition","floor":20},{"not_picked":["Go for the Eyes","Chaos+1"],"picked":"Glacier","floor":22},{"not_picked":["Doom and Gloom+1","Coolheaded"],"picked":"Static Discharge","floor":23},{"not_picked":["Gash","Ball Lightning"],"picked":"Sunder","floor":25},{"not_picked":["Barrage","Hello World","Electrodynamics"],"picked":"Cold Snap+1","floor":30},{"not_picked":["Steam","Recycle+1","Cold Snap+1","Steam Power"],"picked":"SKIP","floor":31},{"not_picked":["Fission","Thunder Strike","Amplify"],"picked":"Biased Cognition","floor":33},{"not_picked":["Gash","Go for the Eyes","Redo+1"],"picked":"Glacier+1","floor":35},{"not_picked":["Undo","Conserve Battery","Rebound+1","Tempest+1"],"picked":"SKIP","floor":36},{"not_picked":["Compile Driver+1","Beam Cell+1","Recycle+1"],"picked":"Hologram+1","floor":39},{"not_picked":["FTL+1","Ball Lightning","Chaos+1","Consume"],"picked":"SKIP","floor":40},{"not_picked":["Steam+1","Scrape","Beam Cell"],"picked":"Barrage+1","floor":42},{"not_picked":["Coolheaded+1","Reinforced Body","Leap"],"picked":"Buffer","floor":45},{"not_picked":["Cold Snap","Machine Learning","Electrodynamics","Compile Driver"],"picked":"SKIP","floor":46},{"not_picked":["Finesse","Purity","Blind"],"picked":"Panacea","floor":48}],"player_experience":311910,"relics_obtained":[{"floor":7.0,"key":"DataDisk"},{"floor":9.0,"key":"Bag of Preparation"},{"floor":12.0,"key":"Incense Burner"},{"floor":23,"key":"Centennial Puzzle"},{"floor":25,"key":"Question Card"},{"floor":26,"key":"The Courier"},{"floor":30,"key":"Red Mask"},{"floor":39,"key":"Gambling Chip"},{"floor":40,"key":"Gremlin Horn"},{"floor":42,"key":"Orichalcum"},{"floor":43,"key":"Bottled Tornado"},{"floor":46,"key":"Shovel"}],"event_choices":[{"cards_removed":["Strike_B"],"damage_healed":0.0,"max_hp_gain":0.0,"max_hp_loss":0.0,"gold_gain":0.0,"event_name":"The Cleric","player_choice":"Card Removal","floor":3.0,"gold_loss":50.0,"damage_taken":0.0},{"damage_healed":0.0,"max_hp_gain":0.0,"max_hp_loss":0.0,"gold_gain":0.0,"event_name":"Shining Light","player_choice":"Entered Light","floor":5.0,"gold_loss":0.0,"damage_taken":15.0,"cards_upgraded":["Strike_B","Sweeping Beam"]},{"damage_healed":25.0,"max_hp_gain":0.0,"max_hp_loss":0.0,"gold_gain":0.0,"event_name":"Big Fish","player_choice":"Banana","floor":11.0,"gold_loss":0.0,"damage_taken":0.0},{"cards_removed":["Strike_B"],"damage_healed":0,"gold_gain":0,"player_choice":"Gave Gold","damage_taken":0,"max_hp_gain":0,"max_hp_loss":0,"event_name":"Beggar","floor":21,"gold_loss":75},{"damage_healed":0,"gold_gain":0,"player_choice":"Opened","damage_taken":0,"relics_obtained":["Strawberry"],"max_hp_gain":0,"max_hp_loss":0,"event_name":"The Mausoleum","floor":29,"gold_loss":0,"cards_obtained":["Writhe"]},{"damage_healed":0,"gold_gain":0,"player_choice":"Fought Bandits","damage_taken":0,"max_hp_gain":0,"max_hp_loss":0,"event_name":"Masked Bandits","floor":30,"gold_loss":0},{"cards_removed":["Writhe"],"damage_healed":0,"gold_gain":0,"player_choice":"Purged","damage_taken":0,"max_hp_gain":0,"max_hp_loss":0,"event_name":"Purifier","floor":37,"gold_loss":0},{"damage_healed":0,"gold_gain":0,"player_choice":"Fight","damage_taken":0,"max_hp_gain":0,"max_hp_loss":0,"event_name":"MindBloom","floor":39,"gold_loss":0},{"damage_healed":0,"gold_gain":0,"player_choice":"Memory 1","damage_taken":0,"max_hp_gain":0,"max_hp_loss":0,"event_name":"SensoryStone","floor":48,"gold_loss":0}],"is_beta":false,"boss_relics":[{"not_picked":["Fusion Hammer","Inserter"],"picked":"Cursed Key"},{"not_picked":["Runic Dome","Astrolabe"],"picked":"Runic Pyramid"}],"items_purged_floors":[13,27,38,47],"is_endless":false,"potions_floor_spawned":[7,12,14,19,22,23,30,33,36,42],"ascension_level":10}}