{"host":"m7jrdcbl89w2s34c","time":1614442233,"event":{"mods":["AchievementEnabler","BaseMod","Bestiary","Block Reminder","Colored Map","Colored Powertips","Minty Spire (QoL Compilation)","Permanent Neow","Relic Stats","StSLib"],"gold_per_floor":[133,133,166,166,233,284,339,394,444,456,518,530,600,713,725,838,850,903,222,272,21,61,61,88,108,134,134,184,228,41,75,75,171,171,211,227,277,327,402,402,433,433,433,495,32,126,158,208,208,208],"floor_reached":51,"language":"ENG","playtime":6715,"items_purged":["Writhe"],"score":1530,"play_id":"5daa2ea7-1570-4798-b083-d022bf97b8d2","local_time":"20210227171033","is_ascension_mode":true,"campfire_choices":[{"floor":10.0,"key":"REST"},{"data":"HandOfGreed","floor":12.0,"key":"SMITH"},{"data":"Go for the Eyes","floor":15.0,"key":"SMITH"},{"data":"Apotheosis","floor":23.0,"key":"SMITH"},{"floor":27,"key":"REST"},{"floor":32,"key":"REST"},{"floor":40,"key":"REST"},{"floor":42,"key":"REST"},{"floor":49,"key":"RECALL"}],"circlet_count":0,"master_deck":["AscendersBane","Strike_B+1","Strike_B+1","Strike_B+1","Defend_B+1","Defend_B+1","Defend_B+1","Defend_B+1","Zap","Dualcast","HandOfGreed+1","Chaos+1","Self Repair","Go for the Eyes+1","Doom and Gloom","Chill","Leap","Echo Form","Buffer","Sweeping Beam","Apotheosis+1","Defragment","Reinforced Body","Hologram","Genetic Algorithm","Chill+1","Hologram","Conserve Battery","Sweeping Beam+1","Seek","Coolheaded","Compile Driver","Finesse","Go for the Eyes","Compile Driver"],"relics":["Cracked Core","SsserpentHead","War Paint","Sundial","MawBank","Pen Nib","Odd Mushroom","Inserter","Symbiotic Virus","Chemical X","Letter Opener","Nunchaku","Happy Flower","Darkstone Periapt","Fusion Hammer","TungstenRod","Blood Vial","PreservedInsect","Mercury Hourglass","Strawberry","Boot"],"acts_visited":["Exordium","TheCity","TheBeyond"],"potions_floor_usage":[25,33,50],"damage_taken":[{"damage":0.0,"enemies":"Small Slimes","floor":1.0,"turns":2.0},{"damage":2.0,"enemies":"2 Louse","floor":3.0,"turns":2.0},{"damage":4.0,"enemies":"Cultist","floor":5.0,"turns":3.0},{"damage":30.0,"enemies":"Gremlin Nob","floor":6.0,"turns":4.0},{"damage":7.0,"enemies":"Exordium Wildlife","floor":7.0,"turns":5.0},{"damage":27.0,"enemies":"3 Sentries","floor":8.0,"turns":6.0},{"damage":8.0,"enemies":"Lagavulin","floor":13.0,"turns":6.0},{"damage":9.0,"enemies":"The Mushroom Lair","floor":14.0,"turns":4.0},{"damage":16.0,"enemies":"Slime Boss","floor":16.0,"turns":8.0},{"damage":20.0,"enemies":"Shell Parasite","floor":18.0,"turns":7.0},{"damage":14.0,"enemies":"2 Thieves","floor":22.0,"turns":5.0},{"damage":36.0,"enemies":"Gremlin Leader","floor":24.0,"turns":10.0},{"damage":12,"enemies":"Shelled Parasite and Fungi","floor":25,"turns":10},{"damage":0,"enemies":"Snake Plant","floor":29,"turns":3},{"damage":12,"enemies":"Book of Stabbing","floor":31,"turns":8},{"damage":0,"enemies":"Automaton","floor":33,"turns":11},{"damage":0,"enemies":"3 Shapes","floor":35,"turns":8},{"damage":0,"enemies":"3 Darklings","floor":36,"turns":5},{"damage":13,"enemies":"Mind Bloom Boss Battle","floor":39,"turns":7},{"damage":11,"enemies":"Giant Head","floor":41,"turns":8},{"damage":3,"enemies":"4 Shapes","floor":44,"turns":9},{"damage":0,"enemies":"Jaw Worm Horde","floor":46,"turns":5},{"damage":7,"enemies":"Nemesis","floor":47,"turns":7},{"damage":17,"enemies":"Awakened One","floor":50,"turns":17}],"seed_played":"3193653300397702060","potions_obtained":[{"floor":5.0,"key":"DuplicationPotion"},{"floor":6.0,"key":"SpeedPotion"},{"floor":7.0,"key":"Weak Potion"},{"floor":8.0,"key":"Swift Potion"},{"floor":18.0,"key":"SteroidPotion"},{"floor":31,"key":"Block Potion"},{"floor":33,"key":"FocusPotion"}],"is_trial":false,"path_per_floor":["M","?","M","?","M","E","M","E","T","R","?","R","E","?","R","B",null,"M","$","?","$","M","R","E","M","T","R","?","M","$","E","R","B",null,"M","M","?","?","?","R","E","R","T","M","$","M","E","?","R","B",null],"character_chosen":"DEFECT","items_purchased":["Apotheosis","Defragment","Symbiotic Virus","Reinforced Body","Hologram","Chemical X","Genetic Algorithm","Conserve Battery","SpeedPotion","GamblersBrew","Mercury Hourglass","Strawberry"],"campfire_rested":5,"item_purchase_floors":[19,19,19,19,19,21,21,30,30,45,45,45],"current_hp_per_floor":[46,51,49,49,52,29,29,9,9,31,31,31,30,28,28,19,62,49,49,49,49,42,42,16,14,14,36,36,36,36,34,56,66,74,76,76,71,71,65,76,75,76,76,76,83,83,83,83,83,76],"gold":208,"neow_bonus":"RANDOM_COLORLESS_2","is_daily":false,"chose_seed":false,"campfire_upgraded":3,"win_rate":0.0,"timestamp":1614442233,"path_taken":["M","?","M","?","?","E","M","E","T","R","?","R","E","?","R","BOSS","M","$","?","$","M","R","E","M","T","R","?","M","$","E","R","BOSS","M","M","?","?","?","R","E","R","T","M","?","?","E","?","R","BOSS"],"items_purchased_type":["Card","Card","Relic","Card","Card","Relic","Card","Card","Potion","Potion","Relic","Relic"],"build_version":"2020-12-22","purchased_purges":1,"victory":true,"max_hp_per_floor":[71,76,76,76,76,76,76,76,76,76,76,76,76,76,76,76,76,76,76,76,76,76,76,76,76,76,76,76,76,76,76,76,76,76,76,76,76,76,76,76,76,76,76,76,83,83,83,83,83,83],"relic_stats":{"Darkstone Periapt":0,"Inserter":[58],"Happy Flower":[29],"counters":[24,160],"Pen Nib":[18],"PreservedInsect":50,"Letter Opener":[364],"War Paint":["Defend_B","Chaos"],"MawBank":120,"Boot":[9],"Mercury Hourglass":[79],"Blood Vial":0,"SsserpentHead":550,"Nunchaku":[12],"Sundial":[14],"Chemical X":[21],"obtain_stats":[{"Darkstone Periapt":31,"Inserter":17,"Happy Flower":28,"Pen Nib":13,"PreservedInsect":43,"Letter Opener":24,"War Paint":6,"Odd Mushroom":14,"MawBank":9,"Boot":47,"Mercury Hourglass":45,"Blood Vial":41,"SsserpentHead":4,"Nunchaku":26,"Sundial":8,"Strawberry":45,"Fusion Hammer":34,"Chemical X":21,"Cracked Core":0,"Symbiotic Virus":19,"TungstenRod":39},{"Darkstone Periapt":15,"Inserter":9,"Happy Flower":13,"Pen Nib":7,"PreservedInsect":20,"Letter Opener":12,"War Paint":4,"Odd Mushroom":8,"MawBank":6,"Boot":23,"Mercury Hourglass":21,"Blood Vial":20,"SsserpentHead":2,"Nunchaku":13,"Sundial":6,"Strawberry":21,"Fusion Hammer":16,"Chemical X":10,"Cracked Core":0,"Symbiotic Virus":10,"TungstenRod":19},{"Darkstone Periapt":83,"Inserter":40,"Happy Flower":72,"Pen Nib":28,"PreservedInsect":122,"Letter Opener":62,"War Paint":11,"Odd Mushroom":32,"MawBank":22,"Boot":143,"Mercury Hourglass":131,"Blood Vial":122,"SsserpentHead":4,"Nunchaku":72,"Sundial":22,"Strawberry":131,"Fusion Hammer":94,"Chemical X":47,"Cracked Core":0,"Symbiotic Virus":47,"TungstenRod":114}],"TungstenRod":10},"card_choices":[{"not_picked":["Thinking Ahead","Metamorphosis"],"picked":"HandOfGreed","floor":0.0},{"not_picked":["Barrage","Leap"],"picked":"Chaos","floor":1.0},{"not_picked":["Fusion","Heatsinks"],"picked":"Self Repair","floor":3.0},{"not_picked":["Leap","Melter"],"picked":"Go for the Eyes","floor":5.0},{"not_picked":["Redo","Streamline"],"picked":"Doom and Gloom","floor":6.0},{"not_picked":["Ball Lightning","Blizzard"],"picked":"Chill","floor":7.0},{"not_picked":["Darkness","Gash","Melter"],"picked":"SKIP","floor":8.0},{"not_picked":["Turbo","Melter"],"picked":"Leap","floor":13.0},{"not_picked":["Sweeping Beam","Cold Snap"],"picked":"Echo Form","floor":14.0},{"not_picked":["Rainbow","Echo Form"],"picked":"Buffer","floor":16.0},{"not_picked":["Streamline+1","Steam"],"picked":"Sweeping Beam","floor":18.0},{"not_picked":["FTL","Redo+1"],"picked":"Chill+1","floor":22.0},{"not_picked":["Cold Snap","Rip and Tear"],"picked":"Hologram","floor":24.0},{"not_picked":["BootSequence","Steam","Ball Lightning+1"],"picked":"SKIP","floor":25},{"not_picked":["Sunder","Auto Shields+1","Turbo"],"picked":"SKIP","floor":29},{"not_picked":["Amplify","Leap"],"picked":"Sweeping Beam+1","floor":31},{"not_picked":["Reboot","Buffer"],"picked":"Seek","floor":33},{"not_picked":["Gash","Hologram+1"],"picked":"Coolheaded","floor":35},{"not_picked":["Beam Cell","Undo"],"picked":"Compile Driver","floor":36},{"not_picked":["Violence","Bandage Up"],"picked":"Finesse","floor":37},{"not_picked":["Leap","Doom and Gloom+1"],"picked":"Go for the Eyes","floor":39},{"not_picked":["Beam Cell","Go for the Eyes","Steam Power"],"picked":"SKIP","floor":44},{"not_picked":["Darkness","Sweeping Beam","Steam"],"picked":"SKIP","floor":46},{"not_picked":["Go for the Eyes+1","Capacitor+1"],"picked":"Compile Driver","floor":47}],"player_experience":279956,"relics_obtained":[{"floor":6.0,"key":"War Paint"},{"floor":8.0,"key":"Sundial"},{"floor":9.0,"key":"MawBank"},{"floor":13.0,"key":"Pen Nib"},{"floor":14.0,"key":"Odd Mushroom"},{"floor":24.0,"key":"Letter Opener"},{"floor":26,"key":"Nunchaku"},{"floor":31,"key":"Darkstone Periapt"},{"floor":39,"key":"TungstenRod"},{"floor":41,"key":"Blood Vial"},{"floor":43,"key":"PreservedInsect"},{"floor":47,"key":"Boot"}],"event_choices":[{"damage_healed":0.0,"max_hp_gain":5.0,"max_hp_loss":0.0,"gold_gain":0.0,"event_name":"Big Fish","player_choice":"Donut","floor":2.0,"gold_loss":0.0,"damage_taken":0.0},{"damage_healed":0.0,"max_hp_gain":0.0,"max_hp_loss":0.0,"gold_gain":0.0,"event_name":"FaceTrader","player_choice":"Trade","floor":4.0,"gold_loss":0.0,"damage_taken":0.0,"relics_obtained":["SsserpentHead"]},{"damage_healed":0.0,"max_hp_gain":0.0,"max_hp_loss":0.0,"gold_gain":0.0,"event_name":"Golden Idol","player_choice":"Ignored","floor":11.0,"gold_loss":0.0,"damage_taken":0.0},{"damage_healed":0.0,"max_hp_gain":0.0,"max_hp_loss":0.0,"gold_gain":0.0,"event_name":"Mushrooms","player_choice":"Fought Mushrooms","floor":14.0,"gold_loss":0.0,"damage_taken":0.0},{"damage_healed":0.0,"max_hp_gain":0.0,"max_hp_loss":0.0,"gold_gain":0.0,"event_name":"Back to Basics","player_choice":"Simplicity","floor":20.0,"gold_loss":0.0,"damage_taken":0.0,"cards_upgraded":["Strike_B","Strike_B","Strike_B","Strike_B","Defend_B","Defend_B","Defend_B"]},{"damage_healed":0,"gold_gain":0,"player_choice":"Opened","damage_taken":0,"relics_obtained":["Happy Flower"],"max_hp_gain":0,"max_hp_loss":0,"event_name":"The Mausoleum","floor":28,"gold_loss":0,"cards_obtained":["Writhe"]},{"damage_healed":0,"gold_gain":0,"player_choice":"Memory 2","damage_taken":5,"max_hp_gain":0,"max_hp_loss":0,"event_name":"SensoryStone","floor":37,"gold_loss":0},{"damage_healed":0,"gold_gain":0,"player_choice":"Ignored","damage_taken":0,"max_hp_gain":0,"max_hp_loss":0,"event_name":"Tomb of Lord Red Mask","floor":38,"gold_loss":0},{"damage_healed":0,"gold_gain":0,"player_choice":"Fight","damage_taken":0,"max_hp_gain":0,"max_hp_loss":0,"event_name":"MindBloom","floor":39,"gold_loss":0},{"cards_removed":["Strike_B"],"damage_healed":0,"gold_gain":0,"player_choice":"Offered Basic","damage_taken":0,"max_hp_gain":0,"max_hp_loss":0,"event_name":"Bonfire Elementals","floor":48,"gold_loss":0}],"is_beta":false,"boss_relics":[{"not_picked":["Black Star","Sozu"],"picked":"Inserter"},{"not_picked":["FrozenCore","Calling Bell"],"picked":"Fusion Hammer"}],"items_purged_floors":[30],"is_endless":false,"potions_floor_spawned":[5,6,7,8,18,31,33,36,39,41,46],"ascension_level":19}}