{"host":"1qhzi8r9ejho5yph","time":1614401027,"event":{"mods":["AchievementEnabler","BaseMod","Colored Map","Colored Powertips","Highlight Path","Minty Spire (QoL Compilation)","Permanent Neow","Quick Restart","Random Character Button","StSLib","SuperFastMode","Synergy Search"],"gold_per_floor":[117,34,34,45,64,89,103,131,182,197,213,213,229,262,262,262,262],"floor_reached":16,"language":"ENG","playtime":449,"items_purged":[],"score":124,"play_id":"2f335a0a-44e0-46f3-a8e8-4e1a347712f9","local_time":"20210227124347","is_ascension_mode":false,"campfire_choices":[{"floor":12,"key":"REST"},{"floor":15,"key":"REST"}],"circlet_count":0,"master_deck":["Strike_R","Strike_R","Strike_R","Strike_R","Strike_R","Defend_R","Defend_R","Defend_R","Bash","True Grit+1","Finesse","Thunderclap","Twin Strike","Sword Boomerang","Inflame","Pommel Strike","Shrug It Off"],"relics":["Burning Blood","Letter Opener","Singing Bowl","Ancient Tea Set"],"acts_visited":["Exordium"],"potions_floor_usage":[8],"damage_taken":[{"damage":6,"enemies":"Small Slimes","floor":1,"turns":3},{"damage":0,"enemies":"Cultist","floor":4,"turns":3},{"damage":3,"enemies":"2 Louse","floor":5,"turns":2},{"damage":43,"enemies":"Lagavulin","floor":6,"turns":7},{"damage":4,"enemies":"Looter","floor":7,"turns":4},{"damage":27,"enemies":"Gremlin Nob","floor":8,"turns":4},{"damage":16,"enemies":"Lots of Slimes","floor":10,"turns":3},{"damage":5,"enemies":"Blue Slaver","floor":11,"turns":4},{"damage":16,"enemies":"Exordium Wildlife","floor":13,"turns":4},{"damage":23,"enemies":"Lagavulin","floor":14,"turns":7},{"damage":44,"enemies":"The Guardian","floor":16,"turns":11}],"seed_played":"-2064153945010936881","potions_obtained":[{"floor":1,"key":"Dexterity Potion"},{"floor":7,"key":"Energy Potion"},{"floor":10,"key":"SpeedPotion"}],"is_trial":false,"path_per_floor":["M","$","?","M","M","E","M","E","T","M","M","R","M","E","R","B"],"character_chosen":"IRONCLAD","items_purchased":["Finesse"],"campfire_rested":2,"item_purchase_floors":[2],"current_hp_per_floor":[80,80,80,80,80,43,45,24,24,16,19,44,34,19,44,0,0],"gold":262,"neow_bonus":"REMOVE_CARD","is_daily":false,"chose_seed":false,"campfire_upgraded":0,"win_rate":0.0,"timestamp":1614401027,"path_taken":["M","$","?","M","?","E","M","E","T","M","M","R","M","E","R","BOSS"],"items_purchased_type":["Card"],"build_version":"2020-12-22","purchased_purges":0,"victory":false,"max_hp_per_floor":[80,80,80,80,80,80,80,80,80,82,84,84,84,86,86,86,86],"card_choices":[{"not_picked":["Rampage","Ghostly Armor"],"picked":"True Grit","floor":1},{"not_picked":["Havoc","Infernal Blade"],"picked":"Thunderclap","floor":4},{"not_picked":["Wild Strike","Cleave"],"picked":"Twin Strike","floor":5},{"not_picked":["Clothesline","Impervious"],"picked":"Sword Boomerang","floor":6},{"not_picked":["Armaments","Entrench"],"picked":"Inflame","floor":7},{"not_picked":["Clash","Entrench"],"picked":"Pommel Strike","floor":8},{"not_picked":["Spot Weakness","Flex","Armaments"],"picked":"Singing Bowl","floor":10},{"not_picked":["Clash","Rampage","Blood for Blood"],"picked":"Singing Bowl","floor":11},{"not_picked":["True Grit","Reckless Charge"],"picked":"Shrug It Off","floor":13},{"not_picked":["Clothesline","Bloodletting","Rupture"],"picked":"Singing Bowl","floor":14}],"player_experience":386414,"relics_obtained":[{"floor":6,"key":"Letter Opener"},{"floor":8,"key":"Singing Bowl"},{"floor":14,"key":"Ancient Tea Set"}],"event_choices":[{"damage_healed":0,"gold_gain":0,"player_choice":"Upgraded","damage_taken":0,"max_hp_gain":0,"max_hp_loss":0,"event_name":"Upgrade Shrine","floor":3,"gold_loss":0,"cards_upgraded":["True Grit"]}],"is_beta":false,"boss_relics":[],"items_purged_floors":[],"is_endless":false,"potions_floor_spawned":[1,7,10],"killed_by":"The Guardian","ascension_level":0}}