{"host":"dm5k5rdu7cxz3rox","time":1614430741,"event":{"mods":["AchievementEnabler","BaseMod","Colored Powertips","Highlight Path","Minty Spire (QoL Compilation)","Relic Stats"],"gold_per_floor":[118,118,193,213,29,56,78,110,147,159,184,196,243,255,267,380,392,415,252,252,252,271,271,271,289,289,174,200,213,213,313,313,313,313],"floor_reached":33,"language":"ENG","playtime":1880,"items_purged":[],"score":495,"play_id":"d7261b33-5bbd-4fbc-9385-d63ce96159f5","local_time":"20210227075901","is_ascension_mode":true,"campfire_choices":[{"floor":10.0,"key":"REST"},{"floor":12,"key":"REST"},{"data":"Perseverance","floor":15,"key":"SMITH"},{"data":"Meditate","floor":23,"key":"SMITH"},{"data":"ThirdEye","floor":30,"key":"SMITH"},{"data":"Worship","floor":32,"key":"SMITH"}],"circlet_count":0,"master_deck":["Defend_P","Defend_P","Defend_P","Defend_P","Eruption","Vigilance","EmptyFist","FlyingSleeves","FlurryOfBlows","FollowUp","FearNoEvil","FlurryOfBlows","Crescendo","Perseverance+1","Worship+1","Blasphemy","FlyingSleeves+1","EmptyBody","Ghostly","Ghostly","Ghostly","Ghostly","Ghostly","Meditate+1","CarveReality","EmptyMind","ThirdEye+1"],"relics":["VioletLotus","Membership Card","MawBank","Damaru","Empty Cage","WingedGreaves","HornCleat","Lee\u0027s Waffle"],"acts_visited":["Exordium","TheCity"],"potions_floor_usage":[33,33],"damage_taken":[{"damage":0.0,"enemies":"2 Louse","floor":1.0,"turns":2.0},{"damage":3.0,"enemies":"Small Slimes","floor":4.0,"turns":4.0},{"damage":33.0,"enemies":"Lagavulin","floor":6.0,"turns":10.0},{"damage":0.0,"enemies":"Cultist","floor":7.0,"turns":2.0},{"damage":3.0,"enemies":"Blue Slaver","floor":8.0,"turns":3.0},{"damage":0,"enemies":"Looter","floor":11,"turns":2},{"damage":0,"enemies":"Gremlin Nob","floor":13,"turns":2},{"damage":0,"enemies":"Slime Boss","floor":16,"turns":6},{"damage":25,"enemies":"Chosen","floor":18,"turns":6},{"damage":1,"enemies":"Shell Parasite","floor":22,"turns":4},{"damage":0,"enemies":"3 Cultists","floor":25,"turns":6},{"damage":15,"enemies":"Book of Stabbing","floor":28,"turns":5},{"damage":0,"enemies":"Snecko","floor":29,"turns":4},{"damage":31,"enemies":"Collector","floor":33,"turns":9}],"seed_played":"-743110926673107632","potions_obtained":[{"floor":1.0,"key":"FearPotion"},{"floor":13,"key":"SmokeBomb"},{"floor":16,"key":"Weak Potion"},{"floor":18,"key":"Swift Potion"},{"floor":25,"key":"Dexterity Potion"}],"is_trial":false,"path_per_floor":["M","?","?","M","$","E","M","M","T","R","M","R","E","?","R","B",null,"M","$","?","?","M","R","?","M","T","$","E","M","R","?","R","B"],"character_chosen":"WATCHER","items_purchased":["Membership Card","FlurryOfBlows","FollowUp","WingedGreaves","EmptyBody","EmptyMind","Lee\u0027s Waffle"],"campfire_rested":2,"item_purchase_floors":[5,5,5,19,19,27,27],"current_hp_per_floor":[65,58,47,44,44,11,11,8,8,29,29,50,50,50,50,50,67,42,42,36,36,35,35,35,35,35,43,28,28,28,28,28,0,0],"gold":313,"neow_bonus":"BOSS_RELIC","is_daily":false,"chose_seed":false,"campfire_upgraded":4,"win_rate":0.0,"timestamp":1614430741,"path_taken":["M","?","?","M","$","E","M","M","T","R","M","R","E","?","R","BOSS","M","$","?","?","?","R","?","M","T","$","E","M","R","?","R","BOSS"],"items_purchased_type":["Relic","Card","Card","Relic","Card","Card","Relic"],"build_version":"2020-12-22","purchased_purges":0,"victory":false,"max_hp_per_floor":[72,72,72,72,72,72,72,72,72,72,72,72,72,72,72,72,72,72,72,36,36,36,36,36,36,36,43,43,43,43,43,43,43,43],"relic_stats":{"Lee\u0027s Waffle":8,"counters":[14,65],"VioletLotus":[22],"MawBank":156,"obtain_stats":[{"Lee\u0027s Waffle":27,"HornCleat":26,"Damaru":13,"VioletLotus":0,"WingedGreaves":19,"Membership Card":5,"PureWater":0,"MawBank":6,"Empty Cage":17},{"Lee\u0027s Waffle":11,"HornCleat":11,"Damaru":7,"VioletLotus":0,"WingedGreaves":9,"Membership Card":2,"PureWater":0,"MawBank":3,"Empty Cage":8},{"Lee\u0027s Waffle":47,"HornCleat":47,"Damaru":25,"VioletLotus":0,"WingedGreaves":37,"Membership Card":6,"PureWater":0,"MawBank":16,"Empty Cage":31}]},"card_choices":[{"not_picked":["Swivel","FlyingSleeves"],"picked":"EmptyFist","floor":1.0},{"not_picked":["Evaluate","Protect"],"picked":"FlyingSleeves","floor":4.0},{"not_picked":["Prostrate","WindmillStrike"],"picked":"FearNoEvil","floor":6.0},{"not_picked":["Wallop","SashWhip"],"picked":"FlurryOfBlows","floor":7.0},{"not_picked":["Judgement","Prostrate","Evaluate"],"picked":"SKIP","floor":8.0},{"not_picked":["Consecrate","Wireheading"],"picked":"Crescendo","floor":11},{"not_picked":["Collect","Evaluate"],"picked":"Perseverance","floor":13},{"not_picked":["ConjureBlade","Ragnarok"],"picked":"Blasphemy","floor":16},{"not_picked":["BowlingBash","Crescendo+1"],"picked":"FlyingSleeves+1","floor":18},{"not_picked":["Conclude","CarveReality"],"picked":"Meditate","floor":22},{"not_picked":["Swivel+1","SignatureMove"],"picked":"CarveReality","floor":25},{"not_picked":["Vault","Adaptation","JustLucky+1"],"picked":"SKIP","floor":28},{"not_picked":["Sanctity","Evaluate+1"],"picked":"ThirdEye","floor":29}],"player_experience":362422,"relics_obtained":[{"floor":6.0,"key":"MawBank"},{"floor":13,"key":"Damaru"},{"floor":26,"key":"HornCleat"}],"event_choices":[{"cards_removed":["Strike_P"],"damage_healed":0.0,"max_hp_gain":0.0,"max_hp_loss":0.0,"gold_gain":0.0,"event_name":"Golden Wing","player_choice":"Card Removal","floor":2.0,"gold_loss":0.0,"damage_taken":7.0},{"damage_healed":0.0,"max_hp_gain":0.0,"max_hp_loss":0.0,"gold_gain":75.0,"event_name":"World of Goop","player_choice":"Gather Gold","floor":3.0,"gold_loss":0.0,"damage_taken":11.0},{"damage_healed":0,"gold_gain":0,"cards_transformed":["Strike_P"],"player_choice":"Change","damage_taken":0,"max_hp_gain":0,"max_hp_loss":0,"event_name":"Living Wall","floor":14,"gold_loss":0,"cards_obtained":["Worship"]},{"damage_healed":0,"gold_gain":0,"player_choice":"Became a Ghost","damage_taken":0,"max_hp_gain":0,"max_hp_loss":36,"event_name":"Ghosts","floor":20,"gold_loss":0,"cards_obtained":["Ghostly","Ghostly","Ghostly","Ghostly","Ghostly"]},{"damage_healed":0,"gold_gain":0,"player_choice":"Full Heal","damage_taken":0,"max_hp_gain":0,"max_hp_loss":0,"event_name":"Wheel of Change","floor":21,"gold_loss":0},{"damage_healed":0,"gold_gain":0,"player_choice":"Ignored","damage_taken":0,"max_hp_gain":0,"max_hp_loss":0,"event_name":"Cursed Tome","floor":24,"gold_loss":0},{"damage_healed":0,"gold_gain":100,"player_choice":"Pray","damage_taken":0,"max_hp_gain":0,"max_hp_loss":0,"event_name":"Golden Shrine","floor":31,"gold_loss":0}],"is_beta":false,"boss_relics":[{"not_picked":["Coffee Dripper","Astrolabe"],"picked":"Empty Cage"}],"items_purged_floors":[],"is_endless":false,"potions_floor_spawned":[1,13,16,18,25],"killed_by":"Collector","ascension_level":7}}