{"host":"KYO","time":1614393391,"event":{"mods":["Act Like it!","Arknights","BaseMod","Minty Spire (QoL Compilation)","Permanent Neow","Reliquary","Shop Mod","StSLib","SuperFastMode","TestMod","[IsaacMod]以撒尖塔"],"gold_per_floor":[112,125,139,155,155,191,116,116,143,166,7,49,449,482,482,582,582,601,625,625,642,662,697,715,715,760,222,222,238,277,294,294,386,413,433,433,433,77,107,146,165,183,183,183,216,239,74,100,100,111,121,121,121,19,62,120],"floor_reached":57,"language":"ZHS","playtime":2796,"items_purged":["Strike_R","Strike_R","Defend_R","Bash+1","Headbutt+1","Defend_R"],"score":3119,"play_id":"7834000f-7178-4abf-89b7-e2d6866fe980","local_time":"20210227103631","is_ascension_mode":true,"campfire_choices":[{"data":"Sword Boomerang","floor":8.0,"key":"SMITH"},{"data":"Limit Break","floor":15.0,"key":"SMITH"},{"data":"Inflame","floor":25,"key":"SMITH"},{"data":"Shrug It Off","floor":28,"key":"SMITH"},{"floor":32,"key":"RECALL"},{"data":"Heavy Blade","floor":44,"key":"SMITH"},{"data":"Madness","floor":49,"key":"SMITH"},{"data":"Exhume","floor":53,"key":"SMITH"}],"circlet_count":0,"master_deck":["AscendersBane","Limit Break+1","Sword Boomerang+1","Shrug It Off+1","Flex+1","Inflame+1","Burning Pact+1","Exhume+1","Reaper","Juggernaut+1","Thunderclap+1","Heavy Blade+1","Madness+1","Madness"],"relics":["testmod-TestBox","NineVolt","testmod-DeterminationOfClimber","reliquary:ThirdArm","Bloody Idol","reliquary:Aerogel","Black Star","Medical Kit","MerchantsRug","Vajra","Centennial Puzzle","testmod-Antiphasic","reliquary:Stiletto","reliquary:Knoch","Gremlin Horn","testmod-DeterminationOfClimber","Strawberry","Pocketwatch"],"acts_visited":["Exordium","TheCity","TheBeyond","TheEnding"],"potions_floor_usage":[56],"damage_taken":[{"damage":8.0,"enemies":"2 Louse","floor":1.0,"turns":2.0},{"damage":1.0,"enemies":"Cultist","floor":2.0,"turns":3.0},{"damage":4.0,"enemies":"Small Slimes","floor":3.0,"turns":3.0},{"damage":18.0,"enemies":"3 Louse","floor":4.0,"turns":4.0},{"damage":0.0,"enemies":"3 Sentries","floor":6.0,"turns":1.0},{"damage":17.0,"enemies":"Gremlin Gang","floor":10.0,"turns":5.0},{"damage":3.0,"enemies":"Gremlin Nob","floor":12.0,"turns":3.0},{"damage":24.0,"enemies":"3 Sentries","floor":14.0,"turns":4.0},{"damage":0.0,"enemies":"Slime Boss","floor":16.0,"turns":6.0},{"damage":0.0,"enemies":"Chosen","floor":18.0,"turns":3.0},{"damage":26.0,"enemies":"2 Thieves","floor":19.0,"turns":3.0},{"damage":29.0,"enemies":"Snake Plant","floor":21.0,"turns":3.0},{"damage":24.0,"enemies":"Sentry and Sphere","floor":22.0,"turns":4.0},{"damage":40.0,"enemies":"Slavers","floor":23.0,"turns":3.0},{"damage":28,"enemies":"Shelled Parasite and Fungi","floor":29,"turns":3},{"damage":44,"enemies":"Gremlin Leader","floor":30,"turns":5},{"damage":0,"enemies":"Snecko","floor":31,"turns":2},{"damage":28,"enemies":"Collector","floor":33,"turns":3},{"damage":7,"enemies":"Orb Walker","floor":35,"turns":2},{"damage":11,"enemies":"3 Shapes","floor":39,"turns":3},{"damage":17,"enemies":"Nemesis","floor":40,"turns":3},{"damage":32,"enemies":"Jaw Worm Horde","floor":41,"turns":3},{"damage":11,"enemies":"Reptomancer","floor":45,"turns":3},{"damage":9,"enemies":"4 Shapes","floor":46,"turns":2},{"damage":3,"enemies":"Sphere and 2 Shapes","floor":48,"turns":1},{"damage":8,"enemies":"Donu and Deca","floor":50,"turns":2},{"damage":0,"enemies":"Awakened One","floor":51,"turns":2},{"damage":0,"enemies":"Shield and Spear","floor":55,"turns":1},{"damage":54,"enemies":"The Heart","floor":56,"turns":4}],"seed_played":"-1323795121117887360","potions_obtained":[{"floor":6.0,"key":"SpeedPotion"},{"floor":14.0,"key":"Weak Potion"},{"floor":16.0,"key":"Explosive Potion"},{"floor":21.0,"key":"Dexterity Potion"},{"floor":23.0,"key":"Dexterity Potion"},{"floor":30,"key":"SteroidPotion"},{"floor":31,"key":"Strength Potion"}],"is_trial":false,"path_per_floor":["M","M","M","M","?","E","$","R","T","M","$","E","?","E","R","B",null,"M","M","?","M","M","E","?","R","T","$","R","M","E","M","R","B",null,"M","?","?","$","M","E","M","?","T","R","E","M","$","M","R","B","B",null,"R","$","E","B",null],"character_chosen":"IRONCLAD","items_purchased":["Flex","Medical Kit","MerchantsRug","Vajra","testmod-Antiphasic","Omamori","Gremlin Horn"],"campfire_rested":0,"item_purchase_floors":[11,27,27,27,38,38,47],"current_hp_per_floor":[60,61,60,45,45,46,46,46,46,31,31,33,33,17,17,24,57,65,44,44,40,53,51,61,61,66,68,68,58,43,68,68,62,68,68,68,68,68,68,73,64,60,60,60,78,78,78,78,78,78,78,78,78,78,85,56],"gold":120,"neow_bonus":"BOSS_RELIC","is_daily":false,"chose_seed":false,"campfire_upgraded":7,"win_rate":0.0,"timestamp":1614393391,"path_taken":["M","M","M","M","?","E","$","R","T","?","$","E","?","E","R","BOSS","M","M","?","M","M","E","?","R","T","$","R","M","E","?","R","BOSS","M","?","?","$","M","E","M","?","T","R","E","?","$","M","R","BOSS","BOSS","R","$","E","BOSS"],"items_purchased_type":["Card","Relic","Relic","Relic","Relic","Relic","Relic"],"build_version":"2020-12-18","purchased_purges":6,"victory":true,"max_hp_per_floor":[75,75,75,75,68,68,68,68,68,68,68,68,68,68,68,68,68,68,68,68,68,68,68,68,68,68,68,68,68,68,68,68,68,68,68,68,68,68,68,78,78,78,78,78,78,78,78,78,78,78,78,78,78,78,85,90],"card_choices":[{"not_picked":["Thunderclap","Perfected Strike"],"picked":"Limit Break","floor":1.0},{"not_picked":["Disarm","Wild Strike"],"picked":"Sword Boomerang","floor":2.0},{"not_picked":["Havoc","True Grit"],"picked":"Shrug It Off","floor":3.0},{"not_picked":["Seeing Red","Twin Strike"],"picked":"Bomb","floor":4.0},{"not_picked":["Immolate","Havoc","Dropkick"],"picked":"SKIP","floor":6.0},{"not_picked":["Rupture","Perfected Strike","Thunderclap"],"picked":"SKIP","floor":10.0},{"not_picked":["Warcry","Intimidate","Iron Wave"],"picked":"SKIP","floor":12.0},{"not_picked":["Perfected Strike","Entrench"],"picked":"Inflame","floor":14.0},{"not_picked":["Bloodletting","Anger+1"],"picked":"Burning Pact+1","floor":18.0},{"not_picked":["Headbutt","Carnage","Sever Soul"],"picked":"SKIP","floor":19.0},{"not_picked":["Perfected Strike","True Grit","Body Slam"],"picked":"SKIP","floor":21.0},{"not_picked":["Flex","Cleave","Warcry"],"picked":"SKIP","floor":22.0},{"not_picked":["Sever Soul","Metallicize","Rupture"],"picked":"SKIP","floor":23.0},{"not_picked":["Shockwave","Reaper","Clothesline"],"picked":"SKIP","floor":29},{"not_picked":["Demon Form","Rampage","Whirlwind"],"picked":"SKIP","floor":30},{"not_picked":["Spot Weakness","Cleave","Clash"],"picked":"SKIP","floor":31},{"not_picked":["Feed","Fiend Fire"],"picked":"Reaper","floor":33},{"not_picked":["Perfected Strike","Warcry","Iron Wave"],"picked":"SKIP","floor":35},{"not_picked":["Sentinel+1","Iron Wave"],"picked":"Heavy Blade","floor":39},{"not_picked":["Rage","Armaments","Carnage"],"picked":"SKIP","floor":40},{"not_picked":["Thunderclap","Fire Breathing","Entrench+1"],"picked":"SKIP","floor":41},{"not_picked":["Cleave","Warcry","Thunderclap"],"picked":"SKIP","floor":45},{"not_picked":["Sword Boomerang","Battle Trance","Bloodletting"],"picked":"SKIP","floor":46},{"not_picked":["Flex","Pummel+1","Brutality"],"picked":"SKIP","floor":48},{"not_picked":["Wild Strike","Havoc+1","Perfected Strike"],"picked":"SKIP","floor":55},{"not_picked":["Wild Strike","Havoc+1","Perfected Strike"],"picked":"SKIP","floor":55}],"player_experience":824792,"relics_obtained":[{"floor":6.0,"key":"reliquary:Aerogel"},{"floor":12.0,"key":"testmod-ConstraintPeriapt"},{"floor":14.0,"key":"D4"},{"floor":23.0,"key":"CeramicFish"},{"floor":23.0,"key":"TuHaoJin"},{"floor":26,"key":"reliquary:Buckler"},{"floor":30,"key":"GnawedLeaf"},{"floor":30,"key":"Centennial Puzzle"},{"floor":40,"key":"Pear"},{"floor":40,"key":"Diplopia"},{"floor":43,"key":"DeathBook"},{"floor":45,"key":"reliquary:Stiletto"},{"floor":45,"key":"reliquary:Knoch"},{"floor":55,"key":"Strawberry"},{"floor":55,"key":"Pocketwatch"}],"event_choices":[{"damage_healed":0.0,"max_hp_gain":0.0,"max_hp_loss":7.0,"gold_gain":0.0,"event_name":"Golden Idol","player_choice":"Lose Max HP","floor":5.0,"gold_loss":0.0,"damage_taken":0.0,"relics_obtained":["Golden Idol"]},{"damage_healed":0.0,"max_hp_gain":0.0,"max_hp_loss":0.0,"gold_gain":400.0,"event_name":"恩洛斯的盘子","player_choice":"Sell","floor":13.0,"relics_lost":["HushsDoor"],"gold_loss":0.0,"damage_taken":0.0},{"damage_healed":0.0,"max_hp_gain":0.0,"max_hp_loss":0.0,"gold_gain":0.0,"event_name":"Forgotten Altar","player_choice":"Gave Idol","floor":20.0,"relics_lost":["Golden Idol"],"gold_loss":0.0,"damage_taken":0.0,"relics_obtained":["Bloody Idol"]},{"damage_healed":0,"gold_gain":0,"cards_transformed":["Strike_R","Strike_R"],"player_choice":"Became Test Subject","damage_taken":0,"max_hp_gain":0,"max_hp_loss":0,"event_name":"Drug Dealer","floor":24,"gold_loss":0,"cards_obtained":["Exhume","Bludgeon"]},{"cards_removed":["Defend_R"],"damage_healed":0,"gold_gain":0,"player_choice":"Removed Skill","damage_taken":0,"max_hp_gain":0,"max_hp_loss":0,"event_name":"Falling","floor":36,"gold_loss":0},{"damage_healed":0,"gold_gain":0,"player_choice":"Swap Relic","damage_taken":0,"relics_obtained":["reliquary:WritOfMandamus"],"max_hp_gain":0,"max_hp_loss":0,"event_name":"给自己的盒子","floor":37,"relics_lost":["reliquary:Buckler"],"gold_loss":0},{"damage_healed":0,"gold_gain":0,"player_choice":"Embrace Madness","damage_taken":14,"max_hp_gain":0,"max_hp_loss":0,"event_name":"Winding Halls","floor":42,"gold_loss":0,"cards_obtained":["Madness","Madness"]}],"is_beta":true,"boss_relics":[{"not_picked":["Velvet Choker","reliquary:KinkedSpring"],"picked":"Black Star"},{"not_picked":["reliquary:WritOfMandamus","reliquary:RustamsPendant"],"picked":"Astrolabe"}],"items_purged_floors":[7,11,27,38,47,54],"is_endless":false,"potions_floor_spawned":[6,14,16,21,23,30,31,35,41,46],"ascension_level":20}}