{"host":"zksvs3x2ysy9npnz","time":1614385755,"event":{"mods":["Aspiration","BaseMod","Beaked The Cultist","BetterRewards","Clockwork Mod","Colored Map","Conspire","Downfall","Halation","Highlight Path","Hubris","Infinite Spire","Jedi Mod","Magitek Elite","Minty Spire (QoL Compilation)","Permanent Neow","Quick Restart","Relic Stats","Shop Mod","StSLib","The Runesmith","The Witch"],"gold_per_floor":[130,143,143,153,153,504,504,529,529,529,586,586,641,680,680,680,680],"floor_reached":16,"language":"FRA","playtime":999,"items_purged":[],"score":240,"play_id":"90dd0fb2-1855-4795-8ea5-101fe4991ea3","local_time":"20210227012915","is_ascension_mode":true,"campfire_choices":[{"data":"Clockwork:SmithsMallet","floor":7,"key":"SMITH"},{"floor":10,"key":"REST"},{"data":"Clockwork:Downsize","floor":12,"key":"SMITH"},{"floor":15,"key":"REST"}],"circlet_count":0,"master_deck":["AscendersBane","Clockwork:Strike+1","Clockwork:Strike+1","Clockwork:Shield+1","Clockwork:Shield","Clockwork:Shield+1","Clockwork:Shield+1","Clockwork:Tinker+1","Clockwork:WarmUp","hubris:Wrath","HandOfGreed","Clockwork:Improve","Clockwork:Selectivity","Clockwork:Downsize+1","Clockwork:ElasticNanites"],"relics":["Clockwork:MomentumEngine","hubris:Icosahedron","Old Coin","Centennial Puzzle","Tintinnabulum"],"acts_visited":["Exordium"],"potions_floor_usage":[8,13,14,16],"damage_taken":[{"damage":3.0,"enemies":"2 Louse","floor":1.0,"turns":5.0},{"damage":3.0,"enemies":"Small Slimes","floor":2.0,"turns":7.0},{"damage":16,"enemies":"Jaw Worm","floor":4,"turns":4},{"damage":0,"enemies":"Lagavulin","floor":6,"turns":11},{"damage":38,"enemies":"Gremlin Nob","floor":8,"turns":5},{"damage":0,"enemies":"Large Slime","floor":11,"turns":8},{"damage":0,"enemies":"2 Fungi Beasts","floor":13,"turns":3},{"damage":24,"enemies":"Exordium Thugs","floor":14,"turns":8},{"damage":63,"enemies":"Slime Boss","floor":16,"turns":14}],"seed_played":"-4697468958300544709","potions_obtained":[{"floor":4,"key":"AttackPotion"},{"floor":11,"key":"LiquidMemories"},{"floor":13,"key":"Guardian:BlockOnCardUsePotion"}],"is_trial":false,"path_per_floor":["M","M","?","M","?","E","R","E","T","R","M","R","M","M","R","B"],"character_chosen":"CLOCKWORK","items_purchased":[],"campfire_rested":2,"item_purchase_floors":[],"current_hp_per_floor":[68,65,61,45,45,45,45,7,7,31,32,33,34,11,35,0,0],"gold":680,"neow_bonus":"RANDOM_COLORLESS_2","is_daily":false,"chose_seed":false,"campfire_upgraded":2,"win_rate":0.0,"timestamp":1614385755,"path_taken":["M","M","?","M","?","E","R","E","T","R","M","R","M","M","R","BOSS"],"items_purchased_type":[],"build_version":"2020-12-22","purchased_purges":0,"victory":false,"max_hp_per_floor":[79,79,79,79,79,79,79,79,79,79,79,79,79,79,79,79,79],"relic_stats":{"Centennial Puzzle":[6],"counters":[9,65],"obtain_stats":[{"Clockwork:MomentumEngine":0,"Centennial Puzzle":8,"hubris:Icosahedron":5,"Tintinnabulum":9,"Old Coin":6},{"Clockwork:MomentumEngine":0,"Centennial Puzzle":5,"hubris:Icosahedron":3,"Tintinnabulum":5,"Old Coin":4},{"Clockwork:MomentumEngine":0,"Centennial Puzzle":32,"hubris:Icosahedron":16,"Tintinnabulum":32,"Old Coin":27}]},"card_choices":[{"not_picked":["Sadistic Nature","Metamorphosis"],"picked":"HandOfGreed","floor":0.0},{"not_picked":["Clockwork:Selectivity","Clockwork:Minimalism"],"picked":"Clockwork:Improve","floor":1.0},{"not_picked":["Clockwork:Enhance","Clockwork:SystemScan"],"picked":"Clockwork:SmithsMallet","floor":2.0},{"not_picked":["Clockwork:AssemblyLine","Clockwork:Scour","Clockwork:SearchingStrike"],"picked":"SKIP","floor":4},{"not_picked":["Clockwork:Redundancy","Clockwork:CogShield"],"picked":"Clockwork:SmithsMallet","floor":6},{"not_picked":["Clockwork:SmithsMallet","Clockwork:TiltAWhirl"],"picked":"Clockwork:Selectivity","floor":8},{"not_picked":["Clockwork:Roundhouse","Clockwork:AdaptiveShield"],"picked":"Clockwork:Downsize","floor":11},{"not_picked":["Clockwork:Roundhouse","Clockwork:SystemHardening","Clockwork:TiltAWhirl"],"picked":"SKIP","floor":13},{"not_picked":["Clockwork:WindupStrike","Clockwork:AdaptiveCannon"],"picked":"Clockwork:ElasticNanites","floor":14}],"player_experience":1974946,"relics_obtained":[{"floor":6,"key":"Old Coin"},{"floor":8,"key":"Centennial Puzzle"},{"floor":9,"key":"Tintinnabulum"}],"event_choices":[{"damage_healed":0.0,"max_hp_gain":0.0,"max_hp_loss":0.0,"gold_gain":0.0,"event_name":"conspire:Investor","player_choice":"Leave","floor":3.0,"gold_loss":0.0,"damage_taken":0.0}],"is_beta":false,"boss_relics":[],"items_purged_floors":[],"is_endless":false,"potions_floor_spawned":[4,11,13],"killed_by":"Slime Boss","ascension_level":15}}