{"host":"lktusdb9orijgc6z","time":1614400529,"event":{"mods":["BaseMod","Bestiary","Colored Map","Colored Powertips","Filter the Spire","Minty Spire (QoL Compilation)","Permanent Neow","Quick Restart","Relic Stats","StSLib","everything is the same but u backflip on backflip","slay the spire mod where everything is the same but ironclad has a cowboy hat"],"gold_per_floor":[112,112,124,136,154,188,188,222,222,257,275,275,275],"floor_reached":12,"language":"ENG","playtime":436,"items_purged":[],"score":200,"play_id":"e3cab179-4539-42a1-9672-c884c7cdb759","local_time":"20210227053529","is_ascension_mode":true,"campfire_choices":[{"data":"Underhanded Strike","floor":7,"key":"SMITH"}],"circlet_count":0,"master_deck":["AscendersBane","Strike_G","Strike_G","Strike_G","Strike_G","Defend_G","Defend_G","Defend_G","Survivor","Neutralize","Terror+1","Unload+1","Phantasmal Killer+1","Endless Agony","Leg Sweep","Underhanded Strike+1","Footwork","Calculated Gamble","Heel Hook","PiercingWail","Dodge and Roll"],"relics":["Astrolabe","Pear","Smiling Mask","Letter Opener","Thread and Needle"],"acts_visited":["Exordium"],"potions_floor_usage":[6,8,11,11],"damage_taken":[{"damage":4,"enemies":"Jaw Worm","floor":1,"turns":3},{"damage":0,"enemies":"Small Slimes","floor":3,"turns":3},{"damage":0,"enemies":"2 Louse","floor":4,"turns":2},{"damage":1,"enemies":"Exordium Thugs","floor":5,"turns":4},{"damage":20,"enemies":"3 Sentries","floor":6,"turns":8},{"damage":23,"enemies":"Gremlin Nob","floor":8,"turns":4},{"damage":16,"enemies":"3 Sentries","floor":10,"turns":5},{"damage":3,"enemies":"Exordium Wildlife","floor":11,"turns":2},{"damage":24,"enemies":"Gremlin Nob","floor":12,"turns":3}],"seed_played":"-2511169883782306638","potions_obtained":[{"floor":3,"key":"Strength Potion"},{"floor":4,"key":"Weak Potion"},{"floor":8,"key":"LiquidMemories"},{"floor":10,"key":"DistilledChaos"}],"is_trial":false,"path_per_floor":["M","?","M","M","M","E","R","E","T","E","M","E"],"character_chosen":"THE_SILENT","items_purchased":[],"campfire_rested":0,"item_purchase_floors":[],"current_hp_per_floor":[55,60,60,60,59,49,49,26,26,10,7,0,0],"gold":275,"neow_bonus":"BOSS_RELIC","is_daily":false,"chose_seed":false,"campfire_upgraded":1,"win_rate":0.0,"timestamp":1614400529,"path_taken":["M","?","M","M","M","E","R","E","T","E","M","E"],"items_purchased_type":[],"build_version":"2020-12-22","purchased_purges":0,"victory":false,"max_hp_per_floor":[66,71,71,71,71,81,81,81,81,81,81,81,81],"relic_stats":{"counters":[9,34],"Astrolabe":["Terror","Unload","Phantasmal Killer"],"Letter Opener":[30],"Smiling Mask":0,"obtain_stats":[{"Pear":6,"Astrolabe":0,"Thread and Needle":10,"Letter Opener":9,"Smiling Mask":8,"Ring of the Snake":0},{"Pear":5,"Astrolabe":0,"Thread and Needle":7,"Letter Opener":6,"Smiling Mask":6,"Ring of the Snake":0},{"Pear":20,"Astrolabe":0,"Thread and Needle":29,"Letter Opener":24,"Smiling Mask":24,"Ring of the Snake":0}]},"card_choices":[{"not_picked":["Dodge and Roll","Setup"],"picked":"Endless Agony","floor":1},{"not_picked":["Dodge and Roll","Caltrops"],"picked":"Leg Sweep","floor":3},{"not_picked":["Flying Knee","Riddle With Holes"],"picked":"Underhanded Strike","floor":4},{"not_picked":["Backflip","Escape Plan"],"picked":"Footwork","floor":5},{"not_picked":["Noxious Fumes","Dagger Throw"],"picked":"Calculated Gamble","floor":6},{"not_picked":["Deadly Poison","Cloak And Dagger"],"picked":"Heel Hook","floor":8},{"not_picked":["Distraction","Dodge and Roll"],"picked":"PiercingWail","floor":10},{"not_picked":["Sucker Punch","Prepared"],"picked":"Dodge and Roll","floor":11}],"player_experience":825049,"relics_obtained":[{"floor":6,"key":"Pear"},{"floor":8,"key":"Smiling Mask"},{"floor":9,"key":"Letter Opener"},{"floor":10,"key":"Thread and Needle"}],"event_choices":[{"damage_healed":0,"gold_gain":0,"player_choice":"Donut","damage_taken":0,"max_hp_gain":5,"max_hp_loss":0,"event_name":"Big Fish","floor":2,"gold_loss":0}],"is_beta":false,"boss_relics":[],"items_purged_floors":[],"is_endless":false,"potions_floor_spawned":[3,4,8,10],"killed_by":"Gremlin Nob","ascension_level":20}}