{"host":"Oniwa","time":1614426340,"event":{"mods":["BaseMod","Bestiary","Colored Map","Colored Powertips","Minty Spire (QoL Compilation)","Relic Stats","Slay the Relics Exporter","SpireBot","StSLib","ojb\u0027s Better Paths Mod","ojb\u0027s Info Mod: The sequel"],"gold_per_floor":[216,230,14,14,25,25,100,126,126,126,126,136,136,186,186,260,260,276,293,237,237,28,28,69,123,123,123,170,170,170,215,215,324,324,372,388,388,401,445,473,489,41,67,137,137,186,28,83,83,143,173,173,173,11,54,54],"floor_reached":57,"language":"JPN","playtime":8198,"items_purged":["Strike_P+1"],"score":2730,"play_id":"d6175936-72b4-4d4b-8ad8-a289d30d41f8","local_time":"20210227204540","is_ascension_mode":true,"campfire_choices":[{"data":"Eruption","floor":6.0,"key":"SMITH"},{"data":"CrushJoints","floor":15.0,"key":"SMITH"},{"data":"TalkToTheHand","floor":23.0,"key":"SMITH"},{"floor":27.0,"key":"REST"},{"data":"MentalFortress","floor":29.0,"key":"SMITH"},{"floor":32.0,"key":"REST"},{"floor":49,"key":"RECALL"},{"floor":53,"key":"REST"}],"circlet_count":0,"master_deck":["AscendersBane","Strike_P+1","Defend_P+1","Defend_P","Eruption+1","Vigilance+1","CrushJoints+1","LikeWater+1","Wallop+1","Meditate+1","Vault+1","ClearTheMind","LikeWater+1","LessonLearned+1","CutThroughFate+1","CutThroughFate+1","Wish+1","MentalFortress+1","TalkToTheHand+1","FlurryOfBlows+1","Wireheading+1","FearNoEvil+1","ThirdEye+1","EmptyFist+1","Scrawl+1","Fasting2+1","InnerPeace+1","EmptyBody+1","WheelKick+1","ThirdEye","Wallop+1","MentalFortress+1","Omniscience","Adaptation+1","Indignation","Adaptation","DevaForm"],"relics":["PureWater","InkBottle","Question Card","Astrolabe","ClockworkSouvenir","Bronze Scales","Nunchaku","Fusion Hammer","Sundial","Kunai","CeramicFish","Anchor","Whetstone"],"acts_visited":["Exordium","TheCity","TheBeyond","TheEnding"],"potions_floor_usage":[44,50,56],"damage_taken":[{"damage":0.0,"enemies":"2 Louse","floor":1.0,"turns":4.0},{"damage":2.0,"enemies":"Jaw Worm","floor":2.0,"turns":4.0},{"damage":2.0,"enemies":"Small Slimes","floor":5.0,"turns":3.0},{"damage":6.0,"enemies":"Lagavulin","floor":8.0,"turns":8.0},{"damage":6.0,"enemies":"Exordium Wildlife","floor":12.0,"turns":3.0},{"damage":3.0,"enemies":"Hexaghost","floor":16.0,"turns":10.0},{"damage":15.0,"enemies":"2 Thieves","floor":18.0,"turns":4.0},{"damage":3.0,"enemies":"Chosen","floor":19.0,"turns":3.0},{"damage":20.0,"enemies":"Shelled Parasite and Fungi","floor":24.0,"turns":10.0},{"damage":13.0,"enemies":"Snecko","floor":28.0,"turns":5.0},{"damage":0.0,"enemies":"Cultist and Chosen","floor":31.0,"turns":5.0},{"damage":32.0,"enemies":"Collector","floor":33.0,"turns":12.0},{"damage":11.0,"enemies":"3 Shapes","floor":35.0,"turns":16.0},{"damage":0.0,"enemies":"3 Darklings","floor":36.0,"turns":4.0},{"damage":0.0,"enemies":"Spire Growth","floor":38.0,"turns":3.0},{"damage":0,"enemies":"Writhing Mass","floor":39,"turns":8},{"damage":0,"enemies":"Nemesis","floor":40,"turns":8},{"damage":11,"enemies":"3 Darklings","floor":41,"turns":4},{"damage":0,"enemies":"Reptomancer","floor":44,"turns":7},{"damage":0,"enemies":"Maw","floor":46,"turns":6},{"damage":1,"enemies":"Giant Head","floor":48,"turns":7},{"damage":32,"enemies":"Awakened One","floor":50,"turns":14},{"damage":12,"enemies":"Donu and Deca","floor":51,"turns":12},{"damage":9,"enemies":"Shield and Spear","floor":55,"turns":10},{"damage":66,"enemies":"The Heart","floor":56,"turns":9}],"seed_played":"-1649246233637766965","potions_obtained":[{"floor":5.0,"key":"SpeedPotion"},{"floor":16.0,"key":"Swift Potion"},{"floor":19.0,"key":"FearPotion"},{"floor":24.0,"key":"BlessingOfTheForge"},{"floor":35.0,"key":"BottledMiracle"},{"floor":38.0,"key":"GamblersBrew"},{"floor":39,"key":"CultistPotion"},{"floor":46,"key":"SkillPotion"}],"is_trial":false,"path_per_floor":["M","M","$","?","M","R","?","E","T","?","?","M","?","?","R","B",null,"M","M","$","?","$","R","M","T","T","R","M","R","?","M","R","B",null,"M","M","?","M","M","E","M","$","T","E","?","M","$","E","R","B","B",null,"R","$","E","B",null],"character_chosen":"WATCHER","items_purchased":["Wallop","Meditate","StancePotion","FlurryOfBlows","ClockworkSouvenir","Wireheading","FairyPotion","Kunai","Adaptation","Indignation","DuplicationPotion","Adaptation"],"campfire_rested":3,"item_purchase_floors":[3,3,3,20,22,22,42,42,47,47,54,54],"current_hp_per_floor":[61,59,59,39,37,37,26,20,20,20,20,14,14,14,14,11,54,39,36,36,36,36,36,16,16,16,36,23,23,13,13,33,1,51,40,40,40,40,40,40,29,29,29,29,56,56,56,55,55,23,11,45,56,56,47,8],"gold":54,"neow_bonus":"HUNDRED_GOLD","is_daily":false,"chose_seed":false,"campfire_upgraded":4,"win_rate":0.0,"timestamp":1614426340,"path_taken":["M","M","$","?","M","R","?","E","T","?","?","?","?","?","R","BOSS","M","M","$","?","$","R","M","?","T","R","M","R","?","?","R","BOSS","M","M","?","M","M","E","M","$","T","E","?","M","$","E","R","BOSS","BOSS","R","$","E","BOSS"],"items_purchased_type":["Card","Card","Potion","Card","Relic","Card","Potion","Relic","Card","Card","Potion","Card"],"build_version":"2020-12-18","purchased_purges":1,"victory":true,"max_hp_per_floor":[68,68,68,68,68,68,68,68,68,68,68,68,68,68,68,68,68,68,68,68,68,68,68,68,68,68,68,68,68,68,68,68,68,68,68,68,68,68,68,68,68,68,68,68,56,56,56,56,56,56,56,56,56,56,56,56],"relic_stats":{"Nunchaku":[36],"counters":[25,179],"Sundial":[14],"Astrolabe":["CutThroughFate","CutThroughFate","Wish"],"Bronze Scales":[437],"CeramicFish":54,"Kunai":[43],"Whetstone":["Wallop"],"Question Card":18,"obtain_stats":[{"Astrolabe":17,"CeramicFish":44,"Whetstone":55,"Question Card":9,"ClockworkSouvenir":22,"Nunchaku":26,"Anchor":48,"Sundial":40,"Bronze Scales":25,"Fusion Hammer":34,"Kunai":42,"PureWater":0,"InkBottle":8},{"Astrolabe":6,"CeramicFish":19,"Whetstone":24,"Question Card":4,"ClockworkSouvenir":8,"Nunchaku":9,"Anchor":21,"Sundial":17,"Bronze Scales":9,"Fusion Hammer":12,"Kunai":18,"PureWater":0,"InkBottle":4},{"Astrolabe":32,"CeramicFish":121,"Whetstone":170,"Question Card":19,"ClockworkSouvenir":39,"Nunchaku":49,"Anchor":134,"Sundial":110,"Bronze Scales":49,"Fusion Hammer":71,"Kunai":114,"PureWater":0,"InkBottle":19}],"InkBottle":[76]},"card_choices":[{"not_picked":["PathToVictory","CutThroughFate"],"picked":"CrushJoints","floor":1.0},{"not_picked":["Perseverance","Worship"],"picked":"LikeWater","floor":2.0},{"not_picked":["EmptyFist","BowlingBash"],"picked":"Vault","floor":5.0},{"not_picked":["ThirdEye","Omniscience"],"picked":"ClearTheMind","floor":8.0},{"not_picked":["FlyingSleeves","Crescendo","Consecrate"],"picked":"LikeWater","floor":12.0},{"not_picked":["ConjureBlade","MasterReality","Vault"],"picked":"LessonLearned","floor":16.0},{"not_picked":["PathToVictory","Wallop","JustLucky+1"],"picked":"MentalFortress","floor":18.0},{"not_picked":["FlurryOfBlows+1","SashWhip","Evaluate"],"picked":"TalkToTheHand","floor":19.0},{"not_picked":["Evaluate","BowlingBash","SashWhip"],"picked":"FearNoEvil+1","floor":24.0},{"not_picked":["BattleHymn","JustLucky","ClearTheMind"],"picked":"ThirdEye","floor":28.0},{"not_picked":["Adaptation","CrushJoints+1","Vault"],"picked":"EmptyFist","floor":31.0},{"not_picked":["Vault","Establishment","Judgement"],"picked":"Scrawl","floor":33.0},{"not_picked":["SashWhip","Consecrate+1","CrushJoints"],"picked":"Fasting2+1","floor":35.0},{"not_picked":["MentalFortress","EmptyFist","FlurryOfBlows"],"picked":"InnerPeace+1","floor":36.0},{"not_picked":["FlyingSleeves+1","FearNoEvil","Wallop"],"picked":"EmptyBody","floor":38.0},{"not_picked":["ClearTheMind+1","Halt+1","ThirdEye+1"],"picked":"WheelKick","floor":39},{"not_picked":["BowlingBash","PathToVictory+1","FlurryOfBlows"],"picked":"ThirdEye","floor":40},{"not_picked":["FlurryOfBlows","Nirvana+1","CrushJoints"],"picked":"Wallop+1","floor":41},{"not_picked":["EmptyFist","Wallop","EmptyBody+1"],"picked":"MentalFortress+1","floor":44},{"not_picked":["EmptyBody+1","ClearTheMind","Protect+1"],"picked":"Omniscience","floor":46},{"not_picked":["Halt","ForeignInfluence","Prostrate","ClearTheMind"],"picked":"SKIP","floor":48},{"not_picked":["Halt","ForeignInfluence","Prostrate","ClearTheMind"],"picked":"SKIP","floor":48},{"not_picked":["Perseverance","Consecrate","InnerPeace"],"picked":"DevaForm","floor":55}],"player_experience":2780831,"relics_obtained":[{"floor":8.0,"key":"InkBottle"},{"floor":9.0,"key":"Question Card"},{"floor":25.0,"key":"Bronze Scales"},{"floor":26.0,"key":"Nunchaku"},{"floor":40,"key":"Sundial"},{"floor":44,"key":"CeramicFish"},{"floor":48,"key":"Anchor"},{"floor":55,"key":"Whetstone"}],"event_choices":[{"damage_healed":0.0,"max_hp_gain":0.0,"max_hp_loss":0.0,"gold_gain":0.0,"event_name":"Shining Light","player_choice":"Entered Light","floor":4.0,"gold_loss":0.0,"damage_taken":20.0,"cards_upgraded":["Meditate","Defend_P"]},{"damage_healed":0.0,"max_hp_gain":0.0,"max_hp_loss":0.0,"gold_gain":75.0,"event_name":"World of Goop","player_choice":"Gather Gold","floor":7.0,"gold_loss":0.0,"damage_taken":11.0},{"damage_healed":0.0,"max_hp_gain":0.0,"max_hp_loss":0.0,"gold_gain":0.0,"event_name":"Dead Adventurer","player_choice":"Searched \u00270\u0027 times","floor":10.0,"gold_loss":0.0,"damage_taken":0.0},{"damage_healed":0.0,"max_hp_gain":0.0,"max_hp_loss":0.0,"gold_gain":0.0,"event_name":"Liars Game","player_choice":"Ignored","floor":11.0,"gold_loss":0.0,"damage_taken":0.0},{"damage_healed":0.0,"max_hp_gain":0.0,"max_hp_loss":0.0,"gold_gain":0.0,"event_name":"Scrap Ooze","player_choice":"Fled","floor":13.0,"gold_loss":0.0,"damage_taken":0.0},{"damage_healed":0.0,"max_hp_gain":0.0,"max_hp_loss":0.0,"gold_gain":50.0,"event_name":"Golden Shrine","player_choice":"Pray","floor":14.0,"gold_loss":0.0,"damage_taken":0.0},{"cards_removed":["Strike_P"],"damage_healed":0.0,"max_hp_gain":0.0,"max_hp_loss":0.0,"gold_gain":0.0,"event_name":"Back to Basics","player_choice":"Elegance","floor":21.0,"gold_loss":0.0,"damage_taken":0.0},{"damage_healed":0.0,"max_hp_gain":0.0,"max_hp_loss":0.0,"gold_gain":0.0,"event_name":"Wheel of Change","player_choice":"Damaged","floor":30.0,"gold_loss":0.0,"damage_taken":10.0},{"damage_healed":0.0,"max_hp_gain":0.0,"max_hp_loss":0.0,"gold_gain":0.0,"event_name":"Mysterious Sphere","player_choice":"Ignored","floor":37.0,"gold_loss":0.0,"damage_taken":0.0},{"damage_healed":56,"gold_gain":0,"player_choice":"Heal","damage_taken":0,"max_hp_gain":0,"max_hp_loss":12,"event_name":"The Moai Head","floor":45,"gold_loss":0}],"is_beta":true,"boss_relics":[{"not_picked":["Empty Cage","Black Star"],"picked":"Astrolabe"},{"not_picked":["SacredBark","Snecko Eye"],"picked":"Fusion Hammer"}],"items_purged_floors":[42],"is_endless":false,"potions_floor_spawned":[5,8,16,19,24,35,38,39,46,48],"ascension_level":20}}