{"host":"uj9w4ppfbvfw2v3t","time":1614431420,"event":{"mods":["AchievementEnabler","BaseMod","Colored Map","Colored Powertips","Keyboard Shortcuts","Minty Spire (QoL Compilation)","Quick Restart","Say the Spire","StSLib","SuperFastMode","The Cursed","Yuri Mod"],"gold_per_floor":[111,128,143,159,176,201,212,212,262,295,309,328,328,346,346,448,448,462,476,476,34,44,76,92,126,126,126,126,144,144,173,173,273,273,287,287,305,317,317,342,342,374,421,437,81,91,91,109,109,109],"floor_reached":51,"language":"KOR","playtime":5161,"items_purged":["TheCursedMod:Strike_TheCursed","TheCursedMod:SoulCrush"],"score":835,"play_id":"9d539323-4a75-4304-b5ba-8df9876e84c3","local_time":"20210227221020","is_ascension_mode":false,"campfire_choices":[{"data":"TheCursedMod:CircleOfBlood","floor":8.0,"key":"SMITH"},{"data":"TheCursedMod:NeowsMight","floor":13.0,"key":"SMITH"},{"data":"TheCursedMod:CircleOfBlood","floor":15.0,"key":"SMITH"},{"data":"TheCursedMod:HellfireBreathing","floor":27.0,"key":"SMITH"},{"data":"TheCursedMod:VoidForm","floor":30.0,"key":"SMITH"},{"data":"TheCursedMod:Wield","floor":32.0,"key":"SMITH"},{"data":"TheCursedMod:SpitefulPlan","floor":47,"key":"SMITH"},{"data":"TheCursedMod:ForbiddenAlchemy","floor":49,"key":"SMITH"}],"circlet_count":0,"master_deck":["TheCursedMod:Strike_TheCursed+1","TheCursedMod:Strike_TheCursed+1","TheCursedMod:Defend_TheCursed","TheCursedMod:Defend_TheCursed","TheCursedMod:Defend_TheCursed","TheCursedMod:CleanUpWorkshop","TheCursedMod:Dregs","Clumsy","TheCursedMod:CursedShiv","TheCursedMod:AbyssShockwave","TheCursedMod:ReleasedStrength+1","TheCursedMod:CircleOfBlood+1","TheCursedMod:BlessingInDisguise+1","TheCursedMod:NeowsMight+1","TheCursedMod:CircleOfBlood+1","TheCursedMod:SmokeScreen","TheCursedMod:TroublousMinions","TheCursedMod:ManaBullet","TheCursedMod:VoidForm+1","CurseOfTheBell","TheCursedMod:Wield+1","TheCursedMod:HellfireBreathing+1","TheCursedMod:CursedShiv","TheCursedMod:ManaBullet","TheCursedMod:CursedAmulet","TheCursedMod:Wield+1","TheCursedMod:ForbiddenAlchemy+1","TheCursedMod:CursedAmulet+1","TheCursedMod:Wield+1","Impatience","Deep Breath","Finesse","TheCursedMod:CursedBoomerang","TheCursedMod:SpitefulPlan+1","Master of Strategy","Parasite","TheCursedMod:Grudge+1"],"relics":["TheCursedMod:BlackMagic101","Lizard Tail","Regal Pillow","Whetstone","War Paint","Calling Bell","TheCursedMod:Tack","Matryoshka","Mango","Lantern","Vajra","Eternal Feather","Art of War","Anchor","Letter Opener","Blood Vial","SlaversCollar","Mercury Hourglass","MealTicket","Mummified Hand"],"acts_visited":["Exordium","TheCity","TheBeyond"],"potions_floor_usage":[35,37,38,38,38,40,42,42,42,44,44,46,46,48,48,48,50,50,50],"damage_taken":[{"damage":7.0,"enemies":"Jaw Worm","floor":1.0,"turns":4.0},{"damage":7.0,"enemies":"Small Slimes","floor":2.0,"turns":4.0},{"damage":1.0,"enemies":"Cultist","floor":3.0,"turns":4.0},{"damage":0.0,"enemies":"Exordium Thugs","floor":4.0,"turns":3.0},{"damage":11.0,"enemies":"Lots of Slimes","floor":5.0,"turns":4.0},{"damage":34.0,"enemies":"Gremlin Nob","floor":6.0,"turns":5.0},{"damage":16.0,"enemies":"3 Louse","floor":7.0,"turns":2.0},{"damage":18.0,"enemies":"3 Sentries","floor":10.0,"turns":4.0},{"damage":2.0,"enemies":"Large Slime","floor":11.0,"turns":5.0},{"damage":15.0,"enemies":"Exordium Wildlife","floor":12.0,"turns":3.0},{"damage":0.0,"enemies":"2 Fungi Beasts","floor":14.0,"turns":4.0},{"damage":0.0,"enemies":"Slime Boss","floor":16.0,"turns":4.0},{"damage":16.0,"enemies":"Shell Parasite","floor":18.0,"turns":5.0},{"damage":9.0,"enemies":"2 Thieves","floor":19.0,"turns":3.0},{"damage":3.0,"enemies":"3 Cultists","floor":22.0,"turns":4.0},{"damage":32.0,"enemies":"Slavers","floor":23.0,"turns":5.0},{"damage":17.0,"enemies":"Snecko","floor":24.0,"turns":7.0},{"damage":30.0,"enemies":"Gremlin Leader","floor":25.0,"turns":5.0},{"damage":10.0,"enemies":"Sentry and Sphere","floor":29.0,"turns":4.0},{"damage":11.0,"enemies":"Slavers","floor":31.0,"turns":4.0},{"damage":33.0,"enemies":"Automaton","floor":33.0,"turns":6.0},{"damage":4,"enemies":"Orb Walker","floor":35,"turns":4},{"damage":0,"enemies":"3 Shapes","floor":37,"turns":3},{"damage":0,"enemies":"3 Darklings","floor":38,"turns":3},{"damage":10,"enemies":"Reptomancer","floor":40,"turns":5},{"damage":0,"enemies":"Nemesis","floor":42,"turns":3},{"damage":40,"enemies":"Maw","floor":44,"turns":6},{"damage":16,"enemies":"Writhing Mass","floor":46,"turns":5},{"damage":15,"enemies":"Transient","floor":48,"turns":5},{"damage":48,"enemies":"Time Eater","floor":50,"turns":5}],"seed_played":"-548208765852368960","potions_obtained":[{"floor":1.0,"key":"SkillPotion"},{"floor":2.0,"key":"ColorlessPotion"},{"floor":3.0,"key":"LiquidMemories"},{"floor":7.0,"key":"EntropicBrew"},{"floor":18.0,"key":"DuplicationPotion"},{"floor":25.0,"key":"FearPotion"},{"floor":38,"key":"DuplicationPotion"},{"floor":40,"key":"Explosive Potion"},{"floor":48,"key":"PowerPotion"}],"is_trial":false,"path_per_floor":["M","M","M","M","M","E","M","R","T","E","M","M","R","M","R","B",null,"M","M","?","$","M","E","M","E","T","R","?","M","R","E","R","B",null,"M","?","M","M","?","E","?","E","T","M","$","M","R","M","R","B",null],"character_chosen":"THE_CURSED","items_purchased":["Lantern","Vajra","TheCursedMod:HellfireBreathing","TheCursedMod:SpitefulPlan","Master of Strategy"],"campfire_rested":0,"item_purchase_floors":[21,21,21,45,45],"current_hp_per_floor":[68,61,60,60,53,25,15,15,15,5,17,18,18,18,18,38,89,73,84,84,84,85,61,56,30,30,45,45,51,66,71,86,56,89,89,89,89,89,89,79,69,75,75,45,60,70,89,88,89,41],"gold":109,"neow_bonus":"ONE_RARE_RELIC","is_daily":false,"chose_seed":false,"campfire_upgraded":8,"win_rate":0.0,"timestamp":1614431420,"path_taken":["M","M","M","M","M","E","M","R","T","E","M","M","R","M","R","BOSS","M","M","?","$","M","E","M","E","T","R","?","?","R","E","R","BOSS","BOSS","M","?","?","M","?","E","?","E","T","M","$","M","R","M","R","BOSS"],"items_purchased_type":["Relic","Relic","Card","Card","Card"],"build_version":"2020-12-22","purchased_purges":2,"victory":true,"max_hp_per_floor":[75,75,75,75,75,75,75,75,75,75,75,75,75,75,75,75,89,89,89,89,89,89,89,89,89,89,89,89,89,89,89,89,89,89,89,89,89,89,89,89,89,89,89,89,89,89,89,89,89,89],"card_choices":[{"not_picked":["TheCursedMod:TroublousMinions","TheCursedMod:WearCloak"],"picked":"TheCursedMod:CursedShiv","floor":1.0},{"not_picked":["TheCursedMod:CursedArmor","TheCursedMod:Stigma"],"picked":"TheCursedMod:AbyssShockwave","floor":2.0},{"not_picked":["TheCursedMod:VitalStrike","TheCursedMod:Stigma"],"picked":"TheCursedMod:ReleasedStrength","floor":3.0},{"not_picked":["TheCursedMod:Evocation","TheCursedMod:CircleOfFocus"],"picked":"TheCursedMod:CircleOfBlood","floor":4.0},{"not_picked":["TheCursedMod:CursedBlade","TheCursedMod:SurpriseAttack"],"picked":"TheCursedMod:BlessingInDisguise","floor":5.0},{"not_picked":["TheCursedMod:CircleOfWindfury","TheCursedMod:WearCloak"],"picked":"TheCursedMod:NeowsMight","floor":6.0},{"not_picked":["TheCursedMod:CircleOfWindfury","TheCursedMod:CursedMace"],"picked":"TheCursedMod:SoulCrush","floor":7.0},{"not_picked":["TheCursedMod:PrepareRite","TheCursedMod:RavingStaff"],"picked":"TheCursedMod:CircleOfBlood","floor":10.0},{"not_picked":["TheCursedMod:Stigma","TheCursedMod:TacticalStrike"],"picked":"TheCursedMod:SmokeScreen","floor":11.0},{"not_picked":["TheCursedMod:CursedBlade","TheCursedMod:CircleOfFlame"],"picked":"TheCursedMod:TroublousMinions","floor":12.0},{"not_picked":["TheCursedMod:CircleOfBlood","TheCursedMod:TacticalStrike"],"picked":"TheCursedMod:ManaBullet","floor":14.0},{"not_picked":["TheCursedMod:DarkBarrier","TheCursedMod:CursedRelics"],"picked":"TheCursedMod:VoidForm","floor":16.0},{"not_picked":["TheCursedMod:VitalStrike","TheCursedMod:CursedShiv"],"picked":"TheCursedMod:Wield+1","floor":18.0},{"not_picked":["TheCursedMod:Stigma+1","TheCursedMod:VitalStrike+1","TheCursedMod:FleshFromBone"],"picked":"SKIP","floor":19.0},{"not_picked":["TheCursedMod:SmokeScreen","TheCursedMod:SpreadPlague","TheCursedMod:RavingStaff"],"picked":"SKIP","floor":22.0},{"not_picked":["TheCursedMod:SmokeScreen","TheCursedMod:SpreadPlague","TheCursedMod:RavingStaff"],"picked":"SKIP","floor":22.0},{"not_picked":["TheCursedMod:Obscuration","TheCursedMod:SaltUponWound","TheCursedMod:CircleOfCorruption"],"picked":"SKIP","floor":23.0},{"not_picked":["TheCursedMod:ManaBullet","TheCursedMod:WearCloak"],"picked":"TheCursedMod:CursedShiv","floor":24.0},{"not_picked":["TheCursedMod:StingEye","TheCursedMod:DarkBarrier","TheCursedMod:Obscuration"],"picked":"SKIP","floor":25.0},{"not_picked":["TheCursedMod:CircleOfBlood","TheCursedMod:BlessingInDisguise+1"],"picked":"TheCursedMod:CursedAmulet","floor":29.0},{"not_picked":["TheCursedMod:CursedMace+1","TheCursedMod:SpitefulStrike"],"picked":"TheCursedMod:Wield","floor":31.0},{"not_picked":["TheCursedMod:ParallelWorld","TheCursedMod:UltimatePain"],"picked":"TheCursedMod:ForbiddenAlchemy","floor":33},{"not_picked":["TheCursedMod:CircleOfCorruption+1","TheCursedMod:CircleOfFocus+1"],"picked":"TheCursedMod:CursedAmulet+1","floor":35},{"not_picked":["TheCursedMod:SmokeScreen+1","TheCursedMod:SaltUponWound"],"picked":"TheCursedMod:Wield+1","floor":37},{"not_picked":["TheCursedMod:Torture","TheCursedMod:Wield","TheCursedMod:CircleOfCorruption"],"picked":"SKIP","floor":38},{"not_picked":["TheCursedMod:RavingStaff","TheCursedMod:CursedBlade+1","TheCursedMod:Torture+1"],"picked":"SKIP","floor":40},{"not_picked":["Mayhem","Jack Of All Trades"],"picked":"Impatience","floor":41},{"not_picked":["Impatience","Swift Strike"],"picked":"Deep Breath","floor":41},{"not_picked":["PanicButton","Bandage Up"],"picked":"Finesse","floor":41},{"not_picked":["TheCursedMod:Obscuration","TheCursedMod:StingEye+1"],"picked":"TheCursedMod:CursedBoomerang","floor":42},{"not_picked":["TheCursedMod:Wield","TheCursedMod:CursedMace+1","TheCursedMod:TacticalStrike"],"picked":"SKIP","floor":44},{"not_picked":["TheCursedMod:Stretching+1","TheCursedMod:Stigma","TheCursedMod:CircleOfCorruption"],"picked":"SKIP","floor":46},{"not_picked":["TheCursedMod:CursedMace+1","TheCursedMod:Evocation+1"],"picked":"TheCursedMod:Grudge+1","floor":48}],"player_experience":262718,"relics_obtained":[{"floor":6.0,"key":"Regal Pillow"},{"floor":9.0,"key":"Whetstone"},{"floor":10.0,"key":"War Paint"},{"floor":17.0,"key":"TheCursedMod:Tack"},{"floor":17.0,"key":"Matryoshka"},{"floor":17.0,"key":"Mango"},{"floor":23.0,"key":"Eternal Feather"},{"floor":25.0,"key":"Art of War"},{"floor":26.0,"key":"Anchor"},{"floor":26.0,"key":"Letter Opener"},{"floor":31.0,"key":"Blood Vial"},{"floor":40,"key":"Mercury Hourglass"},{"floor":42,"key":"MealTicket"},{"floor":43,"key":"Mummified Hand"}],"event_choices":[{"damage_healed":0.0,"max_hp_gain":0.0,"max_hp_loss":0.0,"gold_gain":0.0,"event_name":"Ghosts","player_choice":"Ignored","floor":20.0,"gold_loss":0.0,"damage_taken":0.0},{"damage_healed":0.0,"max_hp_gain":0.0,"max_hp_loss":0.0,"gold_gain":0.0,"cards_transformed":["TheCursedMod:Defend_TheCursed"],"event_name":"Transmorgrifier","player_choice":"Transformed","floor":28.0,"gold_loss":0.0,"damage_taken":0.0,"cards_obtained":["TheCursedMod:ManaBullet"]},{"cards_removed":["TheCursedMod:Strike_TheCursed"],"damage_healed":0,"gold_gain":0,"player_choice":"Purged","damage_taken":0,"max_hp_gain":0,"max_hp_loss":0,"event_name":"Purifier","floor":36,"gold_loss":0},{"cards_removed":["TheCursedMod:CursedWand"],"damage_healed":0,"gold_gain":0,"player_choice":"Removed Attack","damage_taken":0,"max_hp_gain":0,"max_hp_loss":0,"event_name":"Falling","floor":39,"gold_loss":0},{"damage_healed":0,"gold_gain":0,"player_choice":"Memory 3","damage_taken":10,"max_hp_gain":0,"max_hp_loss":0,"event_name":"SensoryStone","floor":41,"gold_loss":0}],"is_beta":false,"boss_relics":[{"not_picked":["Busted Crown","Runic Pyramid"],"picked":"Calling Bell"},{"not_picked":["Astrolabe","Philosopher\u0027s Stone"],"picked":"SlaversCollar"}],"items_purged_floors":[21,45],"is_endless":false,"potions_floor_spawned":[1,2,3,7,12,14,18,22,25,31,35,38,40,48],"ascension_level":0}}