{"host":"t5kis9necmbui802","time":1614422126,"event":{"mods":["100% Spire Juice","Act Like it!","BaseMod","CapriCore","Chen","Colored Powertips","Downfall","Gensokyo","HololiveMod","Koishi","KomeijiMod","Lobotomy","LobotomyExtend","Minty Spire (QoL Compilation)","MostiFishMod","Replay The Spire","Robot Space Explorer","Shop Mod","Spicy Shops","StSLib","The Alterego","The Immortal","TheWitcher","Uncapped","Yuri Mod","noobMod"],"gold_per_floor":[99,109,123,140,160,23,46,64,78,91,104,104,104,129,145,250,250,250,262,262,262,277,307,331,357,377,377,392,392,406,425,438,539,539,539,558,574,241,241,241,314,347,347,374,387,397,729,752,770,770,770],"floor_reached":52,"language":"ZHS","playtime":7694,"items_purged":[],"score":1218,"play_id":"3e50cd88-4c0d-4bad-8839-c6cef24566c2","local_time":"20210227183526","is_ascension_mode":true,"campfire_choices":[{"data":"sneckomod:TailWhip","floor":1,"key":"SMITH"},{"data":"sneckomod:Unknown","floor":12,"key":"SMITH"},{"data":"sneckomod:UnknownRareSkill","floor":18,"key":"SMITH"},{"data":"sneckomod:Unknown","floor":27,"key":"SMITH"},{"data":"sneckomod:SerpentMind","floor":35,"key":"SMITH"},{"data":"sneckomod:CheapStock","floor":40,"key":"SMITH"},{"data":"sneckomod:UnknownUncommonSkill","floor":43,"key":"SMITH"}],"circlet_count":0,"master_deck":["sneckomod:Defend","sneckomod:Defend","sneckomod:Defend","sneckomod:TailWhip+1","sneckomod:SnekBite","sneckomod:Unknown+1","sneckomod:Unknown+1","sneckomod:UnknownClassRemiria","sneckomod:Unknown2Cost","sneckomod:UnknownBlock","sneckomod:UnknownCommonSkill","sneckomod:UnknownBlock","sneckomod:UnknownUncommonSkill+1","sneckomod:UnknownDraw","sneckomod:UnknownClassAngela","sneckomod:UnknownUncommonSkill","sneckomod:CheapStock+1","sneckomod:UnknownRareSkill+1","MostiFishMod:Neptune","MostiFishMod:TheEndOfMoonlight","MostiFishMod:SparklingWater","MostiFishMod:FantasySummer","MostiFishMod:NightSea","sneckomod:QuickBite","sneckomod:Unknown2Cost+1","sneckomod:MixItUp","sneckomod:UnknownExhaust","sneckomod:UnknownCommonSkill+1","sneckomod:DiceBlock+1","Writhe","sneckomod:WideSting+1","sneckomod:UnknownBlock","sneckomod:UnknownDraw+1","sneckomod:SerpentMind+1","sneckomod:ImprovisedAttack+1","sneckomod:QuickMove+1","sneckomod:UnknownUncommonAttack+1","sneckomod:DiceCrush+1","sneckomod:UnknownBlock","sneckomod:UnknownDraw","sneckomod:UnknownColorless+1","Pot Of Greed","Pot Of Greed","Pot Of Greed","Pot Of Greed","sneckomod:UnknownCommonSkill+1"],"relics":["DaveBox","ice","Coffee Dripper","RhineSuit","LetterFromLob","BirthdayGift-Tetrahedron","Simple Rune","Bag of Marbles","MoonlightInvasionPlan","Potion Belt","Ancient Tea Set","Tiny Chest","Blue Candle","ReplayTheSpireMod:Ninjato","FeatherPendant","Replay:Towering Pillar of Hats","Gremlin Horn","FossilizedHelix","yuri:PortableGlitches","Old Coin","Grinning Jar"],"acts_visited":["Gensokyo:Gensokyo","TheCity","TheBeyond"],"potions_floor_usage":[33,50],"damage_taken":[{"damage":0,"enemies":"Gensokyo:3_Fairies","floor":2,"turns":2},{"damage":0,"enemies":"Gensokyo:Python","floor":3,"turns":2},{"damage":2,"enemies":"Gensokyo:2_Kodama","floor":4,"turns":2},{"damage":0,"enemies":"Gensokyo:LivingMonolith","floor":5,"turns":2},{"damage":0,"enemies":"Gensokyo:3_Kodama","floor":8,"turns":2},{"damage":0,"enemies":"Gensokyo:2_Rabbits","floor":9,"turns":1},{"damage":0,"enemies":"Gensokyo:Gryphon_and_Rabbit","floor":10,"turns":2},{"damage":0,"enemies":"Gensokyo:Python_and_Kodama","floor":11,"turns":2},{"damage":0,"enemies":"Gensokyo:Aya","floor":14,"turns":3},{"damage":5,"enemies":"Gensokyo:5_Fairies","floor":15,"turns":4},{"damage":0,"enemies":"IC_STATUS_ARCHETYPE","floor":16,"turns":3},{"damage":0,"enemies":"Chosen","floor":19,"turns":1},{"damage":0,"enemies":"Spheric Guardian","floor":22,"turns":2},{"damage":0,"enemies":"Gremlin Leader","floor":23,"turns":3},{"damage":2,"enemies":"Slavers","floor":25,"turns":2},{"damage":0,"enemies":"Centurion and Healer","floor":26,"turns":3},{"damage":0,"enemies":"Snake Plant","floor":28,"turns":1},{"damage":0,"enemies":"Snecko","floor":30,"turns":1},{"damage":0,"enemies":"Centurion and Healer","floor":31,"turns":1},{"damage":0,"enemies":"Chosen and Byrds","floor":32,"turns":1},{"damage":12,"enemies":"SI_MIRROR_ARCHETYPE","floor":33,"turns":3},{"damage":8,"enemies":"3 Shapes","floor":36,"turns":1},{"damage":0,"enemies":"Orb Walker","floor":37,"turns":2},{"damage":0,"enemies":"Giant Head","floor":42,"turns":2},{"damage":0,"enemies":"R_Hoarder","floor":44,"turns":2},{"damage":0,"enemies":"3 Darklings","floor":45,"turns":1},{"damage":12,"enemies":"Sphere and 2 Shapes","floor":46,"turns":1},{"damage":0,"enemies":"Nemesis","floor":47,"turns":1},{"damage":0,"enemies":"4 Shapes","floor":49,"turns":2},{"damage":1,"enemies":"WA_ARCHETYPE_DIVINITY","floor":50,"turns":2}],"seed_played":"-2326152129265718285","potions_obtained":[{"floor":3,"key":"Fire Potion"},{"floor":4,"key":"Energy Potion"},{"floor":11,"key":"SteroidPotion"},{"floor":16,"key":"Slimebound:ThreeZeroPotion"},{"floor":25,"key":"Fire Potion"},{"floor":28,"key":"Elixir"},{"floor":42,"key":"Fire Potion"},{"floor":47,"key":"Energy Potion"}],"is_trial":false,"path_per_floor":["R","M","M","M","M","COS","T","M","M","M","M","R","?","E","M","B",null,"R","M","T","?","M","E","T","E","M","R","M","?","M","M","M","B",null,"R","M","M","?","T","R","T","E","R","E","M","M","E","T","M","B",null,null],"character_chosen":"THE_SNECKO","items_purchased":[],"campfire_rested":0,"item_purchase_floors":[],"current_hp_per_floor":[90,90,90,88,88,88,88,88,88,88,88,88,52,52,47,47,90,90,90,90,90,90,90,90,88,88,88,88,88,88,88,88,76,90,90,82,86,101,101,101,101,101,101,101,101,89,89,89,89,88,88],"gold":770,"neow_bonus":"BOSS_RELIC","is_daily":false,"chose_seed":false,"campfire_upgraded":7,"win_rate":0.0,"timestamp":1614422126,"path_taken":["R","M","M","M","M","COS","T","M","M","M","?","R","?","E","M","BOSS","R","M","?","?","M","E","T","E","M","R","M","?","M","?","M","BOSS","R","M","M","?","?","R","T","E","R","E","?","M","E","?","M","BOSS"],"items_purchased_type":[],"build_version":"2020-12-22","purchased_purges":0,"victory":true,"max_hp_per_floor":[90,90,90,90,90,90,90,90,90,90,90,90,90,90,90,90,90,90,90,90,90,90,90,90,90,90,90,90,90,90,90,90,90,90,90,90,90,101,101,101,101,101,101,101,101,101,101,101,101,101,101],"card_choices":[{"not_picked":["sneckomod:SnekBeam","sneckomod:Rotation"],"picked":"sneckomod:UnknownClassRemiria","floor":2},{"not_picked":["sneckomod:SnekBeam","sneckomod:DiceBlock"],"picked":"sneckomod:Unknown2Cost","floor":3},{"not_picked":["sneckomod:Unknown1Cost","sneckomod:DiceCrush"],"picked":"sneckomod:UnknownBlock","floor":4},{"not_picked":["sneckomod:WideSting","sneckomod:DiceCrush"],"picked":"sneckomod:UnknownCommonSkill","floor":5},{"not_picked":["sneckomod:ImprovisedGuard","sneckomod:SoulRoll"],"picked":"sneckomod:UnknownBlock","floor":8},{"not_picked":["sneckomod:DiceCrush","sneckomod:WideSting"],"picked":"sneckomod:UnknownUncommonSkill","floor":9},{"not_picked":["sneckomod:SoulRoll","sneckomod:DiceBlock"],"picked":"sneckomod:UnknownDraw","floor":10},{"not_picked":["sneckomod:UnknownBlock","sneckomod:QuickBite"],"picked":"sneckomod:UnknownClassAngela","floor":11},{"not_picked":["sneckomod:UnlimitedRolls","sneckomod:IronFang"],"picked":"sneckomod:UnknownUncommonSkill","floor":14},{"not_picked":["sneckomod:QuickMove","sneckomod:DefensiveFlair"],"picked":"sneckomod:CheapStock","floor":15},{"not_picked":["sneckomod:GlitteringGambit","sneckomod:Restock"],"picked":"sneckomod:UnknownRareSkill","floor":16},{"not_picked":["sneckomod:SoulDraw","sneckomod:IronFang"],"picked":"sneckomod:QuickBite","floor":19},{"not_picked":["sneckomod:RainOfDice","sneckomod:DiceBlock"],"picked":"sneckomod:Unknown2Cost+1","floor":22},{"not_picked":["sneckomod:UnknownWeak","sneckomod:SlitherStrike"],"picked":"sneckomod:MixItUp","floor":23},{"not_picked":["sneckomod:UnknownStrike","sneckomod:Unknown1Cost"],"picked":"sneckomod:UnknownExhaust","floor":25},{"not_picked":["sneckomod:TrashToTreasure","sneckomod:SoulDraw"],"picked":"sneckomod:UnknownCommonSkill+1","floor":26},{"not_picked":["sneckomod:Unknown2Cost","sneckomod:UnknownDraw"],"picked":"sneckomod:DiceBlock+1","floor":28},{"not_picked":["sneckomod:Restock","sneckomod:IronFang"],"picked":"sneckomod:WideSting+1","floor":30},{"not_picked":["sneckomod:PureSnecko","sneckomod:UnknownClassSp·û¿¨"],"picked":"sneckomod:UnknownBlock","floor":31},{"not_picked":["sneckomod:IronFang","sneckomod:SoulRoll+1"],"picked":"sneckomod:UnknownDraw+1","floor":32},{"not_picked":["sneckomod:Unknown3Cost","sneckomod:UnknownRareSkill"],"picked":"sneckomod:SerpentMind","floor":33},{"not_picked":["sneckomod:SoulDraw","sneckomod:DiceCrush+1"],"picked":"sneckomod:ImprovisedAttack+1","floor":36},{"not_picked":["sneckomod:IronFang","sneckomod:SoulDraw+1"],"picked":"sneckomod:QuickMove+1","floor":37},{"not_picked":["sneckomod:DiceBoulder+1","sneckomod:ImprovisedGuard"],"picked":"sneckomod:UnknownUncommonAttack+1","floor":42},{"not_picked":["sneckomod:UnknownClassSp·û¿¨","sneckomod:SoulRoll+1"],"picked":"sneckomod:DiceCrush+1","floor":44},{"not_picked":["sneckomod:QuickBite","sneckomod:QuickMove"],"picked":"sneckomod:UnknownBlock","floor":45},{"not_picked":["sneckomod:MixItUp","sneckomod:IronFang+1"],"picked":"sneckomod:UnknownDraw","floor":46},{"not_picked":["sneckomod:SoulRoll+1","sneckomod:UnknownStrike"],"picked":"sneckomod:UnknownColorless+1","floor":47},{"not_picked":["sneckomod:ImprovisedGuard+1","sneckomod:UnknownUncommonAttack"],"picked":"sneckomod:UnknownCommonSkill+1","floor":49}],"player_experience":480974,"relics_obtained":[{"floor":2,"key":"LetterFromLob"},{"floor":7,"key":"Simple Rune"},{"floor":14,"key":"Bag of Marbles"},{"floor":20,"key":"Potion Belt"},{"floor":23,"key":"Ancient Tea Set"},{"floor":24,"key":"Tiny Chest"},{"floor":25,"key":"Blue Candle"},{"floor":39,"key":"Replay:Towering Pillar of Hats"},{"floor":41,"key":"Gremlin Horn"},{"floor":42,"key":"FossilizedHelix"},{"floor":44,"key":"yuri:PortableGlitches"},{"floor":47,"key":"Old Coin"},{"floor":48,"key":"Grinning Jar"}],"event_choices":[],"is_beta":false,"boss_relics":[{"not_picked":["Snecko Heart","Calling Bell"],"picked":"MoonlightInvasionPlan"},{"not_picked":["Cursed Key","GuanYuAspect"],"picked":"FeatherPendant"}],"items_purged_floors":[],"is_endless":false,"potions_floor_spawned":[3,4,11,14,16,25,28,30,32,42,47],"ascension_level":2}}