{"host":"7k2a2omxz3voj5ax","time":1614452637,"event":{"mods":["BaseMod","Marisa£¨ìFÓê¡¡Ä§ÀíÉ³£©","Minty Spire (QoL Compilation)","Quick Restart","Spicy Shops","StSLib","Starting Relic: Pandora\u0027s Box","Yakumo Yukari mod","¡¾ÒÅÎï¿¨ÅÆ¡¿REMEMod","óô»ðÖ¸ÄÏ"],"gold_per_floor":[109,124,139,139,139,166,166,197,277,277,291,304,314,314,345,345,345,447,447,461,461,461,371,381,408,408,408,408],"floor_reached":27,"language":"ZHS","playtime":732,"items_purged":[],"score":289,"play_id":"556dfe98-e9c2-4a4b-a3e0-8719e91cb092","local_time":"20210228040357","is_ascension_mode":true,"campfire_choices":[{"data":"Defragment","floor":7.0,"key":"SMITH"},{"data":"Turbo","floor":14.0,"key":"SMITH"},{"data":"Amplify","floor":16.0,"key":"SMITH"},{"floor":17.0,"key":"REST"},{"data":"Electrodynamics","floor":26,"key":"SMITH"}],"circlet_count":0,"master_deck":["Zap","Dualcast","Defragment+1","Consume","Leap","Ball Lightning","Coolheaded","Turbo+1","Redo","Adrenaline","Creative AI+1","Electrodynamics+1","Amplify+1","Thunder Strike","Skim+1"],"relics":["Pandora\u0027s Box","REME_ComplimentaryCards","NeowsBlessing","Blue Candle","Bottled Lightning","Centennial Puzzle","Calipers","Symbiotic Virus","Art of War","Calling Bell","Boot","REME_LimitBreaker","Ice Cream","InkBottle"],"acts_visited":["Exordium","TheCity"],"potions_floor_usage":[],"damage_taken":[{"damage":0.0,"enemies":"Jaw Worm","floor":1.0,"turns":1.0},{"damage":0.0,"enemies":"2 Louse","floor":2.0,"turns":2.0},{"damage":0.0,"enemies":"Small Slimes","floor":3.0,"turns":1.0},{"damage":14.0,"enemies":"Lagavulin","floor":6.0,"turns":7.0},{"damage":1.0,"enemies":"Gremlin Nob","floor":8.0,"turns":3.0},{"damage":3.0,"enemies":"2 Fungi Beasts","floor":11.0,"turns":3.0},{"damage":23.0,"enemies":"Gremlin Gang","floor":12.0,"turns":4.0},{"damage":6.0,"enemies":"Exordium Wildlife","floor":13.0,"turns":3.0},{"damage":1.0,"enemies":"3 Sentries","floor":15.0,"turns":3.0},{"damage":3.0,"enemies":"The Guardian","floor":18.0,"turns":8.0},{"damage":3,"enemies":"Spheric Guardian","floor":20,"turns":3},{"damage":11,"enemies":"2 Thieves","floor":24,"turns":2},{"damage":54,"enemies":"Slavers","floor":25,"turns":3},{"damage":9,"enemies":"Gremlin Leader","floor":27,"turns":1}],"seed_played":"-5520316848699026114","potions_obtained":[{"floor":2.0,"key":"Fire Potion"},{"floor":6.0,"key":"LiquidBronze"},{"floor":8.0,"key":"SkillPotion"},{"floor":12.0,"key":"Regen Potion"},{"floor":18.0,"key":"Explosive Potion"}],"is_trial":false,"path_per_floor":["M","M","M","?","T","E","R","E","T","?","M","M","M","R","E","R","R","B",null,"M","?","?","?","M","E","R","E"],"character_chosen":"DEFECT","items_purchased":[],"campfire_rested":1,"item_purchase_floors":[],"current_hp_per_floor":[75,75,75,57,57,43,43,42,42,42,39,16,10,10,9,9,31,28,75,72,72,72,72,61,7,7,0,0],"gold":408,"neow_bonus":"THREE_ENEMY_KILL","is_daily":false,"chose_seed":false,"campfire_upgraded":4,"win_rate":0.0,"timestamp":1614452637,"path_taken":["M","M","M","?","?","E","R","E","T","?","M","M","M","R","E","R","R","BOSS","M","?","?","?","?","E","R","E"],"items_purchased_type":[],"build_version":"2020-12-22","purchased_purges":0,"victory":false,"max_hp_per_floor":[75,75,75,75,75,75,75,75,75,75,75,75,75,75,75,75,75,75,75,75,75,75,75,75,75,75,75,75],"card_choices":[{"not_picked":["Barrage","Compile Driver","Leap"],"picked":"SKIP","floor":1.0},{"not_picked":["Redo","Rip and Tear","Stack"],"picked":"SKIP","floor":2.0},{"not_picked":["REME_DataAnalysis","Ball Lightning"],"picked":"Creative AI","floor":3.0},{"not_picked":["Ball Lightning","Leap","Rebound","Double Energy"],"picked":"SKIP","floor":6.0},{"not_picked":["Streamline","Cold Snap","Static Discharge"],"picked":"SKIP","floor":8.0},{"not_picked":["Beam Cell","Go for the Eyes","Hologram"],"picked":"SKIP","floor":11.0},{"not_picked":["Go for the Eyes","Redo","Blizzard"],"picked":"SKIP","floor":12.0},{"not_picked":["Beam Cell","Gash"],"picked":"Electrodynamics","floor":13.0},{"not_picked":["Barrage","Redo"],"picked":"Amplify","floor":15.0},{"not_picked":["Rainbow","Machine Learning","REME_Shoggoth"],"picked":"Thunder Strike","floor":18.0},{"not_picked":["Streamline","Conserve Battery","REME_DataAnalysis"],"picked":"SKIP","floor":20},{"not_picked":["Redo","Compile Driver+1","REME_Compress"],"picked":"SKIP","floor":24},{"not_picked":["BootSequence","Go for the Eyes"],"picked":"Skim+1","floor":25}],"player_experience":289722,"relics_obtained":[{"floor":5.0,"key":"Bottled Lightning"},{"floor":6.0,"key":"Centennial Puzzle"},{"floor":8.0,"key":"Calipers"},{"floor":9.0,"key":"Symbiotic Virus"},{"floor":15.0,"key":"Art of War"},{"floor":19,"key":"Boot"},{"floor":19,"key":"REME_LimitBreaker"},{"floor":19,"key":"Ice Cream"},{"floor":25,"key":"InkBottle"}],"event_choices":[{"damage_healed":0.0,"max_hp_gain":0.0,"max_hp_loss":0.0,"gold_gain":0.0,"event_name":"Scrap Ooze","player_choice":"Success","floor":4.0,"gold_loss":0.0,"damage_taken":18.0,"relics_obtained":["Blue Candle"]},{"damage_healed":0.0,"max_hp_gain":0.0,"max_hp_loss":0.0,"gold_gain":0.0,"event_name":"Liars Game","player_choice":"Ignored","floor":10.0,"gold_loss":0.0,"damage_taken":0.0},{"damage_healed":0,"gold_gain":0,"player_choice":"Ignored","damage_taken":0,"max_hp_gain":0,"max_hp_loss":0,"event_name":"The Mausoleum","floor":21,"gold_loss":0},{"damage_healed":0,"gold_gain":0,"player_choice":"Ignored","damage_taken":0,"max_hp_gain":0,"max_hp_loss":0,"event_name":"Ghosts","floor":22,"gold_loss":0},{"cards_removed":["Hologram"],"damage_healed":0,"gold_gain":0,"player_choice":"Upgrade and Remove","damage_taken":0,"max_hp_gain":0,"max_hp_loss":0,"event_name":"Designer","floor":23,"gold_loss":90,"cards_upgraded":["Creative AI"]}],"is_beta":false,"boss_relics":[{"not_picked":["Astrolabe","Black Star"],"picked":"Calling Bell"}],"items_purged_floors":[],"is_endless":false,"potions_floor_spawned":[2,6,8,12,18,24,25],"killed_by":"Gremlin Leader","ascension_level":3}}