{"host":"h49usdrjeju7gyhi","time":1614396098,"event":{"mods":["BaseMod","Bestiary","Colored Map","Minty Spire (QoL Compilation)","StSLib","The Animator"],"gold_per_floor":[15,15,15,31,31,31,47,47,93,93,124,171,96,111,111,201,226,255,273,64,114,114,183,183,203,251,251,251],"floor_reached":27,"language":"ENG","playtime":1475,"items_purged":["animator:Strike","animator:Strike"],"score":462,"play_id":"7061741b-33d1-4e07-bbaf-b027705b6985","local_time":"20210226222138","is_ascension_mode":true,"campfire_choices":[{"floor":6,"key":"REST"},{"data":"animator:ElricEdward","floor":8,"key":"SMITH"},{"data":"animator:WinryRockbell","floor":15,"key":"SMITH"},{"floor":24,"key":"REST"}],"circlet_count":0,"master_deck":["AscendersBane","animator:Strike_FullmetalAlchemist+1","animator:Defend_FullmetalAlchemist+1","animator:Strike","animator:Defend","animator:Defend","animator:Defend","animator:ElricEdward+1","animator:ElricAlphonse","animator:TanyaDegurechaff","animator:GuildGirl","animator:WinryRockbell+1","animator:Gilgamesh+3","animator:Aisha","animator:RoyMustang","animator:Sloth","animator:Saber"],"relics":["animator:LivingPicture","animator:TheMissingPiece","animator:PurgingStone","Strawberry","PreservedInsect","Pantograph","SacredBark","Regal Pillow","Oddly Smooth Stone"],"acts_visited":["Exordium","TheCity"],"potions_floor_usage":[16,16,16,23,23,25],"damage_taken":[{"damage":7.0,"enemies":"Small Slimes","floor":1.0,"turns":4.0},{"damage":4,"enemies":"Jaw Worm","floor":4,"turns":6},{"damage":0,"enemies":"Cultist","floor":7,"turns":4},{"damage":14,"enemies":"Large Slime","floor":11,"turns":8},{"damage":6,"enemies":"Lagavulin","floor":12,"turns":6},{"damage":4,"enemies":"Exordium Wildlife","floor":14,"turns":4},{"damage":39,"enemies":"Hexaghost","floor":16,"turns":13},{"damage":37,"enemies":"3 Byrds","floor":18,"turns":5},{"damage":25,"enemies":"Spheric Guardian","floor":19,"turns":6},{"damage":35,"enemies":"Book of Stabbing","floor":23,"turns":3},{"damage":10,"enemies":"Centurion and Healer","floor":25,"turns":8},{"damage":52,"enemies":"Colosseum Slavers","floor":27,"turns":4}],"seed_played":"7357116847157370943","potions_obtained":[{"floor":7,"key":"Weak Potion"},{"floor":11,"key":"EntropicBrew"},{"floor":25,"key":"Fruit Juice"}],"is_trial":false,"path_per_floor":["M","?","?","M","?","R","M","R","T","?","M","E","$","M","R","B",null,"M","M","$","?","?","E","R","M","T","?"],"character_chosen":"THE_ANIMATOR","items_purchased":["AttackPotion","Strength Potion"],"campfire_rested":2,"item_purchase_floors":[20,20],"current_hp_per_floor":[47,47,29,25,25,43,43,43,50,50,36,30,30,26,26,12,53,16,41,41,41,41,6,41,42,42,0,0],"gold":251,"neow_bonus":"RANDOM_COLORLESS_2","is_daily":false,"chose_seed":false,"campfire_upgraded":2,"win_rate":0.0,"timestamp":1614396098,"path_taken":["M","?","?","M","?","R","M","R","T","?","?","E","?","M","R","BOSS","M","M","$","?","?","E","R","M","T","?"],"items_purchased_type":["Potion","Potion"],"build_version":"2020-12-22","purchased_purges":2,"victory":false,"max_hp_per_floor":[60,60,60,60,60,60,60,60,67,67,67,67,67,67,67,67,67,67,68,68,68,68,68,68,79,79,79,79],"card_choices":[{"not_picked":["animator:HarukoHaruhara","animator:Lelouch"],"picked":"animator:TanyaDegurechaff","floor":0.0},{"not_picked":["animator:Vanir","animator:Entoma","animator:KyokoSakura"],"picked":"SKIP","floor":1.0},{"not_picked":["animator:LeleiLaLalena","animator:Illya"],"picked":"animator:GuildGirl","floor":4},{"not_picked":["animator:RinTohsaka","animator:FielNirvalen","animator:Jibril"],"picked":"SKIP","floor":7},{"not_picked":["animator:DolaRiku","animator:MaesHughes"],"picked":"animator:WinryRockbell","floor":12},{"not_picked":["animator:OrikoMikuni","animator:ShinjiMatou","animator:DolaCouronne"],"picked":"SKIP","floor":14},{"not_picked":["animator:Hans","animator:Kyubey"],"picked":"animator:Gilgamesh","floor":16},{"not_picked":["animator:YunYun","animator:Jibril"],"picked":"animator:Aisha","floor":18},{"not_picked":["animator:Gluttony","animator:Sloth"],"picked":"animator:RoyMustang","floor":19},{"not_picked":["animator:IzunaHatsuse","animator:Tyuule"],"picked":"animator:Sloth","floor":23},{"not_picked":["animator:NagisaMomoe","animator:Vanir"],"picked":"animator:Saber","floor":25}],"player_experience":1621423,"relics_obtained":[{"floor":9,"key":"Strawberry"},{"floor":12,"key":"Pantograph"},{"floor":23,"key":"Regal Pillow"},{"floor":26,"key":"Oddly Smooth Stone"}],"event_choices":[{"damage_healed":0,"gold_gain":0,"player_choice":"Fled","damage_taken":0,"max_hp_gain":0,"max_hp_loss":0,"event_name":"Scrap Ooze","floor":2,"gold_loss":0},{"damage_healed":0,"gold_gain":0,"player_choice":"Entered Light","damage_taken":18,"max_hp_gain":0,"max_hp_loss":0,"event_name":"Shining Light","floor":3,"gold_loss":0,"cards_upgraded":["animator:Defend_FullmetalAlchemist","animator:Strike_FullmetalAlchemist"]},{"damage_healed":0,"gold_gain":0,"player_choice":"Ignored","damage_taken":0,"max_hp_gain":0,"max_hp_loss":0,"event_name":"Liars Game","floor":5,"gold_loss":0},{"damage_healed":0,"gold_gain":0,"player_choice":"Searched \u00272\u0027 times","damage_taken":0,"relics_obtained":["PreservedInsect"],"max_hp_gain":0,"max_hp_loss":0,"event_name":"Dead Adventurer","floor":10,"gold_loss":0},{"damage_healed":0,"gold_gain":50,"player_choice":"Stole From Cult","damage_taken":0,"max_hp_gain":0,"max_hp_loss":0,"event_name":"Nest","floor":21,"gold_loss":0},{"damage_healed":0,"gold_gain":0,"player_choice":"Ignored","damage_taken":0,"max_hp_gain":0,"max_hp_loss":0,"event_name":"The Mausoleum","floor":22,"gold_loss":0},{"damage_healed":0,"gold_gain":0,"player_choice":"Fight","damage_taken":0,"max_hp_gain":0,"max_hp_loss":0,"event_name":"Colosseum","floor":27,"gold_loss":0}],"is_beta":false,"boss_relics":[{"not_picked":["Coffee Dripper","Mark of Pain"],"picked":"SacredBark"}],"items_purged_floors":[13,20],"is_endless":false,"potions_floor_spawned":[7,11,14,25],"killed_by":"Colosseum Slavers","ascension_level":20}}