{"host":"sc0o2qwpf9j16a4i","time":1614421101,"event":{"mods":["AchievementEnabler","BaseMod","BetterRewards","Block Reminder","Colored Map","Colored Powertips","Custom Start","Highlight Path","Minty Spire (QoL Compilation)","Relic Stats"],"gold_per_floor":[117,292,292,310,20,51,51,51,78,90,120,1,34,109,109,212,212,229,240,240,252,269,304,321,321,321,321,281,310,320,336,336,439,439,453,106,161,184,200,230,246,274,274,287,287,314,326,357,357,357],"floor_reached":51,"language":"ENG","playtime":2334,"items_purged":["Doubt"],"score":1115,"play_id":"ef66d797-2b2e-4d82-8414-8fc03d6cebe9","local_time":"20210227121821","daily_mods":["Cursed Run","Purple Cards","Night Terrors"],"is_ascension_mode":false,"campfire_choices":[{"data":"Feed","floor":7,"key":"SMITH"},{"data":"Feed","floor":10,"key":"SMITH"},{"data":"Blood for Blood","floor":15,"key":"SMITH"},{"data":"Uppercut","floor":25,"key":"SMITH"},{"data":"Ghostly","floor":27,"key":"SMITH"},{"data":"Pommel Strike","floor":32,"key":"SMITH"},{"data":"SpiritShield","floor":49,"key":"SMITH"}],"circlet_count":0,"master_deck":["Bash+1","Thunderclap","Doubt","Protect","Feed+1","Feed+1","Metallicize+1","Regret","Shame","Blood for Blood+1","Study+1","Injury","Impervious","SashWhip+1","Protect","Ghostly+1","Ghostly","Ghostly","Ghostly","Ghostly","BowlingBash+1","Shrug It Off","Uppercut+1","FearNoEvil","Pommel Strike+1","Sanctity","Pain","Reaper","Ghostly Armor","True Grit","Pray","Power Through","Seeing Red","SpiritShield+1","Corruption+1","CarveReality","Adaptation+1","Armaments+1","Fasting2+1","ThirdEye","Injury","CarveReality+1","Dual Wield","CrushJoints+1","Parasite","True Grit+1","Impervious","Normality"],"relics":["Cursed Key","Darkstone Periapt","Du-Vu Doll","DollysMirror","Frozen Egg 2","Lantern","MawBank","StoneCalendar","Velvet Choker","Tiny Chest","HornCleat","MealTicket","Pandora\u0027s Box","OrangePellets","Charon\u0027s Ashes","Anchor","Pear","Ornamental Fan","Kunai","InkBottle","Pen Nib"],"acts_visited":["Exordium","TheCity","TheBeyond"],"potions_floor_usage":[16,16,16,23,23,29,31,33,47,50,50,50],"damage_taken":[{"damage":6,"enemies":"Jaw Worm","floor":1,"turns":4},{"damage":0,"enemies":"Small Slimes","floor":4,"turns":3},{"damage":32,"enemies":"3 Sentries","floor":6,"turns":9},{"damage":0,"enemies":"Cultist","floor":11,"turns":2},{"damage":49,"enemies":"Gremlin Nob","floor":13,"turns":7},{"damage":17,"enemies":"Hexaghost","floor":16,"turns":9},{"damage":21,"enemies":"3 Byrds","floor":18,"turns":7},{"damage":5,"enemies":"Spheric Guardian","floor":19,"turns":3},{"damage":3,"enemies":"Centurion and Healer","floor":21,"turns":7},{"damage":1,"enemies":"Snake Plant","floor":22,"turns":5},{"damage":1,"enemies":"Slavers","floor":23,"turns":7},{"damage":1,"enemies":"Snecko","floor":24,"turns":7},{"damage":14,"enemies":"Gremlin Leader","floor":29,"turns":7},{"damage":3,"enemies":"3 Cultists","floor":30,"turns":4},{"damage":11,"enemies":"Centurion and Healer","floor":31,"turns":7},{"damage":34,"enemies":"Champ","floor":33,"turns":12},{"damage":7,"enemies":"3 Darklings","floor":35,"turns":7},{"damage":25,"enemies":"2 Orb Walkers","floor":37,"turns":7},{"damage":0,"enemies":"Orb Walker","floor":39,"turns":2},{"damage":4,"enemies":"Giant Head","floor":40,"turns":9},{"damage":6,"enemies":"Transient","floor":41,"turns":5},{"damage":24,"enemies":"Nemesis","floor":42,"turns":7},{"damage":2,"enemies":"Sphere and 2 Shapes","floor":44,"turns":4},{"damage":5,"enemies":"Reptomancer","floor":46,"turns":7},{"damage":3,"enemies":"3 Darklings","floor":47,"turns":4},{"damage":11,"enemies":"Nemesis","floor":48,"turns":6},{"damage":37,"enemies":"Time Eater","floor":50,"turns":14}],"seed_played":"-7870745689582166650","potions_obtained":[{"floor":4,"key":"BloodPotion"},{"floor":11,"key":"EssenceOfSteel"},{"floor":16,"key":"FearPotion"},{"floor":18,"key":"Strength Potion"},{"floor":19,"key":"Regen Potion"},{"floor":22,"key":"PowerPotion"},{"floor":29,"key":"SpeedPotion"},{"floor":31,"key":"Energy Potion"},{"floor":33,"key":"FairyPotion"},{"floor":37,"key":"SneckoOil"},{"floor":39,"key":"SpeedPotion"},{"floor":47,"key":"EssenceOfSteel"}],"is_trial":true,"path_per_floor":["M","?","?","M","$","E","R","?","T","R","M","$","E","?","R","B",null,"M","M","?","M","M","E","M","R","T","R","?","E","M","M","R","B",null,"M","$","?","T","M","E","M","E","T","M","?","E","M","E","R","B",null],"character_chosen":"IRONCLAD","items_purchased":["Feed","DollysMirror","Blood for Blood","Energy Potion","OrangePellets","Fasting2+1","Block Potion"],"campfire_rested":0,"item_purchase_floors":[5,5,12,12,36,36,36],"current_hp_per_floor":[74,80,80,80,80,54,54,60,66,66,70,70,25,14,14,25,118,105,104,65,66,69,72,71,71,77,77,77,67,72,65,65,41,109,102,109,107,113,117,137,131,113,119,117,117,134,131,124,124,104],"gold":357,"neow_bonus":"","is_daily":false,"chose_seed":false,"campfire_upgraded":7,"win_rate":0.0,"timestamp":1614421101,"path_taken":["M","?","?","M","$","E","R","?","T","R","M","?","E","?","R","BOSS","M","M","?","M","M","E","M","R","T","R","?","E","?","M","R","BOSS","M","$","?","?","M","E","M","E","T","M","?","E","M","E","R","BOSS"],"items_purchased_type":["Card","Relic","Card","Potion","Relic","Card","Potion"],"build_version":"2020-12-22","purchased_purges":1,"victory":true,"max_hp_per_floor":[80,86,86,86,86,92,92,98,104,104,108,108,112,112,112,118,118,126,130,65,69,73,77,77,77,83,83,83,87,95,99,99,109,109,109,109,113,119,123,137,137,137,143,143,143,143,143,147,147,153],"relic_stats":{"Darkstone Periapt":54,"counters":[27,172],"StoneCalendar":[341],"Charon\u0027s Ashes":[261],"Pen Nib":[2],"Cursed Key":4,"MawBank":36,"OrangePellets":[12],"Ornamental Fan":[28],"Tiny Chest":1,"MealTicket":7,"Pandora\u0027s Box":["Ghostly Armor","True Grit","Pray","Power Through","Seeing Red","SpiritShield","Corruption","CarveReality","Adaptation"],"Kunai":[7],"obtain_stats":[{"Darkstone Periapt":0,"Lantern":8,"Pear":40,"Velvet Choker":17,"StoneCalendar":13,"Charon\u0027s Ashes":37,"Pen Nib":48,"Frozen Egg 2":6,"Cursed Key":0,"MawBank":9,"Du-Vu Doll":0,"OrangePellets":36,"Anchor":38,"HornCleat":26,"DollysMirror":5,"Ornamental Fan":42,"Tiny Chest":23,"MealTicket":29,"Pandora\u0027s Box":34,"Kunai":43,"InkBottle":46},{"Darkstone Periapt":0,"Lantern":3,"Pear":20,"Velvet Choker":6,"StoneCalendar":5,"Charon\u0027s Ashes":18,"Pen Nib":26,"Frozen Egg 2":3,"Cursed Key":0,"MawBank":3,"Du-Vu Doll":0,"OrangePellets":17,"Anchor":18,"HornCleat":12,"DollysMirror":2,"Ornamental Fan":22,"Tiny Chest":11,"MealTicket":13,"Pandora\u0027s Box":16,"Kunai":22,"InkBottle":24},{"Darkstone Periapt":0,"Lantern":16,"Pear":125,"Velvet Choker":34,"StoneCalendar":25,"Charon\u0027s Ashes":114,"Pen Nib":158,"Frozen Egg 2":16,"Cursed Key":0,"MawBank":16,"Du-Vu Doll":0,"OrangePellets":107,"Anchor":114,"HornCleat":70,"DollysMirror":7,"Ornamental Fan":137,"Tiny Chest":63,"MealTicket":77,"Pandora\u0027s Box":100,"Kunai":137,"InkBottle":148}],"InkBottle":[7]},"card_choices":[{"not_picked":["Cleave","Weave"],"picked":"Thunderclap","floor":1},{"not_picked":["Evolve","Crescendo"],"picked":"Protect","floor":4},{"not_picked":["Exhume","JustLucky"],"picked":"Metallicize+1","floor":6},{"not_picked":["Warcry","True Grit","Halt"],"picked":"SKIP","floor":11},{"not_picked":["EmptyMind","Cleave"],"picked":"Study+1","floor":13},{"not_picked":["Wish","Scrawl"],"picked":"Impervious","floor":16},{"not_picked":["Thunderclap+1","Swivel"],"picked":"SashWhip+1","floor":18},{"not_picked":["Crescendo+1","Clash"],"picked":"Protect","floor":19},{"not_picked":["ThirdEye","Study+1"],"picked":"BowlingBash","floor":21},{"not_picked":["Consecrate","Halt"],"picked":"Shrug It Off","floor":22},{"not_picked":["Warcry","Twin Strike","Thunderclap"],"picked":"SKIP","floor":23},{"not_picked":["Halt","Anger"],"picked":"Uppercut","floor":24},{"not_picked":["ClearTheMind","Evaluate"],"picked":"FearNoEvil","floor":29},{"not_picked":["Anger","Iron Wave+1"],"picked":"Pommel Strike","floor":30},{"not_picked":["Havoc","FlyingSleeves"],"picked":"Sanctity","floor":31},{"not_picked":["Wish","Brilliance"],"picked":"Reaper","floor":33},{"not_picked":["Searing Blow+1","Headbutt"],"picked":"Armaments+1","floor":35},{"not_picked":["Body Slam","Rampage"],"picked":"ThirdEye","floor":37},{"not_picked":["Combust+1","BowlingBash"],"picked":"CarveReality+1","floor":39},{"not_picked":["ThirdEye","CrushJoints+1"],"picked":"Dual Wield","floor":40},{"not_picked":["Pummel","SignatureMove","Combust+1"],"picked":"SKIP","floor":41},{"not_picked":["Pummel","Armaments"],"picked":"CrushJoints+1","floor":42},{"not_picked":["ConjureBlade","EmptyBody"],"picked":"True Grit+1","floor":44},{"not_picked":["SignatureMove+1","Cleave+1","SashWhip"],"picked":"SKIP","floor":46},{"not_picked":["Evaluate","Prostrate","Rampage+1"],"picked":"SKIP","floor":47},{"not_picked":["Iron Wave+1","Prostrate+1"],"picked":"Impervious","floor":48}],"player_experience":1581936,"relics_obtained":[{"floor":6,"key":"Frozen Egg 2"},{"floor":9,"key":"MawBank"},{"floor":13,"key":"StoneCalendar"},{"floor":23,"key":"Tiny Chest"},{"floor":26,"key":"HornCleat"},{"floor":29,"key":"MealTicket"},{"floor":37,"key":"Charon\u0027s Ashes"},{"floor":38,"key":"Anchor"},{"floor":40,"key":"Pear"},{"floor":42,"key":"Ornamental Fan"},{"floor":43,"key":"Kunai"},{"floor":46,"key":"InkBottle"},{"floor":48,"key":"Pen Nib"}],"event_choices":[{"damage_healed":0,"gold_gain":175,"player_choice":"AGREE","damage_taken":0,"max_hp_gain":0,"max_hp_loss":0,"event_name":"Liars Game","floor":2,"gold_loss":0,"cards_obtained":["Doubt"]},{"damage_healed":0,"gold_gain":0,"player_choice":"Grow","damage_taken":0,"max_hp_gain":0,"max_hp_loss":0,"event_name":"Living Wall","floor":3,"gold_loss":0,"cards_upgraded":["Bash"]},{"damage_healed":0,"gold_gain":0,"player_choice":"Box","damage_taken":0,"relics_obtained":["Lantern"],"max_hp_gain":0,"max_hp_loss":0,"event_name":"Big Fish","floor":8,"gold_loss":0,"cards_obtained":["Regret"]},{"damage_healed":0,"gold_gain":75,"player_choice":"Gather Gold","damage_taken":11,"max_hp_gain":0,"max_hp_loss":0,"event_name":"World of Goop","floor":14,"gold_loss":0},{"damage_healed":0,"gold_gain":0,"player_choice":"Became a Ghost","damage_taken":0,"max_hp_gain":0,"max_hp_loss":65,"event_name":"Ghosts","floor":20,"gold_loss":0,"cards_obtained":["Ghostly","Ghostly","Ghostly","Ghostly","Ghostly"]},{"damage_healed":0,"gold_gain":0,"player_choice":"Upgraded Two","damage_taken":0,"max_hp_gain":0,"max_hp_loss":0,"event_name":"Designer","floor":28,"gold_loss":40,"cards_upgraded":["BowlingBash","Defend_R"]},{"damage_healed":0,"gold_gain":0,"player_choice":"Fight","damage_taken":0,"max_hp_gain":0,"max_hp_loss":0,"event_name":"Mysterious Sphere","floor":37,"gold_loss":0},{"damage_healed":0,"gold_gain":0,"player_choice":"Ignored","damage_taken":0,"max_hp_gain":0,"max_hp_loss":0,"event_name":"Tomb of Lord Red Mask","floor":45,"gold_loss":0}],"is_beta":false,"boss_relics":[{"not_picked":["Fusion Hammer","Runic Cube"],"picked":"Velvet Choker"},{"not_picked":["Sozu","Mark of Pain"],"picked":"Pandora\u0027s Box"}],"items_purged_floors":[36],"is_endless":false,"potions_floor_spawned":[4,11,16,18,19,22,29,31,33,37,39,44,47],"ascension_level":0}}