{"host":"p4yrwepmrl4g8pul","time":1614393955,"event":{"mods":["Act Like it!","BaseMod","BetterRewards","Colored Map","Custom Start","Downfall","Gensokyo","Marisa£®ÏF”Í°°ƒß¿Ì…≥£©","Minty Spire (QoL Compilation)","Quick Restart","Rare Cards Sparkle","Reimu£®≤©¿ˆ¡È√Œ£©","Remilia£®¿Ÿ√◊¿Ú—«£©","Remove Card Discount Mod","Shop Mod","StSLib","Thieving Mod"],"gold_per_floor":[110,124,137,129,140,152,196,208,220,258,380,396,396,431,431,510,510,528,256,256,268,280,280,307,318,318,331,363,363,394,394,394,470,470,488,507,507,342,342,374,387,387,459,486,498,523,523,534,534,534,534,534,534,443,478,478],"floor_reached":57,"language":"ZHS","playtime":1847,"items_purged":["sneckomod:UnknownRarePower","sneckomod:UnknownRareAttack","sneckomod:UnknownRareSkill","Glass Knife","Neutralize+1","Clumsy","Skewer","Dagger Spray+1","Acrobatics","Die Die Die+1","Survivor"],"score":3685,"play_id":"8a8d2bf0-ffb9-4968-a054-30a7e62a59a6","local_time":"20210227104555","is_ascension_mode":true,"campfire_choices":[{"data":"Adrenaline","floor":6.0,"key":"SMITH"},{"data":"Neutralize","floor":8.0,"key":"SMITH"},{"data":"Grand Finale","floor":15.0,"key":"SMITH"},{"floor":23.0,"key":"RECALL"},{"data":"Footwork","floor":29.0,"key":"SMITH"},{"data":"Backflip","floor":32.0,"key":"SMITH"},{"data":"Backflip","floor":42,"key":"SMITH"},{"data":"Escape Plan","floor":49,"key":"SMITH"},{"floor":53,"key":"REST"}],"circlet_count":0,"master_deck":["Backflip+1","Backflip+1","Escape Plan+1","Adrenaline+1","Heel Hook+1","Blind+1","Footwork+1","Grand Finale+1","Phantasmal Killer+1","Footwork"],"relics":["Ring of the Snake","champ:DeflectingBracers","hexamod:Sixitude","Slimebound:PreparedRelic","sneckomod:BlankCard","Slimebound:StickyStick","Pantograph","Blood Vial","Calipers","champ:DuelingGlove","ClockworkSouvenir","MerchantsRug","Gensokyo:NagashiBinaDoll","Omamori","Runic Pyramid","PreservedInsect","Mango","Tiny Chest","Lizard Tail","Runic Dome","Bag of Marbles","TheAbacus","Boot","Unceasing Top","Mercury Hourglass","Akabeko","Mastiff:ReiMu","bronze:BronzeIdol"],"acts_visited":["Gensokyo:Gensokyo","Gensokyo:Gensokyoer","Gensokyo:Gensokyoest","TheEnding"],"potions_floor_usage":[56],"damage_taken":[{"damage":0.0,"enemies":"Gensokyo:Gryphon","floor":1.0,"turns":1.0},{"damage":0.0,"enemies":"Gensokyo:Python","floor":2.0,"turns":3.0},{"damage":0.0,"enemies":"Gensokyo:3_Fairies","floor":3.0,"turns":2.0},{"damage":6.0,"enemies":"Gensokyo:CorruptedTreant","floor":5.0,"turns":2.0},{"damage":0.0,"enemies":"Gensokyo:Aya","floor":7.0,"turns":2.0},{"damage":0.0,"enemies":"Gensokyo:Mamizou","floor":10.0,"turns":3.0},{"damage":0.0,"enemies":"Gensokyo:2_Rabbits","floor":12.0,"turns":1.0},{"damage":0.0,"enemies":"Gensokyo:Aya","floor":14.0,"turns":2.0},{"damage":0.0,"enemies":"Gensokyo:Reimu","floor":16.0,"turns":2.0},{"damage":0.0,"enemies":"Gensokyo:3_Dogs","floor":18.0,"turns":1.0},{"damage":0.0,"enemies":"Gensokyo:Chomper","floor":21.0,"turns":1.0},{"damage":0.0,"enemies":"Gensokyo:3_Gloops","floor":22.0,"turns":1.0},{"damage":0.0,"enemies":"Gensokyo:Reisen","floor":24.0,"turns":1.0},{"damage":0.0,"enemies":"Gensokyo:Wraith","floor":25.0,"turns":2.0},{"damage":0.0,"enemies":"Gensokyo:Slime_Group","floor":27.0,"turns":1.0},{"damage":0.0,"enemies":"Gensokyo:Tenshi","floor":28.0,"turns":1.0},{"damage":0.0,"enemies":"Gensokyo:Koishi","floor":30.0,"turns":1.0},{"damage":0.0,"enemies":"Gensokyo:Kaguya","floor":33.0,"turns":2.0},{"damage":0.0,"enemies":"Gensokyo:3_Boulders","floor":35.0,"turns":1.0},{"damage":0.0,"enemies":"Gensokyo:3_Bats","floor":36.0,"turns":1.0},{"damage":0,"enemies":"Gensokyo:Kasen","floor":40,"turns":1},{"damage":0,"enemies":"Gensokyo:Sharpion","floor":41,"turns":1},{"damage":0,"enemies":"Gensokyo:Doremy","floor":44,"turns":1},{"damage":0,"enemies":"Gensokyo:Rafflesia","floor":45,"turns":1},{"damage":0,"enemies":"Gensokyo:Marisa","floor":46,"turns":1},{"damage":0,"enemies":"Gensokyo:SeedOfUnknown","floor":48,"turns":1},{"damage":0,"enemies":"Gensokyo:Yuyuko","floor":50,"turns":1},{"damage":0,"enemies":"Gensokyo:Shinki","floor":51,"turns":4},{"damage":0,"enemies":"Shield and Spear","floor":55,"turns":1},{"damage":2,"enemies":"The Heart","floor":56,"turns":5}],"seed_played":"-8372178738276139154","potions_obtained":[{"floor":5.0,"key":"ThievingMod:ThievingPotion"},{"floor":7.0,"key":"ColorlessPotion"},{"floor":14.0,"key":"DuplicationPotion"},{"floor":18.0,"key":"ColorlessPotion"},{"floor":41,"key":"GhostInAJar"}],"is_trial":true,"path_per_floor":["M","M","M","$","M","R","E","R","T","E","$","M","?","E","R","B",null,"M","$","?","M","M","R","E","M","T","M","E","R","E","?","R","B",null,"M","M","?","$","T","E","M","R","T","E","M","E","?","M","R","B","B",null,"R","$","E","B",null],"character_chosen":"THE_SILENT","items_purchased":["MerchantsRug","Blind","Footwork","PreservedInsect","GhostInAJar","TheAbacus","Footwork"],"campfire_rested":1,"item_purchase_floors":[11,11,11,19,19,38,54],"current_hp_per_floor":[59,59,59,59,53,53,53,53,53,55,55,57,57,59,59,66,66,66,66,66,66,66,66,80,80,80,80,80,80,80,80,80,80,80,80,80,80,80,80,80,80,80,80,80,80,80,80,80,80,80,80,80,80,80,80,78],"gold":478,"neow_bonus":"","is_daily":false,"chose_seed":false,"campfire_upgraded":7,"win_rate":0.0,"timestamp":1614393955,"path_taken":["M","M","M","$","M","R","E","R","T","E","$","M","?","E","R","BOSS","M","$","?","M","M","R","E","M","T","M","E","R","E","?","R","BOSS","M","?","?","$","?","E","M","R","T","E","M","E","?","M","R","BOSS","BOSS","R","$","E","BOSS"],"items_purchased_type":["Relic","Card","Card","Relic","Potion","Relic","Card"],"build_version":"2020-12-22","purchased_purges":11,"victory":true,"max_hp_per_floor":[66,66,66,66,66,66,66,66,66,66,66,66,66,66,66,66,66,66,66,66,66,66,66,80,80,80,80,80,80,80,80,80,80,80,80,80,80,80,80,80,80,80,80,80,80,80,80,80,80,80,80,80,80,80,80,80],"card_choices":[{"not_picked":["Underhanded Strike","Choke","Deadly Poison"],"picked":"SKIP","floor":1.0},{"not_picked":["Slice","Dagger Spray"],"picked":"Skewer","floor":2.0},{"not_picked":["Dagger Throw","Quick Slash"],"picked":"Adrenaline","floor":3.0},{"not_picked":["Terror","Backstab","Flying Knee"],"picked":"SKIP","floor":5.0},{"not_picked":["Skewer","Expertise","Backflip"],"picked":"SKIP","floor":7.0},{"not_picked":["Expertise","Cloak And Dagger"],"picked":"Heel Hook","floor":10.0},{"not_picked":["Dagger Throw","Slice","PiercingWail"],"picked":"SKIP","floor":12.0},{"not_picked":["Infinite Blades","Die Die Die"],"picked":"Grand Finale","floor":14.0},{"not_picked":["Corpse Explosion","Malaise"],"picked":"Phantasmal Killer","floor":16.0},{"not_picked":["Cloak And Dagger","Sucker Punch+1"],"picked":"Acrobatics","floor":18.0},{"not_picked":["Dodge and Roll","Acrobatics","Dash"],"picked":"SKIP","floor":21.0},{"not_picked":["Blade Dance+1","Infinite Blades","Quick Slash"],"picked":"SKIP","floor":22.0},{"not_picked":["Endless Agony","Sucker Punch","Backflip"],"picked":"SKIP","floor":24.0},{"not_picked":["Dagger Spray","Eviscerate","Flying Knee"],"picked":"SKIP","floor":25.0},{"not_picked":["Cloak And Dagger","Flying Knee","Blade Dance"],"picked":"SKIP","floor":27.0},{"not_picked":["Skewer","Leg Sweep","All Out Attack"],"picked":"SKIP","floor":28.0},{"not_picked":["Wraith Form v2","Glass Knife","Backflip"],"picked":"SKIP","floor":30.0},{"not_picked":["Skewer","Eviscerate","Dodge and Roll+1"],"picked":"SKIP","floor":35.0},{"not_picked":["Sucker Punch","Distraction","Deflect"],"picked":"SKIP","floor":36.0},{"not_picked":["Wraith Form v2","Infinite Blades+1","Acrobatics"],"picked":"SKIP","floor":40},{"not_picked":["Masterful Stab","Blur","Escape Plan"],"picked":"SKIP","floor":41},{"not_picked":["Storm of Steel","Leg Sweep","Slice+1"],"picked":"SKIP","floor":44},{"not_picked":["Flying Knee","Deadly Poison","Sucker Punch"],"picked":"SKIP","floor":45},{"not_picked":["Blur","Quick Slash+1","Acrobatics"],"picked":"SKIP","floor":46},{"not_picked":["Outmaneuver","Tactician+1","Acrobatics"],"picked":"SKIP","floor":48},{"not_picked":["Slice","Setup","Flechettes"],"picked":"SKIP","floor":55}],"player_experience":860474,"relics_obtained":[{"floor":7.0,"key":"Pantograph"},{"floor":9.0,"key":"Blood Vial"},{"floor":10.0,"key":"Calipers"},{"floor":14.0,"key":"Omamori"},{"floor":24.0,"key":"Mango"},{"floor":28.0,"key":"Tiny Chest"},{"floor":30.0,"key":"Lizard Tail"},{"floor":39,"key":"Boot"},{"floor":40,"key":"Unceasing Top"},{"floor":43,"key":"Mercury Hourglass"},{"floor":44,"key":"Akabeko"},{"floor":46,"key":"Mastiff:ReiMu"},{"floor":55,"key":"bronze:BronzeIdol"}],"event_choices":[],"is_beta":false,"boss_relics":[{"not_picked":["Astrolabe","Coffee Dripper"],"picked":"Runic Pyramid"},{"not_picked":["Pandora\u0027s Box","Velvet Choker"],"picked":"Runic Dome"}],"items_purged_floors":[4,4,4,4,11,19,19,19,19,19,54],"is_endless":false,"potions_floor_spawned":[5,7,12,14,18,21,25,28,41,44,45,46,48],"ascension_level":20}}