{"host":"338bkdl2yirdp2ct","time":1614435831,"event":{"mods":["AchievementEnabler","BaseMod","Colored Powertips","Highlight Path","Minty Spire (QoL Compilation)","Quick Restart","Relic Sorter","Unceasing Turn Reminder","slay the spire mod where everything is the same but ironclad has a cowboy hat"],"gold_per_floor":[114,39,58,72,72,72,72,72,97,97,52,52,52,52,52,153,153,165,41,41,41,141,141,141,141,165,165,182,57,156,6,6,110,110,129,129,33,48,60,60,60,71,71,71,71,71,81,101,101,101],"floor_reached":51,"language":"ENG","playtime":735,"items_purged":["Streamline","Double Energy+1","Hologram","J.A.X.+1"],"score":927,"play_id":"65d9c5a6-1202-4b96-b4c5-aeec542939e6","local_time":"20210227062351","daily_mods":["SealedDeck","Time Dilation","Flight"],"is_ascension_mode":false,"campfire_choices":[{"data":"Gash","floor":6,"key":"SMITH"},{"data":"Gash","floor":7,"key":"SMITH"},{"data":"Gash","floor":8,"key":"SMITH"},{"data":"Gash","floor":12,"key":"SMITH"},{"data":"White Noise","floor":13,"key":"SMITH"},{"data":"Double Energy","floor":15,"key":"SMITH"},{"data":"J.A.X.","floor":23,"key":"SMITH"},{"data":"Beam Cell","floor":24,"key":"SMITH"},{"data":"Beam Cell","floor":25,"key":"SMITH"},{"data":"Beam Cell","floor":27,"key":"SMITH"},{"data":"Beam Cell","floor":32,"key":"SMITH"},{"data":"Swift Strike","floor":40,"key":"SMITH"},{"data":"Go for the Eyes","floor":41,"key":"SMITH"},{"data":"Go for the Eyes","floor":44,"key":"SMITH"},{"data":"Seek","floor":46,"key":"SMITH"},{"data":"Go for the Eyes","floor":49,"key":"SMITH"}],"circlet_count":0,"master_deck":["Gash+1","Gash+1","Go for the Eyes+1","Go for the Eyes+1","Gash+1","Beam Cell+1","Gash+1","Gash+1","Beam Cell+1","Beam Cell+1","Beam Cell+1","Seek+1","Swift Strike+1","Go for the Eyes+1"],"relics":["Unceasing Top"],"acts_visited":["Exordium","TheCity","TheBeyond"],"potions_floor_usage":[50,50,50,50,50],"damage_taken":[{"damage":0,"enemies":"Cultist","floor":1,"turns":2},{"damage":0,"enemies":"Jaw Worm","floor":3,"turns":1},{"damage":0,"enemies":"2 Louse","floor":4,"turns":1},{"damage":0,"enemies":"Hexaghost","floor":16,"turns":1},{"damage":0,"enemies":"Spheric Guardian","floor":18,"turns":1},{"damage":3,"enemies":"Shell Parasite","floor":28,"turns":1},{"damage":0,"enemies":"Collector","floor":33,"turns":1},{"damage":0,"enemies":"3 Darklings","floor":35,"turns":1},{"damage":12,"enemies":"3 Shapes","floor":38,"turns":1},{"damage":0,"enemies":"Maw","floor":39,"turns":1},{"damage":0,"enemies":"Transient","floor":42,"turns":1},{"damage":0,"enemies":"Spire Growth","floor":47,"turns":1},{"damage":0,"enemies":"Jaw Worm Horde","floor":48,"turns":1},{"damage":0,"enemies":"Donu and Deca","floor":50,"turns":1}],"seed_played":"5571292274440358516","potions_obtained":[{"floor":3,"key":"Ancient Potion"},{"floor":4,"key":"EntropicBrew"},{"floor":16,"key":"BlessingOfTheForge"}],"is_trial":true,"path_per_floor":["M","$","M","M","?","R","R","R","T","$","$","R","R","?","R","B",null,"M","$","?","?","?","R","R","R","T","R","M","$","?","$","R","B",null,"M","?","$","M","M","R","R","M","T","R","$","R","M","M","R","B",null],"character_chosen":"DEFECT","items_purchased":["Beam Cell","Beam Cell","Swift Strike"],"campfire_rested":0,"item_purchase_floors":[11,19,37],"current_hp_per_floor":[75,75,75,75,75,75,75,75,75,75,75,75,75,75,75,75,75,75,75,75,75,75,75,75,75,75,75,72,72,72,72,72,72,75,75,75,75,63,63,63,63,63,63,63,63,63,63,63,63,63],"gold":101,"neow_bonus":"","is_daily":false,"chose_seed":false,"campfire_upgraded":16,"win_rate":0.0,"timestamp":1614435831,"path_taken":["M","$","?","M","?","R","R","R","T","$","$","R","R","?","R","BOSS","M","$","?","?","?","R","R","R","T","R","?","$","?","?","R","BOSS","M","?","$","M","M","R","R","M","T","R","$","R","M","M","R","BOSS"],"items_purchased_type":["Card","Card","Card"],"build_version":"2020-12-22","purchased_purges":4,"victory":true,"max_hp_per_floor":[75,75,75,75,75,75,75,75,75,75,75,75,75,75,75,75,75,75,75,75,75,75,75,75,75,75,75,75,75,75,75,75,75,75,75,75,75,75,75,75,75,75,75,75,75,75,75,75,75,75],"card_choices":[{"not_picked":["White Noise","Coolheaded"],"picked":"Gash","floor":1},{"not_picked":["Cold Snap","Genetic Algorithm"],"picked":"Gash","floor":3},{"not_picked":["Compile Driver","Undo","Lockon"],"picked":"SKIP","floor":4},{"not_picked":["Doom and Gloom","Steam"],"picked":"Beam Cell","floor":18},{"not_picked":["Stack","Doom and Gloom+1","Ball Lightning"],"picked":"SKIP","floor":28},{"not_picked":["Creative AI","Core Surge"],"picked":"Seek","floor":33},{"not_picked":["Turbo","Chaos","Sweeping Beam"],"picked":"SKIP","floor":35},{"not_picked":["Darkness+1","Turbo+1","Steam"],"picked":"SKIP","floor":38},{"not_picked":["Beam Cell","Aggregate+1","Cold Snap+1"],"picked":"SKIP","floor":39},{"not_picked":["Defragment","Hologram","Rebound"],"picked":"SKIP","floor":42},{"not_picked":["Defragment","Hologram","Rebound"],"picked":"SKIP","floor":42},{"not_picked":["Hyperbeam","Steam+1"],"picked":"Go for the Eyes","floor":47},{"not_picked":["Rebound","Barrage+1","Coolheaded+1"],"picked":"SKIP","floor":48}],"player_experience":1175395,"relics_obtained":[],"event_choices":[{"damage_healed":0,"gold_gain":0,"player_choice":"Grow","damage_taken":0,"max_hp_gain":0,"max_hp_loss":0,"event_name":"Living Wall","floor":5,"gold_loss":0,"cards_upgraded":["Gash"]},{"damage_healed":0,"gold_gain":0,"player_choice":"Ignored","damage_taken":0,"max_hp_gain":0,"max_hp_loss":0,"event_name":"Liars Game","floor":14,"gold_loss":0},{"damage_healed":0,"gold_gain":0,"player_choice":"Obtain J.A.X.","damage_taken":0,"max_hp_gain":0,"max_hp_loss":0,"event_name":"Drug Dealer","floor":20,"gold_loss":0,"cards_obtained":["J.A.X."]},{"cards_removed":["White Noise"],"damage_healed":0,"gold_gain":0,"player_choice":"Elegance","damage_taken":0,"max_hp_gain":0,"max_hp_loss":0,"event_name":"Back to Basics","floor":21,"gold_loss":0},{"damage_healed":0,"gold_gain":100,"player_choice":"Pray","damage_taken":0,"max_hp_gain":0,"max_hp_loss":0,"event_name":"Golden Shrine","floor":22,"gold_loss":0},{"damage_healed":0,"gold_gain":99,"player_choice":"Stole From Cult","damage_taken":0,"max_hp_gain":0,"max_hp_loss":0,"event_name":"Nest","floor":30,"gold_loss":0},{"damage_healed":0,"gold_gain":0,"player_choice":"Ignored","damage_taken":0,"max_hp_gain":0,"max_hp_loss":0,"event_name":"WeMeetAgain","floor":36,"gold_loss":0}],"is_beta":false,"boss_relics":[{"not_picked":["Busted Crown","Velvet Choker","SlaversCollar"]},{"not_picked":["Sozu","Runic Dome","Philosopher\u0027s Stone"]}],"items_purged_floors":[2,19,29,31],"is_endless":false,"potions_floor_spawned":[3,4,16,42,48],"ascension_level":0}}