{"host":"fwdkxxz7291ipt0p","time":1614409316,"event":{"mods":["Act Like it!","BaseMod","Bossed Relics","Dota2Spire","Energized Spire","Marked Mod","Minty Spire (QoL Compilation)","Relic Filter Mod","StSLib","The Cursed","The Hierophant","The Runesmith","Youmu£®ªÍ∆«—˝√Œ£©"],"gold_per_floor":[118,118,118,137,149,163,191,116,116,291,41,52,66,16,16,114,114,127,160,160,179,179,179,195,230,309,329,348,373,373,373,373,476,476,490,712,762,774,397,428,428,456,481,481,481,56,75,75,75,75],"floor_reached":51,"language":"ZHS","playtime":3049,"items_purged":["TheCursedMod:Strike_TheCursed","Doubt","TheCursedMod:Strike_TheCursed","TheCursedMod:Defend_TheCursed"],"score":873,"play_id":"877b8fce-a157-4dec-b116-0c0886fb811e","local_time":"20210227150156","is_ascension_mode":false,"campfire_choices":[{"data":"TheCursedMod:SoulCrush","floor":15.0,"key":"SMITH"},{"data":"TheCursedMod:NeowsMight","floor":23.0,"key":"SMITH"},{"data":"TheCursedMod:ReleasedStrength","floor":30.0,"key":"SMITH"},{"data":"TheCursedMod:CursedSpellbook","floor":32.0,"key":"SMITH"},{"data":"TheCursedMod:Obscuration","floor":49,"key":"SMITH"}],"circlet_count":0,"master_deck":["TheCursedMod:Strike_TheCursed","TheCursedMod:Defend_TheCursed","TheCursedMod:Defend_TheCursed","TheCursedMod:CursedWand+1","TheCursedMod:CleanUpWorkshop+1","TheCursedMod:Dregs","TheCursedMod:SurpriseAttack","TheCursedMod:CursedSpellbook+1","TheCursedMod:NeowsMight+1","TheCursedMod:SoulCrush+1","TheCursedMod:ShockAndAwe","TheCursedMod:Obscuration+1","TheCursedMod:ReleasedStrength+1","TheCursedMod:CursedAmulet+1","TheCursedMod:CursedMace+1","TheCursedMod:CircleOfBlood+1","TheCursedMod:CollectTribute","TheCursedMod:RavingStaff+1","TheCursedMod:CursedSpellbook+1","TheCursedMod:SmokeScreen+1","TheCursedMod:HellsGateOpen","TheCursedMod:RapidMovement","TheCursedMod:NeowsMight+1","Writhe"],"relics":["TheCursedMod:BlackMagic101","Centennial Puzzle","Ice Cream","Dota2Spire:LinkenSphere","Dota2Spire:DrumOfEndurance","SlaversCollar","Red Mask","Enchiridion","Vajra","Letter Opener","Anchor","energizedSpire:DeadBattery","Dota2Spire:Satanic","Sundial","TheCursedMod:BloodyHarpoon","Toy Ornithopter","Ancient Tea Set","DollysMirror"],"acts_visited":["Exordium","TheCity","TheBeyond"],"potions_floor_usage":[50,50],"damage_taken":[{"damage":0.0,"enemies":"2 Louse","floor":1.0,"turns":3.0},{"damage":0.0,"enemies":"Jaw Worm","floor":4.0,"turns":3.0},{"damage":0.0,"enemies":"Small Slimes","floor":5.0,"turns":2.0},{"damage":2.0,"enemies":"Blue Slaver","floor":6.0,"turns":3.0},{"damage":8.0,"enemies":"Lagavulin","floor":7.0,"turns":7.0},{"damage":0.0,"enemies":"Exordium Wildlife","floor":12.0,"turns":2.0},{"damage":0.0,"enemies":"2 Fungi Beasts","floor":13.0,"turns":2.0},{"damage":23.0,"enemies":"Slime Boss","floor":16.0,"turns":9.0},{"damage":9.0,"enemies":"Shell Parasite","floor":18.0,"turns":4.0},{"damage":1.0,"enemies":"Masked Bandits","floor":19.0,"turns":3.0},{"damage":3.0,"enemies":"3 Byrds","floor":21.0,"turns":4.0},{"damage":0.0,"enemies":"Cultist and Chosen","floor":24.0,"turns":4.0},{"damage":1.0,"enemies":"Slavers","floor":25.0,"turns":2.0},{"damage":3.0,"enemies":"Centurion and Healer","floor":27.0,"turns":3.0},{"damage":0.0,"enemies":"Snake Plant","floor":28.0,"turns":2.0},{"damage":0.0,"enemies":"Champ","floor":33.0,"turns":3.0},{"damage":0.0,"enemies":"Orb Walker","floor":35.0,"turns":2.0},{"damage":2.0,"enemies":"Mind Bloom Boss Battle","floor":37.0,"turns":4.0},{"damage":0.0,"enemies":"3 Shapes","floor":38.0,"turns":2.0},{"damage":0.0,"enemies":"Reptomancer","floor":40.0,"turns":1.0},{"damage":1.0,"enemies":"Nemesis","floor":42.0,"turns":3.0},{"damage":1.0,"enemies":"3 Darklings","floor":47.0,"turns":3.0},{"damage":7,"enemies":"Awakened One","floor":50,"turns":7}],"seed_played":"7814287797859085838","potions_obtained":[{"floor":6.0,"key":"Swift Potion"},{"floor":12.0,"key":"Block Potion"},{"floor":16.0,"key":"Dexterity Potion"},{"floor":19.0,"key":"BlessingOfTheForge"},{"floor":28.0,"key":"ColorlessPotion"},{"floor":33.0,"key":"LiquidMemories"},{"floor":38.0,"key":"Weak Potion"},{"floor":42.0,"key":"Dexterity Potion"},{"floor":47.0,"key":"FairyPotion"}],"is_trial":false,"path_per_floor":["M","?","?","M","M","M","E","$","T","?","$","M","M","?","R","B",null,"M","?","?","M","?","R","M","E","T","M","M","T","R","?","R","B",null,"M","?","?","M","$","E","?","E","T","?","?","$","M","?","R","B",null],"character_chosen":"THE_CURSED","items_purchased":["Dota2Spire:DrumOfEndurance","Sundial","TheCursedMod:HellsGateOpen","TheCursedMod:RapidMovement","DollysMirror"],"campfire_rested":0,"item_purchase_floors":[11,39,46,46,46],"current_hp_per_floor":[75,60,57,57,57,55,47,47,47,47,47,47,47,47,47,24,75,66,65,49,46,46,46,46,45,45,42,42,42,42,42,42,70,75,75,75,73,75,75,75,75,75,75,75,75,75,74,75,75,69],"gold":75,"neow_bonus":"UPGRADE_CARD","is_daily":false,"chose_seed":false,"campfire_upgraded":5,"win_rate":0.0,"timestamp":1614409316,"path_taken":["M","?","?","M","M","M","E","?","T","?","$","?","M","?","R","BOSS","M","?","?","?","?","R","M","E","T","M","M","?","R","?","R","BOSS","M","?","?","M","$","E","?","E","T","?","?","$","M","?","R","BOSS"],"items_purchased_type":["Relic","Relic","Card","Card","Relic"],"build_version":"2020-12-22","purchased_purges":4,"victory":true,"max_hp_per_floor":[75,75,75,75,75,75,75,75,75,75,75,75,75,75,75,75,75,75,75,75,75,75,75,75,75,75,75,75,75,75,75,75,75,75,75,75,75,75,75,75,75,75,75,75,75,75,75,75,75,75],"card_choices":[{"not_picked":["TheCursedMod:Stigma","TheCursedMod:TacticalStrike"],"picked":"TheCursedMod:SurpriseAttack","floor":1.0},{"not_picked":["TheCursedMod:CursedShiv","TheCursedMod:CircleOfCorruption"],"picked":"TheCursedMod:CursedSpellbook","floor":4.0},{"not_picked":["TheCursedMod:FleshFromBone","TheCursedMod:CursedArmor","TheCursedMod:CircleOfCorruption"],"picked":"SKIP","floor":5.0},{"not_picked":["TheCursedMod:CircleOfFocus","TheCursedMod:CircleOfCorruption"],"picked":"TheCursedMod:NeowsMight","floor":6.0},{"not_picked":["TheCursedMod:CursedArmor","TheCursedMod:ReleasedKnowledge","TheCursedMod:CircleOfCorruption"],"picked":"SKIP","floor":7.0},{"not_picked":["TheCursedMod:BlessingInDisguise","TheCursedMod:CursedBlade"],"picked":"TheCursedMod:SoulCrush","floor":12.0},{"not_picked":["TheCursedMod:CircleOfAmplification","TheCursedMod:CursedShiv","TheCursedMod:VitalStrike"],"picked":"SKIP","floor":13.0},{"not_picked":["TheCursedMod:ParallelWorld","TheCursedMod:OutForBlood"],"picked":"TheCursedMod:ShockAndAwe","floor":16.0},{"not_picked":["TheCursedMod:FleshFromBone+1","TheCursedMod:CursedShiv","TheCursedMod:SoulReap"],"picked":"SKIP","floor":18.0},{"not_picked":["TheCursedMod:CircleOfFlame","TheCursedMod:CursedShiv"],"picked":"TheCursedMod:Obscuration","floor":21.0},{"not_picked":["TheCursedMod:SmokeScreen","TheCursedMod:CircleOfFlame+1"],"picked":"TheCursedMod:ReleasedStrength","floor":24.0},{"not_picked":["TheCursedMod:Stretching","TheCursedMod:TroublousMinions"],"picked":"TheCursedMod:CursedAmulet+1","floor":25.0},{"not_picked":["TheCursedMod:HellfireBreathing+1","TheCursedMod:CursedBlade"],"picked":"TheCursedMod:CursedMace+1","floor":27.0},{"not_picked":["TheCursedMod:CircleOfFlame","TheCursedMod:Stigma"],"picked":"TheCursedMod:CircleOfBlood+1","floor":28.0},{"not_picked":["TheCursedMod:DemonSword","TheCursedMod:ShockAndAwe"],"picked":"TheCursedMod:CollectTribute","floor":33.0},{"not_picked":["TheCursedMod:Obscuration+1","TheCursedMod:TroublousMinions","TheCursedMod:FleshFromBone+1"],"picked":"SKIP","floor":35.0},{"not_picked":["TheCursedMod:CircleOfCorruption+1","TheCursedMod:SpitefulPlan"],"picked":"TheCursedMod:RavingStaff+1","floor":38.0},{"not_picked":["TheCursedMod:VoidForm","TheCursedMod:CursedMace+1"],"picked":"TheCursedMod:CursedSpellbook+1","floor":40.0},{"not_picked":["TheCursedMod:SoulReap+1","TheCursedMod:CircleOfBlood"],"picked":"TheCursedMod:SmokeScreen+1","floor":42.0},{"not_picked":["TheCursedMod:SpitefulPlan","TheCursedMod:CursedAmulet+1","TheCursedMod:Mangle"],"picked":"SKIP","floor":47.0}],"player_experience":567959,"relics_obtained":[{"floor":7.0,"key":"Ice Cream"},{"floor":9.0,"key":"Dota2Spire:LinkenSphere"},{"floor":19.0,"key":"Red Mask"},{"floor":20.0,"key":"Enchiridion"},{"floor":25.0,"key":"Vajra"},{"floor":26.0,"key":"Letter Opener"},{"floor":29.0,"key":"Anchor"},{"floor":37.0,"key":"Dota2Spire:Satanic"},{"floor":40.0,"key":"TheCursedMod:BloodyHarpoon"},{"floor":42.0,"key":"Toy Ornithopter"},{"floor":43.0,"key":"Ancient Tea Set"}],"event_choices":[{"damage_healed":0.0,"max_hp_gain":0.0,"max_hp_loss":0.0,"gold_gain":0.0,"event_name":"Shining Light","player_choice":"Entered Light","floor":2.0,"gold_loss":0.0,"damage_taken":15.0,"cards_upgraded":["TheCursedMod:CursedWand","TheCursedMod:Strike_TheCursed"]},{"damage_healed":0.0,"max_hp_gain":0.0,"max_hp_loss":0.0,"gold_gain":0.0,"event_name":"Scrap Ooze","player_choice":"Success","floor":3.0,"gold_loss":0.0,"damage_taken":3.0,"relics_obtained":["Centennial Puzzle"]},{"damage_healed":0.0,"max_hp_gain":0.0,"max_hp_loss":0.0,"gold_gain":175.0,"event_name":"Liars Game","player_choice":"AGREE","floor":10.0,"gold_loss":0.0,"damage_taken":0.0,"cards_obtained":["Doubt"]},{"cards_removed":["TheCursedMod:Defend_TheCursed"],"damage_healed":0.0,"max_hp_gain":0.0,"max_hp_loss":0.0,"gold_gain":0.0,"event_name":"The Cleric","player_choice":"Card Removal","floor":14.0,"gold_loss":50.0,"damage_taken":0.0},{"damage_healed":0.0,"max_hp_gain":0.0,"max_hp_loss":0.0,"gold_gain":0.0,"event_name":"Masked Bandits","player_choice":"Fought Bandits","floor":19.0,"gold_loss":0.0,"damage_taken":0.0},{"damage_healed":0.0,"max_hp_gain":0.0,"max_hp_loss":0.0,"gold_gain":0.0,"event_name":"Cursed Tome","player_choice":"Obtained Book","floor":20.0,"gold_loss":0.0,"damage_taken":16.0},{"damage_healed":0.0,"max_hp_gain":0.0,"max_hp_loss":0.0,"gold_gain":0.0,"event_name":"Ghosts","player_choice":"Ignored","floor":22.0,"gold_loss":0.0,"damage_taken":0.0},{"damage_healed":0.0,"max_hp_gain":0.0,"max_hp_loss":0.0,"gold_gain":0.0,"event_name":"Vampires","player_choice":"Ignored","floor":31.0,"gold_loss":0.0,"damage_taken":0.0},{"damage_healed":0.0,"max_hp_gain":0.0,"max_hp_loss":0.0,"gold_gain":222.0,"event_name":"Tomb of Lord Red Mask","player_choice":"Wore Mask","floor":36.0,"gold_loss":0.0,"damage_taken":0.0},{"damage_healed":0.0,"max_hp_gain":0.0,"max_hp_loss":0.0,"gold_gain":0.0,"event_name":"MindBloom","player_choice":"Fight","floor":37.0,"gold_loss":0.0,"damage_taken":0.0},{"damage_healed":0.0,"max_hp_gain":0.0,"max_hp_loss":0.0,"gold_gain":0.0,"event_name":"Mysterious Sphere","player_choice":"Ignored","floor":41.0,"gold_loss":0.0,"damage_taken":0.0},{"damage_healed":0.0,"max_hp_gain":0.0,"max_hp_loss":0.0,"gold_gain":0.0,"event_name":"SensoryStone","player_choice":"Memory 1","floor":44.0,"gold_loss":0.0,"damage_taken":0.0},{"cards_removed":["TheCursedMod:Strike_TheCursed"],"damage_healed":0.0,"max_hp_gain":0.0,"max_hp_loss":0.0,"gold_gain":0.0,"event_name":"Falling","player_choice":"Removed Attack","floor":45.0,"gold_loss":0.0,"damage_taken":0.0},{"damage_healed":19.0,"max_hp_gain":0.0,"max_hp_loss":0.0,"gold_gain":0.0,"event_name":"Winding Halls","player_choice":"Writhe","floor":48.0,"gold_loss":0.0,"damage_taken":0.0,"cards_obtained":["Writhe"]}],"is_beta":false,"boss_relics":[{"not_picked":["TheCursedMod:BlackMagicAdvanced","energizedSpire:MagnifyingGlass"],"picked":"SlaversCollar"},{"not_picked":["energizedSpire:HugeHouse","Tiny House"],"picked":"energizedSpire:DeadBattery"}],"items_purged_floors":[8,11,39,46],"is_endless":false,"potions_floor_spawned":[6,12,16,19,28,33,38,40,42,47],"ascension_level":0}}