{"host":"a1urfede5pixhbtg","time":1614432009,"event":{"mods":["BaseMod","Downfall","Minty Spire (QoL Compilation)","Quick Restart","Replay The Spire","StSLib"],"gold_per_floor":[99,118,118,130,40,67,67,93,103,122,139,153,153,166,180,180,180,180],"floor_reached":16,"language":"ZHS","playtime":1054,"items_purged":["Guardian:Strike_Guardian"],"score":116,"play_id":"0d4b0821-d1c4-4102-9a8c-f2224b8aab1b","local_time":"20210227212009","is_ascension_mode":false,"campfire_choices":[{"floor":1.0,"key":"RECALL"},{"floor":13,"key":"REST"}],"circlet_count":0,"master_deck":["Guardian:Strike_Guardian","Guardian:Strike_Guardian","Guardian:Strike_Guardian","Guardian:Defend_Guardian","Guardian:Defend_Guardian","Guardian:Defend_Guardian","Guardian:Defend_Guardian","Guardian:CurlUp","Guardian:TwinSlam","Guardian:BaubleBeam","Guardian:Recover","Guardian:PrimingBeam","Guardian:RollAttack+1","Guardian:Orbwalk","Guardian:FastForward","Guardian:ShieldCharger","Guardian:Gem_Cyan"],"relics":["Guardian:ModeShifter","Gremlin Food","Replay:Accelerometer","Tiny Chest"],"acts_visited":["Exordium"],"potions_floor_usage":[15,16,16],"damage_taken":[{"damage":3.0,"enemies":"Small Slimes","floor":2.0,"turns":4.0},{"damage":0.0,"enemies":"Cultist","floor":4.0,"turns":6.0},{"damage":0.0,"enemies":"downfall:FleeingMerchant","floor":5.0,"turns":4.0},{"damage":13.0,"enemies":"3 Sentries","floor":6.0,"turns":8.0},{"damage":18.0,"enemies":"Lagavulin","floor":8.0,"turns":10.0},{"damage":6.0,"enemies":"Jaw Worm","floor":9.0,"turns":4.0},{"damage":4,"enemies":"Blue Slaver","floor":10,"turns":4},{"damage":12,"enemies":"Large Slime","floor":11,"turns":5},{"damage":16,"enemies":"Lots of Slimes","floor":12,"turns":6},{"damage":12,"enemies":"Exordium Thugs","floor":14,"turns":5},{"damage":0,"enemies":"Large Slime","floor":15,"turns":5},{"damage":22,"enemies":"SI_SHIV_ARCHETYPE","floor":16,"turns":13}],"seed_played":"-7605797646587828587","potions_obtained":[{"floor":6.0,"key":"ColorlessPotion"},{"floor":8.0,"key":"Reflective Coating"},{"floor":9.0,"key":"Guardian:BlockOnCardUsePotion"}],"is_trial":false,"path_per_floor":["R","M","?","M","$","E","T","E","M","M","M","M","R","M","M","B"],"character_chosen":"GUARDIAN","items_purchased":[],"campfire_rested":1,"item_purchase_floors":[],"current_hp_per_floor":[80,77,77,77,77,64,64,46,40,36,24,8,32,20,20,0,0,0],"gold":180,"neow_bonus":"ONE_RANDOM_RARE_CARD","is_daily":false,"chose_seed":false,"campfire_upgraded":0,"win_rate":0.0,"timestamp":1614432009,"path_taken":["R","M","?","M","$","E","T","E","M","?","M","M","R","M","M","BOSS"],"items_purchased_type":[],"build_version":"2020-12-22","purchased_purges":1,"victory":false,"max_hp_per_floor":[80,80,80,80,80,80,80,80,80,80,80,80,80,80,80,80,80,80],"card_choices":[{"not_picked":["Guardian:PrismaticBarrier","Guardian:Reroute"],"picked":"Guardian:Recover","floor":2.0},{"not_picked":["Guardian:Reroute","Guardian:TemporalShield"],"picked":"Guardian:PrimingBeam","floor":4.0},{"not_picked":["Guardian:PrimingBeam","Guardian:SpikerProtocol"],"picked":"Guardian:RollAttack","floor":5.0},{"not_picked":["Guardian:GuardianWhirl","Guardian:TimeSifter"],"picked":"Guardian:Orbwalk","floor":6.0},{"not_picked":["Guardian:MultiBeam","Guardian:PiercingHide"],"picked":"Guardian:FastForward","floor":8.0},{"not_picked":["Guardian:VentSteam","Guardian:WalkerClaw","Guardian:TemporalStrike"],"picked":"SKIP","floor":9.0},{"not_picked":["Guardian:TemporalStrike","Guardian:Incinerate","Guardian:TemporalShield"],"picked":"SKIP","floor":10},{"not_picked":["Guardian:PiercingHide","Guardian:SphericShield"],"picked":"Guardian:ShieldCharger","floor":11},{"not_picked":["Guardian:BronzeOrb","Guardian:EvasiveProtocol","Guardian:ShieldSpikes"],"picked":"SKIP","floor":12},{"not_picked":["Guardian:PrismaticBeam","Guardian:PrimingBeam"],"picked":"Guardian:Gem_Cyan","floor":14},{"not_picked":["Guardian:PrismaticBarrier","Guardian:PolyBeam","Guardian:CrystalBeam"],"picked":"SKIP","floor":15}],"player_experience":153083,"relics_obtained":[{"floor":6.0,"key":"Gremlin Food"},{"floor":7.0,"key":"Replay:Accelerometer"},{"floor":8.0,"key":"Tiny Chest"}],"event_choices":[],"is_beta":false,"boss_relics":[],"items_purged_floors":[5],"is_endless":false,"potions_floor_spawned":[6,8,9,11,12],"killed_by":"SI_SHIV_ARCHETYPE","ascension_level":0}}