{"host":"2haferq23ht5nrlk","time":1614423731,"event":{"mods":["ATMod(°¢èªMod)","AchievementEnabler","Alarm Clock","Aspiration","BaseMod","BetterRewards","Colored Powertips","Conspire","Dota2Spire","Faster Ascension Climbing","Infinite Spire","KomeijiMod","Library of Ruina","Library of Ruina Extra","Lobotomy","LobotomyExtend","Marked Mod","Minty Spire (QoL Compilation)","Quick Restart","Relic Filter Mod","Relic Stats","Reliquary","Replay The Spire","RumiaBox-Â¶Ã×æ«µÄÉñÃØºÐ×Ó","Spicy Shops","StSLib","TestMod","The Cursed","The Jungle","UnlockEverythingMod","¡¾ÒÅÎï¿¨ÅÆ¡¿REMEMod"],"gold_per_floor":[117,133,133,133,151,151,151],"floor_reached":6,"language":"ZHS","playtime":225,"items_purged":[],"score":72,"play_id":"3b5ca2b9-cd85-41f3-ab51-e5dda7591e6e","local_time":"20210227190211","is_ascension_mode":true,"campfire_choices":[],"circlet_count":0,"master_deck":["AscendersBane","Strike_G","Strike_G","Strike_G","Strike_G","Strike_G","Defend_G","Defend_G","Defend_G","Defend_G","Defend_G","Survivor","Neutralize","AT_DivineConfetti","All Out Attack","AT_Desolate","ReplayTheSpireMod:Scrap Shanks","Crippling Poison"],"relics":["Ring of the Snake","AT_ATBox","REME_ComplimentaryCards","testmod-TestBox","testmod-NegativeEmotionEnhancer","RabbitCall","LetterFromLob"],"acts_visited":["Exordium"],"potions_floor_usage":[6],"damage_taken":[{"damage":9,"enemies":"conspire:RoseBush","floor":1,"turns":3},{"damage":4,"enemies":"2 Louse","floor":2,"turns":3},{"damage":6,"enemies":"Jaw Worm","floor":5,"turns":3},{"damage":52,"enemies":"Gremlin Nob","floor":6,"turns":4}],"seed_played":"-2122012425854529153","potions_obtained":[{"floor":2,"key":"Weak Potion"}],"is_trial":false,"path_per_floor":["M","M","?","?","M","E"],"character_chosen":"THE_SILENT","items_purchased":[],"campfire_rested":0,"item_purchase_floors":[],"current_hp_per_floor":[52,51,51,51,47,0,0],"gold":151,"neow_bonus":"","is_daily":false,"chose_seed":false,"campfire_upgraded":0,"win_rate":0.0,"timestamp":1614423731,"path_taken":["M","M","?","?","M","E"],"items_purchased_type":[],"build_version":"2020-12-22","purchased_purges":0,"victory":false,"max_hp_per_floor":[67,68,68,68,69,69,69],"relic_stats":{"counters":[4,13],"obtain_stats":[{"RabbitCall":0,"CogitoBucket":0,"AT_ATBox":0,"testmod-TestBox":0,"testmod-NegativeEmotionEnhancer":0,"LetterFromLob":1,"Ring of the Snake":0,"REME_ComplimentaryCards":0},{"RabbitCall":0,"CogitoBucket":0,"AT_ATBox":0,"testmod-TestBox":0,"testmod-NegativeEmotionEnhancer":0,"LetterFromLob":1,"Ring of the Snake":0,"REME_ComplimentaryCards":0},{"RabbitCall":0,"CogitoBucket":0,"AT_ATBox":0,"testmod-TestBox":0,"testmod-NegativeEmotionEnhancer":0,"LetterFromLob":3,"Ring of the Snake":0,"REME_ComplimentaryCards":0}],"Ring of the Snake":[8]},"card_choices":[{"not_picked":["Footwork","PiercingWail"],"picked":"AT_Desolate","floor":1},{"not_picked":["Skewer","Well Laid Plans"],"picked":"ReplayTheSpireMod:Scrap Shanks","floor":2},{"not_picked":["AT_WindRun","Choke"],"picked":"Crippling Poison","floor":5}],"player_experience":49090,"relics_obtained":[{"floor":1,"key":"LetterFromLob"}],"event_choices":[{"damage_healed":0,"gold_gain":0,"player_choice":"Leave","damage_taken":0,"max_hp_gain":0,"max_hp_loss":0,"event_name":"The Cleric","floor":3,"gold_loss":0},{"damage_healed":0,"gold_gain":0,"player_choice":"Disagree","damage_taken":0,"max_hp_gain":0,"max_hp_loss":0,"event_name":"conspire:LoneGhost","floor":4,"gold_loss":0}],"is_beta":false,"boss_relics":[],"items_purged_floors":[],"is_endless":false,"potions_floor_spawned":[2],"killed_by":"Gremlin Nob","ascension_level":20}}