{"host":"1klw5xj5el8ngeqo","time":1614409743,"event":{"mods":["Act Like it!","BaseMod","Colored Powertips","Downfall","Gensokyo","Marisa£®ÏF”Í°°ƒß¿Ì…≥£©","Minty Spire (QoL Compilation)","Reimu£®≤©¿ˆ¡È√Œ£©","Remilia£®¿Ÿ√◊¿Ú—«£©","Replay The Spire","Shop Mod","StSLib","The Servant 0.9.4","WarShipGirlsR/’ΩΩ¢…Ÿ≈ÆR mod","Youmu£®ªÍ∆«—˝√Œ£©"],"gold_per_floor":[110,90,109,3,3,3,3,3,26,201,201,6,6,16,16,112,112,127,127,127],"floor_reached":19,"language":"ZHS","playtime":1496,"items_purged":["Doubt"],"score":213,"play_id":"8e86c867-d583-466e-aa0b-539392e91c52","local_time":"20210227150903","daily_mods":["SealedDeck","Vintage","Heirloom","Time Dilation","Flight","downfall:Jewelcrafting","downfall:ChampStances"],"is_ascension_mode":true,"campfire_choices":[{"data":"FitfulNightmare","floor":11,"key":"SMITH"},{"data":"MiserableFate","floor":13,"key":"SMITH"},{"data":"MiserableFate","floor":15,"key":"SMITH"}],"circlet_count":0,"master_deck":["Guardian:ExploitGems","Guardian:ExploitGems","BlasphemousPunishment","BloodHunter","VampireKiss","MiserableFate+1","VampireKiss","GlobalNightmare","EternalNight","RedRainbow","VampireKiss","NightDance","FitfulNightmare+1","VampirishNight","ScarletDevil","Guardian:Gem_Yellow","NightDance","Gensokyo:AllTheWorldsEvil","Purity","MiserableFate+1","ScarletDevil+1","VampireClaw"],"relics":["Unceasing Top","Guardian:PickAxe","champ:ChampStancesModRelic","replay:Trail_Library","Replay:PocketPolymizer","Onion Ring","Sundial","Mastiff:ReiMu","BargainBundle","Replay:Mystery Machine","bronze:MakeshiftBattery","RedBat"],"acts_visited":["Exordium","Gensokyo:Gensokyoer"],"potions_floor_usage":[],"damage_taken":[{"damage":10,"enemies":"2 Louse","floor":1,"turns":1},{"damage":10,"enemies":"Jaw Worm","floor":3,"turns":1},{"damage":0,"enemies":"Small Slimes","floor":14,"turns":1},{"damage":10,"enemies":"Hexaghost","floor":16,"turns":2},{"damage":0,"enemies":"Gensokyo:2_Gloops","floor":18,"turns":1},{"damage":0,"enemies":"Gensokyo:2_Gloops","floor":19,"turns":1}],"seed_played":"3770013608708050709","potions_obtained":[{"floor":3,"key":"Energy Potion"},{"floor":14,"key":"Fire Potion"}],"is_trial":true,"path_per_floor":["M","?","M","$","?","R","R","R","T","?","R","$","R","M","R","B",null,"M","COS"],"character_chosen":"REMILIA","items_purchased":["VampirishNight","ScarletDevil","BargainBundle","SteroidPotion","FearPotion","Purity","MiserableFate","ScarletDevil+1"],"campfire_rested":0,"item_purchase_floors":[4,4,12,12,12,12,12,12],"current_hp_per_floor":[65,65,59,59,59,59,59,59,59,59,59,59,59,59,59,74,75,78,78,78],"gold":127,"neow_bonus":"","is_daily":false,"chose_seed":false,"campfire_upgraded":3,"win_rate":0.0,"timestamp":1614409743,"path_taken":["M","?","?","$","?","R","R","R","T","?","R","?","R","M","R","BOSS","M","COS"],"items_purchased_type":["Card","Card","Relic","Potion","Potion","Card","Card","Card"],"build_version":"2020-12-22","purchased_purges":1,"victory":false,"max_hp_per_floor":[75,75,75,75,75,75,75,75,75,75,75,75,75,75,75,75,75,78,78,78],"card_choices":[{"not_picked":[],"picked":"FitfulNightmare","floor":2}],"player_experience":6244,"relics_obtained":[{"floor":1,"key":"Onion Ring"},{"floor":3,"key":"Sundial"},{"floor":9,"key":"Mastiff:ReiMu"},{"floor":14,"key":"Replay:Mystery Machine"},{"floor":18,"key":"RedBat"}],"event_choices":[{"damage_healed":0,"gold_gain":175,"player_choice":"AGREE","damage_taken":0,"max_hp_gain":0,"max_hp_loss":0,"event_name":"Liars Game","floor":10,"gold_loss":0,"cards_obtained":["Doubt"]}],"is_beta":false,"boss_relics":[{"not_picked":["Velvet Choker","ChewingGum"],"picked":"bronze:MakeshiftBattery"}],"items_purged_floors":[12],"is_endless":true,"potions_floor_spawned":[3,14],"killed_by":"Gensokyo:2_Gloops","ascension_level":1}}