{"host":"3nces2ajq3sg92g2","time":1614414393,"event":{"mods":["ATMod(阿瑾Mod)","Act Like it!","Arknights","BaseMod","Colored Map","Downfall","Highlight Path","Minty Spire (QoL Compilation)","MostiFishMod","Quick Restart","Relic Filter Mod","Relic Stats","Reliquary","Shop Mod","Spicy Shops","StSLib","TestMod","WarShipGirlsR/战舰少女R mod","【遗物卡牌】REMEMod","篝火指南"],"gold_per_floor":[99,110,124,51,145,178,178,210,237,22,47,65,65,115,134,211,211,11,24,34,44,7,107,107,202,287,187,268,346,346,384,434,570,570,224,277,306,353,143,226,278,309,309,350,386,538,538,727,227,227,502,771],"floor_reached":53,"language":"ZHS","playtime":5554,"items_purged":["downfall:Bewildered"],"score":4624,"play_id":"1c8376a4-0165-4623-9cc6-d1260cca871a","local_time":"20210227162633","daily_mods":["Vintage","Allstar","Colorless Cards","Heirloom","Time Dilation","Flight","Elite Swarm","Lethality","downfall:Enraging","Binary"],"is_ascension_mode":true,"campfire_choices":[{"floor":1.0,"key":"RECALL"},{"data":"AT_WarpDrive","floor":13,"key":"SMITH"},{"data":"AT_TearsDenial","floor":18,"key":"SMITH"},{"data":"AT_FamilyPortrait","floor":27,"key":"SMITH"},{"data":"testmod-AutoReboundSystem","floor":50,"key":"SMITH"}],"circlet_count":0,"master_deck":["AscendersBane","Slimebound:Strike_Slimebound","Slimebound:Strike_Slimebound","Slimebound:Strike_Slimebound","Slimebound:Tackle","Slimebound:Defend_Slimebound","Slimebound:Defend_Slimebound","Slimebound:Defend_Slimebound","Slimebound:Defend_Slimebound","Slimebound:Split","Slimebound:CorrosiveSpit","AT_FamilyPortrait+1","AT_WarpDrive+1","testmod-DeathImprint","The Bomb","AT_TearsDenial+1","testmod-TaurusBlackCat","Panacea","Slimebound:LeadByExample","Slimebound:SplitMire","testmod-AutoReboundSystem+1","Slimebound:DivideAndConquer","Slimebound:ComboTackle","expansioncontent:StudyTheSpire","Slimebound:MegaLick"],"relics":["Slimebound:AbsorbEndCombat","Busted Crown","AT_ATBox","DaveBox","testmod-TestBox","REME_ComplimentaryCards","OneHitWonderSystem","testmod-RealStoneCalender","testmod-ObsoleteBoomerang","Dead Branch","Vajra","AT_BellowingDragoncrestRing","AT_SunfireAegis","testmod-InjuryResistance","reliquary:TatteredRug","reliquary:BoilingFlask","Akabeko","HollowDreamFlower","AT_SilvercatRing","sneckomod:SneckoTalon","downfall:HeartBlessingBlue","downfall:HeartBlessingRed","Calipers","reliquary:Knoch","REME_ArchaeologicalTools","Slimebound:AggressiveSlimeRelic","reliquary:RosewoodLute","Shuriken","AT_ForceNature","downfall:HeartBlessingGreen","AT_SilverBalance","OriginationStaff","sneckomod:BabySnecko","reliquary:TuningFork","reliquary:WeakTea","JellyFishMachine","Nunchaku","MostiFishMod:AdaptiveDefenses","MealTicket","testmod-Acrobat","AT_LudenTempest","REME_HourglassOfDeath","reliquary:Stiletto","AT_BellDemon","downfall:TeleportStone","Boot","reliquary:QuartzCube","champ:DeflectingBracers","testmod-Muramasa","AT_TheCollector","reliquary:Firecrackers","Strawberry","reliquary:FingerTrap","Centennial Puzzle","Gambling Chip","Molten Egg 2"],"acts_visited":["Exordium","TheCity","TheBeyond","TheEnding"],"potions_floor_usage":[8,21,23,33,52],"damage_taken":[{"damage":0.0,"enemies":"2 Louse","floor":2.0,"turns":1.0},{"damage":0.0,"enemies":"Jaw Worm","floor":3.0,"turns":1.0},{"damage":0.0,"enemies":"downfall:FleeingMerchant","floor":4.0,"turns":4.0},{"damage":0,"enemies":"ats:Genji","floor":5,"turns":2},{"damage":0,"enemies":"Lagavulin","floor":6,"turns":2},{"damage":0,"enemies":"3 Sentries","floor":8,"turns":2},{"damage":0,"enemies":"Lagavulin","floor":9,"turns":2},{"damage":0,"enemies":"Gremlin Nob","floor":11,"turns":2},{"damage":0,"enemies":"Red Slaver","floor":12,"turns":1},{"damage":0,"enemies":"3 Sentries","floor":14,"turns":2},{"damage":0,"enemies":"Blue Slaver","floor":15,"turns":1},{"damage":0,"enemies":"DF_ARCHETYPE_STREAMLINE","floor":16,"turns":3},{"damage":0,"enemies":"Shell Parasite","floor":19,"turns":1},{"damage":0,"enemies":"3 Byrds","floor":20,"turns":1},{"damage":0,"enemies":"Snecko","floor":21,"turns":2},{"damage":0,"enemies":"Chosen and Byrds","floor":23,"turns":2},{"damage":0,"enemies":"Gremlin Leader","floor":25,"turns":1},{"damage":0,"enemies":"Slavers","floor":26,"turns":1},{"damage":0,"enemies":"Gremlin Leader","floor":28,"turns":2},{"damage":0,"enemies":"Slavers","floor":29,"turns":1},{"damage":0,"enemies":"Shelled Parasite and Fungi","floor":31,"turns":1},{"damage":0,"enemies":"Snake Plant","floor":32,"turns":1},{"damage":0,"enemies":"IC_MUSHROOM_ARCHETYPE","floor":33,"turns":3},{"damage":0,"enemies":"Orb Walker","floor":36,"turns":2},{"damage":0,"enemies":"3 Darklings","floor":37,"turns":1},{"damage":0,"enemies":"Jaw Worm Horde","floor":38,"turns":2},{"damage":0,"enemies":"Giant Head","floor":40,"turns":2},{"damage":0,"enemies":"4 Shapes","floor":42,"turns":1},{"damage":0,"enemies":"Reptomancer","floor":44,"turns":1},{"damage":0,"enemies":"Spire Growth","floor":45,"turns":1},{"damage":0,"enemies":"SI_POISON_ARCHETYPE","floor":46,"turns":4},{"damage":0,"enemies":"downfall:CharBossMerchant","floor":48,"turns":3},{"damage":0,"enemies":"downfall:NeowBoss","floor":51,"turns":3},{"damage":0,"enemies":"downfall:NeowBossFinal","floor":52,"turns":4}],"seed_played":"-8102356410216634316","potions_obtained":[{"floor":5,"key":"testmod-TestPotion"},{"floor":9,"key":"Fire Potion"},{"floor":14,"key":"testmod-TestPotion"},{"floor":16,"key":"Dexterity Potion"},{"floor":20,"key":"Explosive Potion"},{"floor":23,"key":"SkillPotion"},{"floor":25,"key":"AttackPotion"},{"floor":26,"key":"Swift Potion"},{"floor":33,"key":"LiquidBronze"},{"floor":38,"key":"champ:CounterPotion"},{"floor":44,"key":"SkillPotion"},{"floor":52,"key":"Slimebound:ThreeZeroPotion"}],"is_trial":true,"path_per_floor":["R","M","M","$","M","E","T","E","E","$","E","M","R","E","M","B",null,"R","M","M","M","$","M","T","E","E","R","E","E","?","M","M","B",null,"R","M","M","M","$","E","T","M","?","E","M","B",null,"E","$","R","B","B",null],"character_chosen":"SLIMEBOUND","items_purchased":["Slimebound:SplitMire","EntropicBrew","Vajra","testmod-AutoReboundSystem","Slimebound:DivideAndConquer","Nunchaku","MostiFishMod:AdaptiveDefenses","Slimebound:ComboTackle","expansioncontent:StudyTheSpire","reliquary:FingerTrap","Slimebound:MegaLick","Centennial Puzzle"],"campfire_rested":0,"item_purchase_floors":[4,4,4,10,22,35,35,35,39,49,49,49],"current_hp_per_floor":[1,1,1,1,1,1,1,1,1,1,1,1,1,1,1,1,1,11,1,1,1,1,1,1,1,1,1,1,1,1,1,1,1,1,1,1,1,1,1,1,1,1,1,1,1,1,1,8,1,1,1,1],"gold":771,"neow_bonus":"","is_daily":false,"chose_seed":false,"campfire_upgraded":4,"win_rate":0.0,"timestamp":1614414393,"path_taken":["R","M","M","$","M","E","T","E","E","$","E","M","R","E","M","BOSS","R","M","M","M","$","M","T","E","E","R","E","E","?","M","M","BOSS","R","M","M","M","$","E","T","M","?","E","M","BOSS","E","$","R","BOSS","BOSS"],"items_purchased_type":["Card","Potion","Relic","Card","Card","Relic","Relic","Card","Card","Relic","Card","Relic"],"build_version":"2020-12-22","purchased_purges":1,"victory":true,"max_hp_per_floor":[1,1,1,1,1,1,1,1,1,1,1,1,1,1,1,1,1,11,1,1,1,1,1,1,1,1,1,1,1,1,1,1,1,1,1,1,1,1,1,1,1,1,1,1,1,1,1,8,1,1,1,1],"relic_stats":{"Nunchaku":[6],"Centennial Puzzle":[0],"Busted Crown":36,"counters":[34,62],"Shuriken":[17],"Dead Branch":[288],"Gambling Chip":[2],"MealTicket":0,"Boot":[0],"obtain_stats":[{"AT_ATBox":0,"Calipers":19,"Vajra":4,"downfall:HeartBlessingGreen":27,"MostiFishMod:AdaptiveDefenses":35,"downfall:TeleportStone":43,"Boot":44,"reliquary:QuartzCube":44,"Centennial Puzzle":49,"Strawberry":48,"MealTicket":36,"REME_ArchaeologicalTools":21,"OneHitWonderSystem":0,"reliquary:FingerTrap":49,"Slimebound:AggressiveSlimeRelic":23,"testmod-TestBox":0,"Dead Branch":2,"reliquary:TatteredRug":9,"AT_SilverBalance":28,"reliquary:WeakTea":32,"AT_SilvercatRing":15,"sneckomod:SneckoTalon":17,"Akabeko":12,"testmod-RealStoneCalender":0,"AT_LudenTempest":38,"REME_HourglassOfDeath":40,"Shuriken":25,"AT_TheCollector":46,"testmod-Acrobat":37,"Molten Egg 2":52,"OriginationStaff":29,"reliquary:Knoch":20,"AT_BellDemon":42,"DaveBox":0,"reliquary:BoilingFlask":11,"reliquary:Firecrackers":48,"Nunchaku":35,"testmod-InjuryResistance":8,"downfall:HeartBlessingBlue":18,"Gambling Chip":51,"testmod-ObsoleteBoomerang":0,"HollowDreamFlower":14,"AT_ForceNature":26,"testmod-Muramasa":45,"downfall:HeartBlessingRed":18,"JellyFishMachine":34,"champ:DeflectingBracers":45,"reliquary:RosewoodLute":24,"sneckomod:BabySnecko":30,"Busted Crown":0,"AT_BellowingDragoncrestRing":5,"reliquary:Stiletto":41,"Slimebound:AbsorbEndCombat":0,"reliquary:TuningFork":31,"AT_SunfireAegis":6,"REME_ComplimentaryCards":0},{"AT_ATBox":0,"Calipers":13,"Vajra":3,"downfall:HeartBlessingGreen":18,"MostiFishMod:AdaptiveDefenses":23,"downfall:TeleportStone":28,"Boot":29,"reliquary:QuartzCube":29,"Centennial Puzzle":32,"Strawberry":32,"MealTicket":24,"REME_ArchaeologicalTools":15,"OneHitWonderSystem":0,"reliquary:FingerTrap":32,"Slimebound:AggressiveSlimeRelic":16,"testmod-TestBox":0,"Dead Branch":1,"reliquary:TatteredRug":7,"AT_SilverBalance":19,"reliquary:WeakTea":22,"AT_SilvercatRing":11,"sneckomod:SneckoTalon":12,"Akabeko":9,"testmod-RealStoneCalender":0,"AT_LudenTempest":26,"REME_HourglassOfDeath":27,"Shuriken":17,"AT_TheCollector":31,"testmod-Acrobat":25,"Molten Egg 2":34,"OriginationStaff":20,"reliquary:Knoch":14,"AT_BellDemon":28,"DaveBox":0,"reliquary:BoilingFlask":8,"reliquary:Firecrackers":32,"Nunchaku":23,"testmod-InjuryResistance":6,"downfall:HeartBlessingBlue":12,"Gambling Chip":33,"testmod-ObsoleteBoomerang":0,"HollowDreamFlower":10,"AT_ForceNature":18,"testmod-Muramasa":30,"downfall:HeartBlessingRed":12,"JellyFishMachine":23,"champ:DeflectingBracers":30,"reliquary:RosewoodLute":16,"sneckomod:BabySnecko":20,"Busted Crown":0,"AT_BellowingDragoncrestRing":4,"reliquary:Stiletto":27,"Slimebound:AbsorbEndCombat":0,"reliquary:TuningFork":21,"AT_SunfireAegis":5,"REME_ComplimentaryCards":0},{"AT_ATBox":0,"Calipers":24,"Vajra":6,"downfall:HeartBlessingGreen":31,"MostiFishMod:AdaptiveDefenses":38,"downfall:TeleportStone":46,"Boot":47,"reliquary:QuartzCube":47,"Centennial Puzzle":55,"Strawberry":55,"MealTicket":40,"REME_ArchaeologicalTools":27,"OneHitWonderSystem":0,"reliquary:FingerTrap":55,"Slimebound:AggressiveSlimeRelic":29,"testmod-TestBox":0,"Dead Branch":1,"reliquary:TatteredRug":14,"AT_SilverBalance":32,"reliquary:WeakTea":35,"AT_SilvercatRing":20,"sneckomod:SneckoTalon":23,"Akabeko":17,"testmod-RealStoneCalender":0,"AT_LudenTempest":43,"REME_HourglassOfDeath":45,"Shuriken":30,"AT_TheCollector":52,"testmod-Acrobat":41,"Molten Egg 2":62,"OriginationStaff":33,"reliquary:Knoch":25,"AT_BellDemon":46,"DaveBox":0,"reliquary:BoilingFlask":16,"reliquary:Firecrackers":55,"Nunchaku":38,"testmod-InjuryResistance":12,"downfall:HeartBlessingBlue":23,"Gambling Chip":58,"testmod-ObsoleteBoomerang":0,"HollowDreamFlower":19,"AT_ForceNature":31,"testmod-Muramasa":48,"downfall:HeartBlessingRed":23,"JellyFishMachine":38,"champ:DeflectingBracers":48,"reliquary:RosewoodLute":29,"sneckomod:BabySnecko":33,"Busted Crown":0,"AT_BellowingDragoncrestRing":8,"reliquary:Stiletto":45,"Slimebound:AbsorbEndCombat":0,"reliquary:TuningFork":34,"AT_SunfireAegis":10,"REME_ComplimentaryCards":0}]},"card_choices":[{"not_picked":[],"picked":"Slimebound:LeadByExample","floor":4.0}],"player_experience":112693,"relics_obtained":[{"floor":2.0,"key":"Dead Branch"},{"floor":5,"key":"AT_BellowingDragoncrestRing"},{"floor":6,"key":"AT_SunfireAegis"},{"floor":8,"key":"testmod-InjuryResistance"},{"floor":9,"key":"reliquary:TatteredRug"},{"floor":11,"key":"reliquary:BoilingFlask"},{"floor":12,"key":"Akabeko"},{"floor":14,"key":"HollowDreamFlower"},{"floor":15,"key":"AT_SilvercatRing"},{"floor":19,"key":"Calipers"},{"floor":20,"key":"reliquary:Knoch"},{"floor":21,"key":"REME_ArchaeologicalTools"},{"floor":23,"key":"Slimebound:AggressiveSlimeRelic"},{"floor":24,"key":"reliquary:RosewoodLute"},{"floor":25,"key":"Shuriken"},{"floor":26,"key":"AT_ForceNature"},{"floor":28,"key":"AT_SilverBalance"},{"floor":29,"key":"OriginationStaff"},{"floor":31,"key":"reliquary:TuningFork"},{"floor":32,"key":"reliquary:WeakTea"},{"floor":36,"key":"MealTicket"},{"floor":37,"key":"testmod-Acrobat"},{"floor":38,"key":"AT_LudenTempest"},{"floor":40,"key":"REME_HourglassOfDeath"},{"floor":41,"key":"reliquary:Stiletto"},{"floor":42,"key":"AT_BellDemon"},{"floor":44,"key":"Boot"},{"floor":44,"key":"reliquary:QuartzCube"},{"floor":45,"key":"champ:DeflectingBracers"},{"floor":45,"key":"testmod-Muramasa"},{"floor":46,"key":"AT_TheCollector"},{"floor":48,"key":"reliquary:Firecrackers"},{"floor":48,"key":"Strawberry"},{"floor":51,"key":"Gambling Chip"},{"floor":52,"key":"Molten Egg 2"}],"event_choices":[],"is_beta":false,"boss_relics":[{"not_picked":["testmod-KeyOfTheVoid","BloodWine"],"picked":"sneckomod:SneckoTalon"},{"not_picked":["Runic Dome","testmod-StringDisintegrator"],"picked":"JellyFishMachine"}],"items_purged_floors":[35],"is_endless":true,"potions_floor_spawned":[5,6,9,11,14,16,20,23,25,26,33,38,42,44,45,51,52],"ascension_level":20}}