{"host":"6jrnojxwearbrjzo","time":1614441702,"event":{"mods":["BaseMod","Conspire","Minty Spire (QoL Compilation)","MostiFishMod","Quick Restart","Random Character Button","Remilia（蕾米莉亚）","Shop Mod","Spicy Shops","StSLib","SuperFastMode","Td1madao Mod","TestMod","The Servant 0.9.4","Yuyuko","[功能]功能增强和修复MOD","篝火指南"],"gold_per_floor":[119,84,159,179,0,48,48,62,62,62,99,99,64,75,75,180,180,191,101,-1304,-1271,13,38,38,66,112,132,166,85,94,111,111,227,227,261,270,293,311,387,425,825,55,55,88,88,88,363,381,381,383],"floor_reached":51,"language":"ZHS","playtime":1590,"items_purged":["Strike_B","Strike_B","Defend_B","Defend_B","Defend_B","Strike_B","Strike_B","Consume","Seek+1","Cold Snap","Ball Lightning+1","Undo","Tempest+1"],"score":1721,"play_id":"53647e4f-e0f5-48ac-ae32-62a0b8f246d9","local_time":"20210228000142","is_ascension_mode":true,"campfire_choices":[{"data":"Zap","floor":10.0,"key":"SMITH"},{"data":"Genetic Algorithm","floor":12.0,"key":"SMITH"},{"floor":15.0,"key":"REST"},{"data":"Darkness","floor":32.0,"key":"PURGE"},{"data":"MostiFishMod:StarOceanB+1","floor":45,"key":"PURGE"},{"floor":49,"key":"DIG"}],"circlet_count":0,"master_deck":["AscendersBane","Genetic Algorithm+1","MostiFishMod:ReadyAimFire+1","Coolheaded+1","Blizzard+1","Electrodynamics+1","testmod-SunMoon+1","MostiFishMod:Overload+1"],"relics":["Cracked Core","testmod-TestBox","testmod-TheFather","BrkXgEgg","SynthV:TestCard","Omamori","Bag of Preparation","testmod-AssaultLearning","testmod-Justice","Anchor","conspire:SpecialSausage","SynthV:MejaisSoulstealer","CeramicFish","The Courier","Peace Pipe","SynthV:C4","Oddly Smooth Stone","DiscerningMonocle","GreenFoldingFan","DataDisk","Sling","Eternal Feather","Centennial Puzzle","Potion Belt","conspire:IceCreamScoop","ScarletDevilRocket","Pear","Blood Vial","TakeMeEscape","Happy Flower","PreservedInsect","Shovel","Mummified Hand","Akabeko","Ornamental Fan","Letter Opener","testmod-RandomTest","DianDianMeat","testmod-IndustrialRevolution","Bronze Scales","Blue Candle","War Paint","conspire:TopHat","Ancient Tea Set","Lantern","Vajra","Torii","testmod-Déjàvu","Incense Burner","conspire:GiftBox","Dream Catcher","testmod-BalancedPeriapt","Frozen Egg 2","testmod-Acrobat","Orichalcum","Gremlin Horn","testmod-Hope","DianPoetry","White Beast Statue","testmod-IntensifyImprint","Symbiotic Virus","Shuriken","testmod-ThousandKnives","testmod-Muramasa","Juzu Bracelet","testmod-TurbochargingSystem","Pen Nib","testmod-Fortitude","Bag of Marbles","Toy Ornithopter","Strawberry","testmod-LifeArmor","Cables","conspire:InfiniteJournal","HornCleat","Molten Egg 2","Prayer Wheel","Art of War","Bottled Tornado","Turnip","conspire:DeflatedDodgeball","Sundial","Matryoshka","Darkstone Periapt","Bottled Lightning","conspire:Dentures","testmod-InjuryResistance","Toxic Egg 2","ImprovedEquipment","testmod-ArcanaOfDestiny","Lizard Tail","Meat on the Bone","InkBottle","testmod-ConstraintPeriapt","Pantograph","AntiCross","Bottled Flame","StrikeDummy","ThornShield","testmod-HeartOfStrike","testmod-Nyarlathotep","conspire:Boomerang","Dead Branch","testmod-FatalChain","testmod-RealStoneCalender","testmod-BlackFramedGlasses","Calipers","Medical Kit","testmod-Alchemist","testmod-BouquetWithThorns","Thread and Needle","testmod-Brilliant","Dodecahedron","TungstenRod"],"acts_visited":["Exordium","TheCity","TheBeyond"],"potions_floor_usage":[33],"damage_taken":[{"damage":6.0,"enemies":"Cultist","floor":1.0,"turns":3.0},{"damage":0.0,"enemies":"2 Louse","floor":4.0,"turns":1.0},{"damage":16.0,"enemies":"3 Sentries","floor":6.0,"turns":4.0},{"damage":10.0,"enemies":"Small Slimes","floor":8.0,"turns":2.0},{"damage":12.0,"enemies":"Lagavulin","floor":11.0,"turns":5.0},{"damage":0.0,"enemies":"Exordium Thugs","floor":14.0,"turns":1.0},{"damage":14.0,"enemies":"The Guardian","floor":16.0,"turns":6.0},{"damage":0.0,"enemies":"Shell Parasite","floor":18.0,"turns":1.0},{"damage":0.0,"enemies":"conspire:MimicChest","floor":21.0,"turns":2.0},{"damage":0.0,"enemies":"2 Thieves","floor":22.0,"turns":2.0},{"damage":0.0,"enemies":"Book of Stabbing","floor":23.0,"turns":1.0},{"damage":0.0,"enemies":"Slavers","floor":25.0,"turns":1.0},{"damage":0.0,"enemies":"3 Cultists","floor":27.0,"turns":1.0},{"damage":0.0,"enemies":"Book of Stabbing","floor":28.0,"turns":1.0},{"damage":0.0,"enemies":"Snecko","floor":31.0,"turns":1.0},{"damage":69,"enemies":"Champ","floor":33,"turns":8},{"damage":24,"enemies":"3 Darklings","floor":35,"turns":3},{"damage":2,"enemies":"3 Shapes","floor":37,"turns":1},{"damage":2,"enemies":"Reptomancer","floor":40,"turns":1},{"damage":1,"enemies":"Nemesis","floor":44,"turns":1},{"damage":0,"enemies":"3 Darklings","floor":48,"turns":1},{"damage":1,"enemies":"Donu and Deca","floor":50,"turns":1}],"seed_played":"-6423737906031497345","potions_obtained":[{"floor":4.0,"key":"LiquidMemories"},{"floor":14.0,"key":"DuplicationPotion"},{"floor":16.0,"key":"ColorlessPotion"},{"floor":23.0,"key":"FairyPotion"},{"floor":33,"key":"DistilledChaos"},{"floor":40,"key":"CultistPotion"},{"floor":44,"key":"testmod-TestPotion"}],"is_trial":false,"path_per_floor":["M","?","?","M","$","E","?","M","T","R","E","R","$","M","R","B",null,"M","?","$","?","M","E","?","E","T","M","E","R","?","M","R","B",null,"M","?","M","$","T","E","?","R","T","E","R","$","?","M","R","B",null],"character_chosen":"DEFECT","items_purchased":["Omamori","Genetic Algorithm","Bag of Preparation","SynthV:MejaisSoulstealer","DiscerningMonocle","DataDisk","Sling","Eternal Feather","Centennial Puzzle","Potion Belt","conspire:IceCreamScoop","ScarletDevilRocket","Pear","Blood Vial","TakeMeEscape","Happy Flower","PreservedInsect","Shovel","Mummified Hand","Akabeko","Ornamental Fan","Letter Opener","testmod-RandomTest","DianDianMeat","testmod-IndustrialRevolution","Bronze Scales","Blue Candle","War Paint","conspire:TopHat","Ancient Tea Set","Lantern","Vajra","Torii","testmod-Déjàvu","Incense Burner","conspire:GiftBox","Dream Catcher","testmod-BalancedPeriapt","Frozen Egg 2","testmod-Acrobat","Orichalcum","Gremlin Horn","testmod-Hope","DianPoetry","White Beast Statue","testmod-IntensifyImprint","Symbiotic Virus","Shuriken","testmod-ThousandKnives","testmod-Muramasa","Juzu Bracelet","testmod-TurbochargingSystem","Pen Nib","testmod-Fortitude","Bag of Marbles","Toy Ornithopter","Strawberry","testmod-LifeArmor","Cables","conspire:InfiniteJournal","HornCleat","Molten Egg 2","Prayer Wheel","Art of War","Bottled Tornado","Turnip","conspire:DeflatedDodgeball","Sundial","Matryoshka","Darkstone Periapt","Bottled Lightning","conspire:Dentures","testmod-InjuryResistance","Toxic Egg 2","ImprovedEquipment","testmod-ArcanaOfDestiny","Lizard Tail","Meat on the Bone","InkBottle","testmod-ConstraintPeriapt","Pantograph","AntiCross","Bottled Flame","StrikeDummy","ThornShield","testmod-HeartOfStrike","testmod-SunMoon+1","testmod-FatalChain","testmod-RealStoneCalender","testmod-BlackFramedGlasses","Calipers","Medical Kit","testmod-Brilliant","Dodecahedron"],"campfire_rested":1,"item_purchase_floors":[5,5,5,20,29,38,38,38,38,38,38,38,38,38,38,38,38,38,38,38,38,38,38,38,38,38,38,38,38,38,38,38,38,38,38,38,38,38,38,38,38,38,38,38,38,38,38,38,38,38,38,38,38,38,38,38,38,38,38,38,38,38,38,38,38,38,38,38,38,38,38,38,38,38,38,38,38,38,38,38,38,38,38,38,38,38,38,42,42,42,42,42,46,46],"current_hp_per_floor":[58,80,72,72,72,56,56,46,46,46,34,34,34,34,60,46,78,78,78,78,78,78,78,78,78,78,78,78,78,78,78,78,125,185,171,171,179,216,216,216,216,216,216,216,216,216,216,216,216,216],"gold":383,"neow_bonus":"TWENTY_PERCENT_HP_BONUS","is_daily":false,"chose_seed":false,"campfire_upgraded":2,"win_rate":0.0,"timestamp":1614441702,"path_taken":["M","?","?","?","$","E","?","M","T","R","E","R","?","M","R","BOSS","M","?","?","?","?","E","?","E","T","M","E","R","?","M","R","BOSS","M","?","?","$","?","E","?","R","T","E","R","$","?","M","R","BOSS"],"items_purchased_type":["Relic","Card","Relic","Relic","Relic","Relic","Relic","Relic","Relic","Relic","Relic","Relic","Relic","Relic","Relic","Relic","Relic","Relic","Relic","Relic","Relic","Relic","Relic","Relic","Relic","Relic","Relic","Relic","Relic","Relic","Relic","Relic","Relic","Relic","Relic","Relic","Relic","Relic","Relic","Relic","Relic","Relic","Relic","Relic","Relic","Relic","Relic","Relic","Relic","Relic","Relic","Relic","Relic","Relic","Relic","Relic","Relic","Relic","Relic","Relic","Relic","Relic","Relic","Relic","Relic","Relic","Relic","Relic","Relic","Relic","Relic","Relic","Relic","Relic","Relic","Relic","Relic","Relic","Relic","Relic","Relic","Relic","Relic","Relic","Relic","Relic","Card","Relic","Relic","Relic","Relic","Relic","Relic","Relic"],"build_version":"2020-12-22","purchased_purges":13,"victory":true,"max_hp_per_floor":[89,89,89,89,89,89,89,89,89,89,89,89,89,89,89,89,89,89,89,89,89,89,89,89,89,89,89,89,89,89,89,89,205,205,205,205,205,216,216,216,216,216,216,216,216,216,216,216,216,216],"card_choices":[{"not_picked":["Go for the Eyes","Sweeping Beam"],"picked":"Ball Lightning","floor":1.0},{"not_picked":["Redo","Defragment","Heatsinks","Barrage"],"picked":"Undo","floor":4.0},{"not_picked":["Compile Driver","Doom and Gloom","Ball Lightning","Consume"],"picked":"Cold Snap","floor":6.0},{"not_picked":["Barrage","Rebound","Gash","Rip and Tear","Go for the Eyes"],"picked":"SKIP","floor":8.0},{"not_picked":["White Noise","Force Field","Go for the Eyes","Defragment"],"picked":"MostiFishMod:ReadyAimFire+1","floor":11.0},{"not_picked":["Beam Cell","MostiFishMod:PushDownKick","Turbo","Reprogram"],"picked":"Consume","floor":14.0},{"not_picked":["MostiFishMod:Distribution+1","MostiFishMod:ActiveDefenseSystem+1","Reboot+1","MostiFishMod:SeaWaves+1"],"picked":"Seek+1","floor":16.0},{"not_picked":["Conserve Battery","Heatsinks","Chill+1","Gash","Cold Snap"],"picked":"SKIP","floor":18.0},{"not_picked":["Streamline","Redo","Beam Cell","Hello World","Defragment"],"picked":"SKIP","floor":22.0},{"not_picked":["Tempest","Reprogram","Streamline","Consume+1","Self Repair"],"picked":"SKIP","floor":23.0},{"not_picked":["Cold Snap","Glacier","Barrage","Streamline","Self Repair"],"picked":"SKIP","floor":25.0},{"not_picked":["Barrage","Conserve Battery","Ball Lightning+1","Steam Power","Recycle"],"picked":"SKIP","floor":27.0},{"not_picked":["Reinforced Body","Double Energy","MostiFishMod:Exploitation+1","Heatsinks","Gash"],"picked":"SKIP","floor":28.0},{"not_picked":["Hologram+1","Barrage","Sweeping Beam+1","Scrape","Compile Driver"],"picked":"SKIP","floor":31.0},{"not_picked":["MostiFishMod:DeathFromBelow+1","Core Surge+1","MostiFishMod:Prepare+1","Echo Form+1"],"picked":"MostiFishMod:StarOceanB+1","floor":33},{"not_picked":["Coolheaded","Aggregate+1","MostiFishMod:Impulse+1","Cold Snap"],"picked":"Tempest+1","floor":35},{"not_picked":["Ball Lightning+1","Go for the Eyes+1","Steam Power+1","MostiFishMod:PushDownKick+1"],"picked":"Blizzard+1","floor":37},{"not_picked":["MostiFishMod:ATRI","MostiFishMod:Exploitation"],"picked":"Electrodynamics","floor":38},{"not_picked":["MostiFishMod:PushDownKick+1","Redo+1","Gash+1","Loop+1"],"picked":"MostiFishMod:Overload+1","floor":40},{"not_picked":["Undo+1","MostiFishMod:Impulse+1","Go for the Eyes+1","Storm+1","Barrage+1"],"picked":"SKIP","floor":44},{"not_picked":["FTL+1","Seek+1","Sweeping Beam+1","Gash+1","Cold Snap+1"],"picked":"SKIP","floor":48},{"not_picked":["Doom and Gloom+1","Conserve Battery+1","Coolheaded+1","Tempest+1","Cold Snap+1"],"picked":"SKIP","floor":48}],"player_experience":160768,"relics_obtained":[{"floor":1.0,"key":"SynthV:TestCard"},{"floor":6.0,"key":"testmod-AssaultLearning"},{"floor":9.0,"key":"testmod-Justice"},{"floor":11.0,"key":"Anchor"},{"floor":21.0,"key":"CeramicFish"},{"floor":23.0,"key":"The Courier"},{"floor":25.0,"key":"Peace Pipe"},{"floor":26.0,"key":"SynthV:C4"},{"floor":28.0,"key":"Oddly Smooth Stone"},{"floor":39,"key":"testmod-Nyarlathotep"},{"floor":39,"key":"conspire:Boomerang"},{"floor":40,"key":"Dead Branch"},{"floor":43,"key":"testmod-Alchemist"},{"floor":43,"key":"testmod-BouquetWithThorns"},{"floor":44,"key":"Thread and Needle"},{"floor":49,"key":"TungstenRod"}],"event_choices":[{"damage_healed":22.0,"max_hp_gain":0.0,"max_hp_loss":0.0,"gold_gain":0.0,"event_name":"The Cleric","player_choice":"Healed","floor":2.0,"gold_loss":35.0,"damage_taken":0.0},{"damage_healed":0.0,"max_hp_gain":0.0,"max_hp_loss":0.0,"gold_gain":75.0,"event_name":"FaceTrader","player_choice":"Touch","floor":3.0,"gold_loss":0.0,"damage_taken":8.0},{"damage_healed":0.0,"max_hp_gain":0.0,"max_hp_loss":0.0,"gold_gain":0.0,"event_name":"Upgrade Shrine","player_choice":"Upgraded","floor":7.0,"gold_loss":0.0,"damage_taken":0.0,"cards_upgraded":["Dualcast"]},{"cards_removed":["Defend_B"],"damage_healed":0.0,"max_hp_gain":0.0,"max_hp_loss":0.0,"gold_gain":0.0,"event_name":"Designer","player_choice":"Upgrade and Remove","floor":19.0,"gold_loss":90.0,"damage_taken":0.0,"cards_upgraded":["Ball Lightning"]},{"damage_healed":0.0,"max_hp_gain":0.0,"max_hp_loss":0.0,"gold_gain":0.0,"event_name":"Vampires","player_choice":"Ignored","floor":24.0,"gold_loss":0.0,"damage_taken":0.0},{"damage_healed":0.0,"max_hp_gain":0.0,"max_hp_loss":0.0,"gold_gain":0.0,"cards_transformed":["Zap"],"event_name":"Transmorgrifier","player_choice":"Transformed","floor":30.0,"gold_loss":0.0,"damage_taken":0.0,"cards_obtained":["Darkness"]},{"damage_healed":0,"gold_gain":0,"cards_transformed":["Dualcast"],"player_choice":"Transformed","damage_taken":0,"max_hp_gain":0,"max_hp_loss":0,"event_name":"Transmorgrifier","floor":36,"gold_loss":0,"cards_obtained":["Coolheaded"]},{"damage_healed":0,"gold_gain":400,"player_choice":"Sell","damage_taken":0,"max_hp_gain":0,"max_hp_loss":0,"event_name":"恩洛斯的盘子","floor":41,"relics_lost":["DaveBox"],"gold_loss":0},{"damage_healed":0,"gold_gain":275,"player_choice":"Desecrate","damage_taken":0,"max_hp_gain":0,"max_hp_loss":0,"event_name":"Golden Shrine","floor":47,"gold_loss":0,"cards_obtained":["Regret"]}],"is_beta":false,"boss_relics":[{"not_picked":["testmod-PortableAltar","testmod-Nine"],"picked":"conspire:SpecialSausage"},{"not_picked":["testmod-KeyOfTheVoid","RhineCircuit"],"picked":"GreenFoldingFan"}],"items_purged_floors":[13,13,13,13,13,13,13,20,29,29,29,29,42],"is_endless":false,"potions_floor_spawned":[4,14,16,18,22,23,23,25,27,27,28,28,33,33,37,37,40,40,44,44,48],"ascension_level":11}}