{"host":"1focbxb2e8qu7ccd","time":1614452939,"event":{"mods":["AchievementEnabler","BaseMod","Bestiary","Highlight Path","Minty Spire (QoL Compilation)","Relic Stats"],"gold_per_floor":[114,130,140,120,130,130,161,161,161,161,177,13,39,54,54,54,54],"floor_reached":16,"language":"ENG","playtime":908,"items_purged":[],"score":224,"play_id":"3352d82b-829b-48d1-8db4-db7090378bef","local_time":"20210227140859","is_ascension_mode":true,"campfire_choices":[{"data":"Dash","floor":6.0,"key":"SMITH"},{"data":"Adrenaline","floor":8,"key":"SMITH"},{"data":"Sucker Punch","floor":10,"key":"SMITH"},{"data":"Poisoned Stab","floor":15,"key":"SMITH"}],"circlet_count":0,"master_deck":["AscendersBane","Strike_G","Strike_G","Strike_G","Strike_G","Defend_G","Defend_G","Defend_G","Defend_G","Survivor","Neutralize","Leg Sweep","Caltrops","Dagger Throw","Dash+1","Sucker Punch+1","Poisoned Stab+1","Adrenaline+1","Deadly Poison","Concentrate"],"relics":["Ring of the Snake","Bottled Lightning","Ice Cream","Membership Card","Bird Faced Urn"],"acts_visited":["Exordium"],"potions_floor_usage":[11,16,16],"damage_taken":[{"damage":0.0,"enemies":"Cultist","floor":1.0,"turns":4.0},{"damage":2.0,"enemies":"2 Louse","floor":2.0,"turns":3.0},{"damage":2.0,"enemies":"Jaw Worm","floor":3.0,"turns":5.0},{"damage":0.0,"enemies":"3 Louse","floor":5.0,"turns":4.0},{"damage":24.0,"enemies":"Gremlin Nob","floor":7.0,"turns":3.0},{"damage":0,"enemies":"Lots of Slimes","floor":11,"turns":1},{"damage":6,"enemies":"Lagavulin","floor":13,"turns":5},{"damage":0,"enemies":"Blue Slaver","floor":14,"turns":2},{"damage":35,"enemies":"Slime Boss","floor":16,"turns":9}],"seed_played":"-2799974621690635878","potions_obtained":[{"floor":1.0,"key":"FearPotion"},{"floor":4.0,"key":"Energy Potion"},{"floor":7,"key":"Explosive Potion"},{"floor":11,"key":"ColorlessPotion"},{"floor":13,"key":"PowerPotion"}],"is_trial":false,"path_per_floor":["M","M","M","?","M","R","E","R","T","R","M","$","E","M","R","B"],"character_chosen":"THE_SILENT","items_purchased":["Membership Card"],"campfire_rested":0,"item_purchase_floors":[12],"current_hp_per_floor":[59,57,55,55,55,55,31,31,31,31,31,31,25,25,25,0,0],"gold":54,"neow_bonus":"TRANSFORM_TWO_CARDS","is_daily":false,"chose_seed":false,"campfire_upgraded":4,"win_rate":0.0,"timestamp":1614452939,"path_taken":["M","?","M","?","M","R","E","R","T","R","M","?","E","M","R","BOSS"],"items_purchased_type":["Relic"],"build_version":"2020-12-22","purchased_purges":0,"victory":false,"max_hp_per_floor":[60,60,60,60,60,60,60,60,60,60,60,60,60,60,60,60,60],"relic_stats":{"counters":[9,36],"Bird Faced Urn":[4],"obtain_stats":[{"Ice Cream":9,"Bird Faced Urn":13,"Bottled Lightning":7,"Membership Card":12,"Ring of the Snake":0},{"Ice Cream":5,"Bird Faced Urn":7,"Bottled Lightning":5,"Membership Card":6,"Ring of the Snake":0},{"Ice Cream":19,"Bird Faced Urn":25,"Bottled Lightning":19,"Membership Card":20,"Ring of the Snake":0}],"Ring of the Snake":[18]},"card_choices":[{"not_picked":["Heel Hook","Slice"],"picked":"Dagger Throw","floor":1.0},{"not_picked":["Caltrops","Slice"],"picked":"Dash","floor":2.0},{"not_picked":["Deadly Poison","Expertise"],"picked":"Sucker Punch","floor":3.0},{"not_picked":["Dagger Throw","Dagger Spray"],"picked":"Poisoned Stab","floor":5.0},{"not_picked":["Underhanded Strike","Quick Slash"],"picked":"Adrenaline","floor":7},{"not_picked":["Distraction","Riddle With Holes"],"picked":"Deadly Poison","floor":11},{"not_picked":["Sucker Punch","Deflect"],"picked":"Concentrate","floor":13},{"not_picked":["Deadly Poison","Terror","Cloak And Dagger"],"picked":"SKIP","floor":14}],"player_experience":1055170,"relics_obtained":[{"floor":7,"key":"Bottled Lightning"},{"floor":9,"key":"Ice Cream"},{"floor":13,"key":"Bird Faced Urn"}],"event_choices":[{"damage_healed":0.0,"max_hp_gain":0.0,"max_hp_loss":0.0,"gold_gain":0.0,"event_name":"The Woman in Blue","player_choice":"Bought 1 Potion","floor":4.0,"gold_loss":0.0,"damage_taken":0.0}],"is_beta":false,"boss_relics":[],"items_purged_floors":[],"is_endless":false,"potions_floor_spawned":[1,7,11,13],"killed_by":"Slime Boss","ascension_level":20}}