{"host":"gmyk8bg94oizxlix","time":1614400434,"event":{"mods":["Aspiration","Bard","BaseMod","Beaked The Cultist","Better Third Choice","Colored Powertips","Conspire","Downfall","Energized Spire","GifTheSpireLib","Glutton Mod","Googly Eyes","Hermit","Hubris","Infinite Spire","Mad Scientist","Marisa????????","Minty Spire (QoL Compilation)","Quick Restart","Replay The Spire","Shade Mod","Spikes Relics","StSLib","Stuff the Spire","The Bladedancer","The Construct","The Cursed","The Disciple","The Druid","The Florist","The Forsaken","The Jungle","The Necromancer","The Poker Player","The Runesmith","The Sage","The Servant 0.9.4"],"gold_per_floor":[119,136,155,80,80,107,107,118,145,145,145,145,180,180,180,180,180],"floor_reached":16,"language":"ENG","playtime":1073,"items_purged":["Strike_R"],"score":108,"play_id":"22a86b32-a44a-4914-9491-1c77b76b8827","local_time":"20210226233354","is_ascension_mode":false,"campfire_choices":[{"data":"Abandon","floor":10.0,"key":"SMITH"},{"floor":12.0,"key":"REST"},{"floor":15,"key":"DIG"}],"circlet_count":0,"master_deck":["Strike_R","Strike_R","Strike_R","Defend_R","Defend_R","Defend_R","Defend_R","Bash","Absolvement","True Grit","ReplayTheSpireMod:Strike From Hell","Double Tap","Abandon+1","ReplayTheSpireMod:Strike From Hell"],"relics":["Burning Blood","Durian","theForsaken:Gavel","hubris:Towel","Gremlin Food","StuffTheSpire:Barrel"],"acts_visited":["Exordium"],"potions_floor_usage":[16,16],"damage_taken":[{"damage":9.0,"enemies":"Jaw Worm","floor":1.0,"turns":6.0},{"damage":15.0,"enemies":"infinitespire:Voidling","floor":2.0,"turns":5.0},{"damage":2.0,"enemies":"2 Louse","floor":3.0,"turns":5.0},{"damage":21.0,"enemies":"Replay:BlueRogue","floor":6.0,"turns":8.0},{"damage":13.0,"enemies":"conspire:2 RoseBushes","floor":8.0,"turns":8.0},{"damage":27,"enemies":"Lagavulin","floor":13,"turns":8},{"damage":72,"enemies":"Hexaghost","floor":16,"turns":10}],"seed_played":"543563287819776722","potions_obtained":[{"floor":6.0,"key":"Guardian:BlockOnCardUsePotion"},{"floor":13,"key":"PowerPotion"}],"is_trial":false,"path_per_floor":["M","M","M","$","?","E","$","M","T","R","?","R","E","?","R","B"],"character_chosen":"IRONCLAD","items_purchased":[],"campfire_rested":1,"item_purchase_floors":[],"current_hp_per_floor":[85,80,84,84,84,74,74,67,67,67,67,93,72,72,72,0,0],"gold":180,"neow_bonus":"TEN_PERCENT_HP_BONUS","is_daily":false,"chose_seed":false,"campfire_upgraded":1,"win_rate":0.0,"timestamp":1614400434,"path_taken":["M","M","M","$","?","E","$","?","T","R","?","R","E","?","R","BOSS"],"items_purchased_type":[],"build_version":"2020-12-22","purchased_purges":1,"victory":false,"max_hp_per_floor":[88,88,88,88,88,93,93,93,93,93,93,93,93,93,93,93,93],"card_choices":[{"not_picked":["Clothesline","Heavy Blade"],"picked":"Absolvement","floor":1.0},{"not_picked":["Fire Breathing","StuffTheSpire:RagingBull"],"picked":"True Grit","floor":2.0},{"not_picked":["ReplayTheSpireMod:Muscle Training","Flex"],"picked":"ReplayTheSpireMod:Strike From Hell","floor":3.0},{"not_picked":["Rampage","Warcry"],"picked":"Double Tap","floor":6.0},{"not_picked":["Clothesline","Shrug It Off"],"picked":"Abandon","floor":8.0},{"not_picked":["Inflame","conspire:Charge"],"picked":"ReplayTheSpireMod:Strike From Hell","floor":13}],"player_experience":913644,"relics_obtained":[{"floor":6.0,"key":"Durian"},{"floor":9.0,"key":"theForsaken:Gavel"},{"floor":13,"key":"Gremlin Food"},{"floor":15,"key":"StuffTheSpire:Barrel"}],"event_choices":[{"cards_removed":["Strike_R"],"damage_healed":0.0,"max_hp_gain":0.0,"max_hp_loss":0.0,"gold_gain":0.0,"event_name":"Wheel of Change","player_choice":"Card Removal","floor":5.0,"gold_loss":0.0,"damage_taken":0.0}],"is_beta":false,"boss_relics":[],"items_purged_floors":[4],"is_endless":false,"potions_floor_spawned":[6,13],"killed_by":"Hexaghost","ascension_level":0}}