{"host":"Krys","time":1614403344,"event":{"mods":["BaseMod","BetterRewards","Infinite Spire","Marisa????????","Minty Spire (QoL Compilation)","Remilia??????","Replay The Spire","Shade Mod","StSLib","The Death Knight","The Marked","The Servant 0.9.4"],"gold_per_floor":[113,113,113,65,78,112,112,127,127,127,145,175,188,188,188,284,284,297,317,317,317],"floor_reached":20,"language":"ENG","playtime":1631,"items_purged":[],"score":184,"play_id":"4eaa8d15-653d-4b11-9cc7-7a6cdff9a390","local_time":"20210227022224","is_ascension_mode":false,"campfire_choices":[{"data":"DeathKnight:Hysteria","floor":7,"key":"SMITH"},{"data":"DeathKnight:FrosPresence","floor":15,"key":"SMITH"}],"circlet_count":0,"master_deck":["DeathKnight:Strike_DeathKnight","DeathKnight:Strike_DeathKnight","DeathKnight:Strike_DeathKnight","DeathKnight:Strike_DeathKnight","DeathKnight:Strike_DeathKnight","DeathKnight:Defend_DeathKnight","DeathKnight:Defend_DeathKnight","DeathKnight:Defend_DeathKnight","DeathKnight:Defend_DeathKnight","DeathKnight:RuneTap","DeathKnight:RuneStrike+1","DeathKnight:PlagueStrike","Good Instincts","DeathKnight:DarkSuccor","DeathKnight:Hysteria+1","DeathKnight:DeathGrip","DeathKnight:BludPresence","DeathKnight:FrosPresence+1","DeathKnight:Pestilence","DeathKnight:MarkOfBlood","DeathKnight:BloodBoil","DeathKnight:Simulacrum","DeathKnight:Parry+1","DeathKnight:Hemostasis+1"],"relics":["DeathKnight:BrokenRuneblade","infinitespire:Lychee Nut","Letter Opener","Mango","infinitespire:FocusingShard","Replay:Bottled Flurry","Dream Catcher","Ring of Chaos"],"acts_visited":["Exordium","TheCity"],"potions_floor_usage":[12],"damage_taken":[{"damage":0,"enemies":"Jaw Worm","floor":1,"turns":4},{"damage":0,"enemies":"2 Louse","floor":5,"turns":2},{"damage":4,"enemies":"Replay:BlueRogue","floor":6,"turns":6},{"damage":0,"enemies":"Cultist","floor":8,"turns":3},{"damage":5,"enemies":"Red Slaver","floor":11,"turns":5},{"damage":21,"enemies":"Gremlin Nob","floor":12,"turns":5},{"damage":21,"enemies":"Exordium Thugs","floor":13,"turns":4},{"damage":32,"enemies":"The Guardian","floor":16,"turns":8},{"damage":43,"enemies":"3 Byrds","floor":18,"turns":6},{"damage":31,"enemies":"Chosen","floor":19,"turns":6}],"seed_played":"-8998948668091453733","potions_obtained":[{"floor":5,"key":"DeathKnight:RunicPotion"},{"floor":8,"key":"DuplicationPotion"},{"floor":11,"key":"FearPotion"},{"floor":19,"key":"DistilledChaos"}],"is_trial":false,"path_per_floor":["M","?","?","$","M","E","R","M","T","$","M","E","M","$","R","B",null,"M","M","AVR"],"character_chosen":"DEATH_KNIGHT","items_purchased":["infinitespire:Lychee Nut","Letter Opener","DeathKnight:Hysteria"],"campfire_rested":0,"item_purchase_floors":[0,0,4],"current_hp_per_floor":[60,60,60,60,63,65,65,70,70,70,68,50,35,35,35,9,70,30,5,5,5],"gold":317,"neow_bonus":"","is_daily":false,"chose_seed":false,"campfire_upgraded":2,"win_rate":0.0,"timestamp":1614403344,"path_taken":["M","?","?","$","M","E","R","?","T","$","M","E","M","?","R","BOSS","M","M","AVR"],"items_purchased_type":["Relic","Relic","Card"],"build_version":"2020-11-17","purchased_purges":0,"victory":false,"max_hp_per_floor":[70,70,70,70,70,70,70,70,70,70,70,70,70,70,70,70,70,70,70,70,70],"card_choices":[{"not_picked":["DeathKnight:BloodBoil","DeathKnight:Pestilence"],"picked":"DeathKnight:DarkSuccor","floor":1},{"not_picked":["DeathKnight:HornOfWinter","DeathKnight:HartStrike"],"picked":"DeathKnight:DeathGrip","floor":5},{"not_picked":["DeathKnight:UnholyExperiment","DeathKnight:HartStrike"],"picked":"DeathKnight:BludPresence","floor":6},{"not_picked":["DeathKnight:Lichborne","DeathKnight:AntiMagicShell"],"picked":"DeathKnight:FrosPresence","floor":8},{"not_picked":["DeathKnight:PathOfFrost","DeathKnight:HowlingBlast"],"picked":"DeathKnight:Pestilence","floor":11},{"not_picked":["DeathKnight:AntiMagicShell","DeathKnight:FrosPresence"],"picked":"DeathKnight:MarkOfBlood","floor":12},{"not_picked":["DeathKnight:Parry","DeathKnight:Pestilence"],"picked":"DeathKnight:BloodBoil","floor":13},{"not_picked":["DeathKnight:ArmyOfTheDead","DeathKnight:Outbreak"],"picked":"DeathKnight:Simulacrum","floor":16},{"not_picked":["DeathKnight:HornOfWinter","DeathKnight:BladedArmor"],"picked":"DeathKnight:Parry+1","floor":18},{"not_picked":["DeathKnight:DancingRuneblade","DeathKnight:FesteringStrike"],"picked":"DeathKnight:Hemostasis+1","floor":19}],"player_experience":49723,"relics_obtained":[{"floor":6,"key":"infinitespire:FocusingShard"},{"floor":9,"key":"Replay:Bottled Flurry"},{"floor":12,"key":"Dream Catcher"}],"event_choices":[{"damage_healed":0,"gold_gain":0,"player_choice":"Grow","damage_taken":0,"max_hp_gain":0,"max_hp_loss":0,"event_name":"Living Wall","floor":2,"gold_loss":0,"cards_upgraded":["DeathKnight:RuneStrike"]},{"damage_healed":0,"gold_gain":0,"player_choice":"Ignored","damage_taken":0,"max_hp_gain":0,"max_hp_loss":0,"event_name":"NoteForYourself","floor":3,"gold_loss":0}],"is_beta":true,"boss_relics":[{"not_picked":["ReplayTheSpireMod:DimensionalGlitch","Tiny House"],"picked":"Ring of Chaos"}],"items_purged_floors":[],"is_endless":false,"potions_floor_spawned":[5,8,11,19],"ascension_level":0}}