{"host":"yj06x81tgpxxnx6a","time":1614424699,"event":{"mods":["Act Like it!","BaseMod","Better Third Choice","BetterRewards","GifTheSpireLib","Halation","Hallownest","Hubris","Infinite Spire","Jorbs\u0027s Wanderer Trilogy","Mimic Mod","Minty Spire (QoL Compilation)","Quick Restart","Reliquary","Replay The Spire","Spire Arcade","StSLib"],"gold_per_floor":[114,114,129,145,145,170,170,224,254,288,288,300,300,15,15,117,117,137,52,52,52,70,101,101,114,114,114,146,146,146,162,162,262,262,280,310,310,310,330,330,361,361,385,385,419,70,70,108,108,209,209,306,383,389,415,41,41,41],"floor_reached":57,"language":"ENG","playtime":5617,"items_purged":["Normality"],"score":1283,"play_id":"47df1a44-2a34-4e2c-b6ff-4bc12d2062c8","local_time":"20210227041818","is_ascension_mode":false,"campfire_choices":[{"data":"stsjorbsmod:CorrodingBarrier","floor":7,"key":"SMITH"},{"data":"stsjorbsmod:Prestidigitation","floor":11,"key":"SMITH"},{"data":"stsjorbsmod:TinyHut","floor":15,"key":"SMITH"},{"data":"stsjorbsmod:BookOfTongues","floor":29,"key":"SMITH"},{"data":"stsjorbsmod:Stalwart","floor":32,"key":"SMITH"},{"data":"stsjorbsmod:CorrodingBarrier","floor":40,"key":"SMITH"},{"data":"stsjorbsmod:IvoryTower","floor":42,"key":"SMITH"},{"data":"Transmutation","floor":49,"key":"SMITH"}],"circlet_count":0,"master_deck":["stsjorbsmod:ForbiddenGrimoire+1","stsjorbsmod:Strike_Wanderer","stsjorbsmod:Strike_Wanderer","stsjorbsmod:FreshAdventure","stsjorbsmod:EyeOfTheStorm","stsjorbsmod:Message","stsjorbsmod:Materialize","stsjorbsmod:MagicMissiles","hubris:InfiniteBlow+12","stsjorbsmod:CorrodingBarrier+1","stsjorbsmod:Materialize","stsjorbsmod:Prestidigitation+1","stsjorbsmod:ArcaneWeapon","Hallownest:skillLeafShield","Hallownest:skillLeafShield","Hallownest:skillLeafShield","Hallownest:skillLeafShield","Hallownest:skillLeafShield","stsjorbsmod:TinyHut+1","stsjorbsmod:WanderingMind","stsjorbsmod:HedgeWizard","stsjorbsmod:ArcaneForm","stsjorbsmod:FranticSearch+1","hubris:InfiniteBlow+12","stsjorbsmod:Feast","stsjorbsmod:Trauma","stsjorbsmod:BookOfTongues+1","stsjorbsmod:SmithingStrike","stsjorbsmod:Channel","stsjorbsmod:FindFamiliar+1","stsjorbsmod:WanderingMind","stsjorbsmod:Stalwart+1","stsjorbsmod:FindFamiliar","stsjorbsmod:CorrodingBarrier+1","Doubt","stsjorbsmod:Paralysis","stsjorbsmod:Banish","hubris:Insight","infinitespire:NeuralNetwork","stsjorbsmod:IvoryTower+1","stsjorbsmod:Mindworm+1","stsjorbsmod:MagicMirror+1","stsjorbsmod:Thorns","stsjorbsmod:Materialize","stsjorbsmod:MistyStep","stsjorbsmod:Mindworm+1","stsjorbsmod:ChainLightning+1","stsjorbsmod:DisguiseSelf+1","stsjorbsmod:LocateObject+1","Transmutation+1","stsjorbsmod:Firebolt+1","stsjorbsmod:SiphonEnergy","stsjorbsmod:FaerieFire","stsjorbsmod:ScorchingRay","stsjorbsmod:Counterspell","Pain","stsjorbsmod:Fireball+1","Midas Touch","Discovery","Trip"],"relics":["stsjorbsmod:GrimoireRelic","NeowsBlessing","Ring of Peace","Ring of Panic","reliquary:Spinner","Gremlin Food","Replay:Rubber Ducky","reliquary:WeakTea","ReplayTheSpireMod:DimensionalGlitch","reliquary:QuartzCube","Coffee Dripper","reliquary:FerryPass","Pen Nib","Du-Vu Doll","hubris:BottledHeart","Centennial Puzzle","ReplayTheSpireMod:SealedPack","hubris:RunicObelisk","Hallownest:KingsIdolRelic","Pocketwatch","Blue Doll","hubris:Reverence","Orrery","hubris:Icosahedron","Cursed Key","Toy Ornithopter","PreservedInsect","ReplayTheSpireMod:ShopPack","Omamori"],"acts_visited":["Exordium","TheCity","TheCity","Hallownest:KingdomsEdge"],"potions_floor_usage":[33,33,48,50],"damage_taken":[{"damage":0,"enemies":"Hallownest:2_Baldur","floor":1,"turns":1},{"damage":0,"enemies":"Hallownest:monsterHuskWarrior","floor":3,"turns":1},{"damage":0,"enemies":"Hallownest:monsterHuskGuard","floor":4,"turns":1},{"damage":0,"enemies":"Hallownest:eliteCrystalGuardian","floor":6,"turns":3},{"damage":0,"enemies":"Hallownest:Wandering_and_Horned","floor":9,"turns":3},{"damage":0,"enemies":"Hallownest:eliteMossKnight","floor":10,"turns":2},{"damage":0,"enemies":"Hallownest:Wandering_and_Horned","floor":12,"turns":4},{"damage":0,"enemies":"Hallownest:BossHornet","floor":16,"turns":5},{"damage":0,"enemies":"2 Thieves","floor":18,"turns":3},{"damage":0,"enemies":"Spheric Guardian","floor":22,"turns":1},{"damage":0,"enemies":"Replay:Snechameleon","floor":23,"turns":1},{"damage":0,"enemies":"Snake Plant","floor":25,"turns":2},{"damage":0,"enemies":"Gremlin Leader","floor":28,"turns":3},{"damage":0,"enemies":"Snecko","floor":31,"turns":3},{"damage":0,"enemies":"Collector","floor":33,"turns":5},{"damage":0,"enemies":"Hallownest:2_Littles","floor":35,"turns":6},{"damage":0,"enemies":"Hallownest:3_Siblings","floor":36,"turns":5},{"damage":0,"enemies":"Hallownest:2_Great","floor":39,"turns":5},{"damage":0,"enemies":"Hallownest:eliteCollector","floor":41,"turns":6},{"damage":0,"enemies":"Nightmare","floor":45,"turns":5},{"damage":0,"enemies":"Hallownest:2_Wing_and_1_Kings","floor":48,"turns":4},{"damage":0,"enemies":"Hallownest:Radiance","floor":50,"turns":6},{"damage":0,"enemies":"Hallownest:2_Tiktiks_and_1_Crawlid","floor":52,"turns":3},{"damage":0,"enemies":"Hallownest:monsterHuskWarrior","floor":54,"turns":2},{"damage":15,"enemies":"Nightmare","floor":57,"turns":1}],"seed_played":"4011914622194067189","potions_obtained":[{"floor":1,"key":"SpeedPotion"},{"floor":3,"key":"GamblersBrew"},{"floor":16,"key":"infinitespire:BlackPotion"},{"floor":31,"key":"ColorlessPotion"},{"floor":36,"key":"Reflective Coating"},{"floor":41,"key":"CultistPotion"},{"floor":48,"key":"GamblersBrew"},{"floor":54,"key":"AttackPotion"}],"is_trial":false,"path_per_floor":["M","?","M","M","?","E","R","T","MIM","E","R","M","?","$","R","B",null,"M","?","AVR","?","M","E","?","M","T","?","E","R","?","M","R","B",null,"M","M","AVR","?","M","R","E","R","T","?","NM","$","?","M","R","B",null,"M","?","M","T","$","NM"],"character_chosen":"WANDERER","items_purchased":["stsjorbsmod:TinyHut","stsjorbsmod:WanderingMind","stsjorbsmod:HedgeWizard","Orrery","Transmutation","stsjorbsmod:Fireball+1","ReplayTheSpireMod:ShopPack","Omamori"],"campfire_rested":0,"item_purchase_floors":[14,14,14,46,46,56,56,56],"current_hp_per_floor":[68,68,68,68,50,51,51,51,52,53,53,53,53,53,53,55,68,68,68,68,68,68,70,70,70,70,1,1,1,1,1,1,1,1,1,1,1,1,1,1,1,1,1,1,1,1,1,1,1,1,1,1,1,1,1,1,0,0],"gold":41,"neow_bonus":"THREE_ENEMY_KILL","is_daily":false,"chose_seed":false,"campfire_upgraded":8,"win_rate":0.0,"timestamp":1614424698,"path_taken":["M","?","M","M","?","E","R","?","MIM","E","R","?","?","$","R","BOSS","M","?","AVR","?","?","E","?","M","T","?","E","R","?","M","R","BOSS","M","M","AVR","?","M","R","E","R","T","?","NM","$","?","?","R","BOSS","M","?","?","?","?","NM"],"items_purchased_type":["Card","Card","Card","Relic","Card","Card","Relic","Relic"],"build_version":"2020-12-22","purchased_purges":1,"victory":false,"max_hp_per_floor":[68,68,68,68,68,68,68,68,68,68,68,68,68,68,68,68,68,68,68,68,68,68,70,70,70,70,1,1,1,1,1,1,1,1,1,1,1,1,1,1,1,1,1,1,1,1,1,1,1,1,1,1,1,1,1,1,1,1],"card_choices":[{"not_picked":["stsjorbsmod:FracturedMind","stsjorbsmod:Firebolt"],"picked":"stsjorbsmod:Message","floor":1},{"not_picked":["stsjorbsmod:Mania","stsjorbsmod:FracturedMind"],"picked":"stsjorbsmod:Materialize","floor":3},{"not_picked":["stsjorbsmod:FracturedMind","stsjorbsmod:AnimateObjects"],"picked":"stsjorbsmod:MagicMissiles","floor":4},{"not_picked":["infinitespire:NeuralNetwork","infinitespire:Punishment"],"picked":"hubris:InfiniteBlow+12","floor":5},{"not_picked":["stsjorbsmod:ParryingBlow","stsjorbsmod:Index"],"picked":"stsjorbsmod:CorrodingBarrier","floor":6},{"not_picked":["stsjorbsmod:Hibernate","stsjorbsmod:Thorns"],"picked":"stsjorbsmod:Materialize","floor":9},{"not_picked":["stsjorbsmod:OldPocket","stsjorbsmod:BurningFlask"],"picked":"stsjorbsmod:Prestidigitation","floor":10},{"not_picked":["stsjorbsmod:ParryingBlow","stsjorbsmod:Counterspell"],"picked":"stsjorbsmod:ArcaneWeapon","floor":12},{"not_picked":["stsjorbsmod:ThirstingSword","stsjorbsmod:DeathThroes"],"picked":"stsjorbsmod:ArcaneForm","floor":16},{"not_picked":["stsjorbsmod:Firebolt","stsjorbsmod:RefuseToForget"],"picked":"stsjorbsmod:FranticSearch","floor":18},{"not_picked":["stsjorbsmod:Index","stsjorbsmod:Stalwart"],"picked":"stsjorbsmod:BookOfTongues","floor":22},{"not_picked":["stsjorbsmod:SchoolsOfMagic","stsjorbsmod:Message"],"picked":"stsjorbsmod:SmithingStrike","floor":23},{"not_picked":["stsjorbsmod:Inferno+1","stsjorbsmod:FaerieFire"],"picked":"stsjorbsmod:FindFamiliar+1","floor":25},{"not_picked":["stsjorbsmod:Firebolt","stsjorbsmod:Rest"],"picked":"stsjorbsmod:WanderingMind","floor":28},{"not_picked":["stsjorbsmod:ArcaneForm","stsjorbsmod:MistyStep"],"picked":"stsjorbsmod:FindFamiliar","floor":31},{"not_picked":["stsjorbsmod:Trauma","stsjorbsmod:HoldMonster"],"picked":"stsjorbsmod:CorrodingBarrier","floor":33},{"not_picked":["m_Survivalism","Bash"],"picked":"stsjorbsmod:Paralysis","floor":34},{"not_picked":["stsjorbsmod:ThirstingSword","stsjorbsmod:Determination"],"picked":"stsjorbsmod:Banish","floor":34},{"not_picked":["Forethought","Flash of Steel"],"picked":"hubris:Insight","floor":34},{"not_picked":["ReplayTheSpireMod:Echoes of Time","infinitespire:Menacing"],"picked":"infinitespire:NeuralNetwork","floor":34},{"not_picked":["stsjorbsmod:Index+1","stsjorbsmod:Aid"],"picked":"stsjorbsmod:IvoryTower","floor":35},{"not_picked":["stsjorbsmod:Channel+1","stsjorbsmod:Will+1"],"picked":"stsjorbsmod:Mindworm+1","floor":36},{"not_picked":["stsjorbsmod:Hurt","stsjorbsmod:UnseenServant"],"picked":"stsjorbsmod:MagicMirror+1","floor":39},{"not_picked":["stsjorbsmod:Hibernate","stsjorbsmod:Introspection"],"picked":"stsjorbsmod:Thorns","floor":41},{"not_picked":["stsjorbsmod:RayOfFrost","stsjorbsmod:ChatteringStrike"],"picked":"stsjorbsmod:Materialize","floor":45},{"not_picked":["stsjorbsmod:Will+1","stsjorbsmod:ParryingBlow+1"],"picked":"stsjorbsmod:MistyStep","floor":46},{"not_picked":["stsjorbsmod:Fear","stsjorbsmod:Materialize"],"picked":"stsjorbsmod:Mindworm+1","floor":46},{"not_picked":["stsjorbsmod:CorrodingBarrier","stsjorbsmod:OldPocket+1"],"picked":"stsjorbsmod:ChainLightning+1","floor":46},{"not_picked":["stsjorbsmod:UnseenServant+1","stsjorbsmod:FindFamiliar"],"picked":"stsjorbsmod:DisguiseSelf+1","floor":46},{"not_picked":["stsjorbsmod:ChainLightning","stsjorbsmod:Thorns+1"],"picked":"stsjorbsmod:LocateObject+1","floor":46},{"not_picked":["stsjorbsmod:Index+1","stsjorbsmod:ParryingBlow+1"],"picked":"stsjorbsmod:Firebolt+1","floor":48},{"not_picked":["stsjorbsmod:Feast","stsjorbsmod:GatherPower"],"picked":"stsjorbsmod:SiphonEnergy","floor":50},{"not_picked":["stsjorbsmod:FracturedMind","stsjorbsmod:Message","stsjorbsmod:Counterspell"],"picked":"SKIP","floor":52},{"not_picked":["stsjorbsmod:Hibernate","stsjorbsmod:Message"],"picked":"stsjorbsmod:FaerieFire","floor":53},{"not_picked":["stsjorbsmod:Will","stsjorbsmod:Prestidigitation"],"picked":"stsjorbsmod:ScorchingRay","floor":53},{"not_picked":["stsjorbsmod:ChatteringStrike","stsjorbsmod:RayOfFrost"],"picked":"stsjorbsmod:Counterspell","floor":54},{"not_picked":["The Bomb","Violence"],"picked":"Midas Touch","floor":56},{"not_picked":["Replay:Parry","Purity"],"picked":"Discovery","floor":56},{"not_picked":["Survey Options","Bandage Up"],"picked":"Trip","floor":56}],"player_experience":223977,"relics_obtained":[{"floor":2,"key":"Ring of Peace"},{"floor":2,"key":"Ring of Panic"},{"floor":6,"key":"reliquary:Spinner"},{"floor":8,"key":"Gremlin Food"},{"floor":9,"key":"Replay:Rubber Ducky"},{"floor":10,"key":"reliquary:WeakTea"},{"floor":23,"key":"Pen Nib"},{"floor":26,"key":"Du-Vu Doll"},{"floor":28,"key":"Centennial Puzzle"},{"floor":41,"key":"Pocketwatch"},{"floor":43,"key":"Blue Doll"},{"floor":45,"key":"hubris:Reverence"},{"floor":53,"key":"Toy Ornithopter"},{"floor":55,"key":"PreservedInsect"}],"event_choices":[{"damage_healed":0,"gold_gain":0,"player_choice":"Obtained Relic","damage_taken":0,"relics_obtained":["reliquary:QuartzCube"],"max_hp_gain":0,"max_hp_loss":0,"event_name":"Addict","floor":19,"gold_loss":85},{"damage_healed":0,"gold_gain":0,"cards_transformed":["stsjorbsmod:Strike_Wanderer","stsjorbsmod:Strike_Wanderer"],"player_choice":"Became Test Subject","damage_taken":0,"max_hp_gain":0,"max_hp_loss":0,"event_name":"Drug Dealer","floor":21,"gold_loss":0,"cards_obtained":["stsjorbsmod:Feast","stsjorbsmod:Trauma"]},{"damage_healed":0,"gold_gain":0,"player_choice":"Read","damage_taken":0,"max_hp_gain":0,"max_hp_loss":0,"event_name":"The Library","floor":24,"gold_loss":0,"cards_obtained":["stsjorbsmod:Channel"]}],"is_beta":false,"boss_relics":[{"not_picked":["hubris:HollowSoul","Kintsugi"],"picked":"ReplayTheSpireMod:DimensionalGlitch"},{"not_picked":["Velvet Choker","Pandora\u0027s Box"],"picked":"ReplayTheSpireMod:SealedPack"},{"not_picked":["hubris:VirtuousBlindfold","halation:ForbiddenBikini"],"picked":"Cursed Key"}],"items_purged_floors":[14],"is_endless":true,"potions_floor_spawned":[1,3,16,25,28,31,36,41,48,54],"killed_by":"Nightmare","ascension_level":0}}