{"host":"Rich","time":1614398622,"event":{"mods":["AchievementEnabler","BaseMod","Highlight Path","Minty Spire (QoL Compilation)","Relic Stats"],"gold_per_floor":[115,127,9,9,9,43,54,89,89,89,117,117,117,144,144,219,219,233,233,260,59,76,76,76,76,76,76,96,130,30,42,42,114,114,128,350,375,375,204,204,229,68,68,68,103,158,195,223,223,223,223,223,223,10,35,35,35],"floor_reached":56,"language":"ENG","playtime":2917,"items_purged":["Strike_G","Strike_G"],"score":2096,"play_id":"63df0703-18d4-422e-af4f-1221b81602d6","local_time":"20210226230342","is_ascension_mode":true,"campfire_choices":[{"data":"Noxious Fumes","floor":10.0,"key":"SMITH"},{"data":"Leg Sweep","floor":13.0,"key":"SMITH"},{"data":"Cloak And Dagger","floor":15.0,"key":"SMITH"},{"floor":23.0,"key":"REST"},{"floor":25.0,"key":"REST"},{"floor":27.0,"key":"REST"},{"floor":32.0,"key":"REST"},{"floor":40.0,"key":"RECALL"},{"data":"Envenom","floor":44.0,"key":"SMITH"},{"floor":49.0,"key":"REST"},{"floor":53.0,"key":"DIG"}],"circlet_count":0,"master_deck":["AscendersBane","Survivor","Dagger Throw","Poisoned Stab","Noxious Fumes+1","Distraction","Bullet Time","Leg Sweep+1","Cloak And Dagger+1","Envenom+1","Infinite Blades","Infinite Blades","PiercingWail","Finisher","Bouncing Flask","A Thousand Cuts","Finisher","After Image","Deadly Poison","Accuracy","Terror","Burst","Infinite Blades","Corpse Explosion","Blade Dance","Well Laid Plans+1","Tactician+1","Catalyst"],"relics":["Ring of the Snake","NeowsBlessing","War Paint","Thread and Needle","Bag of Preparation","InkBottle","Mummified Hand","White Beast Statue","HoveringKite","Red Mask","Anchor","Snake Skull","Pandora\u0027s Box","Lizard Tail","TwistedFunnel","Bottled Flame","Lee\u0027s Waffle","Turnip","The Specimen","Shovel","CeramicFish","Ninja Scroll","ClockworkSouvenir","Sundial"],"acts_visited":["Exordium","TheCity","TheBeyond","TheEnding"],"potions_floor_usage":[56,56],"damage_taken":[{"damage":0.0,"enemies":"Jaw Worm","floor":1.0,"turns":1.0},{"damage":0.0,"enemies":"2 Louse","floor":2.0,"turns":1.0},{"damage":0.0,"enemies":"Gremlin Nob","floor":6.0,"turns":1.0},{"damage":0.0,"enemies":"Small Slimes","floor":7.0,"turns":3.0},{"damage":22.0,"enemies":"3 Sentries","floor":8.0,"turns":10.0},{"damage":0.0,"enemies":"Lagavulin","floor":11.0,"turns":6.0},{"damage":4.0,"enemies":"Gremlin Nob","floor":14.0,"turns":4.0},{"damage":32.0,"enemies":"Hexaghost","floor":16.0,"turns":10.0},{"damage":12.0,"enemies":"3 Byrds","floor":18.0,"turns":6.0},{"damage":28.0,"enemies":"Masked Bandits","floor":20.0,"turns":6.0},{"damage":1.0,"enemies":"Chosen","floor":22.0,"turns":5.0},{"damage":0.0,"enemies":"Centurion and Healer","floor":28.0,"turns":6.0},{"damage":30.0,"enemies":"Gremlin Leader","floor":29.0,"turns":10.0},{"damage":4.0,"enemies":"Snake Plant","floor":31.0,"turns":4.0},{"damage":45.0,"enemies":"Automaton","floor":33.0,"turns":10.0},{"damage":0.0,"enemies":"Orb Walker","floor":35.0,"turns":2.0},{"damage":0.0,"enemies":"Mind Bloom Boss Battle","floor":37.0,"turns":4.0},{"damage":18.0,"enemies":"Giant Head","floor":41.0,"turns":6.0},{"damage":32.0,"enemies":"Reptomancer","floor":45.0,"turns":4.0},{"damage":0.0,"enemies":"2 Orb Walkers","floor":46.0,"turns":3.0},{"damage":8.0,"enemies":"Giant Head","floor":47.0,"turns":6.0},{"damage":0.0,"enemies":"3 Shapes","floor":48.0,"turns":3.0},{"damage":11.0,"enemies":"Donu and Deca","floor":50.0,"turns":5.0},{"damage":74.0,"enemies":"Time Eater","floor":51.0,"turns":6.0},{"damage":53,"enemies":"Shield and Spear","floor":55,"turns":5},{"damage":11,"enemies":"The Heart","floor":56,"turns":2}],"seed_played":"1222632977498638059","potions_obtained":[{"floor":1.0,"key":"BlessingOfTheForge"},{"floor":2.0,"key":"ColorlessPotion"},{"floor":16.0,"key":"SpeedPotion"},{"floor":18.0,"key":"Weak Potion"},{"floor":20.0,"key":"Weak Potion"},{"floor":29.0,"key":"Dexterity Potion"},{"floor":31.0,"key":"Strength Potion"},{"floor":33.0,"key":"SkillPotion"},{"floor":35.0,"key":"ColorlessPotion"},{"floor":37.0,"key":"Swift Potion"},{"floor":41.0,"key":"Dexterity Potion"},{"floor":45.0,"key":"LiquidBronze"},{"floor":46.0,"key":"GhostInAJar"},{"floor":47.0,"key":"Swift Potion"},{"floor":55,"key":"BlessingOfTheForge"}],"is_trial":false,"path_per_floor":["M","M","$","?","$","E","M","E","T","R","E","?","R","E","R","B",null,"M","?","?","$","M","R","?","R","T","R","M","E","$","M","R","B",null,"M","?","?","?","$","R","E","$","T","R","E","?","E","M","R","B","B",null,"R","$","E","B"],"character_chosen":"THE_SILENT","items_purchased":["Noxious Fumes","Anchor","Infinite Blades","TwistedFunnel","Lee\u0027s Waffle","ClockworkSouvenir","SteroidPotion"],"campfire_rested":5,"item_purchase_floors":[3,21,21,39,42,54,54],"current_hp_per_floor":[59,59,59,54,54,54,54,32,32,32,32,54,54,50,50,18,54,42,55,27,27,26,45,27,48,48,69,69,39,39,35,56,11,56,56,56,56,56,56,56,38,78,78,78,46,46,38,38,61,50,20,64,64,64,11,0,0],"gold":35,"neow_bonus":"THREE_ENEMY_KILL","is_daily":false,"chose_seed":false,"campfire_upgraded":4,"win_rate":0.0,"timestamp":1614398622,"path_taken":["M","M","$","?","$","E","M","E","T","R","E","?","R","E","R","BOSS","M","?","?","$","M","R","?","R","T","R","M","E","$","M","R","BOSS","M","?","?","?","$","R","E","$","T","R","E","?","E","?","R","BOSS","BOSS","R","$","E","BOSS"],"items_purchased_type":["Card","Relic","Card","Relic","Relic","Relic","Potion"],"build_version":"2020-12-18","purchased_purges":2,"victory":false,"max_hp_per_floor":[66,66,66,66,66,66,66,66,66,66,66,66,66,66,66,66,66,66,66,66,66,66,66,71,71,71,71,71,71,71,71,71,71,71,71,71,71,71,71,71,71,78,78,78,78,78,78,78,78,78,78,78,78,78,78,78,78],"relic_stats":{"Lee\u0027s Waffle":40,"counters":[26,129],"CeramicFish":18,"HoveringKite":[28],"Snake Skull":[275],"Bag of Preparation":[38],"War Paint":["Defend_G","Defend_G"],"Lizard Tail":39,"Shovel":1,"Mummified Hand":[103],"Sundial":[0],"Pandora\u0027s Box":["Finisher","After Image","Deadly Poison","Accuracy","Terror","Burst","Infinite Blades","Corpse Explosion"],"Turnip":[3],"obtain_stats":[{"TwistedFunnel":39,"Lee\u0027s Waffle":42,"NeowsBlessing":0,"The Specimen":45,"CeramicFish":47,"HoveringKite":17,"Thread and Needle":6,"Snake Skull":29,"Bag of Preparation":8,"War Paint":4,"White Beast Statue":14,"ClockworkSouvenir":54,"Anchor":21,"Lizard Tail":37,"Bottled Flame":41,"Shovel":46,"Mummified Hand":11,"Ninja Scroll":53,"Sundial":55,"Pandora\u0027s Box":34,"Turnip":43,"Red Mask":20,"InkBottle":9,"Ring of the Snake":0},{"TwistedFunnel":17,"Lee\u0027s Waffle":18,"NeowsBlessing":0,"The Specimen":19,"CeramicFish":21,"HoveringKite":8,"Thread and Needle":3,"Snake Skull":13,"Bag of Preparation":5,"War Paint":2,"White Beast Statue":7,"ClockworkSouvenir":24,"Anchor":10,"Lizard Tail":17,"Bottled Flame":18,"Shovel":20,"Mummified Hand":6,"Ninja Scroll":24,"Sundial":25,"Pandora\u0027s Box":15,"Turnip":18,"Red Mask":10,"InkBottle":5,"Ring of the Snake":0},{"TwistedFunnel":89,"Lee\u0027s Waffle":95,"NeowsBlessing":0,"The Specimen":99,"CeramicFish":108,"HoveringKite":36,"Thread and Needle":3,"Snake Skull":69,"Bag of Preparation":16,"War Paint":2,"White Beast Statue":26,"ClockworkSouvenir":122,"Anchor":48,"Lizard Tail":89,"Bottled Flame":95,"Shovel":102,"Mummified Hand":22,"Ninja Scroll":122,"Sundial":127,"Pandora\u0027s Box":83,"Turnip":95,"Red Mask":48,"InkBottle":16,"Ring of the Snake":0}],"InkBottle":[51],"Ring of the Snake":[52]},"card_choices":[{"not_picked":["Escape Plan","Footwork"],"picked":"Dagger Throw","floor":1.0},{"not_picked":["Prepared","Deflect"],"picked":"Poisoned Stab","floor":2.0},{"not_picked":["Heel Hook","Acrobatics"],"picked":"Distraction","floor":6.0},{"not_picked":["Terror","Acrobatics"],"picked":"Bullet Time","floor":7.0},{"not_picked":["Poisoned Stab","Escape Plan"],"picked":"Leg Sweep","floor":8.0},{"not_picked":["Finisher","Dagger Spray","Tactician"],"picked":"SKIP","floor":11.0},{"not_picked":["Slice","Terror"],"picked":"Cloak And Dagger","floor":14.0},{"not_picked":["Unload","Tools of the Trade"],"picked":"Envenom","floor":16.0},{"not_picked":["Underhanded Strike","Terror"],"picked":"Infinite Blades","floor":18.0},{"not_picked":["Leg Sweep","Skewer"],"picked":"PiercingWail","floor":22.0},{"not_picked":["Backstab","Outmaneuver"],"picked":"Finisher","floor":28.0},{"not_picked":["Venomology","Night Terror","Deadly Poison"],"picked":"SKIP","floor":29.0},{"not_picked":["Flechettes","Slice"],"picked":"Bouncing Flask","floor":31.0},{"not_picked":["Die Die Die","Night Terror"],"picked":"A Thousand Cuts","floor":33.0},{"not_picked":["Underhanded Strike+1","Outmaneuver+1"],"picked":"Blade Dance","floor":35.0},{"not_picked":["Cloak And Dagger","Caltrops"],"picked":"Well Laid Plans+1","floor":37.0},{"not_picked":["Expertise","Underhanded Strike","Terror"],"picked":"SKIP","floor":41.0},{"not_picked":["Underhanded Strike","Acrobatics","All Out Attack"],"picked":"SKIP","floor":45.0},{"not_picked":["Outmaneuver+1","Grand Finale"],"picked":"Tactician+1","floor":47.0},{"not_picked":["Concentrate","All Out Attack"],"picked":"Catalyst","floor":48.0},{"not_picked":["Finisher+1","Poisoned Stab+1","Skewer"],"picked":"SKIP","floor":55}],"player_experience":2034051,"relics_obtained":[{"floor":6.0,"key":"Thread and Needle"},{"floor":8.0,"key":"Bag of Preparation"},{"floor":9.0,"key":"InkBottle"},{"floor":11.0,"key":"Mummified Hand"},{"floor":14.0,"key":"White Beast Statue"},{"floor":20.0,"key":"Red Mask"},{"floor":29.0,"key":"Snake Skull"},{"floor":37.0,"key":"Lizard Tail"},{"floor":41.0,"key":"Bottled Flame"},{"floor":43.0,"key":"Turnip"},{"floor":45.0,"key":"The Specimen"},{"floor":46.0,"key":"Shovel"},{"floor":47.0,"key":"CeramicFish"},{"floor":53.0,"key":"Ninja Scroll"},{"floor":55,"key":"Sundial"}],"event_choices":[{"damage_healed":0.0,"max_hp_gain":0.0,"max_hp_loss":0.0,"gold_gain":0.0,"event_name":"Scrap Ooze","player_choice":"Success","floor":4.0,"gold_loss":0.0,"damage_taken":5.0,"relics_obtained":["War Paint"]},{"damage_healed":22.0,"max_hp_gain":0.0,"max_hp_loss":0.0,"gold_gain":0.0,"event_name":"Big Fish","player_choice":"Banana","floor":12.0,"gold_loss":0.0,"damage_taken":0.0},{"damage_healed":13.0,"max_hp_gain":0.0,"max_hp_loss":0.0,"gold_gain":0.0,"event_name":"The Library","player_choice":"Heal","floor":19.0,"gold_loss":0.0,"damage_taken":0.0},{"damage_healed":0.0,"max_hp_gain":0.0,"max_hp_loss":0.0,"gold_gain":0.0,"event_name":"Masked Bandits","player_choice":"Fought Bandits","floor":20.0,"gold_loss":0.0,"damage_taken":0.0},{"damage_healed":0.0,"max_hp_gain":5.0,"max_hp_loss":0.0,"gold_gain":0.0,"event_name":"Forgotten Altar","player_choice":"Shed Blood","floor":24.0,"gold_loss":0.0,"damage_taken":23.0},{"damage_healed":0.0,"max_hp_gain":0.0,"max_hp_loss":0.0,"gold_gain":222.0,"event_name":"Tomb of Lord Red Mask","player_choice":"Wore Mask","floor":36.0,"gold_loss":0.0,"damage_taken":0.0},{"damage_healed":0.0,"max_hp_gain":0.0,"max_hp_loss":0.0,"gold_gain":0.0,"event_name":"MindBloom","player_choice":"Fight","floor":37.0,"gold_loss":0.0,"damage_taken":0.0},{"cards_removed":["Neutralize"],"damage_healed":0.0,"max_hp_gain":0.0,"max_hp_loss":0.0,"gold_gain":0.0,"event_name":"Falling","player_choice":"Removed Attack","floor":38.0,"gold_loss":0.0,"damage_taken":0.0},{"damage_healed":0.0,"max_hp_gain":0.0,"max_hp_loss":0.0,"gold_gain":0.0,"event_name":"Mysterious Sphere","player_choice":"Fight","floor":46.0,"gold_loss":0.0,"damage_taken":0.0}],"is_beta":true,"boss_relics":[{"not_picked":["Ectoplasm","Coffee Dripper"],"picked":"HoveringKite"},{"not_picked":["Tiny House","Empty Cage"],"picked":"Pandora\u0027s Box"}],"items_purged_floors":[3,30],"is_endless":false,"potions_floor_spawned":[1,2,16,18,20,22,28,29,31,33,35,37,41,45,46,47,48,55],"killed_by":"The Heart","ascension_level":20}}