{"host":"21o28mgl9u9ntir2","time":1614426712,"event":{"mods":["BaseMod","BetterRewards","Colored Powertips","Minty Spire (QoL Compilation)","Quick Restart","Remove Card Discount Mod","SOS（斯巴达之子）","Spicy Shops","StSLib","SuperFastMode","[IsaacMod]以撒尖塔","【遗物卡牌】REMEMod","残留之物"],"gold_per_floor":[127,127,78,78,97,97,126,138,173,219,256,281,319,347,359,444,456,681,907,647,714,925,1152,1069,1084,1138,1350,1560,1576,1576,1608,1608,1685,1685,1695,1941,2141,2141,2358,2358,2583,2583,2807,3035,3035,3035,3035,3060,3060,3060,3060,3060,3060,3094,2794],"floor_reached":56,"language":"ZHS","playtime":1081,"items_purged":["Clumsy","Normality","PlaceholderMod:BaseStrike","PlaceholderMod:BaseStrike","PlaceholderMod:BaseStrike","PlaceholderMod:PoisonWhip","PlaceholderMod:BaseStrike","PlaceholderMod:BaseStrike","PlaceholderMod:BaseDefend","PlaceholderMod:BaseDefend","PlaceholderMod:BaseDefend","PlaceholderMod:BaseDefend","Doubt","Pain","Writhe","Regret","Decay","Shame","Decay","Shame","Clumsy","Parasite"],"score":3405,"play_id":"94340113-e5d6-414a-8682-0018af140ed0","local_time":"20210227195152","is_ascension_mode":true,"campfire_choices":[{"floor":6.0,"key":"REST"},{"floor":8.0,"key":"REST"},{"data":"PlaceholderMod:PoisonExcitation","floor":15,"key":"SMITH"},{"floor":32,"key":"RECALL"},{"floor":40,"key":"REST"},{"floor":46,"key":"REST"},{"floor":49,"key":"REST"},{"floor":52,"key":"REST"}],"circlet_count":0,"master_deck":["AscendersBane","PlaceholderMod:BaseDefend+1","PlaceholderMod:Crystal+1","PlaceholderMod:FinalSpray+1","PlaceholderMod:DirectingGroup+1","PlaceholderMod:PoisonAbsorb+1","PlaceholderMod:HardStinger+1","PlaceholderMod:FinalSpray+1","PlaceholderMod:PoisonExcitation+1","PlaceholderMod:CorePoison+1","PlaceholderMod:FinalSpray+1"],"relics":["PlaceholderMod:Tancle","HushsDoor","REME_ComplimentaryCards","TheBean","MealTicket","Bag of Preparation","REME_OnlineShoppingPlatform","Tiny Chest","Bronze Scales","PreservedInsect","Toxic Egg 2","Habit","PlaceholderMod:Abhoth","Oddly Smooth Stone","Lantern","CaptainsWheel","MawBank","Anchor","Centennial Puzzle","White Beast Statue","REME_DemonsWealth","RottenBaby","SteamSale","Medical Kit","SatanicBible","Membership Card","Pantograph","Frozen Eye","DoctorsRemote","War Paint","TheBible","Cursed Key","REME_HourglassOfDeath","PlaceholderMod:Abhoth","Boot","REME_LimitBreaker","Letter Opener","Orichalcum","EdensBlessing","HandDrill","REME_CardOfGreed","Vajra","Meat on the Bone","Question Card","PillsDrop","InkBottle","PlaceholderMod:DeVermisMysteriis","Chemical X","D4","Happy Flower","Strawberry","GnawedLeaf","NineVolt","Pocketwatch","Bag of Marbles","Incense Burner","Lee\u0027s Waffle","PlaceholderMod:FlatBlood","DeathBook"],"acts_visited":["Exordium","TheCity","TheBeyond","TheEnding"],"potions_floor_usage":[55,55,55,55,55,55,55,55,55,55,55,55,55,55,55],"damage_taken":[{"damage":0.0,"enemies":"Small Slimes","floor":1.0,"turns":2.0},{"damage":0.0,"enemies":"Jaw Worm","floor":5.0,"turns":2.0},{"damage":0.0,"enemies":"3 Sentries","floor":7.0,"turns":1.0},{"damage":0,"enemies":"Gremlin Nob","floor":10,"turns":1},{"damage":0,"enemies":"2 Louse","floor":12,"turns":1},{"damage":0,"enemies":"3 Sentries","floor":13,"turns":2},{"damage":0,"enemies":"Gremlin Gang","floor":14,"turns":1},{"damage":0,"enemies":"Slime Boss","floor":16,"turns":2},{"damage":0,"enemies":"3 Byrds","floor":18,"turns":1},{"damage":0,"enemies":"Chosen","floor":19,"turns":1},{"damage":0,"enemies":"Centurion and Healer","floor":22,"turns":1},{"damage":0,"enemies":"Book of Stabbing","floor":23,"turns":1},{"damage":0,"enemies":"Shelled Parasite and Fungi","floor":25,"turns":1},{"damage":0,"enemies":"Snake Plant","floor":27,"turns":1},{"damage":0,"enemies":"Centurion and Healer","floor":28,"turns":2},{"damage":0,"enemies":"Chosen and Byrds","floor":29,"turns":1},{"damage":0,"enemies":"REME_1_Revenger","floor":31,"turns":2},{"damage":0,"enemies":"Champ","floor":33,"turns":2},{"damage":0,"enemies":"3 Darklings","floor":35,"turns":1},{"damage":0,"enemies":"2 Orb Walkers","floor":36,"turns":1},{"damage":3,"enemies":"3 Shapes","floor":39,"turns":1},{"damage":0,"enemies":"Nemesis","floor":41,"turns":3},{"damage":0,"enemies":"Reptomancer","floor":44,"turns":1},{"damage":0,"enemies":"Mind Bloom Boss Battle","floor":48,"turns":1},{"damage":0,"enemies":"Awakened One","floor":50,"turns":3},{"damage":0,"enemies":"Shield and Spear","floor":54,"turns":1},{"damage":0,"enemies":"Delirium","floor":55,"turns":8}],"seed_played":"-1570424402649703003","potions_obtained":[],"is_trial":false,"path_per_floor":["M","?","?","$","M","R","E","R","T","E","T","M","E","M","R","B",null,"M","M","$","?","M","E","$","M","T","M","M","M","?","E","R","B",null,"M","?","T","?","M","R","E","$","T","E","$","R","$","?","R","B",null,"R","$","E","B",null],"character_chosen":"THE_PLACEHOLDER","items_purchased":["PlaceholderMod:FinalSpray","MealTicket","Bag of Preparation","REME_OnlineShoppingPlatform","Tiny Chest","Bronze Scales","PreservedInsect","Toxic Egg 2","PlaceholderMod:DirectingGroup+1","Habit","PlaceholderMod:Abhoth","PlaceholderMod:PoisonAbsorb+1","Oddly Smooth Stone","Lantern","RottenBaby","SteamSale","Medical Kit","Membership Card","Pantograph","Frozen Eye","DoctorsRemote","War Paint","REME_LimitBreaker","Letter Opener","Orichalcum","EdensBlessing","HandDrill","REME_CardOfGreed","Question Card","PillsDrop","InkBottle","PlaceholderMod:DeVermisMysteriis","Chemical X","D4","Happy Flower","Strawberry","GnawedLeaf","NineVolt","Bag of Marbles","Incense Burner","Lee\u0027s Waffle","PlaceholderMod:FlatBlood"],"campfire_rested":6,"item_purchase_floors":[0,0,0,0,0,0,0,0,0,0,0,0,0,0,17,20,20,24,24,24,24,24,42,42,42,42,42,42,45,45,45,45,45,47,47,47,47,47,53,53,53,53],"current_hp_per_floor":[21,21,21,36,36,59,59,77,77,77,77,77,77,77,77,77,61,61,61,61,46,46,46,61,61,61,61,61,61,61,61,61,61,61,61,61,61,61,58,61,61,61,61,61,58,58,65,65,65,65,65,65,72,72,72],"gold":2794,"neow_bonus":"","is_daily":false,"chose_seed":false,"campfire_upgraded":1,"win_rate":0.0,"timestamp":1614426712,"path_taken":["M","?","?","$","?","R","E","R","T","E","?","M","E","M","R","BOSS","M","M","$","?","M","E","$","M","T","M","M","M","?","E","R","BOSS","M","?","?","?","M","R","E","$","T","E","$","R","$","?","R","BOSS","R","$","E","BOSS"],"items_purchased_type":["Card","Relic","Relic","Relic","Relic","Relic","Relic","Relic","Card","Relic","Relic","Card","Relic","Relic","Relic","Relic","Relic","Relic","Relic","Relic","Relic","Relic","Relic","Relic","Relic","Relic","Relic","Relic","Relic","Relic","Relic","Relic","Relic","Relic","Relic","Relic","Relic","Relic","Relic","Relic","Relic","Relic"],"build_version":"2020-12-22","purchased_purges":22,"victory":true,"max_hp_per_floor":[77,77,77,77,77,77,77,77,77,77,77,77,77,77,77,77,61,61,61,61,61,61,61,61,61,61,61,61,61,61,61,61,61,61,61,61,61,61,61,61,61,61,61,61,58,58,65,65,65,65,65,65,72,72,72],"card_choices":[{"not_picked":[],"picked":"Bomb","floor":0.0},{"not_picked":["PlaceholderMod:MultipleOxi+1","PlaceholderMod:SpinBlade"],"picked":"PlaceholderMod:HardStinger+1","floor":1.0},{"not_picked":["PlaceholderMod:Internalization+1","PlaceholderMod:ParasiteChange+1","PlaceholderMod:Turn+1"],"picked":"SKIP","floor":5.0},{"not_picked":["PlaceholderMod:DiffusionChemical+1","PlaceholderMod:SelectReaction+1","PlaceholderMod:Sweep"],"picked":"SKIP","floor":7.0},{"not_picked":["PlaceholderMod:HardStrike","PlaceholderMod:HornyBlast","PlaceholderMod:Crystallization"],"picked":"SKIP","floor":10},{"not_picked":["PlaceholderMod:Internalization+1","PlaceholderMod:AngryAttack"],"picked":"PlaceholderMod:PoisonExcitation","floor":12},{"not_picked":["PlaceholderMod:ParasiteChange+1","PlaceholderMod:SelfCoupling","PlaceholderMod:HealingAttack"],"picked":"SKIP","floor":13},{"not_picked":["PlaceholderMod:AttackAsDefend","PlaceholderMod:StrongAcid+1","PlaceholderMod:PoisonAbsorb+1"],"picked":"SKIP","floor":14},{"not_picked":["PlaceholderMod:Activation+1","PlaceholderMod:DiffusionPoison"],"picked":"PlaceholderMod:CorePoison+1","floor":16},{"not_picked":["PlaceholderMod:OHStrongAttack","PlaceholderMod:Sweep","PlaceholderMod:Polyp+1"],"picked":"Clumsy","floor":18},{"not_picked":["PlaceholderMod:AttackAsDefend","PlaceholderMod:AngryAttack","PlaceholderMod:PoisonExcitation+1"],"picked":"Normality","floor":19},{"not_picked":["PlaceholderMod:CrystallizationStrike+1","PlaceholderMod:PoisonExcitation","PlaceholderMod:SeverePoisonStrike"],"picked":"Doubt","floor":22},{"not_picked":["PlaceholderMod:HardStrike","PlaceholderMod:Internalization+1","PlaceholderMod:CrystallizationStrike"],"picked":"Pain","floor":23},{"not_picked":["PlaceholderMod:OHStrongAttack","PlaceholderMod:SevereHeat+1","PlaceholderMod:UnpureUse","Parasite"],"picked":"SKIP","floor":25},{"not_picked":["PlaceholderMod:Break","PlaceholderMod:HardStinger+1","PlaceholderMod:EnergyAbsorb+1"],"picked":"Decay","floor":27},{"not_picked":["PlaceholderMod:RadicalHit","PlaceholderMod:HardStrike","PlaceholderMod:SeverePoisonStrike"],"picked":"Shame","floor":28},{"not_picked":["PlaceholderMod:ChainPoly+1","PlaceholderMod:StressReaction+1","PlaceholderMod:SubstitutionNucleophilic1","Normality"],"picked":"SKIP","floor":29},{"not_picked":["PlaceholderMod:DoublePoint+1","PlaceholderMod:NearChange+1","PlaceholderMod:Polyp+1","Normality"],"picked":"SKIP","floor":31},{"not_picked":["PlaceholderMod:HornyBlast","PlaceholderMod:SpinBlade","PlaceholderMod:HardStrike","Clumsy"],"picked":"SKIP","floor":35},{"not_picked":["PlaceholderMod:AngryAttack+1","PlaceholderMod:SeverePoisonStrike","PlaceholderMod:ConsolidateHit+1"],"picked":"Shame","floor":36},{"not_picked":["PlaceholderMod:Hard+1","PlaceholderMod:PoisonBlast+1","PlaceholderMod:SprayAttack+1"],"picked":"Writhe","floor":39},{"not_picked":["PlaceholderMod:Hyperplasia+1","PlaceholderMod:HighConcentration","PlaceholderMod:AbsorbTouch"],"picked":"Decay","floor":41},{"not_picked":["PlaceholderMod:GrowthForm","PlaceholderMod:PoisonAbsorb+1","PlaceholderMod:DirectingGroup+1"],"picked":"Clumsy","floor":44},{"not_picked":["PlaceholderMod:HighConcentration+1","PlaceholderMod:Turn+1","PlaceholderMod:Sweep","PlaceholderMod:PoisonExcitation","Normality"],"picked":"SKIP","floor":54}],"player_experience":780225,"relics_obtained":[{"floor":7.0,"key":"MawBank"},{"floor":10,"key":"Anchor"},{"floor":11,"key":"Centennial Puzzle"},{"floor":13,"key":"White Beast Statue"},{"floor":23,"key":"SatanicBible"},{"floor":31,"key":"TheBible"},{"floor":36,"key":"Diplopia"},{"floor":37,"key":"REME_HourglassOfDeath"},{"floor":41,"key":"Boot"},{"floor":43,"key":"Vajra"},{"floor":44,"key":"Meat on the Bone"},{"floor":48,"key":"Pocketwatch"},{"floor":54,"key":"DeathBook"}],"event_choices":[{"damage_healed":0.0,"max_hp_gain":0.0,"max_hp_loss":0.0,"gold_gain":0.0,"event_name":"World of Goop","player_choice":"Left Gold","floor":3.0,"gold_loss":49.0,"damage_taken":0.0},{"damage_healed":0,"gold_gain":0,"player_choice":"Copied","damage_taken":0,"max_hp_gain":0,"max_hp_loss":0,"event_name":"Duplicator","floor":30,"gold_loss":0,"cards_obtained":["PlaceholderMod:FinalSpray"]},{"damage_healed":0,"gold_gain":0,"player_choice":"Fight","damage_taken":0,"max_hp_gain":0,"max_hp_loss":0,"event_name":"Mysterious Sphere","floor":36,"gold_loss":0},{"damage_healed":0,"gold_gain":0,"player_choice":"Fight","damage_taken":0,"max_hp_gain":0,"max_hp_loss":0,"event_name":"MindBloom","floor":48,"gold_loss":0}],"is_beta":false,"boss_relics":[{"not_picked":["Velvet Choker","Sozu"],"picked":"REME_DemonsWealth"},{"not_picked":[]},{"not_picked":["Black Star","Tiny House"],"picked":"Cursed Key"},{"not_picked":[]}],"items_purged_floors":[20,20,20,20,20,20,20,20,20,20,20,20,24,24,42,42,42,42,42,42,45,45],"is_endless":false,"potions_floor_spawned":[12,13,14,16,18,19,22,23,25,27,28,29,31,33,35,36,39,41,44,48,54],"ascension_level":17}}