{"host":"tm8iu37e08ep7d0e","time":1614402706,"event":{"mods":["2.2 Compatiblity","AchievementEnabler","Aspiration","BaseMod","Best Route Mod","Better Match","Better Third Choice","BetterRewards","CCEM2","ChefMod","Colored Map","Gold Saver","Googly Eyes","Hermit","Ironclad Rager","Minty Spire (QoL Compilation)","Permanent Neow","Quick Restart","Shop Mod","StSLib","The Druid","The Hierophant","The Marked","The Necromancer","The Servant 0.9.4","TheWitcher"],"gold_per_floor":[884,902,329,344,277,277,427,427,427,427,427,427,427,506,506,596,596,616,251,276,276,129,129,143,143,143,143,186,186,202,202,202,300,300,321,14,14,38,63,63,84,84,84,97,97,118,18,43,43,43],"floor_reached":51,"language":"ENG","playtime":2156,"items_purged":["Strike_W","Injury"],"score":1499,"play_id":"08a3bf86-52b9-430c-9b17-2e834e7f6a6d","local_time":"20210226221146","is_ascension_mode":true,"campfire_choices":[{"floor":6.0,"key":"REST"},{"data":"Blood_Curse","floor":8.0,"key":"SMITH"},{"data":"Summon_Lich","floor":10.0,"key":"SMITH"},{"data":"Summon_Undead_Army","floor":12.0,"key":"SMITH"},{"floor":15.0,"key":"REST"},{"data":"Slay_Living","floor":23.0,"key":"SMITH"},{"data":"Bone_Armory","floor":27.0,"key":"SMITH"},{"floor":32.0,"key":"REST"},{"floor":40,"key":"REST"},{"floor":42,"key":"REST"},{"floor":45,"key":"REST"},{"floor":49,"key":"REST"}],"circlet_count":0,"master_deck":["AscendersBane","Strike_W","Strike_W","Strike_W+1","Defend_W","Defend_W","Defend_W+1","Defend_W","Negative_Energy_Arrows+1","Bone_Wall","Summon_Undead_Army+1","Spectral_Armor","Summon_Undead_Army","Apotheosis+1","Trip","Summon_Lich+1","Blood_Curse+1","Bone_Armory+1","Summon_Undead_Army","Scare","Negative_Energy_Shield","Summon_Vampire_Lady+1","Toxic_Smoke_Screen","Summon_Undead","Negative_Energy_Javelin","Slay_Living+1","Consume_Illness+1","Negative_Energy_Mist+1","Grasp_Heart+1","Necrotic_Claws","Parasite","Whirlwind_of_Bones"],"relics":["Vampire_Amulet","CCEMRelics:Francisca","Orichalcum","Vajra","Strawberry","War Paint","StoneCalendar","Sling","Frozen Egg 2","Golden Idol","Whetstone","aspiration:SecretTechniqueScroll","Pantograph","CCEMRelics:PocketTank","CCEMRelics:SelfSharpeningBlade","CCEMRelics:GlassOfMilk","aspiration:RitualStick","Busted Crown","Torii","CCEMRelics:DissonantTune"],"acts_visited":["Exordium","TheCity","TheBeyond"],"potions_floor_usage":[],"damage_taken":[{"damage":7.0,"enemies":"Jaw Worm","floor":1.0,"turns":4.0},{"damage":7.0,"enemies":"Small Slimes","floor":2.0,"turns":3.0},{"damage":4.0,"enemies":"2 Louse","floor":4.0,"turns":3.0},{"damage":11.0,"enemies":"Gremlin Nob","floor":14.0,"turns":3.0},{"damage":13.0,"enemies":"Slime Boss","floor":16.0,"turns":6.0},{"damage":21.0,"enemies":"Spheric Guardian","floor":18.0,"turns":6.0},{"damage":5.0,"enemies":"Shell Parasite","floor":20.0,"turns":7.0},{"damage":8.0,"enemies":"Sentry and Sphere","floor":24.0,"turns":6.0},{"damage":42.0,"enemies":"Book of Stabbing","floor":28.0,"turns":7.0},{"damage":11.0,"enemies":"Centurion and Healer","floor":30.0,"turns":7.0},{"damage":46.0,"enemies":"Automaton","floor":33.0,"turns":10.0},{"damage":39.0,"enemies":"3 Darklings","floor":35.0,"turns":6.0},{"damage":0,"enemies":"3 Shapes","floor":38,"turns":5},{"damage":25,"enemies":"Transient","floor":39,"turns":5},{"damage":54,"enemies":"Writhing Mass","floor":41,"turns":6},{"damage":36,"enemies":"Maw","floor":44,"turns":7},{"damage":26,"enemies":"Transient","floor":46,"turns":5},{"damage":19,"enemies":"Spire Growth","floor":48,"turns":5},{"damage":52,"enemies":"Time Eater","floor":50,"turns":9}],"seed_played":"-6389480302831304","potions_obtained":[{"floor":14.0,"key":"Explosive Potion"},{"floor":16.0,"key":"EntropicBrew"}],"is_trial":false,"path_per_floor":["M","M","$","M","?","R","?","R","T","R","?","R","?","?","R","B",null,"M","$","M","?","$","R","M","?","T","R","E","?","M","?","R","B",null,"M","$","?","M","M","R","M","R","T","M","R","M","$","M","R","B",null],"character_chosen":"NECROMANCER","items_purchased":["Orichalcum","Vajra","Summon_Undead_Army","Spectral_Armor","Summon_Undead_Army","Strawberry","Apotheosis","Summon_Lich","War Paint","StoneCalendar","Sling","Summon_Undead_Army","Pantograph","Summon_Undead","Negative_Energy_Javelin","CCEMRelics:PocketTank","Torii"],"campfire_rested":7,"item_purchase_floors":[0,0,0,0,0,0,0,0,0,3,3,3,19,19,19,22,36],"current_hp_per_floor":[24,21,21,21,21,44,44,44,44,44,44,44,44,35,58,49,71,61,61,70,70,70,70,78,78,78,78,47,27,38,38,61,53,72,53,53,53,62,42,65,16,39,39,23,46,37,37,32,55,37],"gold":43,"neow_bonus":"","is_daily":false,"chose_seed":false,"campfire_upgraded":5,"win_rate":0.0,"timestamp":1614402706,"path_taken":["M","M","$","M","?","R","?","R","T","R","?","R","?","?","R","BOSS","M","$","M","?","?","R","M","?","T","R","E","?","M","?","R","BOSS","M","$","?","M","M","R","M","R","T","?","R","M","$","M","R","BOSS"],"items_purchased_type":["Relic","Relic","Card","Card","Card","Relic","Card","Card","Relic","Relic","Relic","Card","Relic","Card","Card","Relic","Relic"],"build_version":"2020-12-22","purchased_purges":2,"victory":true,"max_hp_per_floor":[78,78,78,78,78,78,78,78,78,78,78,78,78,78,78,78,78,78,78,78,78,78,78,78,78,78,78,78,78,78,78,78,78,78,78,78,78,78,78,78,78,78,78,78,78,78,78,78,78,78],"card_choices":[{"not_picked":["Negative_Energy_Sphere","Finger_Of_Death"],"picked":"Blood_Curse","floor":1.0},{"not_picked":["Violent_Necrosis","Death_March_Dance"],"picked":"Bone_Armory","floor":2.0},{"not_picked":["Bone_Bullets","Chill_Blood"],"picked":"Scare","floor":4.0},{"not_picked":["Deaths_Shadow","Toxic_Smoke_Screen"],"picked":"Negative_Energy_Shield","floor":14.0},{"not_picked":["Summon_Death_Knight+1","Skeleton_Dragon+1"],"picked":"Summon_Vampire_Lady+1","floor":16.0},{"not_picked":["Finger_Of_Death","Blood_Curse"],"picked":"Toxic_Smoke_Screen","floor":18.0},{"not_picked":["Vampiric_Strike","Blood_Wake"],"picked":"Slay_Living","floor":20.0},{"not_picked":["Bone_Bullets","Bones_to_Steel"],"picked":"Consume_Illness+1","floor":24.0},{"not_picked":["Bone_Bullets","Grasp_Heart"],"picked":"Negative_Energy_Mist+1","floor":28.0},{"not_picked":["Bone_Shift","Scare","Exploit"],"picked":"SKIP","floor":30.0},{"not_picked":["Blood_Wake","Reap_The_Weak"],"picked":"Grasp_Heart","floor":33.0},{"not_picked":["Death_Coil+1"],"picked":"SKIP","floor":35},{"not_picked":[],"picked":"Necrotic_Claws","floor":38},{"not_picked":["Vampiric_Strike"],"picked":"SKIP","floor":39},{"not_picked":["Death_Coil"],"picked":"SKIP","floor":41},{"not_picked":["Blood_Whip"],"picked":"SKIP","floor":44},{"not_picked":["Blood_Whip"],"picked":"SKIP","floor":46},{"not_picked":[],"picked":"Whirlwind_of_Bones","floor":48}],"player_experience":1289485,"relics_obtained":[{"floor":9.0,"key":"Frozen Egg 2"},{"floor":14.0,"key":"Whetstone"},{"floor":26.0,"key":"CCEMRelics:SelfSharpeningBlade"},{"floor":28.0,"key":"CCEMRelics:GlassOfMilk"},{"floor":43,"key":"CCEMRelics:DissonantTune"}],"event_choices":[{"damage_healed":0.0,"max_hp_gain":0.0,"max_hp_loss":0.0,"gold_gain":0.0,"event_name":"betterThird:BetterGoop","player_choice":"Left","floor":5.0,"gold_loss":67.0,"damage_taken":0.0},{"damage_healed":0.0,"max_hp_gain":0.0,"max_hp_loss":0.0,"gold_gain":150.0,"event_name":"betterThird:BetterSerpent","player_choice":"AGREE","floor":7.0,"gold_loss":0.0,"damage_taken":277.0},{"damage_healed":0.0,"max_hp_gain":0.0,"max_hp_loss":0.0,"gold_gain":0.0,"event_name":"Golden Idol","player_choice":"Take Wound","floor":11.0,"gold_loss":0.0,"damage_taken":0.0,"relics_obtained":["Golden Idol"],"cards_obtained":["Injury"]},{"damage_healed":44.0,"max_hp_gain":0.0,"max_hp_loss":78.0,"gold_gain":0.0,"event_name":"betterThird:BetterShining","player_choice":"Leave","floor":13.0,"gold_loss":0.0,"damage_taken":0.0},{"damage_healed":0.0,"max_hp_gain":0.0,"max_hp_loss":0.0,"gold_gain":0.0,"event_name":"Dead Adventurer","player_choice":"Searched \u00271\u0027 times","floor":14.0,"gold_loss":0.0,"damage_taken":0.0},{"cards_removed":["Doubt"],"damage_healed":0.0,"max_hp_gain":0.0,"max_hp_loss":0.0,"gold_gain":0.0,"event_name":"Wheel of Change","player_choice":"Card Removal","floor":21.0,"gold_loss":0.0,"damage_taken":0.0},{"damage_healed":0.0,"max_hp_gain":0.0,"max_hp_loss":0.0,"gold_gain":0.0,"event_name":"Cursed Tome","player_choice":"Ignored","floor":31.0,"gold_loss":0.0,"damage_taken":0.0},{"damage_healed":0,"gold_gain":0,"player_choice":"Upgraded","damage_taken":0,"max_hp_gain":0,"max_hp_loss":0,"event_name":"Upgrade Shrine","floor":37,"gold_loss":0,"cards_upgraded":["Grasp_Heart"]}],"is_beta":false,"boss_relics":[{"not_picked":["aspiration:RitualDagger","Ectoplasm"],"picked":"aspiration:SecretTechniqueScroll"},{"not_picked":["Runic Dome","CCEMRelics:DarkMatter"],"picked":"Busted Crown"}],"items_purged_floors":[3,47],"is_endless":false,"potions_floor_spawned":[14,16,24,30,38,39,44,46],"ascension_level":15}}