{"host":"iv8ljmz7si0xetfh","time":1614455514,"event":{"mods":["100% Spire Juice","Act Like it!","Arknights","BaseMod","Bestiary","Better Note","Colored Map","Colored Powertips","Dark Map","DeckTracker","Displayed Cursed Tome","Downfall","Highlight Path","Minty Spire (QoL Compilation)","Prisma Mod","Rare Cards Sparkle","Relic Stats","StSLib","The Alterego","Unceasing Turn Reminder"],"gold_per_floor":[150,150,150,150,150,150,150,207,281,344,440,530,530,566,566,779,779,836,189,189,239,239,344,344,446,501,585,585,633,472,511,511,724,724,772,772,436,484,152,233,258,258,258,345,423,525,609,651,651,882,1116,1116,1185,657,387,387,387,474,567,669,669,678,780,822,822,900,900,1131,1131,1170,1251,1090,1090,599,599,632,674,773,773,872,872,872,557,557,788,788,827,505,172,172,172,172,172,247,343,0,300,300,675,705,705,705,705],"floor_reached":102,"language":"ENG","playtime":7946,"items_purged":[],"score":6060,"play_id":"31ea20a0-fdd4-4614-b291-f9ab208e8424","local_time":"20210227195153","daily_mods":["Hoarder","Heirloom","Time Dilation","Flight","Midas"],"is_ascension_mode":true,"campfire_choices":[{"floor":6.0,"key":"REST"},{"floor":7.0,"key":"REST"},{"floor":15.0,"key":"REST"},{"floor":28.0,"key":"REST"},{"floor":32.0,"key":"REST"},{"floor":49.0,"key":"REST"},{"floor":67.0,"key":"REST"},{"floor":75.0,"key":"DIG"},{"floor":79.0,"key":"DIG"},{"floor":81.0,"key":"DIG"},{"floor":82.0,"key":"DIG"},{"floor":84.0,"key":"DIG"},{"floor":92.0,"key":"DIG"},{"floor":98.0,"key":"DIG"},{"floor":101.0,"key":"DIG"}],"circlet_count":0,"master_deck":["bronze:Strike+1","bronze:Strike+1","bronze:Strike+1","bronze:Strike+1","bronze:Defend+1","bronze:Defend+1","bronze:Defend+1","bronze:Defend+1","bronze:Defend+1","AscendersBane","PrismaMod:ChloeCheapAttack+1","PrismaMod:ChloeCheapDefend","PrismaMod:ChloeCarnivalAttack+1","PrismaMod:ChloeCarnivalAttack+1","PrismaMod:ChloeCarnivalAttack","PrismaMod:ChloeGaeBolg+1","PrismaMod:ChloeGaeBolg+1","PrismaMod:ChloeGaeBolg+1","PrismaMod:ChloeAnyPowerTrace+1","PrismaMod:ChloeAnyPowerTrace+1","PrismaMod:ChloeAnyPowerTrace+1","PrismaMod:ChloeAnyRareTrace+1","PrismaMod:ChloeAnyRareTrace+1","PrismaMod:ChloeAnyRareTrace+1","PrismaMod:ChloeExcalibur+1","PrismaMod:ChloeExcalibur+1","PrismaMod:ChloeExcalibur+1","PrismaMod:ChloeCheapAttack+1","PrismaMod:ChloeCheapAttack+1","PrismaMod:ChloeCheapAttack+1","PrismaMod:ChloeMaid+1","PrismaMod:ChloeMaid+1","PrismaMod:ChloeMaid+1","PrismaMod:ChloeCarnivalDefend+1","PrismaMod:ChloeCarnivalDefend+1","PrismaMod:ChloeCarnivalDefend+1","PrismaMod:ChloeAnyPowerTrace+1","PrismaMod:ChloeAnyPowerTrace+1","PrismaMod:ChloeAnyPowerTrace+1","PrismaMod:ChloeAnyAttackTrace+1","PrismaMod:ChloeAnyAttackTrace+1","PrismaMod:ChloeAnyAttackTrace+1","Flash of Steel+1","Flash of Steel+1","Flash of Steel+1","Pain","Pain","Pain","PrismaMod:ChloeReshuffleDiscard+1","PrismaMod:ChloeReshuffleDiscard+1","PrismaMod:ChloeReshuffleDiscard+1","hexamod:SixthSeal","hexamod:SixthSeal","PrismaMod:ChloeUnlimitedBladeWorks+1","PrismaMod:ChloeUnlimitedBladeWorks+1","PrismaMod:ChloeUnlimitedBladeWorks+1"],"relics":["PrismaMod:PrismaTraceOnUpgrade","bronze:AnalyticalCore","StoneCalendar","Pen Nib","hexamod:Sixitude","InkBottle","Odd Mushroom","Bottled Lightning","Fusion Hammer","ClockworkSouvenir","Thread and Needle","Regal Pillow","MutagenicStrength","Bag of Marbles","War Paint","Tiny Chest","Pear","Philosopher\u0027s Stone","Whetstone","Lee\u0027s Waffle","Centennial Puzzle","champ:DuelingGlove","FossilizedHelix","Strawberry","Molten Egg 2","Frozen Egg 2","Toxic Egg 2","CeramicFish","StrikeDummy","Art of War","Mummified Hand","Ancient Tea Set","Gremlin Horn","Potion Belt","WarpedTongs","Orichalcum","Singing Bowl","bronze:MakeshiftBattery","Sling","Nloth\u0027s Gift","Shovel","Guardian:BottledAnomaly","Oddly Smooth Stone","sneckomod:BlankCard","Mercury Hourglass","Anchor","CaptainsWheel","Matryoshka","SacredBark","Blood Vial","Chemical X","Juzu Bracelet","PreservedInsect","Blue Candle","Nunchaku","Red Mask","Toy Ornithopter","Old Coin","Bottled Tornado"],"acts_visited":["Exordium","TheCity","TheBeyond","Exordium","TheCity","TheBeyond"],"potions_floor_usage":[],"damage_taken":[{"damage":2.0,"enemies":"Jaw Worm","floor":1.0,"turns":4.0},{"damage":7.0,"enemies":"Small Slimes","floor":8.0,"turns":3.0},{"damage":13.0,"enemies":"The Mushroom Lair","floor":10.0,"turns":3.0},{"damage":21.0,"enemies":"Gremlin Nob","floor":11.0,"turns":4.0},{"damage":15.0,"enemies":"Lagavulin","floor":12.0,"turns":5.0},{"damage":0.0,"enemies":"Cultist","floor":14.0,"turns":1.0},{"damage":1.0,"enemies":"Hexaghost","floor":16.0,"turns":6.0},{"damage":0.0,"enemies":"Spheric Guardian","floor":18.0,"turns":3.0},{"damage":8.0,"enemies":"Slavers","floor":23.0,"turns":2.0},{"damage":7.0,"enemies":"Gremlin Leader","floor":25.0,"turns":4.0},{"damage":18.0,"enemies":"Book of Stabbing","floor":27.0,"turns":4.0},{"damage":0.0,"enemies":"3 Byrds","floor":29.0,"turns":2.0},{"damage":0.0,"enemies":"Snecko","floor":31.0,"turns":1.0},{"damage":0.0,"enemies":"Automaton","floor":33.0,"turns":5.0},{"damage":0.0,"enemies":"3 Darklings","floor":35.0,"turns":3.0},{"damage":0.0,"enemies":"Giant Head","floor":40.0,"turns":5.0},{"damage":0.0,"enemies":"Nemesis","floor":44.0,"turns":3.0},{"damage":0.0,"enemies":"Reptomancer","floor":45.0,"turns":3.0},{"damage":0.0,"enemies":"Nemesis","floor":46.0,"turns":3.0},{"damage":0.0,"enemies":"Reptomancer","floor":47.0,"turns":3.0},{"damage":0.0,"enemies":"3 Shapes","floor":48.0,"turns":2.0},{"damage":0.0,"enemies":"Awakened One","floor":50.0,"turns":8.0},{"damage":0.0,"enemies":"Donu and Deca","floor":51.0,"turns":7.0},{"damage":0.0,"enemies":"Jaw Worm","floor":53.0,"turns":2.0},{"damage":0.0,"enemies":"The Mushroom Lair","floor":58.0,"turns":1.0},{"damage":0.0,"enemies":"3 Sentries","floor":59.0,"turns":1.0},{"damage":0.0,"enemies":"Lagavulin","floor":60.0,"turns":2.0},{"damage":0.0,"enemies":"Gremlin Nob","floor":63.0,"turns":1.0},{"damage":3.0,"enemies":"Small Slimes","floor":64.0,"turns":1.0},{"damage":0.0,"enemies":"Lagavulin","floor":66.0,"turns":1.0},{"damage":3.0,"enemies":"The Guardian","floor":68.0,"turns":3.0},{"damage":4.0,"enemies":"Shell Parasite","floor":70.0,"turns":2.0},{"damage":3.0,"enemies":"Book of Stabbing","floor":71.0,"turns":2.0},{"damage":2.0,"enemies":"Chosen","floor":76.0,"turns":1.0},{"damage":12.0,"enemies":"Snecko","floor":77.0,"turns":2.0},{"damage":41.0,"enemies":"Slavers","floor":78.0,"turns":2.0},{"damage":0.0,"enemies":"Book of Stabbing","floor":80.0,"turns":1.0},{"damage":0.0,"enemies":"Champ","floor":85.0,"turns":3.0},{"damage":0.0,"enemies":"3 Darklings","floor":87.0,"turns":1.0},{"damage":0.0,"enemies":"Giant Head","floor":94.0,"turns":2.0},{"damage":0.0,"enemies":"Reptomancer","floor":95.0,"turns":1.0},{"damage":0.0,"enemies":"Mind Bloom Boss Battle","floor":99.0,"turns":1.0},{"damage":1.0,"enemies":"Orb Walker","floor":100.0,"turns":1.0},{"damage":0,"enemies":"Donu and Deca","floor":102,"turns":1}],"seed_played":"-7068598147991491862","potions_obtained":[{"floor":10.0,"key":"SpeedPotion"},{"floor":14.0,"key":"Swift Potion"},{"floor":16.0,"key":"ColorlessPotion"},{"floor":29.0,"key":"LiquidMemories"},{"floor":45.0,"key":"LiquidMemories"},{"floor":47.0,"key":"Ancient Potion"},{"floor":63.0,"key":"Swift Potion"},{"floor":64.0,"key":"EntropicBrew"},{"floor":70.0,"key":"LiquidMemories"},{"floor":80.0,"key":"PowerPotion"},{"floor":90.0,"key":"DuplicationPotion"}],"is_trial":true,"path_per_floor":["M","?","?","$","T","R","R","M","T","?","E","E","?","M","R","B",null,"M","$","$","?","?","E","?","E","T","E","R","M","$","M","R","B",null,"M","?","$","T","$","E","T","$","T","E","E","E","E","M","R","B","B",null,"M","$","$","$","?","?","E","E","T","?","E","M","?","E","R","B",null,"M","E","$","?","$","R","M","M","E","R","E","R","R","$","R","B",null,"M","$","$","?","?","R","?","E","E","?","?","R","?","M","R","B"],"character_chosen":"CHLOE","items_purchased":["ClockworkSouvenir","Thread and Needle","Regal Pillow","Orichalcum","Whetstone","Lee\u0027s Waffle","champ:DuelingGlove","Mummified Hand","Ancient Tea Set","Flash of Steel+1","Gremlin Horn","Sling","Shovel","Guardian:BottledAnomaly","CaptainsWheel","Blood Vial","Chemical X","Juzu Bracelet","PreservedInsect"],"campfire_rested":7,"item_purchase_floors":[19,19,19,30,37,37,39,54,54,54,55,72,74,74,83,88,88,89,89],"current_hp_per_floor":[62,62,57,57,57,71,71,64,64,51,30,15,15,15,36,35,62,62,62,62,62,62,54,54,47,47,49,81,81,81,81,81,81,81,81,81,88,88,88,88,95,95,95,95,95,95,95,95,95,95,95,95,95,95,95,95,95,95,95,95,95,95,95,92,74,74,95,92,94,92,91,91,91,91,91,101,91,103,103,105,105,105,105,105,107,107,109,109,109,109,104,104,104,108,112,112,112,112,115,116,116,116,116],"gold":705,"neow_bonus":"","is_daily":false,"chose_seed":false,"campfire_upgraded":0,"win_rate":0.0,"timestamp":1614455513,"path_taken":["M","?","?","?","?","R","R","?","T","?","E","E","?","M","R","BOSS","M","$","$","?","?","E","?","E","T","E","R","?","$","M","R","BOSS","M","?","$","?","$","E","?","$","T","E","E","E","E","?","R","BOSS","BOSS","M","$","$","$","?","?","?","E","T","?","E","?","?","E","R","BOSS","M","?","$","?","$","R","M","?","E","R","E","R","R","$","R","BOSS","M","$","$","?","?","R","?","E","E","?","?","R","?","M","R","BOSS"],"items_purchased_type":["Relic","Relic","Relic","Relic","Relic","Relic","Relic","Relic","Relic","Card","Relic","Relic","Relic","Relic","Relic","Relic","Relic","Relic","Relic"],"build_version":"2020-12-22","purchased_purges":0,"victory":false,"max_hp_per_floor":[71,71,71,71,71,71,71,71,71,71,71,71,71,71,71,71,71,71,71,71,71,71,71,71,71,71,81,81,81,81,81,81,81,81,81,81,88,88,88,88,95,95,95,95,95,95,95,95,95,95,95,95,95,95,95,95,95,95,95,95,95,95,95,95,95,95,95,95,95,97,99,99,99,99,99,101,103,103,103,105,105,105,105,105,107,107,109,109,109,109,109,109,109,111,113,113,113,113,115,117,117,117,117],"relic_stats":{"Regal Pillow":8,"Gremlin Horn":[9,9],"Singing Bowl":22,"CeramicFish":81,"StoneCalendar":[52],"Juzu Bracelet":1,"Whetstone":["PrismaMod:ChloeGaeBolg","PrismaMod:ChloeGaeBolg"],"Blood Vial":5,"Centennial Puzzle":[20],"Nunchaku":[2],"Shovel":8,"Mummified Hand":[30],"Tiny Chest":5,"Chemical X":[2],"InkBottle":[58],"Lee\u0027s Waffle":7,"counters":[43,115],"Blue Candle":[1],"Pen Nib":[33],"PreservedInsect":284,"War Paint":["PrismaMod:ChloeAnyPowerTrace","PrismaMod:ChloeAnyPowerTrace"],"Orichalcum":[30],"WarpedTongs":[25],"Mercury Hourglass":[39],"Art of War":[2],"Nloth\u0027s Gift":3,"obtain_stats":[{"champ:DuelingGlove":39,"Gremlin Horn":55,"CeramicFish":46,"Whetstone":37,"Bottled Tornado":101,"Sling":72,"PrismaMod:PrismaTraceOn":0,"Old Coin":99,"Blood Vial":88,"Centennial Puzzle":38,"PrismaMod:PrismaTraceOnUpgrade":52,"Strawberry":41,"Philosopher\u0027s Stone":34,"Fusion Hammer":17,"Toxic Egg 2":45,"Pear":27,"Blue Candle":91,"Oddly Smooth Stone":75,"Pen Nib":3,"War Paint":25,"WarpedTongs":62,"bronze:AnalyticalCore":0,"MutagenicStrength":22,"Molten Egg 2":43,"Nloth\u0027s Gift":73,"StrikeDummy":47,"bronze:MakeshiftBattery":69,"Regal Pillow":19,"Singing Bowl":68,"sneckomod:BlankCard":79,"SacredBark":86,"StoneCalendar":0,"Juzu Bracelet":89,"Ancient Tea Set":54,"ClockworkSouvenir":19,"Nunchaku":92,"Shovel":74,"Matryoshka":84,"Mummified Hand":54,"Tiny Chest":26,"Red Mask":96,"Chemical X":88,"Guardian:BottledAnomaly":74,"InkBottle":9,"Potion Belt":61,"hexamod:CandleOfCauterizing":12,"Lee\u0027s Waffle":37,"hexamod:Sixitude":5,"Circlet":58,"Thread and Needle":19,"PreservedInsect":89,"Odd Mushroom":10,"Orichalcum":30,"Frozen Egg 2":44,"Mercury Hourglass":81,"Anchor":82,"CaptainsWheel":83,"Bag of Marbles":23,"Art of War":51,"Bottled Lightning":11,"FossilizedHelix":40,"Toy Ornithopter":98},{"champ:DuelingGlove":15,"Gremlin Horn":24,"CeramicFish":19,"Whetstone":15,"Bottled Tornado":43,"Sling":33,"PrismaMod:PrismaTraceOn":0,"Old Coin":42,"Blood Vial":39,"Centennial Puzzle":15,"PrismaMod:PrismaTraceOnUpgrade":23,"Strawberry":16,"Philosopher\u0027s Stone":14,"Fusion Hammer":7,"Toxic Egg 2":18,"Pear":11,"Blue Candle":39,"Oddly Smooth Stone":33,"Pen Nib":1,"War Paint":10,"WarpedTongs":27,"bronze:AnalyticalCore":0,"MutagenicStrength":8,"Molten Egg 2":16,"Nloth\u0027s Gift":33,"StrikeDummy":20,"bronze:MakeshiftBattery":31,"Regal Pillow":8,"Singing Bowl":31,"sneckomod:BlankCard":36,"SacredBark":38,"StoneCalendar":0,"Juzu Bracelet":39,"Ancient Tea Set":24,"ClockworkSouvenir":8,"Nunchaku":39,"Shovel":33,"Matryoshka":37,"Mummified Hand":24,"Tiny Chest":10,"Red Mask":41,"Chemical X":39,"Guardian:BottledAnomaly":33,"InkBottle":2,"Potion Belt":27,"hexamod:CandleOfCauterizing":5,"Lee\u0027s Waffle":15,"hexamod:Sixitude":1,"Circlet":25,"Thread and Needle":8,"PreservedInsect":39,"Odd Mushroom":3,"Orichalcum":12,"Frozen Egg 2":17,"Mercury Hourglass":37,"Anchor":37,"CaptainsWheel":37,"Bag of Marbles":9,"Art of War":23,"Bottled Lightning":4,"FossilizedHelix":16,"Toy Ornithopter":41},{"champ:DuelingGlove":50,"Gremlin Horn":86,"CeramicFish":64,"Whetstone":50,"Bottled Tornado":115,"Sling":100,"PrismaMod:PrismaTraceOn":0,"Old Coin":114,"Blood Vial":110,"Centennial Puzzle":50,"PrismaMod:PrismaTraceOnUpgrade":84,"Strawberry":55,"Philosopher\u0027s Stone":47,"Fusion Hammer":26,"Toxic Egg 2":61,"Pear":39,"Blue Candle":110,"Oddly Smooth Stone":100,"Pen Nib":4,"War Paint":35,"WarpedTongs":90,"bronze:AnalyticalCore":0,"MutagenicStrength":29,"Molten Egg 2":55,"Nloth\u0027s Gift":100,"StrikeDummy":67,"bronze:MakeshiftBattery":96,"Regal Pillow":29,"Singing Bowl":96,"sneckomod:BlankCard":105,"SacredBark":109,"StoneCalendar":0,"Juzu Bracelet":110,"Ancient Tea Set":86,"ClockworkSouvenir":29,"Nunchaku":110,"Shovel":100,"Matryoshka":106,"Mummified Hand":86,"Tiny Chest":35,"Red Mask":113,"Chemical X":110,"Guardian:BottledAnomaly":100,"InkBottle":7,"Potion Belt":90,"hexamod:CandleOfCauterizing":19,"Lee\u0027s Waffle":50,"hexamod:Sixitude":4,"Circlet":87,"Thread and Needle":29,"PreservedInsect":110,"Odd Mushroom":10,"Orichalcum":41,"Frozen Egg 2":58,"Mercury Hourglass":106,"Anchor":106,"CaptainsWheel":106,"Bag of Marbles":31,"Art of War":84,"Bottled Lightning":14,"FossilizedHelix":55,"Toy Ornithopter":113}],"Toy Ornithopter":0},"card_choices":[{"not_picked":["PrismaMod:ChloeCommonAOEAttack","PrismaMod:ChloeCheapAttack","PrismaMod:ChloeCheapDefendTwo"],"picked":"SKIP","floor":1.0},{"not_picked":["PrismaMod:ChloeCaladbolg","PrismaMod:ChloeCommonAOEAttack","PrismaMod:ChloeDemonicTutor"],"picked":"SKIP","floor":8.0},{"not_picked":["PrismaMod:ChloeCheapAttackTwo","PrismaMod:ChloeCheapAttack"],"picked":"PrismaMod:ChloeCarnivalAttack","floor":11.0},{"not_picked":["PrismaMod:ChloeMaid","PrismaMod:ChloeCheapDefendTwo","PrismaMod:ChloeCheapAttackTwo"],"picked":"SKIP","floor":12.0},{"not_picked":["PrismaMod:ChloeUncommonAOEAttack","PrismaMod:ChloeCheapDefendTwo"],"picked":"PrismaMod:ChloeGaeBolg","floor":14.0},{"not_picked":["PrismaMod:ChloeHalloween","PrismaMod:ChloeAnyRareTrace"],"picked":"PrismaMod:ChloeAnyPowerTrace","floor":16.0},{"not_picked":["PrismaMod:ChloeUncommonAOEAttack+1","PrismaMod:ChloeRhongomyniad","PrismaMod:ChloeExhaustOne"],"picked":"SKIP","floor":18.0},{"not_picked":["PrismaMod:ChloeCommonAOEAttack","PrismaMod:ChloeUncommonDefend","PrismaMod:ChloeBetterTracePools+1"],"picked":"SKIP","floor":23.0},{"not_picked":["PrismaMod:ChloeExcalibur","PrismaMod:ChloeExhaustOne","PrismaMod:ChloeBetterTracePools"],"picked":"SKIP","floor":25.0},{"not_picked":["PrismaMod:ChloeExcalibur","PrismaMod:ChloeExhaustOne","PrismaMod:ChloeBetterTracePools"],"picked":"SKIP","floor":25.0},{"not_picked":["PrismaMod:ChloeRhongomyniad","PrismaMod:ChloeExhaustOne","PrismaMod:ChloeMordred"],"picked":"SKIP","floor":27.0},{"not_picked":["PrismaMod:ChloeRhongomyniad","PrismaMod:ChloeExhaustOne","PrismaMod:ChloeMordred"],"picked":"SKIP","floor":27.0},{"not_picked":["PrismaMod:ChloeDiscardRecovery","PrismaMod:ChloeRitsuka","PrismaMod:ChloeCheapDefend"],"picked":"SKIP","floor":29.0},{"not_picked":["PrismaMod:ChloeCheapDefendTwo","PrismaMod:ChloeCheapAttack","PrismaMod:ChloeCommonAOEAttack+1"],"picked":"SKIP","floor":31.0},{"not_picked":["PrismaMod:ChloeAnyUncommonTrace","PrismaMod:ChloeDoubleRelicSpeed"],"picked":"PrismaMod:ChloeAnyRareTrace","floor":33.0},{"not_picked":["PrismaMod:ChloeChristmas","PrismaMod:ChloeDemonicTutor+1"],"picked":"PrismaMod:ChloeExcalibur+1","floor":35.0},{"not_picked":["PrismaMod:ChloeGaeBolg","PrismaMod:ChloeCheapDefendTwo","PrismaMod:ChloeAnyUncommonTrace"],"picked":"SKIP","floor":40.0},{"not_picked":["PrismaMod:ChloeRitsuka+1","PrismaMod:ChloeMaid"],"picked":"PrismaMod:ChloeCheapAttack+1","floor":44.0},{"not_picked":["PrismaMod:ChloeBetterTracePools+1","PrismaMod:ChloeCheapDefendTwo+1","PrismaMod:ChloeCheapAttackTwo+1"],"picked":"SKIP","floor":45.0},{"not_picked":["PrismaMod:ChloeDiscardRecovery+1","PrismaMod:ChloeCheapDefend+1"],"picked":"PrismaMod:ChloeMaid+1","floor":46.0},{"not_picked":["PrismaMod:ChloeRitsuka+1","PrismaMod:ChloeDiscardRecovery+1"],"picked":"PrismaMod:ChloeCarnivalDefend+1","floor":47.0},{"not_picked":["PrismaMod:ChloeDiscardRecovery+1","PrismaMod:ChloeChristmas+1","PrismaMod:ChloeCommonAOEAttack+1"],"picked":"SKIP","floor":48.0},{"not_picked":["PrismaMod:ChloeDevil+","PrismaMod:ChloeHalloween+1"],"picked":"PrismaMod:ChloeAnyPowerTrace+1","floor":50.0},{"not_picked":["PrismaMod:ChloeAnySkillTrace+1","PrismaMod:ChloeExhaustThree+1"],"picked":"PrismaMod:ChloeAnyAttackTrace+1","floor":51.0},{"not_picked":["PrismaMod:ChloeRhongomyniad+1","PrismaMod:ChloeCheapAttackTwo+1","PrismaMod:ChloeCommonAOEAttack+1"],"picked":"SKIP","floor":53.0},{"not_picked":["PrismaMod:ChloeRuleBreaker+1","PrismaMod:ChloeCheapDefendTwo+1","PrismaMod:ChloeDiscardRecovery+1"],"picked":"SKIP","floor":59.0},{"not_picked":["PrismaMod:ChloeCheapAttack+1","PrismaMod:ChloeDiscardRecovery+1","PrismaMod:ChloeExhaustOne+1"],"picked":"SKIP","floor":60.0},{"not_picked":["PrismaMod:ChloeCheapDefend+1","PrismaMod:ChloeCheapAttackTwo+1","PrismaMod:ChloeDiscardRecovery+1"],"picked":"SKIP","floor":63.0},{"not_picked":["PrismaMod:ChloeUncommonAOEAttack+1","PrismaMod:ChloeMordred+1","PrismaMod:ChloeAnyUncommonTrace+1"],"picked":"SKIP","floor":64.0},{"not_picked":["PrismaMod:ChloeCheapAttack+1","PrismaMod:ChloeBetterTracePools+1","PrismaMod:ChloeGaeBolg+1"],"picked":"SKIP","floor":66.0},{"not_picked":["PrismaMod:ChloeAnyRareTrace+1","PrismaMod:ChloeCarnivalAOEAttack+1"],"picked":"PrismaMod:ChloeReshuffleDiscard+1","floor":68.0},{"not_picked":["PrismaMod:ChloeExhaustOne+1","PrismaMod:ChloeDiscardRecovery+1","PrismaMod:ChloeCheapDefendTwo+1"],"picked":"Singing Bowl","floor":70.0},{"not_picked":["PrismaMod:ChloeCommonAOEAttack+1","PrismaMod:ChloeGaeBolg+1","PrismaMod:ChloeCheapAttack+1"],"picked":"Singing Bowl","floor":71.0},{"not_picked":["PrismaMod:ChloeDiscardRecovery+1","PrismaMod:ChloeAnyUncommonTrace+1","PrismaMod:ChloeCheapDefend+1"],"picked":"Singing Bowl","floor":76.0},{"not_picked":["hexamod:SecondSeal","hexamod:FirstSeal"],"picked":"hexamod:SixthSeal","floor":77.0},{"not_picked":["PrismaMod:ChloeDiscardRecovery+1","PrismaMod:ChloeCommonAOEAttack+1","PrismaMod:ChloeCheapAttackTwo+1"],"picked":"Singing Bowl","floor":77.0},{"not_picked":["PrismaMod:ChloeAnyCommonTrace+1","PrismaMod:ChloeRhongomyniad+1"],"picked":"PrismaMod:ChloeUnlimitedBladeWorks+1","floor":78.0},{"not_picked":["PrismaMod:ChloeDoubleRelicSpeed+1","PrismaMod:ChloeExhaustOne+1","PrismaMod:ChloeAnyPowerTrace+1"],"picked":"Singing Bowl","floor":80.0},{"not_picked":["PrismaMod:ChloeAnyRareTrace+1","PrismaMod:ChloeReshuffleDiscard+1","PrismaMod:ChloeCarnivalDefend+1"],"picked":"Singing Bowl","floor":85.0},{"not_picked":["PrismaMod:ChloeDemonicTutor+1","PrismaMod:ChloeCheapDefendTwo+1","PrismaMod:ChloeUncommonAttack+1"],"picked":"Singing Bowl","floor":87.0},{"not_picked":["PrismaMod:ChloeAnyRareTrace+1","PrismaMod:ChloeDoubleRelicSpeed+1","PrismaMod:ChloeCarnivalDefend+1"],"picked":"Singing Bowl","floor":94.0},{"not_picked":["PrismaMod:ChloeReshuffleDiscard+1","PrismaMod:ChloeAnyRareTrace+1","PrismaMod:ChloeMaid+1"],"picked":"Singing Bowl","floor":95.0},{"not_picked":["PrismaMod:ChloeExhaustOne+1","PrismaMod:ChloeDiscardRecovery+1","PrismaMod:ChloeCheapDefendTwo+1"],"picked":"Singing Bowl","floor":99.0},{"not_picked":["PrismaMod:ChloeExhaustOne+1","PrismaMod:ChloeCheapDefendTwo+1","PrismaMod:ChloeCommonAOEAttack+1"],"picked":"Singing Bowl","floor":100.0}],"player_experience":397238,"relics_obtained":[{"floor":5.0,"key":"hexamod:Sixitude"},{"floor":9.0,"key":"InkBottle"},{"floor":10.0,"key":"Odd Mushroom"},{"floor":11.0,"key":"Bottled Lightning"},{"floor":12.0,"key":"hexamod:CandleOfCauterizing"},{"floor":23.0,"key":"Bag of Marbles"},{"floor":25.0,"key":"War Paint"},{"floor":26.0,"key":"Tiny Chest"},{"floor":27.0,"key":"Pear"},{"floor":38.0,"key":"Centennial Puzzle"},{"floor":40.0,"key":"FossilizedHelix"},{"floor":41.0,"key":"Strawberry"},{"floor":43.0,"key":"Molten Egg 2"},{"floor":44.0,"key":"Frozen Egg 2"},{"floor":45.0,"key":"Toxic Egg 2"},{"floor":46.0,"key":"CeramicFish"},{"floor":47.0,"key":"StrikeDummy"},{"floor":51.0,"key":"Art of War"},{"floor":58.0,"key":"Circlet"},{"floor":61.0,"key":"Potion Belt"},{"floor":68.0,"key":"Singing Bowl"},{"floor":75.0,"key":"Oddly Smooth Stone"},{"floor":79.0,"key":"sneckomod:BlankCard"},{"floor":81.0,"key":"Mercury Hourglass"},{"floor":82.0,"key":"Anchor"},{"floor":84.0,"key":"Matryoshka"},{"floor":92.0,"key":"Nunchaku"},{"floor":98.0,"key":"Toy Ornithopter"},{"floor":99.0,"key":"Old Coin"},{"floor":101.0,"key":"Bottled Tornado"}],"event_choices":[{"damage_healed":0.0,"max_hp_gain":0.0,"max_hp_loss":0.0,"gold_gain":0.0,"event_name":"Scrap Ooze","player_choice":"Success","floor":3.0,"gold_loss":0.0,"damage_taken":5.0,"relics_obtained":["Pen Nib"]},{"damage_healed":0.0,"max_hp_gain":0.0,"max_hp_loss":0.0,"gold_gain":0.0,"event_name":"Mushrooms","player_choice":"Fought Mushrooms","floor":10.0,"gold_loss":0.0,"damage_taken":0.0},{"cards_removed":["bronze:Strike"],"damage_healed":0.0,"max_hp_gain":0.0,"max_hp_loss":0.0,"gold_gain":0.0,"event_name":"Wheel of Change","player_choice":"Card Removal","floor":13.0,"gold_loss":0.0,"damage_taken":0.0},{"damage_healed":0.0,"max_hp_gain":0.0,"max_hp_loss":0.0,"gold_gain":50.0,"event_name":"Nest","player_choice":"Stole From Cult","floor":21.0,"gold_loss":0.0,"damage_taken":0.0},{"damage_healed":0.0,"max_hp_gain":0.0,"max_hp_loss":0.0,"gold_gain":0.0,"event_name":"Drug Dealer","player_choice":"Inject Mutagens","floor":22.0,"gold_loss":0.0,"damage_taken":0.0,"relics_obtained":["MutagenicStrength"]},{"damage_healed":0.0,"max_hp_gain":0.0,"max_hp_loss":0.0,"gold_gain":0.0,"event_name":"Back to Basics","player_choice":"Simplicity","floor":24.0,"gold_loss":0.0,"damage_taken":0.0,"cards_upgraded":["bronze:Strike","bronze:Strike","bronze:Strike","bronze:Strike","bronze:Defend","bronze:Defend","bronze:Defend","bronze:Defend","bronze:Defend"]},{"damage_healed":0.0,"max_hp_gain":0.0,"max_hp_loss":0.0,"gold_gain":0.0,"event_name":"SecretPortal","player_choice":"Ignored","floor":36.0,"gold_loss":0.0,"damage_taken":0.0},{"damage_healed":0.0,"max_hp_gain":0.0,"max_hp_loss":0.0,"gold_gain":0.0,"event_name":"Liars Game","player_choice":"Ignored","floor":57.0,"gold_loss":0.0,"damage_taken":0.0},{"damage_healed":0.0,"max_hp_gain":0.0,"max_hp_loss":0.0,"gold_gain":0.0,"event_name":"Mushrooms","player_choice":"Fought Mushrooms","floor":58.0,"gold_loss":0.0,"damage_taken":0.0},{"damage_healed":0.0,"max_hp_gain":0.0,"max_hp_loss":0.0,"gold_gain":0.0,"event_name":"Accursed Blacksmith","player_choice":"Rummage","floor":62.0,"gold_loss":0.0,"damage_taken":0.0,"relics_obtained":["WarpedTongs"],"cards_obtained":["Pain"]},{"damage_healed":0.0,"max_hp_gain":0.0,"max_hp_loss":0.0,"gold_gain":0.0,"event_name":"Scrap Ooze","player_choice":"Success","floor":65.0,"gold_loss":0.0,"damage_taken":18.0,"relics_obtained":["Orichalcum"]},{"damage_healed":0.0,"max_hp_gain":0.0,"max_hp_loss":0.0,"gold_gain":0.0,"event_name":"N\u0027loth","player_choice":"Traded Relic","floor":73.0,"relics_lost":["Circlet"],"gold_loss":0.0,"damage_taken":0.0,"relics_obtained":["Nloth\u0027s Gift"]},{"damage_healed":0.0,"max_hp_gain":0.0,"max_hp_loss":0.0,"gold_gain":0.0,"event_name":"Lab","player_choice":"Got Potions","floor":90.0,"gold_loss":0.0,"damage_taken":0.0},{"cards_removed":["hexamod:SixthSeal"],"damage_healed":0.0,"max_hp_gain":0.0,"max_hp_loss":0.0,"gold_gain":0.0,"event_name":"Falling","player_choice":"Removed Power","floor":93.0,"gold_loss":0.0,"damage_taken":0.0},{"damage_healed":0.0,"max_hp_gain":0.0,"max_hp_loss":0.0,"gold_gain":0.0,"event_name":"Tomb of Lord Red Mask","player_choice":"Paid","floor":96.0,"gold_loss":343.0,"damage_taken":0.0,"relics_obtained":["Red Mask"]},{"damage_healed":0.0,"max_hp_gain":0.0,"max_hp_loss":0.0,"gold_gain":300.0,"event_name":"Wheel of Change","player_choice":"Gold","floor":97.0,"gold_loss":0.0,"damage_taken":0.0},{"damage_healed":0.0,"max_hp_gain":0.0,"max_hp_loss":0.0,"gold_gain":0.0,"event_name":"MindBloom","player_choice":"Fight","floor":99.0,"gold_loss":0.0,"damage_taken":0.0}],"is_beta":false,"boss_relics":[{"not_picked":["sneckomod:SneckoTalon","expansioncontent:StudyCardRelic"],"picked":"Fusion Hammer"},{"not_picked":["SacredBark","bronze:MakeshiftBattery"],"picked":"Philosopher\u0027s Stone"},{"not_picked":["Tiny House","Cursed Key"],"picked":"PrismaMod:PrismaTraceOnUpgrade"},{"not_picked":["Coffee Dripper","Astrolabe"],"picked":"bronze:MakeshiftBattery"},{"not_picked":["Calling Bell","Snecko Eye"],"picked":"SacredBark"}],"items_purged_floors":[],"is_endless":true,"potions_floor_spawned":[10,14,16,29,31,33,45,46,47,50,53,59,60,63,64,70,76,80,99,100],"killed_by":"Donu and Deca","ascension_level":20}}