{"host":"7e6a7vfmtx61a48y","time":1614435698,"event":{"mods":["BaseMod","Better Note","BetterRewards","Block Reminder","Colored Powertips","Curses Come First","Gremlin Skip","Hubris","Minty Spire (QoL Compilation)","Quick Restart","Rare Cards Sparkle","Reliquary","StSLib","SuperFastMode"],"gold_per_floor":[60,60,60,84,104,135,159,159,184,227,250,250,273,316,316,410,410,401,401,401,425,497,497,535,535,535,535,549,549,549,549],"floor_reached":30,"language":"ENG","playtime":915,"items_purged":[],"score":442,"play_id":"0902e309-7556-406e-9971-ae51d1a5507b","local_time":"20210227222138","is_ascension_mode":true,"campfire_choices":[{"data":"Inflame","floor":8.0,"key":"SMITH"},{"floor":12.0,"key":"REST"},{"data":"Flex","floor":15.0,"key":"SMITH"},{"data":"Heavy Blade","floor":23.0,"key":"SMITH"},{"floor":27,"key":"REST"}],"circlet_count":0,"master_deck":["AscendersBane","Strike_R","Strike_R","Strike_R","Strike_R","Strike_R","Defend_R","Defend_R","Defend_R","Defend_R","Bash","Inflame+1","Pommel Strike","Thunderclap","Flex+1","Shrug It Off","Demon Form","Heavy Blade+1","Armaments"],"relics":["Burning Blood","reliquary:BrokenClock","Gambling Chip","Bag of Marbles","Golden Idol","Champion Belt","reliquary:RosewoodLute","Tiny Chest","reliquary:Crutches","SlaversCollar","Matryoshka","Pen Nib","hubris:Towel","Nunchaku","Pantograph"],"acts_visited":["Exordium","TheCity"],"potions_floor_usage":[28],"damage_taken":[{"damage":15.0,"enemies":"Small Slimes","floor":1.0,"turns":3.0},{"damage":0.0,"enemies":"2 Louse","floor":4.0,"turns":2.0},{"damage":0.0,"enemies":"Jaw Worm","floor":5.0,"turns":2.0},{"damage":12.0,"enemies":"Gremlin Nob","floor":6.0,"turns":3.0},{"damage":8.0,"enemies":"Gremlin Gang","floor":7.0,"turns":4.0},{"damage":22.0,"enemies":"Lagavulin","floor":10.0,"turns":4.0},{"damage":10.0,"enemies":"Large Slime","floor":11.0,"turns":3.0},{"damage":0.0,"enemies":"3 Louse","floor":13.0,"turns":2.0},{"damage":12.0,"enemies":"Gremlin Nob","floor":14.0,"turns":3.0},{"damage":30.0,"enemies":"Slime Boss","floor":16.0,"turns":7.0},{"damage":27.0,"enemies":"2 Thieves","floor":18.0,"turns":4.0},{"damage":7.0,"enemies":"3 Byrds","floor":21.0,"turns":5.0},{"damage":40,"enemies":"Book of Stabbing","floor":24,"turns":4},{"damage":18,"enemies":"Snecko","floor":28,"turns":3},{"damage":24,"enemies":"Slavers","floor":30,"turns":3}],"seed_played":"2029221117908964084","potions_obtained":[{"floor":1.0,"key":"Regen Potion"},{"floor":4.0,"key":"SkillPotion"},{"floor":7.0,"key":"Regen Potion"},{"floor":10.0,"key":"Dexterity Potion"},{"floor":14.0,"key":"Swift Potion"},{"floor":24,"key":"BlessingOfTheForge"},{"floor":28,"key":"Strength Potion"}],"is_trial":false,"path_per_floor":["M","?","?","M","M","E","M","R","T","E","M","R","M","E","R","B",null,"M","?","?","M","T","R","E","?","T","R","M","?","E"],"character_chosen":"IRONCLAD","items_purchased":["reliquary:BrokenClock","Bag of Marbles","Inflame"],"campfire_rested":2,"item_purchase_floors":[0,0,0],"current_hp_per_floor":[39,21,46,52,58,52,50,50,50,46,42,64,70,64,64,40,66,45,45,45,58,58,58,24,24,24,46,34,34,10,10],"gold":549,"neow_bonus":"","is_daily":false,"chose_seed":false,"campfire_upgraded":3,"win_rate":0.0,"timestamp":1614435698,"path_taken":["M","?","?","M","M","E","?","R","T","E","?","R","M","E","R","BOSS","M","?","?","M","?","R","E","?","T","R","M","?","E"],"items_purchased_type":["Relic","Relic","Card"],"build_version":"2020-12-22","purchased_purges":0,"victory":false,"max_hp_per_floor":[75,75,75,75,75,75,75,75,75,75,75,75,75,75,75,75,75,75,75,75,75,75,75,75,75,75,75,75,75,75,75],"card_choices":[{"not_picked":["Carnage","Dropkick","Bloodletting"],"picked":"SKIP","floor":1.0},{"not_picked":["Sword Boomerang","Clash"],"picked":"Pommel Strike","floor":4.0},{"not_picked":["Blood for Blood","Anger"],"picked":"Thunderclap","floor":5.0},{"not_picked":["Sever Soul","True Grit"],"picked":"Flex","floor":6.0},{"not_picked":["Power Through","Havoc"],"picked":"Shrug It Off","floor":7.0},{"not_picked":["Impervious","True Grit","Anger"],"picked":"SKIP","floor":10.0},{"not_picked":["Blood for Blood","Perfected Strike","Combust"],"picked":"SKIP","floor":11.0},{"not_picked":["Clash","Disarm","Sword Boomerang"],"picked":"SKIP","floor":13.0},{"not_picked":["Burning Pact","Clash","Pommel Strike"],"picked":"SKIP","floor":14.0},{"not_picked":["Fiend Fire","Berserk"],"picked":"Demon Form","floor":16.0},{"not_picked":["Body Slam","Havoc"],"picked":"Heavy Blade","floor":18.0},{"not_picked":["Flame Barrier","Shrug It Off"],"picked":"Armaments","floor":21.0},{"not_picked":["Shrug It Off","Clothesline","Clash"],"picked":"SKIP","floor":24},{"not_picked":["Burning Pact","Havoc","Cleave"],"picked":"SKIP","floor":28}],"player_experience":378636,"relics_obtained":[{"floor":6.0,"key":"Champion Belt"},{"floor":9.0,"key":"reliquary:RosewoodLute"},{"floor":10.0,"key":"Tiny Chest"},{"floor":14.0,"key":"reliquary:Crutches"},{"floor":22.0,"key":"Matryoshka"},{"floor":24,"key":"Pen Nib"},{"floor":26,"key":"Nunchaku"},{"floor":26,"key":"Pantograph"}],"event_choices":[{"damage_healed":0.0,"max_hp_gain":0.0,"max_hp_loss":0.0,"gold_gain":0.0,"event_name":"Golden Idol","player_choice":"Take Damage","floor":2.0,"gold_loss":0.0,"damage_taken":18.0,"relics_obtained":["Golden Idol"]},{"damage_healed":25.0,"max_hp_gain":0.0,"max_hp_loss":0.0,"gold_gain":0.0,"event_name":"Big Fish","player_choice":"Banana","floor":3.0,"gold_loss":0.0,"damage_taken":0.0},{"damage_healed":0.0,"max_hp_gain":0.0,"max_hp_loss":0.0,"gold_gain":0.0,"event_name":"Cursed Tome","player_choice":"Ignored","floor":19.0,"gold_loss":0.0,"damage_taken":0.0},{"damage_healed":0,"gold_gain":0,"player_choice":"Ignored","damage_taken":0,"max_hp_gain":0,"max_hp_loss":0,"event_name":"Vampires","floor":29,"gold_loss":0}],"is_beta":false,"boss_relics":[{"not_picked":["Velvet Choker","reliquary:RedCape"],"picked":"SlaversCollar"}],"items_purged_floors":[],"is_endless":false,"potions_floor_spawned":[1,4,7,10,14,24,28],"killed_by":"Slavers","ascension_level":13}}