{"host":"fbdlh90rovbiajun","time":1614446103,"event":{"mods":["AchievementEnabler","BaseMod","Colored Map","Keyboard Shortcuts","Minty Spire (QoL Compilation)","SuperFastMode"],"gold_per_floor":[111,128,128,50,50,50,88,88,113,126,126,126],"floor_reached":11,"language":"KOR","playtime":113,"items_purged":[],"score":106,"play_id":"92e011fb-d25f-4c64-a864-a7071f297304","local_time":"20210228021503","is_ascension_mode":true,"campfire_choices":[{"data":"Capacitor","floor":6,"key":"SMITH"}],"circlet_count":0,"master_deck":["Strike_B","Strike_B","Strike_B","Strike_B","Defend_B","Defend_B","Defend_B","Defend_B","Zap","Dualcast","Consume","Capacitor+1","Rebound","Conserve Battery"],"relics":["Cracked Core","NeowsBlessing","Ancient Tea Set","Golden Idol","Art of War","DataDisk"],"acts_visited":["Exordium"],"potions_floor_usage":[],"damage_taken":[{"damage":0,"enemies":"Cultist","floor":1,"turns":1},{"damage":0,"enemies":"Jaw Worm","floor":2,"turns":1},{"damage":0,"enemies":"Lagavulin","floor":7,"turns":1},{"damage":9,"enemies":"2 Louse","floor":10,"turns":3},{"damage":31,"enemies":"3 Sentries","floor":11,"turns":4}],"seed_played":"-1868420455191526220","potions_obtained":[{"floor":1,"key":"SteroidPotion"},{"floor":7,"key":"SmokeBomb"}],"is_trial":false,"path_per_floor":["M","M","?","$","?","R","E","?","T","M","E"],"character_chosen":"DEFECT","items_purchased":["Capacitor"],"campfire_rested":0,"item_purchase_floors":[4],"current_hp_per_floor":[75,75,63,63,45,45,45,45,45,36,5,5],"gold":126,"neow_bonus":"THREE_ENEMY_KILL","is_daily":false,"chose_seed":false,"campfire_upgraded":1,"win_rate":0.0,"timestamp":1614446103,"path_taken":["M","M","?","$","?","R","E","?","T","M","E"],"items_purchased_type":["Card"],"build_version":"2020-12-22","purchased_purges":0,"victory":false,"max_hp_per_floor":[75,75,75,75,75,75,75,75,75,75,75,75],"card_choices":[{"not_picked":["Loop","Gash"],"picked":"Consume","floor":1},{"not_picked":["Sweeping Beam","White Noise","Lockon"],"picked":"SKIP","floor":2},{"not_picked":["Gash","Blizzard"],"picked":"Rebound","floor":7},{"not_picked":["Turbo","Steam Power"],"picked":"Conserve Battery","floor":10}],"player_experience":148372,"relics_obtained":[{"floor":7,"key":"Art of War"},{"floor":9,"key":"DataDisk"}],"event_choices":[{"damage_healed":0,"gold_gain":0,"player_choice":"Success","damage_taken":12,"relics_obtained":["Ancient Tea Set"],"max_hp_gain":0,"max_hp_loss":0,"event_name":"Scrap Ooze","floor":3,"gold_loss":0},{"damage_healed":0,"gold_gain":0,"player_choice":"Take Damage","damage_taken":18,"relics_obtained":["Golden Idol"],"max_hp_gain":0,"max_hp_loss":0,"event_name":"Golden Idol","floor":5,"gold_loss":0},{"damage_healed":0,"gold_gain":0,"player_choice":"Ignored","damage_taken":0,"max_hp_gain":0,"max_hp_loss":0,"event_name":"Liars Game","floor":8,"gold_loss":0}],"is_beta":false,"boss_relics":[],"items_purged_floors":[],"is_endless":false,"potions_floor_spawned":[1,7],"killed_by":"3 Sentries","ascension_level":2}}