{"host":"hlfvgorhn0soxaby","time":1614401149,"event":{"mods":["BaseMod","Downfall","Marisa£®ÏF”Í°°ƒß¿Ì…≥£©","Minty Spire (QoL Compilation)","Replay The Spire","StSLib","The Cursed","The Servant 0.9.4"],"gold_per_floor":[99,99,171,187,187,218,266,66,78,253,266,266,16,16,16,16],"floor_reached":14,"language":"ZHS","playtime":3196,"items_purged":[],"score":111,"play_id":"7c71af06-69fb-46ba-b279-c362413b9613","local_time":"20210227124549","is_ascension_mode":false,"campfire_choices":[{"floor":1.0,"key":"RECALL"},{"data":"champ:StanceDance","floor":8.0,"key":"SMITH"}],"circlet_count":0,"master_deck":["champ:Strike","champ:Strike","champ:Strike","champ:Strike","champ:Defend","champ:Defend","champ:Defend","champ:Defend","champ:Execute","champ:Taunt","champ:StanceDance+1","champ:FocusedDefense","champ:EnragedBash","champ:GutPunch","champ:RecklessLeap","champ:CrookedStrike","champ:GladiatorForm","expansioncontent:Chronoboost"],"relics":["m_IronCrown","Omamori","ReplayTheSpireMod:Ring of Exchange","Ring of Fangs","Blue Candle","downfall:HeartBlessingRed","downfall:HeartBlessingBlue","Ice Cream"],"acts_visited":["Exordium"],"potions_floor_usage":[14,14],"damage_taken":[{"damage":26.0,"enemies":"Jaw Worm","floor":4.0,"turns":4.0},{"damage":65.0,"enemies":"Lagavulin","floor":6.0,"turns":9.0},{"damage":24.0,"enemies":"2 Louse","floor":9.0,"turns":3.0},{"damage":30.0,"enemies":"Cultist","floor":11.0,"turns":3.0},{"damage":38.0,"enemies":"downfall:FleeingMerchant","floor":13.0,"turns":4.0},{"damage":76,"enemies":"Gremlin Nob","floor":14,"turns":5}],"seed_played":"498986884527687016","potions_obtained":[{"floor":3.0,"key":"Elixir"},{"floor":3.0,"key":"Regen Potion"},{"floor":6.0,"key":"champ:OpenerPotion"}],"is_trial":false,"path_per_floor":["R","?","?","M","?","E","T","R","M","?","M","?","$","E"],"character_chosen":"THE_CHAMP","items_purchased":["champ:GladiatorForm","expansioncontent:Chronoboost"],"campfire_rested":0,"item_purchase_floors":[13,13],"current_hp_per_floor":[99,99,60,55,55,21,21,31,33,33,39,39,45,0,0,0],"gold":16,"neow_bonus":"TEN_PERCENT_HP_BONUS","is_daily":false,"chose_seed":false,"campfire_upgraded":1,"win_rate":0.0,"timestamp":1614401149,"path_taken":["R","?","?","?","?","E","T","R","M","?","M","?","?","E"],"items_purchased_type":["Card","Card"],"build_version":"2020-12-22","purchased_purges":0,"victory":false,"max_hp_per_floor":[99,99,99,99,99,99,99,109,109,109,109,109,109,109,109,109],"card_choices":[{"not_picked":["champ:Haymaker","champ:Endure"],"picked":"champ:StanceDance","floor":3.0},{"not_picked":["champ:StanceDance","Combust"],"picked":"champ:FocusedDefense","floor":4.0},{"not_picked":["Twin Strike","champ:Shatter"],"picked":"champ:EnragedBash","floor":6.0},{"not_picked":["champ:FocusedBerserking","champ:FlashCut"],"picked":"champ:GutPunch","floor":9.0},{"not_picked":["champ:BladeFlurry","champ:BringItOn"],"picked":"champ:RecklessLeap","floor":11.0},{"not_picked":["champ:Haymaker","champ:TornadoPunch"],"picked":"champ:CrookedStrike","floor":13.0}],"player_experience":465295,"relics_obtained":[{"floor":3.0,"key":"Omamori"},{"floor":5.0,"key":"ReplayTheSpireMod:Ring of Exchange"},{"floor":5.0,"key":"Ring of Fangs"},{"floor":6.0,"key":"Blue Candle"}],"event_choices":[{"damage_healed":0.0,"max_hp_gain":0.0,"max_hp_loss":0.0,"gold_gain":0.0,"event_name":"Big Fish","player_choice":"Box","floor":12.0,"gold_loss":0.0,"damage_taken":0.0,"relics_obtained":["Ice Cream"],"cards_obtained":["Regret"]}],"is_beta":false,"boss_relics":[],"items_purged_floors":[],"is_endless":false,"potions_floor_spawned":[6,9],"killed_by":"Gremlin Nob","ascension_level":0}}