{"host":"40e4adzyl212zebh","time":1614409115,"event":{"mods":["Act Like it!","BaseMod","Colored Map","Colored Powertips","DeckTracker","Gensokyo","Minty Spire (QoL Compilation)","Quick Restart","Random Character Button","Relic Stats","StSLib"],"gold_per_floor":[360,6,6,16,16,16,0,0,26,26,26,360,360,89,89,390,390,409,289,4,329,77,77,77,111,111,129,129,129,129,4,4,106,106,123,33,33,33,33,33,63,63,113,84,84,84,123,143,143,143,143,143,68,98,98],"floor_reached":56,"language":"JPN","playtime":3165,"items_purged":["Anger","Strike_R","Strike_R"],"score":1357,"play_id":"33757f53-2aa8-4dc5-becf-c1767375e2bb","local_time":"20210227155835","is_ascension_mode":false,"campfire_choices":[{"data":"Searing Blow","floor":6,"key":"SMITH"},{"data":"Searing Blow+1","floor":8,"key":"SMITH"},{"data":"Searing Blow+2","floor":11,"key":"SMITH"},{"data":"Searing Blow+3","floor":13,"key":"SMITH"},{"data":"Searing Blow+4","floor":15,"key":"SMITH"},{"data":"Searing Blow+5","floor":23,"key":"SMITH"},{"data":"Searing Blow+6","floor":24,"key":"SMITH"},{"data":"Searing Blow+7","floor":29,"key":"SMITH"},{"data":"Searing Blow+8","floor":30,"key":"SMITH"},{"floor":32,"key":"RECALL"},{"data":"Searing Blow+9","floor":40,"key":"SMITH"},{"data":"Searing Blow+10","floor":42,"key":"SMITH"},{"data":"Searing Blow+11","floor":45,"key":"SMITH"},{"data":"Searing Blow+12","floor":46,"key":"SMITH"},{"data":"Searing Blow+13","floor":49,"key":"SMITH"},{"data":"Searing Blow+14","floor":52,"key":"SMITH"}],"circlet_count":0,"master_deck":["Strike_R","Defend_R","Defend_R","Defend_R","Defend_R","Bash","Gensokyo:LockedMedkit","Searing Blow+15","Armaments+1","Feed","Battle Trance","Shrug It Off","Corruption","Gensokyo:MenInBlack","Gensokyo:LockedMedkit","Gensokyo:AllTheWorldsEvil","Gensokyo:CustomPotion","Headbutt+1","Barricade"],"relics":["Burning Blood","Medical Kit","Gensokyo:PortableGap","Incense Burner","TheAbacus","Runic Dome","Gensokyo:DemonMask","Orichalcum","Bag of Marbles","Letter Opener","Tiny Chest","Snecko Eye","Pantograph","CeramicFish","PreservedInsect","Shovel","StoneCalendar"],"acts_visited":["Exordium","Gensokyo:Gensokyo","Gensokyo:Gensokyoer","TheEnding"],"potions_floor_usage":[16,35,55,55,55],"damage_taken":[{"damage":14,"enemies":"Gensokyo:Gryphon","floor":1,"turns":5},{"damage":14,"enemies":"Gensokyo:3_Fairies","floor":4,"turns":10},{"damage":34,"enemies":"Gensokyo:Cirno","floor":12,"turns":9},{"damage":5,"enemies":"Gensokyo:Reimu","floor":16,"turns":9},{"damage":0,"enemies":"Gensokyo:2_Gloops","floor":18,"turns":4},{"damage":3,"enemies":"Gensokyo:Koishi","floor":25,"turns":4},{"damage":15,"enemies":"Gensokyo:3_Dogs","floor":27,"turns":5},{"damage":36,"enemies":"Gensokyo:Eiki","floor":33,"turns":9},{"damage":0,"enemies":"Gensokyo:AncientGuardian","floor":35,"turns":1},{"damage":0,"enemies":"Gensokyo:Doremy","floor":41,"turns":3},{"damage":0,"enemies":"Gensokyo:Marisa","floor":47,"turns":2},{"damage":0,"enemies":"Gensokyo:3_Bats","floor":48,"turns":4},{"damage":0,"enemies":"Gensokyo:Yuyuko","floor":50,"turns":3},{"damage":0,"enemies":"Shield and Spear","floor":54,"turns":3},{"damage":14,"enemies":"The Heart","floor":55,"turns":5}],"seed_played":"2556509973024649380","potions_obtained":[{"floor":4,"key":"Swift Potion"},{"floor":12,"key":"BloodPotion"},{"floor":33,"key":"DistilledChaos"},{"floor":35,"key":"Block Potion"}],"is_trial":false,"path_per_floor":["M","COS","?","M","$","R","?","R","T","?","R","E","R","$","R","B",null,"M","?","COS","?","$","R","R","E","T","M","?","R","R","$","R","B",null,"M","?","?","T","?","R","E","R","T","COS","R","R","E","M","R","B",null,"R","$","E","B",null],"character_chosen":"IRONCLAD","items_purchased":["TheAbacus","Shrug It Off","Orichalcum","Ancient Potion"],"campfire_rested":0,"item_purchase_floors":[14,14,22,53],"current_hp_per_floor":[48,48,48,40,40,40,48,48,48,36,36,8,8,8,8,24,61,65,65,65,62,62,59,59,59,56,51,51,51,48,48,48,18,48,51,51,51,48,41,41,45,45,45,45,42,42,42,42,42,42,42,42,42,42,34],"gold":98,"neow_bonus":"TWO_FIFTY_GOLD","is_daily":false,"chose_seed":false,"campfire_upgraded":15,"win_rate":0.0,"timestamp":1614409115,"path_taken":["M","COS","?","?","?","R","?","R","T","?","R","E","R","?","R","BOSS","M","?","COS","?","$","R","R","E","T","?","?","R","R","$","R","BOSS","M","?","?","?","?","R","E","R","T","COS","R","R","E","?","R","BOSS","R","$","E","BOSS"],"items_purchased_type":["Relic","Card","Relic","Potion"],"build_version":"2020-12-22","purchased_purges":3,"victory":true,"max_hp_per_floor":[80,80,72,69,69,69,66,66,63,63,63,60,57,57,57,61,61,65,65,65,62,62,59,59,59,56,57,54,51,48,48,48,48,48,51,51,51,48,45,45,45,45,45,45,42,42,42,42,42,42,42,42,42,42,42],"relic_stats":{"counters":[15,76],"CeramicFish":27,"StoneCalendar":[0],"PreservedInsect":131,"Letter Opener":[57],"Orichalcum":[30],"Medical Kit":[5],"Burning Blood":49,"TheAbacus":[114],"Shovel":0,"Pantograph":0,"Snecko Eye":[44,50,50,42],"Tiny Chest":1,"obtain_stats":[{"Darkstone Periapt":10,"Gensokyo:DemonMask":19,"CeramicFish":41,"StoneCalendar":54,"PreservedInsect":43,"Incense Burner":12,"Letter Opener":26,"Orichalcum":22,"Medical Kit":2,"Gensokyo:PortableGap":3,"Burning Blood":0,"Runic Dome":17,"Frozen Eye":25,"TheAbacus":14,"Shovel":47,"Pantograph":38,"Snecko Eye":34,"Tiny Chest":27,"Bag of Marbles":25},{"Darkstone Periapt":2,"Gensokyo:DemonMask":5,"CeramicFish":10,"StoneCalendar":14,"PreservedInsect":10,"Incense Burner":3,"Letter Opener":6,"Orichalcum":5,"Medical Kit":1,"Gensokyo:PortableGap":1,"Burning Blood":0,"Runic Dome":4,"Frozen Eye":5,"TheAbacus":3,"Shovel":11,"Pantograph":9,"Snecko Eye":8,"Tiny Chest":7,"Bag of Marbles":6},{"Darkstone Periapt":15,"Gensokyo:DemonMask":37,"CeramicFish":59,"StoneCalendar":71,"PreservedInsect":59,"Incense Burner":24,"Letter Opener":41,"Orichalcum":37,"Medical Kit":5,"Gensokyo:PortableGap":5,"Burning Blood":0,"Runic Dome":33,"Frozen Eye":37,"TheAbacus":24,"Shovel":61,"Pantograph":56,"Snecko Eye":55,"Tiny Chest":43,"Bag of Marbles":41}]},"card_choices":[{"not_picked":["Armaments","Heavy Blade"],"picked":"Anger","floor":1},{"not_picked":["Iron Wave","Sever Soul"],"picked":"Searing Blow","floor":4},{"not_picked":["Iron Wave+1","Dark Embrace+1"],"picked":"Armaments+1","floor":4},{"not_picked":["Demon Form","Impervious"],"picked":"Feed","floor":12},{"not_picked":["Clothesline","Bloodletting"],"picked":"Battle Trance","floor":12},{"not_picked":["Reaper","Juggernaut"],"picked":"Corruption","floor":16},{"not_picked":["Perfected Strike","Sword Boomerang","True Grit"],"picked":"SKIP","floor":18},{"not_picked":["Armaments+1","Havoc","Carnage"],"picked":"SKIP","floor":25},{"not_picked":["Reckless Charge","Wild Strike+1","Anger"],"picked":"SKIP","floor":27},{"not_picked":["Reaper","Brutality"],"picked":"Impervious","floor":33},{"not_picked":["Cleave+1","Reckless Charge+1","Sword Boomerang+1"],"picked":"SKIP","floor":35},{"not_picked":["Body Slam","Intimidate+1","Seeing Red"],"picked":"SKIP","floor":41},{"not_picked":["Pommel Strike+1","Twin Strike+1"],"picked":"Headbutt+1","floor":47},{"not_picked":["Anger","Infernal Blade+1","Fire Breathing"],"picked":"SKIP","floor":47},{"not_picked":["Blood for Blood+1","True Grit"],"picked":"Barricade","floor":48},{"not_picked":["Thunderclap","Rupture+1","Havoc+1"],"picked":"SKIP","floor":54}],"player_experience":635293,"relics_obtained":[{"floor":12,"key":"Incense Burner"},{"floor":25,"key":"Bag of Marbles"},{"floor":26,"key":"Letter Opener"},{"floor":38,"key":"Pantograph"},{"floor":41,"key":"CeramicFish"},{"floor":43,"key":"PreservedInsect"},{"floor":47,"key":"Shovel"},{"floor":54,"key":"StoneCalendar"}],"event_choices":[],"is_beta":false,"boss_relics":[{"not_picked":["SacredBark","Runic Cube"],"picked":"Runic Dome"},{"not_picked":["Black Blood","Philosopher\u0027s Stone"],"picked":"Snecko Eye"}],"items_purged_floors":[14,22,31],"is_endless":false,"potions_floor_spawned":[4,12,33,35],"ascension_level":0}}