{"host":"p4v0hquynnreu717","time":1614454672,"event":{"mods":["BaseMod","DeckTracker","Googly Eyes","Marisa£¨ìFÓê¡¡Ä§ÀíÉ³£©","Minty Spire (QoL Compilation)","Quick Restart","RumiaBox-Â¶Ã×æ«µÄÉñÃØºÐ×Ó","StSLib","SuperFastMode","[IsaacMod]ÒÔÈö¼âËþ","¡¾ÒÅÎï¿¨ÅÆ¡¿REMEMod"],"gold_per_floor":[111,111,130,130,130,161,161,193,240,240,240,266,293,307,307,307,307],"floor_reached":16,"language":"ZHS","playtime":494,"items_purged":[],"score":277,"play_id":"a3736f82-96b8-4582-9f68-4a961e32f25e","local_time":"20210228033752","daily_mods":["Heirloom","Flight"],"is_ascension_mode":true,"campfire_choices":[{"data":"Eruption","floor":7.0,"key":"SMITH"},{"data":"BlazeAway","floor":10.0,"key":"SMITH"},{"data":"EarthLightRay","floor":11.0,"key":"SMITH"},{"data":"InnerPeace","floor":15.0,"key":"SMITH"}],"circlet_count":0,"master_deck":["AscendersBane","Strike_P","Strike_P","Strike_P","Strike_P","Defend_P","Defend_P","Defend_P","Defend_P","Eruption+1","Vigilance","Feed","SprinkleStarSeal","InnerPeace+1","SuperNova","BlazeAway+1","EarthLightRay+1","FlurryOfBlows","ShootingEcho","CasketOfStar","MachineGunSpark"],"relics":["PureWater","HushsDoor","REME_ComplimentaryCards","CaptainsWheel","GuppysHead","PreservedInsect","Bronze Scales","MagicDraw4","MealTicket"],"acts_visited":["Exordium"],"potions_floor_usage":[],"damage_taken":[{"damage":2.0,"enemies":"2 Louse","floor":1.0,"turns":3.0},{"damage":0.0,"enemies":"Jaw Worm","floor":3.0,"turns":3.0},{"damage":14.0,"enemies":"Lagavulin","floor":6.0,"turns":6.0},{"damage":30.0,"enemies":"3 Sentries","floor":8.0,"turns":3.0},{"damage":2.0,"enemies":"Gremlin Nob","floor":12.0,"turns":3.0},{"damage":15.0,"enemies":"3 Sentries","floor":13.0,"turns":4.0},{"damage":0.0,"enemies":"Cultist","floor":14.0,"turns":4.0},{"damage":9,"enemies":"The Guardian","floor":16,"turns":7}],"seed_played":"833796698328327519","potions_obtained":[{"floor":3.0,"key":"Swift Potion"},{"floor":8.0,"key":"Strength Potion"},{"floor":13.0,"key":"StancePotion"},{"floor":14.0,"key":"Fire Potion"}],"is_trial":true,"path_per_floor":["M","?","M","?","?","E","R","E","T","R","R","E","E","M","R","B"],"character_chosen":"WATCHER","items_purchased":[],"campfire_rested":0,"item_purchase_floors":[],"current_hp_per_floor":[62,67,70,70,70,56,56,33,33,33,33,34,30,33,33,30,30],"gold":307,"neow_bonus":"","is_daily":false,"chose_seed":false,"campfire_upgraded":4,"win_rate":0.0,"timestamp":1614454672,"path_taken":["M","?","M","?","?","E","R","E","T","R","R","E","E","M","R","BOSS"],"items_purchased_type":[],"build_version":"2020-12-22","purchased_purges":0,"victory":false,"max_hp_per_floor":[71,76,79,79,79,79,79,82,82,82,82,85,88,91,91,91,91],"card_choices":[{"not_picked":["TalkToTheHand","SignatureMove"],"picked":"SprinkleStarSeal","floor":1.0},{"not_picked":["SandsOfTime","Consecrate"],"picked":"InnerPeace","floor":3.0},{"not_picked":["MentalFortress","PathToVictory"],"picked":"EarthLightRay","floor":6.0},{"not_picked":["WreathOfFlame","CrushJoints"],"picked":"FlurryOfBlows","floor":8.0},{"not_picked":["PulseMagic","UnstableBomb"],"picked":"ShootingEcho","floor":12.0},{"not_picked":["BattleHymn","Consecrate"],"picked":"CasketOfStar","floor":13.0},{"not_picked":["Perseverance","PathToVictory"],"picked":"MachineGunSpark","floor":14.0}],"player_experience":1177743,"relics_obtained":[{"floor":6.0,"key":"PreservedInsect"},{"floor":8.0,"key":"Bronze Scales"},{"floor":12.0,"key":"MagicDraw4"},{"floor":13.0,"key":"MealTicket"}],"event_choices":[{"damage_healed":0.0,"max_hp_gain":5.0,"max_hp_loss":0.0,"gold_gain":0.0,"event_name":"Big Fish","player_choice":"Donut","floor":2.0,"gold_loss":0.0,"damage_taken":0.0},{"damage_healed":0.0,"max_hp_gain":0.0,"max_hp_loss":0.0,"gold_gain":0.0,"event_name":"Match and Keep!","player_choice":"0 cards matched","floor":4.0,"gold_loss":0.0,"damage_taken":0.0,"cards_obtained":[]},{"damage_healed":0.0,"max_hp_gain":0.0,"max_hp_loss":0.0,"gold_gain":0.0,"event_name":"Match and Keep!","player_choice":"2 cards matched","floor":5.0,"gold_loss":0.0,"damage_taken":0.0,"cards_obtained":["SuperNova","BlazeAway"]}],"is_beta":false,"boss_relics":[],"items_purged_floors":[],"is_endless":false,"potions_floor_spawned":[3,8,13,14],"killed_by":"The Guardian","ascension_level":20}}