{"host":"40e4adzyl212zebh","time":1614386665,"event":{"mods":["Act Like it!","BaseMod","Colored Map","Colored Powertips","DeckTracker","Gensokyo","Minty Spire (QoL Compilation)","Quick Restart","Random Character Button","Relic Stats","StSLib"],"gold_per_floor":[118,48,10,23,3,3,330,348,348,677,677,21,68,68,68,164,164,183,202,202,202,222,242,242,252,252,252,271,23,123,138,138,741,741,753,35,53,79,19,19,28,28,37,62,290,324,336,135,135,135,135,135,57,101,101],"floor_reached":56,"language":"JPN","playtime":5728,"items_purged":["Doubt","Decay"],"score":1310,"play_id":"2f6baeb8-0d15-4d65-ab4a-5af01e6146e9","local_time":"20210227094425","is_ascension_mode":false,"campfire_choices":[{"data":"Neutralize","floor":6,"key":"SMITH"},{"data":"Setup","floor":11,"key":"SMITH"},{"data":"Noxious Fumes","floor":15,"key":"SMITH"},{"data":"Well Laid Plans","floor":24,"key":"SMITH"},{"data":"Predator","floor":27,"key":"SMITH"},{"floor":32,"key":"REST"},{"floor":40,"key":"RECALL"},{"data":"Shame","floor":42,"key":"PURGE"},{"data":"Injury","floor":49,"key":"PURGE"},{"data":"Strike_G","floor":52,"key":"PURGE"}],"circlet_count":0,"master_deck":["Strike_G","Defend_G","Defend_G","Defend_G+1","Defend_G","Defend_G+1","Survivor","Neutralize+1","Quick Slash+1","Well Laid Plans+1","Quick Slash","Setup+1","Predator+1","Eviscerate","Noxious Fumes+1","Blade Dance","Bullet Time","Endless Agony+1","Night Terror+1","Sucker Punch+1","All Out Attack","Leg Sweep+1","Deflect+1","Infinite Blades","PiercingWail","Blur+1","Gensokyo:ManorOfTheDishes","Gensokyo:GreaterSplit","Accuracy+1","Gensokyo:RisingWorld+1","PiercingWail+1","Caltrops","Backflip+1","After Image","Accuracy+1"],"relics":["Ring of the Snake","Potion Belt","Old Coin","Peace Pipe","Matryoshka","Incense Burner","Kunai","Vajra","Pen Nib","Nunchaku","Astrolabe","Snake Skull","Ninja Scroll","Turnip","TwistedFunnel","Dead Branch","Ginger","Cursed Key","CeramicFish","The Courier","Bottled Tornado","Oddly Smooth Stone","Pear"],"acts_visited":["Exordium","Gensokyo:Gensokyo","Gensokyo:Gensokyoer","TheEnding"],"potions_floor_usage":[10,46,55,55],"damage_taken":[{"damage":0,"enemies":"Gensokyo:3_Fairies","floor":1,"turns":4},{"damage":0,"enemies":"Gensokyo:Python","floor":4,"turns":3},{"damage":35,"enemies":"Gensokyo:Aya","floor":7,"turns":9},{"damage":6,"enemies":"Gensokyo:Gryphon","floor":8,"turns":5},{"damage":15,"enemies":"Gensokyo:Mamizou","floor":10,"turns":10},{"damage":18,"enemies":"Gensokyo:Yukari","floor":16,"turns":8},{"damage":0,"enemies":"Gensokyo:AngelMirror","floor":18,"turns":2},{"damage":0,"enemies":"Gensokyo:CosmicMonolith","floor":19,"turns":1},{"damage":31,"enemies":"Gensokyo:Swordslinger","floor":22,"turns":3},{"damage":0,"enemies":"Gensokyo:Chomper_and_Gloop","floor":23,"turns":5},{"damage":0,"enemies":"Gensokyo:Mirror_and_Dog","floor":25,"turns":4},{"damage":6,"enemies":"Gensokyo:3_Gloops","floor":28,"turns":3},{"damage":11,"enemies":"Gensokyo:3_Gloops","floor":30,"turns":7},{"damage":8,"enemies":"Gensokyo:Slime_Group","floor":31,"turns":4},{"damage":8,"enemies":"Gensokyo:Eiki","floor":33,"turns":11},{"damage":0,"enemies":"Gensokyo:AncientGuardian","floor":35,"turns":5},{"damage":0,"enemies":"Gensokyo:3_Boulders","floor":38,"turns":2},{"damage":0,"enemies":"Gensokyo:3_Boulders","floor":41,"turns":7},{"damage":0,"enemies":"Gensokyo:AtlasGolem","floor":44,"turns":3},{"damage":0,"enemies":"Gensokyo:4_Bats","floor":45,"turns":3},{"damage":6,"enemies":"Gensokyo:Marisa","floor":46,"turns":7},{"damage":0,"enemies":"Gensokyo:Rafflesia","floor":47,"turns":5},{"damage":27,"enemies":"Gensokyo:Scarlet_Devils","floor":50,"turns":11},{"damage":0,"enemies":"Shield and Spear","floor":54,"turns":6},{"damage":0,"enemies":"The Heart","floor":55,"turns":12}],"seed_played":"-6976216437699652991","potions_obtained":[{"floor":8,"key":"Fire Potion"},{"floor":16,"key":"FearPotion"},{"floor":23,"key":"Swift Potion"},{"floor":28,"key":"SteroidPotion"},{"floor":31,"key":"Block Potion"},{"floor":45,"key":"FearPotion"},{"floor":46,"key":"PowerPotion"}],"is_trial":false,"path_per_floor":["M","?","$","M","COS","R","E","M","T","E","R","$","T","?","R","B",null,"M","M","?","T","M","M","R","M","T","R","M","COS","?","M","R","B",null,"M","COS","?","M","$","R","?","R","T","M","M","E","M","$","R","B",null,"R","$","E","B",null],"character_chosen":"THE_SILENT","items_purchased":["Well Laid Plans","Incense Burner","Noxious Fumes","Kunai","Blade Dance","After Image","GhostInAJar"],"campfire_rested":1,"item_purchase_floors":[3,12,12,12,12,48,53],"current_hp_per_floor":[77,77,77,77,77,77,42,36,36,21,21,21,21,21,21,3,77,77,77,77,77,46,46,46,46,46,46,40,40,29,21,44,36,77,77,77,77,77,77,77,77,77,77,77,77,71,71,71,71,44,77,77,77,87,87],"gold":101,"neow_bonus":"TEN_PERCENT_HP_BONUS","is_daily":false,"chose_seed":false,"campfire_upgraded":5,"win_rate":0.0,"timestamp":1614386665,"path_taken":["M","?","?","?","COS","R","E","M","T","E","R","$","?","?","R","BOSS","M","M","?","?","?","M","R","M","T","R","M","COS","?","M","R","BOSS","M","COS","?","M","?","R","?","R","T","M","?","E","M","?","R","BOSS","R","$","E","BOSS"],"items_purchased_type":["Card","Relic","Card","Relic","Card","Card","Potion"],"build_version":"2020-12-22","purchased_purges":2,"victory":true,"max_hp_per_floor":[77,77,77,77,77,77,77,77,77,77,77,77,77,77,77,77,77,77,77,77,77,77,77,77,77,77,77,77,77,77,77,77,77,77,77,77,77,77,77,77,77,77,77,77,77,77,77,77,77,77,77,77,77,87,87],"relic_stats":{"counters":[25,140],"Astrolabe":["Endless Agony","Night Terror","Sucker Punch"],"Dead Branch":[123],"CeramicFish":108,"Pen Nib":[33],"Snake Skull":[125],"Ginger":[11],"Cursed Key":1,"Peace Pipe":3,"Nunchaku":[33],"Turnip":[25],"Kunai":[76],"obtain_stats":[{"Potion Belt":2,"TwistedFunnel":29,"Pear":54,"Astrolabe":17,"Dead Branch":30,"CeramicFish":35,"Vajra":13,"Oddly Smooth Stone":46,"Pen Nib":13,"Snake Skull":21,"The Courier":36,"Incense Burner":12,"Ginger":30,"Bottled Tornado":36,"Cursed Key":34,"Old Coin":7,"Peace Pipe":9,"Nunchaku":14,"Matryoshka":10,"Ninja Scroll":21,"Turnip":26,"Kunai":12,"Ring of the Snake":0},{"Potion Belt":1,"TwistedFunnel":12,"Pear":24,"Astrolabe":6,"Dead Branch":13,"CeramicFish":16,"Vajra":5,"Oddly Smooth Stone":21,"Pen Nib":5,"Snake Skull":8,"The Courier":16,"Incense Burner":5,"Ginger":13,"Bottled Tornado":16,"Cursed Key":15,"Old Coin":3,"Peace Pipe":4,"Nunchaku":5,"Matryoshka":5,"Ninja Scroll":8,"Turnip":11,"Kunai":5,"Ring of the Snake":0},{"Potion Belt":4,"TwistedFunnel":57,"Pear":128,"Astrolabe":39,"Dead Branch":64,"CeramicFish":80,"Vajra":31,"Oddly Smooth Stone":106,"Pen Nib":31,"Snake Skull":42,"The Courier":84,"Incense Burner":31,"Ginger":64,"Bottled Tornado":84,"Cursed Key":79,"Old Coin":16,"Peace Pipe":21,"Nunchaku":31,"Matryoshka":31,"Ninja Scroll":42,"Turnip":54,"Kunai":31,"Ring of the Snake":0}],"Ring of the Snake":[48]},"card_choices":[{"not_picked":["PiercingWail","Concentrate"],"picked":"Quick Slash","floor":1},{"not_picked":["Reflex","Dodge and Roll"],"picked":"Quick Slash","floor":4},{"not_picked":["Eviscerate","Quick Slash"],"picked":"Setup","floor":7},{"not_picked":["Bane","Sucker Punch"],"picked":"Predator","floor":8},{"not_picked":["Poisoned Stab","Well Laid Plans"],"picked":"Eviscerate","floor":10},{"not_picked":["Doppelganger","After Image"],"picked":"Bullet Time","floor":16},{"not_picked":["Slice+1","Flying Knee","Reflex"],"picked":"SKIP","floor":18},{"not_picked":["Caltrops","Riddle With Holes"],"picked":"All Out Attack","floor":19},{"not_picked":["Outmaneuver","Choke+1"],"picked":"Leg Sweep+1","floor":22},{"not_picked":["Endless Agony","Phantasmal Killer"],"picked":"Deflect+1","floor":23},{"not_picked":["Dagger Throw","Deflect"],"picked":"Infinite Blades","floor":25},{"not_picked":["Noxious Fumes","Poisoned Stab"],"picked":"PiercingWail","floor":28},{"not_picked":["Deflect+1","Bane"],"picked":"Blur+1","floor":30},{"not_picked":["Dagger Spray+1","All Out Attack+1","Slice"],"picked":"SKIP","floor":31},{"not_picked":["Poisoned Stab","Choke+1","Skewer"],"picked":"SKIP","floor":35},{"not_picked":["Flying Knee","Acrobatics"],"picked":"Accuracy+1","floor":38},{"not_picked":["Gensokyo:LifeSpringInfinity+1","Gensokyo:MorningStar+1"],"picked":"Gensokyo:RisingWorld+1","floor":41},{"not_picked":["Sucker Punch+1","Dodge and Roll+1"],"picked":"PiercingWail+1","floor":44},{"not_picked":["Outmaneuver","Cloak And Dagger"],"picked":"Caltrops","floor":45},{"not_picked":["Reflex","Concentrate"],"picked":"Backflip+1","floor":46},{"not_picked":["Underhanded Strike","Predator+1","Heel Hook+1"],"picked":"SKIP","floor":47},{"not_picked":["Unload","Burst"],"picked":"Accuracy+1","floor":54}],"player_experience":622354,"relics_obtained":[{"floor":7,"key":"Old Coin"},{"floor":9,"key":"Peace Pipe"},{"floor":10,"key":"Matryoshka"},{"floor":13,"key":"Vajra"},{"floor":13,"key":"Pen Nib"},{"floor":21,"key":"Snake Skull"},{"floor":21,"key":"Ninja Scroll"},{"floor":26,"key":"Turnip"},{"floor":30,"key":"Dead Branch"},{"floor":30,"key":"Ginger"},{"floor":46,"key":"Oddly Smooth Stone"},{"floor":54,"key":"Pear"}],"event_choices":[],"is_beta":false,"boss_relics":[{"not_picked":["Coffee Dripper","Velvet Choker"],"picked":"Astrolabe"},{"not_picked":["Sozu","Pandora\u0027s Box"],"picked":"Cursed Key"}],"items_purged_floors":[39,48],"is_endless":false,"potions_floor_spawned":[8,16,23,28,31,45,46],"ascension_level":0}}