{"host":"hxbbrccw7ig68b38","time":1614403928,"event":{"mods":["BaseMod","Hermit","Minty Spire (QoL Compilation)","Replay The Spire","StSLib","The Cursed"],"gold_per_floor":[118,138,63,80,23,23,23,57,81,100,110,122,133,143,143,247,247,267,280,280,280,110,110,126,126,126,142,161,261,274,306,306,407,407,425,442,442,454,503,74,74,108,134,134,153,168,168,186,186,186],"floor_reached":51,"language":"KOR","playtime":3227,"items_purged":["Replay:Sssssssssshield","Iron Wave","Warcry"],"score":855,"play_id":"bbeb5ae6-4c3e-411b-b107-c3c9bd2ca4fa","local_time":"20210227143208","daily_mods":["Draft","Vintage","Colorless Cards","Heirloom","Time Dilation","Uncertain Future"],"is_ascension_mode":false,"campfire_choices":[{"data":"Discovery","floor":6,"key":"SMITH"},{"data":"Pommel Strike","floor":15,"key":"SMITH"},{"data":"Barricade","floor":23,"key":"SMITH"},{"data":"Entrench","floor":25,"key":"SMITH"},{"data":"Sword Boomerang","floor":32,"key":"PURGE"},{"data":"Entrench","floor":44,"key":"SMITH"},{"data":"Shrug It Off","floor":49,"key":"SMITH"}],"circlet_count":0,"master_deck":["Discovery+1","Cleave","Flex","Dual Wield","Flame Barrier","Armaments+1","Pommel Strike+1","Pummel","Shockwave","ReplayTheSpireMod:Private Reserves","Shrug It Off","Shrug It Off+1","ReplayTheSpireMod:Muscle Training+1","Barricade+1","Entrench+1","Combust","Heavy Blade+1","Iron Wave","Uppercut+1","Pommel Strike+1","Entrench+1"],"relics":["Burning Blood","replay:Trail_Library","Replay:Towering Pillar of Hats","ReplayFunnel","Akabeko","King of Hearts","Unceasing Top","Nunchaku","Replay:Baseball","ReplayTheSpireMod:Lightbulb","Snack Pack","Ancient Tea Set","Replay:Accelerometer","Busted Crown","Counterbalance","Calipers","Replay:Multitool","Matryoshka","Blue Doll","ReplayTheSpireMod:TigerMarble","Bag of Preparation","Lizard Tail","Ornamental Fan","Vajra","Anchor","Painkiller Herb","Replay:Rubber Ducky","Replay:Mystery Machine","Durian","Divine Protection","Kunai","Self Forming Clay","Red Skull","Smiling Mask","MealTicket","StoneCalendar"],"acts_visited":["Exordium","TheCity","TheBeyond"],"potions_floor_usage":[29,29,31,33,33,39,50,50,50],"damage_taken":[{"damage":4,"enemies":"Cultist","floor":1,"turns":5},{"damage":0,"enemies":"Small Slimes","floor":2,"turns":3},{"damage":7,"enemies":"Jaw Worm","floor":4,"turns":3},{"damage":3,"enemies":"Lagavulin","floor":8,"turns":4},{"damage":1,"enemies":"Large Slime","floor":10,"turns":1},{"damage":0,"enemies":"Exordium Wildlife","floor":11,"turns":2},{"damage":0,"enemies":"2 Fungi Beasts","floor":12,"turns":2},{"damage":1,"enemies":"Gremlin Gang","floor":13,"turns":1},{"damage":0,"enemies":"Exordium Wildlife","floor":14,"turns":1},{"damage":15,"enemies":"The Guardian","floor":16,"turns":4},{"damage":1,"enemies":"Chosen","floor":18,"turns":2},{"damage":1,"enemies":"Shell Parasite","floor":19,"turns":3},{"damage":0,"enemies":"Snecko","floor":24,"turns":7},{"damage":3,"enemies":"Cultist and Chosen","floor":27,"turns":3},{"damage":4,"enemies":"Centurion and Healer","floor":28,"turns":4},{"damage":4,"enemies":"Colosseum Slavers","floor":29,"turns":3},{"damage":4,"enemies":"Colosseum Nobs","floor":29,"turns":4},{"damage":13,"enemies":"Snake Plant","floor":30,"turns":3},{"damage":22,"enemies":"Slavers","floor":31,"turns":4},{"damage":11,"enemies":"Pondfish","floor":33,"turns":10},{"damage":6,"enemies":"3 Shapes","floor":35,"turns":1},{"damage":2,"enemies":"3 Darklings","floor":36,"turns":4},{"damage":2,"enemies":"4 Shapes","floor":38,"turns":4},{"damage":4,"enemies":"2 Orb Walkers","floor":39,"turns":3},{"damage":0,"enemies":"R_Hoarder","floor":42,"turns":6},{"damage":0,"enemies":"Transient","floor":45,"turns":5},{"damage":0,"enemies":"Writhing Mass","floor":46,"turns":4},{"damage":0,"enemies":"Jaw Worm Horde","floor":48,"turns":3},{"damage":0,"enemies":"Replay:Hell Engine","floor":50,"turns":8}],"seed_played":"6171462328338987454","potions_obtained":[{"floor":2,"key":"Toxic Potion"},{"floor":8,"key":"Swift Potion"},{"floor":10,"key":"ColorlessPotion"},{"floor":30,"key":"CultistPotion"},{"floor":31,"key":"SkillPotion"},{"floor":35,"key":"BlessingOfTheForge"},{"floor":42,"key":"Energy Potion"},{"floor":45,"key":"Adrenaline Potion"}],"is_trial":true,"path_per_floor":["M","M","$","M","$","R","?","E","T","M","M","M","M","M","R","B",null,"M","M","?","T","$","R","M","R","T","M","M","?","M","E","R","B",null,"?","?","?","?","?","T","T","E","T","T","?","?","?","?","T","B",null],"character_chosen":"IRONCLAD","items_purchased":["ReplayTheSpireMod:Muscle Training+1","Combust","Divine Protection","Strength Potion"],"campfire_rested":0,"item_purchase_floors":[5,22,40,40],"current_hp_per_floor":[80,80,80,79,79,79,80,80,80,80,80,80,80,80,80,73,80,80,80,80,80,80,80,80,80,80,80,80,80,73,57,57,56,80,80,80,80,80,85,85,85,85,85,85,85,85,85,85,85,85],"gold":186,"neow_bonus":"","is_daily":false,"chose_seed":false,"campfire_upgraded":6,"win_rate":0.0,"timestamp":1614403928,"path_taken":["M","M","?","M","$","R","?","E","T","?","M","M","M","M","R","BOSS","M","M","?","?","$","R","M","R","T","M","M","?","M","E","R","BOSS","?","?","?","?","?","T","T","E","T","T","?","?","?","?","T","BOSS"],"items_purchased_type":["Card","Card","Relic","Potion"],"build_version":"2020-12-22","purchased_purges":3,"victory":true,"max_hp_per_floor":[80,80,80,80,80,80,80,80,80,80,80,80,80,80,80,80,80,80,80,80,80,80,80,80,80,80,80,80,80,80,80,80,80,80,80,80,80,80,85,85,85,85,85,85,85,85,85,85,85,85],"card_choices":[{"not_picked":["Warcry","True Grit"],"picked":"Discovery","floor":0},{"not_picked":["Warcry","Blood for Blood"],"picked":"Cleave","floor":0},{"not_picked":["Wild Strike","Body Slam"],"picked":"Flex","floor":0},{"not_picked":["Rage","Twin Strike"],"picked":"Dual Wield","floor":0},{"not_picked":["Run Through","Clothesline"],"picked":"Flame Barrier","floor":0},{"not_picked":["Wild Strike","Perfected Strike"],"picked":"Armaments","floor":0},{"not_picked":["Armaments","Searing Blow"],"picked":"Pommel Strike","floor":0},{"not_picked":["Anger","Bloodletting"],"picked":"Pummel","floor":0},{"not_picked":["Life Link","Perfected Strike"],"picked":"Shockwave","floor":0},{"not_picked":["Life Link","Warcry"],"picked":"ReplayTheSpireMod:Private Reserves","floor":0},{"not_picked":["Clash","Sentinel"],"picked":"Havoc","floor":0},{"not_picked":["Dark Embrace","Iron Wave"],"picked":"Shrug It Off","floor":0},{"not_picked":["Clash","Metallicize"],"picked":"Warcry","floor":0},{"not_picked":["Replay:Bootleg Shield Generator","Run Through"],"picked":"Replay:Sssssssssshield","floor":0},{"not_picked":["Life Link","Havoc"],"picked":"Shrug It Off","floor":0},{"not_picked":["Bloodletting","Battle Trance"],"picked":"Sword Boomerang","floor":8},{"not_picked":["Magnetism","Poisoned Strike"],"picked":"Barricade","floor":16},{"not_picked":[],"picked":"Iron Wave","floor":29},{"not_picked":[],"picked":"Uppercut+1","floor":31},{"not_picked":[],"picked":"Pommel Strike+1","floor":42}],"player_experience":136089,"relics_obtained":[{"floor":1,"key":"ReplayFunnel"},{"floor":2,"key":"Akabeko"},{"floor":4,"key":"King of Hearts"},{"floor":8,"key":"Unceasing Top"},{"floor":9,"key":"Nunchaku"},{"floor":10,"key":"Replay:Baseball"},{"floor":11,"key":"ReplayTheSpireMod:Lightbulb"},{"floor":12,"key":"Snack Pack"},{"floor":13,"key":"Ancient Tea Set"},{"floor":14,"key":"Replay:Accelerometer"},{"floor":18,"key":"Counterbalance"},{"floor":19,"key":"Calipers"},{"floor":21,"key":"Replay:Multitool"},{"floor":24,"key":"Matryoshka"},{"floor":26,"key":"Blue Doll"},{"floor":26,"key":"ReplayTheSpireMod:TigerMarble"},{"floor":28,"key":"Bag of Preparation"},{"floor":29,"key":"Lizard Tail"},{"floor":29,"key":"Ornamental Fan"},{"floor":30,"key":"Vajra"},{"floor":31,"key":"Anchor"},{"floor":36,"key":"Replay:Rubber Ducky"},{"floor":38,"key":"Replay:Mystery Machine"},{"floor":39,"key":"Durian"},{"floor":42,"key":"Kunai"},{"floor":43,"key":"Self Forming Clay"},{"floor":43,"key":"Red Skull"},{"floor":45,"key":"Smiling Mask"},{"floor":46,"key":"MealTicket"},{"floor":48,"key":"StoneCalendar"}],"event_choices":[{"cards_removed":["Havoc"],"damage_healed":5,"gold_gain":0,"player_choice":"Offered Common","damage_taken":0,"max_hp_gain":0,"max_hp_loss":0,"event_name":"Bonfire Elementals","floor":7,"gold_loss":0},{"cards_removed":["Havoc"],"damage_healed":5,"gold_gain":0,"player_choice":"Offered Special","damage_taken":0,"max_hp_gain":0,"max_hp_loss":0,"event_name":"Bonfire Elementals","floor":7,"gold_loss":0},{"damage_healed":0,"gold_gain":0,"player_choice":"Fight","damage_taken":0,"max_hp_gain":0,"max_hp_loss":0,"event_name":"Colosseum","floor":29,"gold_loss":0},{"damage_healed":0,"gold_gain":0,"player_choice":"Fought Nobs","damage_taken":0,"max_hp_gain":0,"max_hp_loss":0,"event_name":"Colosseum","floor":29,"gold_loss":0},{"damage_healed":0,"gold_gain":0,"player_choice":"Memory 1","damage_taken":0,"max_hp_gain":0,"max_hp_loss":0,"event_name":"SensoryStone","floor":37,"gold_loss":0},{"damage_healed":0,"gold_gain":0,"player_choice":"Fight","damage_taken":0,"max_hp_gain":0,"max_hp_loss":0,"event_name":"Mysterious Sphere","floor":39,"gold_loss":0},{"damage_healed":0,"gold_gain":0,"player_choice":"Forge","damage_taken":0,"max_hp_gain":0,"max_hp_loss":0,"event_name":"Accursed Blacksmith","floor":47,"gold_loss":0,"cards_upgraded":["Armaments"]}],"is_beta":false,"boss_relics":[{"not_picked":["Runic Cube","Ooze Armor"],"picked":"Busted Crown"},{"not_picked":["Snecko Eye","SlaversCollar"],"picked":"Painkiller Herb"}],"items_purged_floors":[3,22,40],"is_endless":false,"potions_floor_spawned":[2,8,10,13,14,18,28,29,30,31,35,42,45,46],"ascension_level":0}}