{"host":"x3q4ieql2tr7v8o6","time":1614386957,"event":{"mods":["BaseMod","Bestiary","Better Altar","Better Match","Better Note","Better Sensory Stone","Better Skull","Better Third Choice","Colored Map","Colored Powertips","Curses Come First","Minty Spire (QoL Compilation)","StSLib"],"gold_per_floor":[114,114,189,30,47,76,93,93,119,119,144,144,4,38,38,112,112,126,126,126,126,0,0,0],"floor_reached":23,"language":"ENG","playtime":19912,"items_purged":["Regret"],"score":376,"play_id":"936c7d71-b16f-478c-9e55-ecda27e5ad91","local_time":"20210227004917","is_ascension_mode":true,"campfire_choices":[{"data":"Apotheosis","floor":8.0,"key":"SMITH"},{"floor":15.0,"key":"REST"}],"circlet_count":0,"master_deck":["AscendersBane","Strike_G+1","Strike_G+1","Strike_G+1","Strike_G+1","Strike_G+1","Defend_G+1","Defend_G+1","Defend_G+1","Defend_G+1","Defend_G+1","Survivor","Neutralize+1","Writhe","Apotheosis+1","Bane","Footwork","Dagger Spray","Deflect","Escape Plan","A Thousand Cuts","Sucker Punch","Caltrops","Leg Sweep","After Image","Backflip","Necronomicurse","Shame"],"relics":["Ring of the Serpent","MealTicket","Orichalcum","Whetstone","Eternal Feather","Oddly Smooth Stone","Necronomicon","Bronze Scales"],"acts_visited":["TheCity"],"potions_floor_usage":[23],"damage_taken":[{"damage":3.0,"enemies":"Jaw Worm","floor":1.0,"turns":5.0},{"damage":10.0,"enemies":"Small Slimes","floor":5.0,"turns":6.0},{"damage":9.0,"enemies":"Gremlin Nob","floor":6.0,"turns":5.0},{"damage":2.0,"enemies":"2 Louse","floor":7.0,"turns":3.0},{"damage":8.0,"enemies":"3 Sentries","floor":11.0,"turns":11.0},{"damage":32.0,"enemies":"Gremlin Nob","floor":14.0,"turns":6.0},{"damage":6.0,"enemies":"The Guardian","floor":16.0,"turns":12.0},{"damage":20.0,"enemies":"Shell Parasite","floor":18.0,"turns":11.0},{"damage":33,"enemies":"Gremlin Leader","floor":23,"turns":8}],"seed_played":"7130287561015338103","potions_obtained":[{"floor":1.0,"key":"GamblersBrew"},{"floor":6.0,"key":"Explosive Potion"},{"floor":11.0,"key":"EssenceOfSteel"},{"floor":14.0,"key":"Explosive Potion"}],"is_trial":false,"path_per_floor":["M","?","?","$","M","E","M","R","T","?","E","$","$","E","R","B",null,"M","?","?","?","?","E"],"character_chosen":"THE_SILENT","items_purchased":["Footwork","Sucker Punch","Caltrops"],"campfire_rested":1,"item_purchase_floors":[4,13,13],"current_hp_per_floor":[56,56,45,60,50,41,39,39,39,34,26,41,56,24,55,49,62,42,21,21,21,21,0,0],"gold":0,"neow_bonus":"RANDOM_COLORLESS_2","is_daily":false,"chose_seed":false,"campfire_upgraded":1,"win_rate":0.0,"timestamp":1614386957,"path_taken":["M","?","?","$","M","E","M","R","T","?","E","?","$","E","R","BOSS","M","?","?","?","?","E"],"items_purchased_type":["Card","Card","Card"],"build_version":"2020-12-22","purchased_purges":1,"victory":false,"max_hp_per_floor":[66,66,66,66,66,66,66,66,66,66,66,66,66,66,66,66,66,66,66,66,66,66,66,66],"card_choices":[{"not_picked":["Violence","HandOfGreed"],"picked":"Apotheosis","floor":0.0},{"not_picked":["Dodge and Roll","Well Laid Plans"],"picked":"Bane","floor":1.0},{"not_picked":["Underhanded Strike","Caltrops"],"picked":"Dagger Spray","floor":5.0},{"not_picked":["Outmaneuver","Dagger Throw"],"picked":"Deflect","floor":6.0},{"not_picked":["Burst","Bane"],"picked":"Escape Plan","floor":7.0},{"not_picked":["Deflect","Footwork"],"picked":"A Thousand Cuts","floor":11.0},{"not_picked":["Expertise","Caltrops"],"picked":"Leg Sweep","floor":14.0},{"not_picked":["Wraith Form v2","Night Terror"],"picked":"After Image","floor":16.0},{"not_picked":["Reflex","Expertise"],"picked":"Backflip","floor":18.0}],"player_experience":767358,"relics_obtained":[{"floor":6.0,"key":"Orichalcum"},{"floor":9.0,"key":"Whetstone"},{"floor":11.0,"key":"Eternal Feather"},{"floor":14.0,"key":"Oddly Smooth Stone"},{"floor":19.0,"key":"Necronomicon"}],"event_choices":[{"damage_healed":0.0,"max_hp_gain":0.0,"max_hp_loss":0.0,"gold_gain":0.0,"event_name":"Big Fish","player_choice":"Box","floor":2.0,"gold_loss":0.0,"damage_taken":0.0,"relics_obtained":["MealTicket"],"cards_obtained":["Regret"]},{"damage_healed":0.0,"max_hp_gain":0.0,"max_hp_loss":0.0,"gold_gain":75.0,"event_name":"betterThird:BetterGoop","player_choice":"Gold","floor":3.0,"gold_loss":0.0,"damage_taken":11.0},{"damage_healed":0.0,"max_hp_gain":0.0,"max_hp_loss":0.0,"gold_gain":0.0,"event_name":"betterThird:BetterScrap","player_choice":"LEAVE","floor":10.0,"gold_loss":0.0,"damage_taken":5.0,"cards_obtained":["Tempest"]},{"damage_healed":0.0,"max_hp_gain":0.0,"max_hp_loss":0.0,"gold_gain":0.0,"event_name":"Cursed Tome","player_choice":"Obtained Book","floor":19.0,"gold_loss":0.0,"damage_taken":21.0},{"damage_healed":0.0,"max_hp_gain":0.0,"max_hp_loss":0.0,"gold_gain":0.0,"event_name":"Addict","player_choice":"Stole Relic","floor":20.0,"gold_loss":0.0,"damage_taken":0.0,"relics_obtained":["Bronze Scales"],"cards_obtained":["Shame"]},{"damage_healed":0.0,"max_hp_gain":0.0,"max_hp_loss":9.0,"gold_gain":0.0,"event_name":"betterThird:BetterWriting","player_choice":"Simplicity","floor":21.0,"gold_loss":0.0,"damage_taken":0.0},{"damage_healed":0.0,"max_hp_gain":0.0,"max_hp_loss":0.0,"gold_gain":0.0,"event_name":"Masked Bandits","player_choice":"Paid Fearfully","floor":22.0,"gold_loss":126.0,"damage_taken":0.0}],"is_beta":false,"boss_relics":[{"not_picked":["Empty Cage","Runic Dome"],"picked":"Ring of the Serpent"}],"items_purged_floors":[4],"is_endless":false,"potions_floor_spawned":[1,6,11,14],"killed_by":"Gremlin Leader","ascension_level":17}}