{"host":"9bcvatsnbq1a3xq4","time":1614426036,"event":{"mods":["BaseMod","Bestiary","Block Reminder","Highlight Path","Minty Spire (QoL Compilation)","Relic Stats","ojb\u0027s Info Mod"],"gold_per_floor":[109,127,146,159,159,159,190,207,230,269,294,322,356,384,384,471,471,493,693,721,312,331,331,367,367,367,404,430,430,355,371,371,371,371],"floor_reached":33,"language":"ENG","playtime":3172,"items_purged":["Strike_R"],"score":632,"play_id":"dee7fedc-0251-4dbb-9b89-f7e3a0632d14","local_time":"20210227124036","is_ascension_mode":true,"campfire_choices":[{"data":"Immolate","floor":6,"key":"SMITH"},{"data":"Evolve","floor":15,"key":"SMITH"},{"data":"Barricade","floor":23,"key":"SMITH"},{"floor":25,"key":"REST"},{"floor":32,"key":"REST"}],"circlet_count":0,"master_deck":["AscendersBane","Strike_R+1","Strike_R+1","Defend_R+1","Defend_R+1","Defend_R+1","Defend_R+1","Bash+1","Blood for Blood+1","Power Through+1","Immolate+1","Battle Trance","True Grit+1","Evolve+1","Barricade+1","Reckless Charge+1","Inflame","Sword Boomerang","Fiend Fire","Clothesline","Disarm","Spot Weakness+1","Rage","Feel No Pain","Dark Embrace"],"relics":["Burning Blood","Question Card","Nunchaku","CeramicFish","Whetstone","Cursed Key","Sling","War Paint","Smiling Mask","Red Mask"],"acts_visited":["Exordium","TheCity"],"potions_floor_usage":[10,12,24,27,27,28,33],"damage_taken":[{"damage":6,"enemies":"Cultist","floor":1,"turns":3},{"damage":7,"enemies":"Jaw Worm","floor":2,"turns":3},{"damage":2,"enemies":"2 Louse","floor":3,"turns":5},{"damage":19,"enemies":"Red Slaver","floor":4,"turns":5},{"damage":5,"enemies":"3 Sentries","floor":7,"turns":3},{"damage":1,"enemies":"Looter","floor":8,"turns":3},{"damage":8,"enemies":"Gremlin Nob","floor":10,"turns":3},{"damage":6,"enemies":"Large Slime","floor":11,"turns":5},{"damage":1,"enemies":"2 Fungi Beasts","floor":12,"turns":3},{"damage":0,"enemies":"Lagavulin","floor":13,"turns":7},{"damage":14,"enemies":"Red Slaver","floor":14,"turns":2},{"damage":18,"enemies":"The Guardian","floor":16,"turns":10},{"damage":4,"enemies":"Chosen","floor":18,"turns":4},{"damage":6,"enemies":"Spheric Guardian","floor":20,"turns":3},{"damage":16,"enemies":"Snecko","floor":22,"turns":5},{"damage":44,"enemies":"Book of Stabbing","floor":24,"turns":6},{"damage":31,"enemies":"Masked Bandits","floor":27,"turns":4},{"damage":1,"enemies":"Centurion and Healer","floor":28,"turns":6},{"damage":22,"enemies":"Cultist and Chosen","floor":31,"turns":7},{"damage":62,"enemies":"Collector","floor":33,"turns":7}],"seed_played":"-1257146503817619082","potions_obtained":[{"floor":2,"key":"PowerPotion"},{"floor":3,"key":"ElixirPotion"},{"floor":4,"key":"BloodPotion"},{"floor":10,"key":"EssenceOfSteel"},{"floor":12,"key":"LiquidMemories"},{"floor":24,"key":"Block Potion"},{"floor":27,"key":"Regen Potion"},{"floor":31,"key":"EssenceOfSteel"}],"is_trial":false,"path_per_floor":["M","M","M","M","?","R","E","M","T","E","M","M","E","M","R","B",null,"M","?","M","$","M","R","E","R","T","?","M","?","?","M","R","B"],"character_chosen":"IRONCLAD","items_purchased":["Sling","War Paint"],"campfire_rested":2,"item_purchase_floors":[21,21],"current_hp_per_floor":[68,67,71,58,35,35,36,41,41,39,39,59,65,57,57,45,68,70,70,70,70,60,60,22,44,44,19,39,39,39,23,45,0,0],"gold":371,"neow_bonus":"REMOVE_CARD","is_daily":false,"chose_seed":false,"campfire_upgraded":3,"win_rate":0.0,"timestamp":1614426036,"path_taken":["M","M","M","?","?","R","E","M","T","E","M","M","E","M","R","BOSS","M","?","?","$","M","R","E","R","T","?","M","?","?","M","R","BOSS"],"items_purchased_type":["Relic","Relic"],"build_version":"2020-12-22","purchased_purges":1,"victory":false,"max_hp_per_floor":[75,75,75,75,75,75,75,75,75,75,75,75,75,75,75,75,75,75,75,75,75,75,75,75,75,75,75,75,75,75,75,75,75,75],"relic_stats":{"Nunchaku":[10],"counters":[20,94],"CeramicFish":108,"Whetstone":["Strike_R","Reckless Charge"],"War Paint":["Power Through","True Grit"],"Question Card":14,"Cursed Key":0,"Smiling Mask":0,"obtain_stats":[{"Nunchaku":9,"CeramicFish":10,"Red Mask":27,"Whetstone":13,"War Paint":21,"Question Card":7,"Cursed Key":17,"Sling":21,"Smiling Mask":24,"Burning Blood":0},{"Nunchaku":6,"CeramicFish":7,"Red Mask":17,"Whetstone":10,"War Paint":14,"Question Card":5,"Cursed Key":12,"Sling":14,"Smiling Mask":16,"Burning Blood":0},{"Nunchaku":22,"CeramicFish":25,"Red Mask":74,"Whetstone":40,"War Paint":59,"Question Card":19,"Cursed Key":52,"Sling":59,"Smiling Mask":70,"Burning Blood":0}],"Burning Blood":114},"card_choices":[{"not_picked":["Warcry","Sword Boomerang"],"picked":"Blood for Blood","floor":1},{"not_picked":["Pummel","Clash"],"picked":"Power Through","floor":2},{"not_picked":["Heavy Blade","Battle Trance"],"picked":"Immolate","floor":3},{"not_picked":["Seeing Red","Thunderclap"],"picked":"Battle Trance","floor":4},{"not_picked":["Heavy Blade","Rampage","Reckless Charge"],"picked":"SKIP","floor":7},{"not_picked":["Body Slam","Cleave","Whirlwind"],"picked":"True Grit","floor":8},{"not_picked":["Flame Barrier","Heavy Blade","Anger"],"picked":"Evolve","floor":10},{"not_picked":["Wild Strike","Havoc","Pommel Strike"],"picked":"Barricade","floor":11},{"not_picked":["Sentinel","Iron Wave","Heavy Blade"],"picked":"Reckless Charge","floor":12},{"not_picked":["Perfected Strike","Anger","Sentinel"],"picked":"Inflame","floor":13},{"not_picked":["Flex","Pommel Strike","Twin Strike"],"picked":"Sword Boomerang","floor":14},{"not_picked":["Double Tap","Exhume","Juggernaut"],"picked":"Fiend Fire","floor":16},{"not_picked":["Heavy Blade","Disarm","Armaments"],"picked":"Clothesline","floor":18},{"not_picked":["Whirlwind","Wild Strike","Shrug It Off"],"picked":"Disarm","floor":20},{"not_picked":["Pommel Strike","Blood for Blood","Armaments"],"picked":"Spot Weakness+1","floor":22},{"not_picked":["Infernal Blade+1","Reckless Charge","Spot Weakness+1"],"picked":"Rage","floor":24},{"not_picked":["Warcry","Battle Trance","Power Through"],"picked":"Feel No Pain","floor":27},{"not_picked":["Metallicize","Anger","Wild Strike"],"picked":"Dark Embrace","floor":28},{"not_picked":["Clothesline","Iron Wave","Uppercut","Perfected Strike"],"picked":"SKIP","floor":31}],"player_experience":865028,"relics_obtained":[{"floor":7,"key":"Question Card"},{"floor":9,"key":"Nunchaku"},{"floor":10,"key":"CeramicFish"},{"floor":13,"key":"Whetstone"},{"floor":24,"key":"Smiling Mask"},{"floor":27,"key":"Red Mask"}],"event_choices":[{"damage_healed":0,"gold_gain":0,"player_choice":"Entered Light","damage_taken":23,"max_hp_gain":0,"max_hp_loss":0,"event_name":"Shining Light","floor":5,"gold_loss":0,"cards_upgraded":["Bash","Blood for Blood"]},{"damage_healed":0,"gold_gain":250,"player_choice":"Bet on Owner","damage_taken":0,"max_hp_gain":0,"max_hp_loss":0,"event_name":"The Joust","floor":19,"gold_loss":50},{"damage_healed":0,"gold_gain":0,"player_choice":"Fought Bandits","damage_taken":0,"max_hp_gain":0,"max_hp_loss":0,"event_name":"Masked Bandits","floor":27,"gold_loss":0},{"damage_healed":0,"gold_gain":0,"player_choice":"Simplicity","damage_taken":0,"max_hp_gain":0,"max_hp_loss":0,"event_name":"Back to Basics","floor":29,"gold_loss":0,"cards_upgraded":["Strike_R","Strike_R","Defend_R","Defend_R","Defend_R","Defend_R"]},{"cards_removed":["Strike_R"],"damage_healed":0,"gold_gain":0,"player_choice":"Gave Gold","damage_taken":0,"max_hp_gain":0,"max_hp_loss":0,"event_name":"Beggar","floor":30,"gold_loss":75}],"is_beta":false,"boss_relics":[{"not_picked":["Astrolabe","Tiny House"],"picked":"Cursed Key"}],"items_purged_floors":[21],"is_endless":false,"potions_floor_spawned":[2,3,4,10,12,13,20,24,27,31],"killed_by":"Collector","ascension_level":20}}