{"host":"4a6fro0of1ie0h2w","time":1614443046,"event":{"mods":["Aspiration","BaseMod","CCEM2","Colored Map","Conspire","Downfall","GifTheSpireLib","Halation","Highlight Path","Hubris","Infinite Spire","Marisa????????","Minty Spire (QoL Compilation)","Permanent Neow","Replay The Spire","StSLib","Stuff the Spire","The Servant 0.9.4"],"gold_per_floor":[99,109,120,130,142,177,177,193,208,108,133,133,33,48,59,160,160,160,172,172,172,172],"floor_reached":20,"language":"ENG","playtime":763,"items_purged":[],"score":259,"play_id":"ad9cea8b-75c0-46e3-8eb4-43be5f4e072d","local_time":"20210227182406","is_ascension_mode":true,"campfire_choices":[{"data":"hexamod:Sear","floor":1,"key":"SMITH"},{"floor":10,"key":"RECALL"},{"floor":13,"key":"REST"},{"data":"hexamod:EtherealExpedition","floor":18,"key":"SMITH"}],"circlet_count":0,"master_deck":["hexamod:Strike","hexamod:Strike","hexamod:Strike","hexamod:Strike","hexamod:Defend","hexamod:Defend","hexamod:Defend","hexamod:Defend","hexamod:Sear+1","hexamod:Float","hexamod:HeatMetal","hexamod:HeatShield","hexamod:SoulSteal","hexamod:HeatMetal","hexamod:BurningTouch","hexamod:FlamesFromBeyond","hexamod:Firestarter","hexamod:HeatCrush","hexamod:EtherealExpedition+1","hexamod:SearingWound","hexamod:ThermalTransfer+1","hubris:NaturalOne"],"relics":["hexamod:SpiritBrand","hubris:Zylophone","Chameleon Ring","downfall:HeartBlessingBlue","Durian","hubris:Icosahedron","downfall:HeartBlessingRed","SlaversCollar"],"acts_visited":["Exordium","TheCity"],"potions_floor_usage":[11,15],"damage_taken":[{"damage":0,"enemies":"Cultist","floor":2,"turns":3},{"damage":5,"enemies":"Small Slimes","floor":3,"turns":3},{"damage":13,"enemies":"Jaw Worm","floor":4,"turns":4},{"damage":12,"enemies":"3 Louse","floor":5,"turns":3},{"damage":0,"enemies":"Replay:BlueRogue","floor":6,"turns":4},{"damage":0,"enemies":"Gremlin Gang","floor":8,"turns":5},{"damage":5,"enemies":"Exordium Wildlife","floor":9,"turns":3},{"damage":3,"enemies":"3 Sentries","floor":11,"turns":4},{"damage":0,"enemies":"conspire:2 RoseBushes","floor":14,"turns":3},{"damage":16,"enemies":"Gremlin Gang","floor":15,"turns":3},{"damage":6,"enemies":"SI_SHIV_ARCHETYPE","floor":16,"turns":6},{"damage":20,"enemies":"Spheric Guardian","floor":19,"turns":4},{"damage":0,"enemies":"downfall:FleeingMerchant","floor":20,"turns":2}],"seed_played":"6316896066509846419","potions_obtained":[{"floor":2,"key":"BlessingOfTheForge"},{"floor":6,"key":"infinitespire:BlackPotion"},{"floor":8,"key":"Doom Potion"},{"floor":9,"key":"hexamod:SoulburnPotion"},{"floor":11,"key":"SkillPotion"}],"is_trial":false,"path_per_floor":["R","M","M","M","M","E","T","M","M","R","E","?","R","M","M","B",null,"R","M","$"],"character_chosen":"THE_SPIRIT","items_purchased":[],"campfire_rested":1,"item_purchase_floors":[],"current_hp_per_floor":[49,49,44,31,19,19,19,19,14,24,26,26,51,51,35,29,85,85,65,65,65,65],"gold":172,"neow_bonus":"ONE_RARE_RELIC","is_daily":false,"chose_seed":false,"campfire_upgraded":2,"win_rate":0.0,"timestamp":1614443046,"path_taken":["R","M","M","?","M","E","T","M","M","R","E","?","R","M","M","BOSS","R","M","$"],"items_purchased_type":[],"build_version":"2020-12-22","purchased_purges":0,"victory":false,"max_hp_per_floor":[70,70,70,70,70,70,70,70,70,80,85,85,85,85,85,85,85,85,85,85,85,85],"card_choices":[{"not_picked":["hexamod:ThermalTransfer","hexamod:FastForward"],"picked":"hexamod:HeatMetal","floor":2},{"not_picked":["hexamod:BacktrackSmack","hexamod:BurningTouch"],"picked":"hexamod:HeatShield","floor":3},{"not_picked":["hexamod:AdvancingGuard","hexamod:SuperheatedStrike"],"picked":"hexamod:SoulSteal","floor":4},{"not_picked":["hexamod:Rewind","hexamod:GhostShield"],"picked":"hexamod:HeatMetal","floor":5},{"not_picked":["hexamod:FastForward","hexamod:Rewind"],"picked":"hexamod:BurningTouch","floor":6},{"not_picked":["hexamod:SpectersWail","hexamod:Incineration"],"picked":"hexamod:FlamesFromBeyond","floor":8},{"not_picked":["hexamod:NightmareGuise","hexamod:BacktrackSmack","hexamod:Again"],"picked":"SKIP","floor":9},{"not_picked":["hexamod:GiftsFromTheDead","hexamod:Again"],"picked":"hexamod:Firestarter","floor":11},{"not_picked":["hexamod:Rewind","hexamod:ChargedBarrage"],"picked":"hexamod:HeatCrush","floor":14},{"not_picked":["hexamod:ChargedBarrage","hexamod:Haunt"],"picked":"hexamod:EtherealExpedition","floor":15},{"not_picked":["hexamod:GiftsFromTheDead","hexamod:Toasty"],"picked":"hexamod:SearingWound","floor":16},{"not_picked":["hexamod:GhostLash","hexamod:HeatShield"],"picked":"hexamod:ThermalTransfer+1","floor":19}],"player_experience":253784,"relics_obtained":[{"floor":6,"key":"Chameleon Ring"},{"floor":11,"key":"Durian"}],"event_choices":[],"is_beta":false,"boss_relics":[{"not_picked":["conspire:SpecialSausage","Ring of Chaos"],"picked":"SlaversCollar"}],"items_purged_floors":[],"is_endless":false,"potions_floor_spawned":[2,6,8,9,11],"killed_by":"downfall:FleeingMerchant","ascension_level":2}}