{"host":"iwsrwe75wjjjfsu5","time":1614431969,"event":{"mods":["BaseMod","Minty Spire (QoL Compilation)","Replay The Spire","Shop Mod","StSLib","SuperFastMode","The Servant 0.9.4","UnlockEverythingMod","Waifu the Spire"],"gold_per_floor":[116,126,137,137,15,15,15,15,15,15,50,50,50,62,62,157,157,168,183,183,183,193,193,219,233,233,233,233,233],"floor_reached":28,"language":"ZHS","playtime":1098,"items_purged":["Strike_S"],"score":236,"play_id":"c793f9d2-ab68-44eb-a54b-40b7efd3c655","local_time":"20210227211929","is_ascension_mode":false,"campfire_choices":[{"data":"Sunlight","floor":6,"key":"SMITH"},{"data":"ShatteredReality","floor":8,"key":"SMITH"},{"data":"KidneyShot","floor":10,"key":"SMITH"},{"data":"Alleviate","floor":12,"key":"SMITH"},{"data":"Exchange","floor":15,"key":"SMITH"},{"floor":23,"key":"REST"},{"floor":27,"key":"REST"}],"circlet_count":0,"master_deck":["Strike_S","Strike_S","Defend_S","Defend_S+1","Defend_S","Defend_S+1","KidneyShot+1","Exchange+1","Sunlight+1","Alleviate+1","ShatteredReality+1","Regret","BottledTime","Sunlight","BottledTime+1","Replace","RealityMarble","Dilation"],"relics":["Uniform","War Paint","Omamori","ReplayTheSpireMod:TigerMarble","Black Star","MutagenicStrength","Pear","Mirror"],"acts_visited":["Exordium","TheCity"],"potions_floor_usage":[11,16,16],"damage_taken":[{"damage":0,"enemies":"Jaw Worm","floor":1,"turns":3},{"damage":1,"enemies":"Cultist","floor":2,"turns":3},{"damage":0,"enemies":"2 Louse","floor":3,"turns":1},{"damage":19,"enemies":"Lagavulin","floor":11,"turns":7},{"damage":1,"enemies":"Large Slime","floor":14,"turns":7},{"damage":31,"enemies":"Fading Forest","floor":16,"turns":11},{"damage":25,"enemies":"2 Thieves","floor":18,"turns":3},{"damage":2,"enemies":"Chosen","floor":19,"turns":5},{"damage":0,"enemies":"3 Cultists","floor":22,"turns":2},{"damage":28,"enemies":"Gremlin Leader","floor":24,"turns":5},{"damage":14,"enemies":"Centurion and Healer","floor":25,"turns":5},{"damage":11,"enemies":"Sentry and Sphere","floor":28,"turns":5}],"seed_played":"-8231353914929881913","potions_obtained":[{"floor":2,"key":"EntropicBrew"},{"floor":11,"key":"SkillPotion"},{"floor":19,"key":"Doom Potion"},{"floor":24,"key":"Strength Potion"}],"is_trial":false,"path_per_floor":["M","M","M","?","$","R","?","R","T","R","E","R","$","M","R","B",null,"M","M","?","?","M","R","E","M","T","R","M"],"character_chosen":"THE_SERVANT","items_purchased":["ShatteredReality"],"campfire_rested":2,"item_purchase_floors":[5],"current_hp_per_floor":[65,64,64,65,65,65,65,65,65,65,46,46,46,45,45,24,65,40,38,38,38,38,57,39,25,25,47,36,36],"gold":233,"neow_bonus":"RANDOM_EVENT","is_daily":false,"chose_seed":false,"campfire_upgraded":5,"win_rate":0.0,"timestamp":1614431969,"path_taken":["M","M","M","?","?","R","?","R","T","R","E","R","$","M","R","BOSS","M","M","?","?","?","R","E","M","T","R","M"],"items_purchased_type":["Card"],"build_version":"2020-12-22","purchased_purges":1,"victory":false,"max_hp_per_floor":[65,65,65,65,65,65,65,65,65,65,65,65,65,65,65,65,65,65,65,65,65,65,65,75,75,75,75,75,75],"card_choices":[{"not_picked":["Replace","Barrier"],"picked":"Alleviate","floor":1},{"not_picked":["Starlight","FastForward","DoubleEdge"],"picked":"SKIP","floor":2},{"not_picked":["Spin","ReturningBlade","StarChef"],"picked":"SKIP","floor":3},{"not_picked":["SurpressingFire","FastForward","Sabotage"],"picked":"SKIP","floor":11},{"not_picked":["Rearm","Manipulate"],"picked":"BottledTime","floor":14},{"not_picked":["Deny","LightFlow"],"picked":"Sunlight","floor":16},{"not_picked":["Spin","Replace+1"],"picked":"BottledTime+1","floor":18},{"not_picked":["Moondial","Unruled"],"picked":"Replace","floor":19},{"not_picked":["FastForward","Moondial+1","Shuttle"],"picked":"SKIP","floor":22},{"not_picked":["Desolation","ReturningBlade"],"picked":"RealityMarble","floor":24},{"not_picked":["WasteNot","Alleviate"],"picked":"Dilation","floor":25}],"player_experience":29983,"relics_obtained":[{"floor":9,"key":"Omamori"},{"floor":11,"key":"ReplayTheSpireMod:TigerMarble"},{"floor":24,"key":"Pear"},{"floor":24,"key":"Mirror"}],"event_choices":[{"damage_healed":0,"gold_gain":0,"cards_transformed":["Strike_S"],"player_choice":"Change","damage_taken":0,"max_hp_gain":0,"max_hp_loss":0,"event_name":"Living Wall","floor":0,"gold_loss":0,"cards_obtained":["Sunlight"]},{"damage_healed":1,"gold_gain":0,"player_choice":"Full Heal","damage_taken":0,"max_hp_gain":0,"max_hp_loss":0,"event_name":"Wheel of Change","floor":4,"gold_loss":0},{"damage_healed":0,"gold_gain":0,"player_choice":"Box","damage_taken":0,"relics_obtained":["War Paint"],"max_hp_gain":0,"max_hp_loss":0,"event_name":"Big Fish","floor":7,"gold_loss":0,"cards_obtained":["Regret"]},{"damage_healed":0,"gold_gain":0,"player_choice":"Ignored","damage_taken":0,"max_hp_gain":0,"max_hp_loss":0,"event_name":"Vampires","floor":20,"gold_loss":0},{"damage_healed":0,"gold_gain":0,"player_choice":"Inject Mutagens","damage_taken":0,"relics_obtained":["MutagenicStrength"],"max_hp_gain":0,"max_hp_loss":0,"event_name":"Drug Dealer","floor":21,"gold_loss":0}],"is_beta":false,"boss_relics":[{"not_picked":["SlaversCollar","Ring of Chaos"],"picked":"Black Star"}],"items_purged_floors":[5],"is_endless":false,"potions_floor_spawned":[2,11,14,19,24],"killed_by":"Sentry and Sphere","ascension_level":0}}