{"host":"w2kjv12xyhtt0cv2","time":1614399556,"event":{"mods":["10 clothes from DAL","100% Spire Juice","Act Like it!","BaseMod","Colored Map","Friendly Minions","Gensokyo","GifTheSpireLib","Highlight Path","Hubris","Library of Ruina","Minty Spire (QoL Compilation)","Quick Restart","Relic Stats","Reliquary","Replay The Spire","Ring Of Destiny","Robot Space Explorer","Shop Mod","Spicy Shops","StSLib","The Dragon Tamer","UnlockEverythingMod","Waifu the Spire","[IsaacMod]以撒尖塔","[功能]功能增强和修复MOD","【功能Mod】Neow奖励","【功能Mod】聪明的最终Boss","【遗物卡牌】REMEMod","没有小屋子和绿帽子啦"],"gold_per_floor":[127,176,176,9,24,24,24,59,59,59,59,59,97,47,91,115,115,244,244,278,326,326,358,73,157,157,206,280,280,323,329,329],"floor_reached":31,"language":"ZHS","playtime":1483,"items_purged":["RingOfDestiny:Strike_SU","RingOfDestiny:Strike_SU","RingOfDestiny:Strike_SU","RingOfDestiny:Defend_SU"],"score":518,"play_id":"06938cb5-1305-4230-89b3-72fb25a10195","local_time":"20210227121916","is_ascension_mode":true,"campfire_choices":[{"data":"Moonworks:Accelerator","floor":6.0,"key":"SMITH"},{"data":"RingOfDestiny:LazyCloak","floor":12.0,"key":"SMITH"},{"data":"BettingIsNotGood","floor":17.0,"key":"SMITH"},{"data":"RingOfDestiny:DoomsdayEcho","floor":26.0,"key":"SMITH"}],"circlet_count":0,"master_deck":["RingOfDestiny:MaliciousBarrier","RingOfDestiny:DoomsdayStrike","RingOfDestiny:PowerOfGreed","RingOfDestiny:PowerOfEnvy","BettingIsNotGood+1","Moonworks:Accelerator+1","RingOfDestiny:LazyCloak+1","RingOfDestiny:CostOfSoul","RingOfDestiny:MaliciousConversion","RingOfDestiny:DoomsdayMadness","RingOfDestiny:CostOfSoul","RingOfDestiny:ConqueringBlade","RingOfDestiny:DoomsdayEcho+1","RingOfDestiny:MaliciousConversion","RingOfDestiny:LazyCloak","RingOfDestiny:DoomsdayEcho","Writhe","Collect"],"relics":["REME_ComplimentaryCards","HushsDoor","GuppysTail","Sozu","Smiling Mask","PageOfAspirationHeart","Gensokyo:Justice","Replay:Bandana","ReplayTheSpireMod:Lightbulb","hubris:SlimyHat","hubris:TerracottaHorce","hubris:DisguiseKit","DALC_SEVEN","Toy Ornithopter","PageOfWizard","HowToJump"],"acts_visited":["Gensokyo:Gensokyo","Gensokyo:Gensokyoer"],"potions_floor_usage":[],"damage_taken":[{"damage":2.0,"enemies":"Gensokyo:2_Kodama","floor":1.0,"turns":4.0},{"damage":1.0,"enemies":"Gensokyo:Python","floor":5.0,"turns":3.0},{"damage":0.0,"enemies":"Gensokyo:Cirno","floor":8.0,"turns":4.0},{"damage":30.0,"enemies":"Gensokyo:Aya","floor":13.0,"turns":4.0},{"damage":5.0,"enemies":"Gensokyo:Cirno","floor":15.0,"turns":5.0},{"damage":4.0,"enemies":"Gensokyo:Gryphon","floor":16.0,"turns":3.0},{"damage":10.0,"enemies":"Gensokyo:Reimu","floor":18.0,"turns":5.0},{"damage":13.0,"enemies":"Gensokyo:3_Dogs","floor":20.0,"turns":4.0},{"damage":7.0,"enemies":"Gensokyo:CosmicMonolith","floor":21.0,"turns":3.0},{"damage":15.0,"enemies":"Gensokyo:Wraith","floor":23.0,"turns":4.0},{"damage":3.0,"enemies":"Gensokyo:Koishi","floor":25.0,"turns":2.0},{"damage":36.0,"enemies":"Gensokyo:Reisen","floor":27.0,"turns":3.0},{"damage":1.0,"enemies":"Gensokyo:Tenshi","floor":30.0,"turns":2.0},{"damage":22,"enemies":"Gensokyo:Slime_Group","floor":31,"turns":1}],"seed_played":"-2570895780999723696","potions_obtained":[],"is_trial":false,"path_per_floor":["M","?","?","$","M","R","?","E","PTL","PTL","T","R","E","$","E","M","R","B",null,"M","M","?","M","$","E","R","E","T","?","E","M"],"character_chosen":"Summoner","items_purchased":["PageOfAspirationHeart","hubris:DisguiseKit"],"campfire_rested":0,"item_purchase_floors":[4,24],"current_hp_per_floor":[77,77,77,77,81,81,81,81,81,81,81,81,52,52,52,48,48,38,76,74,67,67,54,54,51,51,15,15,15,14,0,0],"gold":329,"neow_bonus":"BOSS_RELIC","is_daily":false,"chose_seed":false,"campfire_upgraded":4,"win_rate":0.0,"timestamp":1614399556,"path_taken":["M","?","?","?","M","R","?","E","PTL","PTL","T","R","E","$","E","M","R","BOSS","M","M","?","M","$","E","R","E","T","?","E","?"],"items_purchased_type":["Relic","Relic"],"build_version":"2020-12-22","purchased_purges":4,"victory":false,"max_hp_per_floor":[88,88,88,88,88,88,88,88,88,88,88,88,88,88,88,88,88,88,88,88,88,88,88,88,88,88,88,88,88,88,88,88],"relic_stats":{"Sozu":7,"counters":[14,47],"Smiling Mask":250,"obtain_stats":[{"KeepersGift":0,"GuppysTail":0,"hubris:DisguiseKit":24,"HowToJump":30,"DALC_SEVEN":25,"hubris:SlimyHat":15,"Gensokyo:Justice":7,"RingOfDestiny:DemonicContract":0,"Smiling Mask":2,"hubris:TerracottaHorce":19,"Sozu":0,"PageOfAspirationHeart":4,"Frozen Eye":25,"Replay:Bandana":8,"PageOfWizard":28,"HushsDoor":0,"ReplayTheSpireMod:Lightbulb":13,"Toy Ornithopter":27,"REME_ComplimentaryCards":0},{"KeepersGift":0,"GuppysTail":0,"hubris:DisguiseKit":10,"HowToJump":13,"DALC_SEVEN":11,"hubris:SlimyHat":5,"Gensokyo:Justice":2,"RingOfDestiny:DemonicContract":0,"Smiling Mask":1,"hubris:TerracottaHorce":7,"Sozu":0,"PageOfAspirationHeart":1,"Frozen Eye":10,"Replay:Bandana":3,"PageOfWizard":12,"HushsDoor":0,"ReplayTheSpireMod:Lightbulb":4,"Toy Ornithopter":12,"REME_ComplimentaryCards":0},{"KeepersGift":0,"GuppysTail":0,"hubris:DisguiseKit":39,"HowToJump":46,"DALC_SEVEN":41,"hubris:SlimyHat":20,"Gensokyo:Justice":7,"RingOfDestiny:DemonicContract":0,"Smiling Mask":4,"hubris:TerracottaHorce":28,"Sozu":0,"PageOfAspirationHeart":4,"Frozen Eye":39,"Replay:Bandana":11,"PageOfWizard":44,"HushsDoor":0,"ReplayTheSpireMod:Lightbulb":15,"Toy Ornithopter":44,"REME_ComplimentaryCards":0}],"Toy Ornithopter":0},"card_choices":[{"not_picked":[],"picked":"BettingIsNotGood","floor":0.0},{"not_picked":["RingOfDestiny:FeastOfDoomsday","RingOfDestiny:DemonVanguard"],"picked":"RingOfDestiny:LazyCloak","floor":1.0},{"not_picked":["RingOfDestiny:SongOfDoomsday","RingOfDestiny:SoulAccumulation"],"picked":"RingOfDestiny:CostOfSoul","floor":2.0},{"not_picked":["RingOfDestiny:SoulDiversion","RingOfDestiny:DemonGovernor"],"picked":"RingOfDestiny:MaliciousConversion","floor":2.0},{"not_picked":["RingOfDestiny:MaliciousRelease","RingOfDestiny:TemptingFruits"],"picked":"RingOfDestiny:DoomsdayMadness","floor":5.0},{"not_picked":["RingOfDestiny:MaliciousFang","RingOfDestiny:PowerOfGreed","RingOfDestiny:GreedySummon"],"picked":"SKIP","floor":8.0},{"not_picked":["RingOfDestiny:MaskOfSuffering","RingOfDestiny:GreedySummon","RingOfDestiny:PowerOfGluttony"],"picked":"SKIP","floor":13.0},{"not_picked":["RingOfDestiny:DesireMastery","RingOfDestiny:MaliciousRelease","RingOfDestiny:PowerOfGreed"],"picked":"SKIP","floor":15.0},{"not_picked":["RingOfDestiny:MaliciousBarrier","RingOfDestiny:DoomsdayStrike"],"picked":"RingOfDestiny:CostOfSoul","floor":16.0},{"not_picked":["RingOfDestiny:ChainBlade","RingOfDestiny:DoomsdayBlade"],"picked":"RingOfDestiny:ConqueringBlade","floor":18.0},{"not_picked":["RingOfDestiny:ManaEnhance","RingOfDestiny:SoulDiversion","RingOfDestiny:Demonic"],"picked":"SKIP","floor":20.0},{"not_picked":["RingOfDestiny:DemonVanguard","RingOfDestiny:MaskOfSuffering","RingOfDestiny:MaliciousSword"],"picked":"SKIP","floor":21.0},{"not_picked":["RingOfDestiny:MaliciousRelease","RingOfDestiny:PowerOfEnvy"],"picked":"RingOfDestiny:MaliciousConversion","floor":23.0},{"not_picked":["RingOfDestiny:PowerOfArrogance+1","RingOfDestiny:Demonic","Replay:DivineShield"],"picked":"RingOfDestiny:LazyCloak","floor":25.0},{"not_picked":["RingOfDestiny:SoulAccumulation","RingOfDestiny:TortureBlade","WindmillStrike"],"picked":"RingOfDestiny:DoomsdayEcho","floor":27.0},{"not_picked":["RingOfDestiny:VoodooDoll","RingOfDestiny:GreedySummon","RingOfDestiny:DoomsdayStrike"],"picked":"Collect","floor":30.0}],"player_experience":90058,"relics_obtained":[{"floor":2.0,"key":"Smiling Mask"},{"floor":8.0,"key":"Replay:Bandana"},{"floor":13.0,"key":"ReplayTheSpireMod:Lightbulb"},{"floor":15.0,"key":"hubris:SlimyHat"},{"floor":25.0,"key":"DALC_SEVEN"},{"floor":27.0,"key":"Toy Ornithopter"},{"floor":28.0,"key":"PageOfWizard"},{"floor":30.0,"key":"HowToJump"}],"event_choices":[],"is_beta":false,"boss_relics":[{"not_picked":["Painkiller Herb","Snecko Eye"],"picked":"hubris:TerracottaHorce"},{"not_picked":[]}],"items_purged_floors":[4,4,14,24],"is_endless":false,"potions_floor_spawned":[1,13,16,18,23,25],"killed_by":"Gensokyo:Slime_Group","ascension_level":7}}