{"host":"338bkdl2yirdp2ct","time":1614391476,"event":{"mods":["AchievementEnabler","BaseMod","Colored Powertips","Highlight Path","Minty Spire (QoL Compilation)","Quick Restart","Relic Sorter","Unceasing Turn Reminder","slay the spire mod where everything is the same but ironclad has a cowboy hat"],"gold_per_floor":[112,212,42,42,42,77,77,108,108,120,120,132,152,73,73,172,172,185,199,218,22,33,33,33,33],"floor_reached":24,"language":"ENG","playtime":935,"items_purged":["Strike_B"],"score":231,"play_id":"3f92d130-e520-4649-9dfb-0706636c0511","local_time":"20210226180436","is_ascension_mode":false,"campfire_choices":[{"floor":7,"key":"REST"},{"data":"Loop","floor":11,"key":"SMITH"},{"floor":15,"key":"REST"},{"data":"Capacitor","floor":23,"key":"SMITH"}],"circlet_count":0,"master_deck":["Strike_B","Strike_B","Strike_B","Defend_B","Defend_B","Defend_B","Defend_B","Zap","Dualcast","Turbo","Loop+1","Turbo+1","Capacitor+1","Hologram+1","Defragment","Double Energy+1","Meteor Strike","Sweeping Beam+1","Skim+1","Turbo+1"],"relics":["Cracked Core","Toxic Egg 2","Mercury Hourglass","Mango","Incense Burner","Snecko Eye","ClockworkSouvenir"],"acts_visited":["Exordium","TheCity"],"potions_floor_usage":[8,16,20,24],"damage_taken":[{"damage":11,"enemies":"Jaw Worm","floor":1,"turns":3},{"damage":34,"enemies":"3 Sentries","floor":6,"turns":8},{"damage":14,"enemies":"Lagavulin","floor":8,"turns":9},{"damage":1,"enemies":"Cultist","floor":10,"turns":3},{"damage":8,"enemies":"Small Slimes","floor":12,"turns":3},{"damage":12,"enemies":"Blue Slaver","floor":13,"turns":3},{"damage":55,"enemies":"Hexaghost","floor":16,"turns":9},{"damage":0,"enemies":"Chosen","floor":18,"turns":4},{"damage":14,"enemies":"Spheric Guardian","floor":19,"turns":4},{"damage":26,"enemies":"Shelled Parasite and Fungi","floor":20,"turns":4},{"damage":21,"enemies":"Snake Plant","floor":22,"turns":3},{"damage":36,"enemies":"Slavers","floor":24,"turns":2}],"seed_played":"-5435077085795819896","potions_obtained":[{"floor":1,"key":"SkillPotion"},{"floor":12,"key":"Fire Potion"},{"floor":16,"key":"ColorlessPotion"},{"floor":18,"key":"SkillPotion"},{"floor":22,"key":"EssenceOfDarkness"}],"is_trial":true,"path_per_floor":["M","?","$","?","T","E","R","E","T","M","R","M","M","$","R","B",null,"M","M","M","$","M","R","E"],"character_chosen":"DEFECT","items_purchased":["Turbo","Loop","Double Energy+1","ClockworkSouvenir","FocusPotion"],"campfire_rested":2,"item_purchase_floors":[3,3,14,21,21],"current_hp_per_floor":[64,64,64,69,69,35,59,59,59,58,58,50,38,38,66,11,94,94,80,54,54,33,33,0,0],"gold":33,"neow_bonus":"","is_daily":false,"chose_seed":true,"campfire_upgraded":2,"win_rate":0.0,"timestamp":1614391476,"path_taken":["M","?","?","?","?","E","R","E","T","M","R","M","M","$","R","BOSS","M","M","M","$","M","R","E"],"items_purchased_type":["Card","Card","Card","Relic","Potion"],"build_version":"2020-12-22","purchased_purges":1,"victory":false,"max_hp_per_floor":[75,75,75,80,80,80,80,94,94,94,94,94,94,94,94,94,94,94,94,94,94,94,94,94,94],"card_choices":[{"not_picked":["Compile Driver","Ball Lightning","Steam"],"picked":"SKIP","floor":1},{"not_picked":["Storm","Redo+1"],"picked":"Turbo+1","floor":6},{"not_picked":["Sunder","Genetic Algorithm+1"],"picked":"Capacitor","floor":8},{"not_picked":["Loop","Beam Cell"],"picked":"Hologram+1","floor":10},{"not_picked":["Cold Snap","Recycle+1"],"picked":"Defragment","floor":12},{"not_picked":["Beam Cell","Go for the Eyes","Compile Driver"],"picked":"SKIP","floor":13},{"not_picked":["All For One","Core Surge"],"picked":"Meteor Strike","floor":16},{"not_picked":["Cold Snap","Beam Cell+1","Streamline+1"],"picked":"SKIP","floor":18},{"not_picked":["Lockon+1","Doom and Gloom"],"picked":"Sweeping Beam+1","floor":19},{"not_picked":["Hologram+1","Darkness+1"],"picked":"Skim+1","floor":20},{"not_picked":["Glacier+1","Leap+1"],"picked":"Turbo+1","floor":22}],"player_experience":1171866,"relics_obtained":[{"floor":5,"key":"Toxic Egg 2"},{"floor":6,"key":"Mercury Hourglass"},{"floor":8,"key":"Mango"},{"floor":9,"key":"Incense Burner"}],"event_choices":[{"damage_healed":0,"gold_gain":100,"player_choice":"Pray","damage_taken":0,"max_hp_gain":0,"max_hp_loss":0,"event_name":"Golden Shrine","floor":2,"gold_loss":0},{"damage_healed":0,"gold_gain":0,"player_choice":"Donut","damage_taken":0,"max_hp_gain":5,"max_hp_loss":0,"event_name":"Big Fish","floor":4,"gold_loss":0}],"is_beta":false,"boss_relics":[{"not_picked":["Ectoplasm","Velvet Choker"],"picked":"Snecko Eye"}],"items_purged_floors":[3],"is_endless":false,"potions_floor_spawned":[1,12,16,18,22],"killed_by":"Slavers","ascension_level":0}}