{"host":"92wx9z21c4p52du4","time":1614390873,"event":{"mods":["Act Like it!","BaseMod","ChefMod","Downfall","Evolution","GungeonMod","Infinite Spire","Minty Spire (QoL Compilation)","Relic Stats","Reliquary","Replay The Spire","StSLib","SuperFastMode","The Hierophant","The Runesmith"],"gold_per_floor":[118,118,137,155,155,155,25,25,25,53,53,66,77,77,77,175,175,193,193,118,118],"floor_reached":20,"language":"ENG","playtime":644,"items_purged":["Pain"],"score":189,"play_id":"2ec6ceef-90ac-4d01-a59a-75e1b6b7e455","local_time":"20210226195433","is_ascension_mode":true,"campfire_choices":[{"data":"Eruption","floor":6,"key":"SMITH"},{"data":"Pray","floor":8,"key":"SMITH"},{"floor":11,"key":"REST"},{"floor":15,"key":"RECALL"}],"circlet_count":0,"master_deck":["Eruption+1","Vigilance","CutThroughFate","Inflame","Pray+1","TalkToTheHand+1","Vault","Thunderclap","DevaForm","Vault+1","Limit Break","LessonLearned","Guardian:PolyBeam","Replay:LoomingThreat","Double Tap","ReachHeaven","Body Slam","ThirdEye","ConjureBlade"],"relics":["m_GuardianBlood","EVO:Axolotl","NeowsBlessing","infinitespire:Cubic Diamond","WarpedTongs","Bag of Preparation","Pandora\u0027s Box"],"acts_visited":["Exordium","TheCity"],"potions_floor_usage":[10,13,16,18,20,20],"damage_taken":[{"damage":0,"enemies":"Cultist","floor":1,"turns":1},{"damage":0,"enemies":"Jaw Worm","floor":3,"turns":1},{"damage":0,"enemies":"2 Louse","floor":4,"turns":1},{"damage":43,"enemies":"Gremlin Nob","floor":10,"turns":4},{"damage":18,"enemies":"Exordium Thugs","floor":12,"turns":4},{"damage":0,"enemies":"Blue Slaver","floor":13,"turns":3},{"damage":12,"enemies":"The Guardian","floor":16,"turns":11},{"damage":6,"enemies":"Chosen","floor":18,"turns":4},{"damage":79,"enemies":"2 Thieves","floor":20,"turns":3}],"seed_played":"2887122178469927466","potions_obtained":[{"floor":1,"key":"Adrenaline Potion"},{"floor":4,"key":"SteroidPotion"},{"floor":12,"key":"BlessingOfTheForge"},{"floor":14,"key":"hexamod:SoulburnPotion"},{"floor":14,"key":"Explosive Potion"},{"floor":18,"key":"DemoMod:LeadSkinPotion"}],"is_trial":false,"path_per_floor":["M","?","M","M","?","R","$","R","T","E","R","M","M","?","R","B",null,"M","?","M"],"character_chosen":"WATCHER","items_purchased":["TalkToTheHand+1"],"campfire_rested":1,"item_purchase_floors":[7],"current_hp_per_floor":[72,72,72,72,72,72,72,72,72,35,56,44,50,50,50,44,72,72,72,0,0],"gold":118,"neow_bonus":"THREE_ENEMY_KILL","is_daily":false,"chose_seed":false,"campfire_upgraded":2,"win_rate":0.0,"timestamp":1614390873,"path_taken":["M","?","M","M","?","R","$","R","T","E","R","M","?","?","R","BOSS","M","?","M"],"items_purchased_type":["Card"],"build_version":"2020-12-22","purchased_purges":1,"victory":false,"max_hp_per_floor":[72,72,72,72,72,72,72,72,72,72,72,72,72,72,72,72,72,72,72,72,72],"relic_stats":{"counters":[9,32],"Pandora\u0027s Box":["Vault","Limit Break","LessonLearned","Guardian:PolyBeam","Replay:LoomingThreat","Double Tap","ReachHeaven","Body Slam"],"Bag of Preparation":[10],"obtain_stats":[{"NeowsBlessing":0,"Pandora\u0027s Box":17,"DemoMod:GlassGuonStoneRelic":1,"infinitespire:Cubic Diamond":2,"Bag of Preparation":10,"EVO:Axolotl":0,"PureWater":0,"m_GuardianBlood":2,"WarpedTongs":5},{"NeowsBlessing":0,"Pandora\u0027s Box":7,"DemoMod:GlassGuonStoneRelic":1,"infinitespire:Cubic Diamond":1,"Bag of Preparation":4,"EVO:Axolotl":0,"PureWater":0,"m_GuardianBlood":1,"WarpedTongs":3},{"NeowsBlessing":0,"Pandora\u0027s Box":25,"DemoMod:GlassGuonStoneRelic":1,"infinitespire:Cubic Diamond":1,"Bag of Preparation":7,"EVO:Axolotl":0,"PureWater":0,"m_GuardianBlood":1,"WarpedTongs":3}],"WarpedTongs":[29]},"card_choices":[{"not_picked":["EmptyBody","EmptyMind"],"picked":"CutThroughFate","floor":1},{"not_picked":["Halt","Guardian:Gem_Red"],"picked":"Inflame","floor":3},{"not_picked":["JustLucky","Thunderclap"],"picked":"Pray","floor":4},{"not_picked":["EmptyFist","Replay:AtTheReady","Guardian:RefractedBeam"],"picked":"SKIP","floor":10},{"not_picked":["WheelKick","CarveReality"],"picked":"Vault","floor":12},{"not_picked":["CutThroughFate","PathToVictory"],"picked":"Thunderclap","floor":13},{"not_picked":["Establishment","Alpha"],"picked":"DevaForm","floor":16},{"not_picked":["BowlingBash","JustLucky"],"picked":"ThirdEye","floor":18}],"player_experience":379952,"relics_obtained":[{"floor":10,"key":"Bag of Preparation"}],"event_choices":[{"damage_healed":0,"gold_gain":0,"player_choice":"Rummage","damage_taken":0,"relics_obtained":["WarpedTongs"],"max_hp_gain":0,"max_hp_loss":0,"event_name":"Accursed Blacksmith","floor":5,"gold_loss":0,"cards_obtained":["Pain"]},{"damage_healed":0,"gold_gain":0,"player_choice":"Got Potions","damage_taken":0,"max_hp_gain":0,"max_hp_loss":0,"event_name":"Lab","floor":14,"gold_loss":0},{"damage_healed":0,"gold_gain":0,"player_choice":"1 cards matched","damage_taken":0,"max_hp_gain":0,"max_hp_loss":0,"event_name":"Match and Keep!","floor":19,"gold_loss":0,"cards_obtained":["ConjureBlade"]}],"is_beta":false,"boss_relics":[{"not_picked":["Sozu","Kintsugi"],"picked":"Pandora\u0027s Box"}],"items_purged_floors":[7],"is_endless":false,"potions_floor_spawned":[1,4,12,18],"killed_by":"2 Thieves","ascension_level":2}}