{"host":"kvq1t47bkvtg8ho9","time":1614394390,"event":{"mods":["Act Like it!","Aspiration","Bard","BaseMod","Beaked The Cultist","Better Sensory Stone","Better Third Choice","BetterRewards","Bossed Relics","CapriCore","Clockwork Mod","Colored Map","Conspire","Downfall","Energized Spire","Evolution","Friendly Minions","Hermit","HexUI Lib","Highlight Path","Hubris","Infinite Spire","JesterMod","Minty Spire (QoL Compilation)","READ ME - Guardian Mod","Relic Stats","Reliquary","Ruina","Shade Mod","Somnambulant","Spire Arcade","StSLib","The Bladedancer","The Bug Knight","The Cursed","The Death Knight","The Disciple","The Forsaken","The Hierophant","The Immortal","The Jungle","The Marked","The Necromancer","The Runesmith","TheVacant"],"gold_per_floor":[99,113,22,22,41,3,3,22,48,48,63,63,15,30,45,45,45,45],"floor_reached":16,"language":"ENG","playtime":3952,"items_purged":[],"score":127,"play_id":"6467485d-6037-43a4-8d8a-5c60db00261e","local_time":"20210226215310","is_ascension_mode":false,"campfire_choices":[{"data":"bronze:Goto","floor":1.0,"key":"SMITH"},{"data":"bronze:Shell","floor":12.0,"key":"SMITH"}],"circlet_count":0,"master_deck":["bronze:Strike","bronze:Strike","bronze:Strike","bronze:Strike","bronze:Defend","bronze:Defend","bronze:Defend","bronze:Defend","bronze:Replicate","bronze:Goto+1","bronze:Frontload","bronze:DigitalCarnage","bronze:DelayedGuard","bronze:Overheat","hubris:NaturalOne","bronze:Backtrace","bronze:Shell+1","bronze:DelayedSlice","bronze:Overheat","bronze:WildBeam","bronze:BronzeArmor","bronze:BuggyMess","bronze:Shell","bronze:Format","bronze:DelayedGuard"],"relics":["EVO:Axolotl","theForsaken:PaleLantern","hubris:Icosahedron","reliquary:PartyBalloon"],"acts_visited":["Exordium"],"potions_floor_usage":[16,16],"damage_taken":[{"damage":0.0,"enemies":"2 Louse","floor":2.0,"turns":4.0},{"damage":0.0,"enemies":"downfall:FleeingMerchant","floor":3.0,"turns":4.0},{"damage":2.0,"enemies":"conspire:RoseBush","floor":5.0,"turns":2.0},{"damage":0.0,"enemies":"downfall:FleeingMerchant","floor":6.0,"turns":4.0},{"damage":11.0,"enemies":"Jaw Worm","floor":8.0,"turns":5.0},{"damage":0.0,"enemies":"HollowMod:MossKnight","floor":9.0,"turns":11.0},{"damage":10.0,"enemies":"conspire:2 RoseBushes","floor":11.0,"turns":4.0},{"damage":15,"enemies":"downfall:FleeingMerchant","floor":13,"turns":4},{"damage":0,"enemies":"Large Slime","floor":14,"turns":5},{"damage":5,"enemies":"Exordium Thugs","floor":15,"turns":4},{"damage":28,"enemies":"WA_ARCHETYPE_RETAIN","floor":16,"turns":7}],"seed_played":"6881843972217415200","potions_obtained":[{"floor":5.0,"key":"Strength Potion"},{"floor":8.0,"key":"Explosive Potion"},{"floor":9.0,"key":"Ancient Potion"},{"floor":15,"key":"BlessingOfTheForge"}],"is_trial":false,"path_per_floor":["R","M","$","?","M","$","T","M","E","?","M","R","$","M","M","B"],"character_chosen":"THE_AUTOMATON","items_purchased":["bronze:DelayedGuard","bronze:Overheat","bronze:DelayedSlice","bronze:Shell"],"campfire_rested":0,"item_purchase_floors":[3,3,6,13],"current_hp_per_floor":[70,70,70,70,68,68,68,57,57,57,47,47,32,32,27,0,0,0],"gold":45,"neow_bonus":"BOSS_RELIC","is_daily":false,"chose_seed":false,"campfire_upgraded":2,"win_rate":0.0,"timestamp":1614394390,"path_taken":["R","M","$","?","M","$","T","M","E","?","?","R","$","M","M","BOSS"],"items_purchased_type":["Card","Card","Card","Card"],"build_version":"2020-12-22","purchased_purges":0,"victory":false,"max_hp_per_floor":[70,70,70,70,70,70,70,70,70,70,70,70,70,70,70,70,70,70],"relic_stats":{"counters":[11,54],"obtain_stats":[{"bronze:BronzeCore":0,"hubris:Icosahedron":4,"reliquary:PartyBalloon":9,"theForsaken:PaleLantern":0,"EVO:Axolotl":0},{"bronze:BronzeCore":0,"hubris:Icosahedron":2,"reliquary:PartyBalloon":6,"theForsaken:PaleLantern":0,"EVO:Axolotl":0},{"bronze:BronzeCore":0,"hubris:Icosahedron":8,"reliquary:PartyBalloon":30,"theForsaken:PaleLantern":0,"EVO:Axolotl":0}]},"card_choices":[{"not_picked":["bronze:BugBarrage","bronze:WhirlingStrike"],"picked":"bronze:Frontload","floor":2.0},{"not_picked":["bronze:ClassDefault","bronze:CutThrough"],"picked":"bronze:DigitalCarnage","floor":3.0},{"not_picked":["bronze:Safeguard","bronze:Branch"],"picked":"bronze:Backtrace","floor":5.0},{"not_picked":["bronze:BuggyMess","bronze:WildBeam"],"picked":"bronze:Shell","floor":6.0},{"not_picked":["bronze:CloningBeam","bronze:CutThrough"],"picked":"bronze:Overheat","floor":8.0},{"not_picked":["bronze:ThunderWave","bronze:GetLatest"],"picked":"bronze:WildBeam","floor":9.0},{"not_picked":["bronze:DelayedSlice","bronze:DelayedGuard"],"picked":"bronze:BronzeArmor","floor":11.0},{"not_picked":["bronze:Return","bronze:Turbo"],"picked":"bronze:BuggyMess","floor":13},{"not_picked":["bronze:Frontload","bronze:BitShift"],"picked":"bronze:Format","floor":14},{"not_picked":["bronze:CutThrough","bronze:WildBeam"],"picked":"bronze:DelayedGuard","floor":15}],"player_experience":891220,"relics_obtained":[{"floor":9.0,"key":"reliquary:PartyBalloon"}],"event_choices":[],"is_beta":false,"boss_relics":[],"items_purged_floors":[],"is_endless":false,"potions_floor_spawned":[5,8,9,15],"killed_by":"WA_ARCHETYPE_RETAIN","ascension_level":0}}