{"host":"qksa0nge77ubun9a","time":1614395337,"event":{"mods":["AchievementEnabler","BaseMod","Colored Map","Colored Powertips","Googly Eyes","Highlight Path","Minty Spire (QoL Compilation)","Quick Restart","StSLib"],"gold_per_floor":[119,119,194,194,144,171,182,217,262,262,283,283,26,42,42,117,167,186,186,205,225,254,254,254,274,300,319,319,329,329,342,342,342,342],"floor_reached":33,"language":"ENG","playtime":2173,"items_purged":["Bash"],"score":487,"play_id":"5e458d50-6a98-457c-a376-391705136000","local_time":"20210226190857","is_ascension_mode":true,"campfire_choices":[{"data":"Cleave","floor":10.0,"key":"SMITH"},{"data":"Hemokinesis","floor":12.0,"key":"SMITH"},{"data":"Trip","floor":15.0,"key":"SMITH"},{"floor":23,"key":"REST"},{"floor":28,"key":"REST"},{"data":"Armaments","floor":30,"key":"SMITH"},{"floor":32,"key":"REST"}],"circlet_count":0,"master_deck":["AscendersBane","Defend_R+1","Defend_R","Defend_R","Cleave+1","Hemokinesis+1","Headbutt","Iron Wave","Shrug It Off","Trip+1","Dark Embrace","Sentinel","Juggernaut","Armaments+1","Sentinel+1","Body Slam","True Grit","Inflame","Bite","Bite","Bite","Bite","Bite","Pommel Strike","Feel No Pain","Rage","Heavy Blade+1"],"relics":["Burning Blood","NeowsBlessing","Potion Belt","Self Forming Clay","Ornamental Fan","Akabeko","Odd Mushroom","Tiny House","FaceOfCleric","Red Mask","Juzu Bracelet"],"acts_visited":["Exordium","TheCity"],"potions_floor_usage":[22,22,22,29],"damage_taken":[{"damage":0.0,"enemies":"Jaw Worm","floor":1.0,"turns":1.0},{"damage":0.0,"enemies":"Gremlin Nob","floor":6.0,"turns":1.0},{"damage":0.0,"enemies":"Small Slimes","floor":7.0,"turns":1.0},{"damage":31.0,"enemies":"Lagavulin","floor":8.0,"turns":6.0},{"damage":11.0,"enemies":"The Mushroom Lair","floor":11.0,"turns":3.0},{"damage":2.0,"enemies":"2 Louse","floor":14.0,"turns":1.0},{"damage":58.0,"enemies":"The Guardian","floor":16.0,"turns":14.0},{"damage":17,"enemies":"Spheric Guardian","floor":18,"turns":4},{"damage":12,"enemies":"Shell Parasite","floor":20,"turns":5},{"damage":35,"enemies":"Snake Plant","floor":21,"turns":5},{"damage":11,"enemies":"Masked Bandits","floor":22,"turns":4},{"damage":36,"enemies":"Sentry and Sphere","floor":25,"turns":6},{"damage":17,"enemies":"3 Cultists","floor":27,"turns":5},{"damage":14,"enemies":"Snecko","floor":29,"turns":5},{"damage":21,"enemies":"Cultist and Chosen","floor":31,"turns":6},{"damage":64,"enemies":"Champ","floor":33,"turns":9}],"seed_played":"-3499803889969484766","potions_obtained":[{"floor":1.0,"key":"Energy Potion"},{"floor":6.0,"key":"Ancient Potion"},{"floor":8.0,"key":"Swift Potion"},{"floor":11.0,"key":"BloodPotion"},{"floor":17,"key":"Swift Potion"},{"floor":18,"key":"EssenceOfSteel"},{"floor":21,"key":"PowerPotion"},{"floor":27,"key":"AttackPotion"}],"is_trial":false,"path_per_floor":["M","?","?","?","?","E","M","E","T","R","?","R","$","M","R","B",null,"M","?","M","M","?","R","?","M","T","M","R","M","R","M","R","B"],"character_chosen":"IRONCLAD","items_purchased":["Trip","Dark Embrace","Strength Potion"],"campfire_rested":3,"item_purchase_floors":[13,13,13],"current_hp_per_floor":[78,75,64,57,57,63,69,44,44,44,39,39,39,43,43,7,67,56,56,51,23,19,45,45,24,24,18,36,37,37,30,49,0,0],"gold":342,"neow_bonus":"THREE_ENEMY_KILL","is_daily":false,"chose_seed":false,"campfire_upgraded":4,"win_rate":0.0,"timestamp":1614395337,"path_taken":["M","?","?","?","?","E","M","E","T","R","?","R","$","M","R","BOSS","M","?","?","M","?","R","?","M","T","M","R","M","R","M","R","BOSS"],"items_purchased_type":["Card","Card","Potion"],"build_version":"2020-12-22","purchased_purges":1,"victory":false,"max_hp_per_floor":[80,80,80,80,80,80,80,80,80,80,80,80,80,80,80,80,85,85,85,86,87,88,88,61,62,62,63,63,64,64,65,65,65,65],"card_choices":[{"not_picked":["Pummel","Fire Breathing"],"picked":"Cleave","floor":1.0},{"not_picked":["Second Wind","Reckless Charge"],"picked":"Hemokinesis","floor":6.0},{"not_picked":["Sword Boomerang","Warcry"],"picked":"Headbutt","floor":7.0},{"not_picked":["Havoc","Thunderclap"],"picked":"Iron Wave","floor":8.0},{"not_picked":["Thunderclap","Warcry"],"picked":"Shrug It Off","floor":11.0},{"not_picked":["Twin Strike","Heavy Blade"],"picked":"Sentinel","floor":14.0},{"not_picked":["Offering","Demon Form"],"picked":"Juggernaut","floor":16.0},{"not_picked":["Shrug It Off","Clothesline"],"picked":"Armaments","floor":17},{"not_picked":["Hemokinesis","Iron Wave"],"picked":"Sentinel+1","floor":18},{"not_picked":["Clash","Inflame"],"picked":"Body Slam","floor":20},{"not_picked":["Anger","Seeing Red"],"picked":"True Grit","floor":21},{"not_picked":["Cleave+1","Pummel"],"picked":"Inflame","floor":22},{"not_picked":["Ghostly Armor","Anger"],"picked":"Pommel Strike","floor":25},{"not_picked":["Battle Trance","Fire Breathing"],"picked":"Feel No Pain","floor":27},{"not_picked":["Heavy Blade+1","Pommel Strike"],"picked":"Rage","floor":29},{"not_picked":["Spot Weakness","Pommel Strike+1"],"picked":"Heavy Blade+1","floor":31}],"player_experience":1444814,"relics_obtained":[{"floor":6.0,"key":"Self Forming Clay"},{"floor":8.0,"key":"Ornamental Fan"},{"floor":9.0,"key":"Akabeko"},{"floor":11.0,"key":"Odd Mushroom"},{"floor":22,"key":"Red Mask"},{"floor":26,"key":"Juzu Bracelet"}],"event_choices":[{"damage_healed":0.0,"max_hp_gain":0.0,"max_hp_loss":0.0,"gold_gain":0.0,"event_name":"Scrap Ooze","player_choice":"Success","floor":2.0,"gold_loss":0.0,"damage_taken":3.0,"relics_obtained":["Potion Belt"]},{"damage_healed":0.0,"max_hp_gain":0.0,"max_hp_loss":0.0,"gold_gain":75.0,"event_name":"World of Goop","player_choice":"Gather Gold","floor":3.0,"gold_loss":0.0,"damage_taken":11.0},{"cards_removed":["Defend_R"],"damage_healed":0.0,"max_hp_gain":0.0,"max_hp_loss":0.0,"gold_gain":0.0,"event_name":"Golden Wing","player_choice":"Card Removal","floor":4.0,"gold_loss":0.0,"damage_taken":7.0},{"cards_removed":["Strike_R"],"damage_healed":0.0,"max_hp_gain":0.0,"max_hp_loss":0.0,"gold_gain":0.0,"event_name":"The Cleric","player_choice":"Card Removal","floor":5.0,"gold_loss":50.0,"damage_taken":0.0},{"damage_healed":0.0,"max_hp_gain":0.0,"max_hp_loss":0.0,"gold_gain":0.0,"event_name":"Mushrooms","player_choice":"Fought Mushrooms","floor":11.0,"gold_loss":0.0,"damage_taken":0.0},{"damage_healed":0,"gold_gain":0,"player_choice":"Trade","damage_taken":0,"relics_obtained":["FaceOfCleric"],"max_hp_gain":0,"max_hp_loss":0,"event_name":"FaceTrader","floor":19,"gold_loss":0},{"damage_healed":0,"gold_gain":0,"player_choice":"Fought Bandits","damage_taken":0,"max_hp_gain":0,"max_hp_loss":0,"event_name":"Masked Bandits","floor":22,"gold_loss":0},{"damage_healed":0,"gold_gain":0,"player_choice":"Became a vampire","damage_taken":0,"max_hp_gain":0,"max_hp_loss":27,"event_name":"Vampires","floor":24,"gold_loss":0,"cards_obtained":["Bite","Bite","Bite","Bite","Bite"]}],"is_beta":false,"boss_relics":[{"not_picked":["Runic Dome","Coffee Dripper"],"picked":"Tiny House"}],"items_purged_floors":[13],"is_endless":false,"potions_floor_spawned":[1,6,8,11,18,21,27],"killed_by":"Champ","ascension_level":13}}