{"host":"sav7uxregyirlf69","time":1614445199,"event":{"mods":["AchievementEnabler","BaseMod","Colored Map","DeckTracker","Keyboard Shortcuts","Minty Spire (QoL Compilation)","READ ME - Guardian Mod","StSLib","SuperFastMode"],"gold_per_floor":[109,129,129,141,141,141,141,161,210,220,90,123,145,163,163,242,242,260,274,291,44,44,76,95,113,113,113,113,163,363,373,373,373,373],"floor_reached":33,"language":"KOR","playtime":901,"items_purged":["Strike_G","Strike_G"],"score":538,"play_id":"eacadfcb-e3d5-43cf-9acb-770bcbc3a4c9","local_time":"20210228015959","is_ascension_mode":true,"campfire_choices":[{"data":"Footwork","floor":6.0,"key":"SMITH"},{"data":"Die Die Die","floor":15.0,"key":"SMITH"},{"floor":27.0,"key":"REST"},{"data":"Acrobatics","floor":32,"key":"SMITH"}],"circlet_count":0,"master_deck":["AscendersBane","Strike_G","Defend_G","Defend_G","Defend_G","Survivor","Neutralize+1","Dagger Throw","Footwork+1","Dagger Spray","Dagger Throw","Die Die Die+1","Cloak And Dagger","Adrenaline","Blur+1","Flechettes+1","Footwork+1","Escape Plan","Acrobatics+1","Backflip","Underhanded Strike"],"relics":["Ring of the Snake","Nunchaku","Toy Ornithopter","Odd Mushroom","Astrolabe","Membership Card","FossilizedHelix","Orichalcum"],"acts_visited":["Exordium","TheCity"],"potions_floor_usage":[33],"damage_taken":[{"damage":1.0,"enemies":"2 Louse","floor":1.0,"turns":3.0},{"damage":3.0,"enemies":"Cultist","floor":2.0,"turns":4.0},{"damage":4.0,"enemies":"Jaw Worm","floor":4.0,"turns":6.0},{"damage":0.0,"enemies":"Looter","floor":8.0,"turns":4.0},{"damage":7.0,"enemies":"3 Louse","floor":10.0,"turns":4.0},{"damage":21.0,"enemies":"Gremlin Nob","floor":12.0,"turns":4.0},{"damage":3.0,"enemies":"The Mushroom Lair","floor":13.0,"turns":2.0},{"damage":4.0,"enemies":"Blue Slaver","floor":14.0,"turns":4.0},{"damage":11.0,"enemies":"The Guardian","floor":16.0,"turns":19.0},{"damage":0.0,"enemies":"3 Byrds","floor":18.0,"turns":4.0},{"damage":2.0,"enemies":"2 Thieves","floor":19.0,"turns":4.0},{"damage":0.0,"enemies":"Cultist and Chosen","floor":20.0,"turns":11.0},{"damage":46.0,"enemies":"Slavers","floor":23.0,"turns":11.0},{"damage":0.0,"enemies":"Chosen and Byrds","floor":24.0,"turns":9.0},{"damage":6.0,"enemies":"Snake Plant","floor":25.0,"turns":7.0},{"damage":0,"enemies":"Centurion and Healer","floor":31,"turns":13},{"damage":0,"enemies":"Champ","floor":33,"turns":12}],"seed_played":"494287317793747574","potions_obtained":[{"floor":8.0,"key":"SpeedPotion"},{"floor":12.0,"key":"Ancient Potion"},{"floor":14.0,"key":"EssenceOfSteel"},{"floor":19.0,"key":"Energy Potion"},{"floor":20.0,"key":"Weak Potion"},{"floor":25.0,"key":"Swift Potion"}],"is_trial":false,"path_per_floor":["M","M","?","M","?","R","?","M","T","M","$","E","?","M","R","B",null,"M","M","M","$","?","E","M","M","T","R","?","?","?","M","R","B"],"character_chosen":"THE_SILENT","items_purchased":["Strength Potion","Membership Card","Acrobatics"],"campfire_rested":1,"item_purchase_floors":[11,21,21],"current_hp_per_floor":[58,55,55,51,51,51,51,51,51,44,44,23,20,16,16,15,53,53,51,51,51,51,15,15,9,9,28,28,28,28,28,28,33,33],"gold":373,"neow_bonus":"UPGRADE_CARD","is_daily":false,"chose_seed":false,"campfire_upgraded":3,"win_rate":0.0,"timestamp":1614445199,"path_taken":["M","M","?","?","?","R","?","M","T","M","$","E","?","M","R","BOSS","M","M","M","$","?","E","M","M","T","R","?","?","?","M","R","BOSS"],"items_purchased_type":["Potion","Relic","Card"],"build_version":"2020-12-22","purchased_purges":2,"victory":false,"max_hp_per_floor":[66,66,66,66,66,66,66,66,66,66,66,66,66,66,66,66,66,66,66,66,66,66,66,66,66,66,66,66,66,66,66,66,66,66],"card_choices":[{"not_picked":["Bane","Underhanded Strike"],"picked":"Dagger Throw","floor":1.0},{"not_picked":["Dodge and Roll","PiercingWail"],"picked":"Footwork","floor":2.0},{"not_picked":["Backflip","Sucker Punch"],"picked":"Dagger Spray","floor":4.0},{"not_picked":["Underhanded Strike","Backflip"],"picked":"Dagger Throw","floor":8.0},{"not_picked":["Heel Hook","Dagger Throw"],"picked":"Die Die Die","floor":10.0},{"not_picked":["PiercingWail","Prepared","Accuracy"],"picked":"SKIP","floor":12.0},{"not_picked":["Poisoned Stab","Slice"],"picked":"Cloak And Dagger","floor":13.0},{"not_picked":["Prepared","Outmaneuver","Underhanded Strike"],"picked":"SKIP","floor":14.0},{"not_picked":["Doppelganger","Unload"],"picked":"Adrenaline","floor":16.0},{"not_picked":["Sucker Punch","Endless Agony","Acrobatics"],"picked":"SKIP","floor":18.0},{"not_picked":["Prepared+1","Distraction"],"picked":"Escape Plan","floor":19.0},{"not_picked":["Accuracy","All Out Attack","Underhanded Strike"],"picked":"SKIP","floor":20.0},{"not_picked":["Outmaneuver+1","Leg Sweep","Predator"],"picked":"SKIP","floor":23.0},{"not_picked":["Slice","Deflect","Expertise"],"picked":"SKIP","floor":24.0},{"not_picked":["Accuracy","Flying Knee"],"picked":"Backflip","floor":25.0},{"not_picked":["Masterful Stab","Leg Sweep"],"picked":"Underhanded Strike","floor":31}],"player_experience":1722389,"relics_obtained":[{"floor":9.0,"key":"Nunchaku"},{"floor":12.0,"key":"Toy Ornithopter"},{"floor":13.0,"key":"Odd Mushroom"},{"floor":23.0,"key":"FossilizedHelix"},{"floor":26.0,"key":"Orichalcum"}],"event_choices":[{"cards_removed":["Defend_G"],"damage_healed":0.0,"max_hp_gain":0.0,"max_hp_loss":0.0,"gold_gain":0.0,"event_name":"Bonfire Elementals","player_choice":"Offered Basic","floor":3.0,"gold_loss":0.0,"damage_taken":0.0},{"damage_healed":0.0,"max_hp_gain":0.0,"max_hp_loss":0.0,"gold_gain":0.0,"event_name":"Liars Game","player_choice":"Ignored","floor":5.0,"gold_loss":0.0,"damage_taken":0.0},{"damage_healed":0.0,"max_hp_gain":0.0,"max_hp_loss":0.0,"gold_gain":0.0,"event_name":"Dead Adventurer","player_choice":"Searched \u00271\u0027 times","floor":7.0,"gold_loss":0.0,"damage_taken":0.0},{"damage_healed":0.0,"max_hp_gain":0.0,"max_hp_loss":0.0,"gold_gain":0.0,"event_name":"Mushrooms","player_choice":"Fought Mushrooms","floor":13.0,"gold_loss":0.0,"damage_taken":0.0},{"damage_healed":0.0,"max_hp_gain":0.0,"max_hp_loss":0.0,"gold_gain":0.0,"event_name":"The Mausoleum","player_choice":"Ignored","floor":28.0,"gold_loss":0.0,"damage_taken":0.0},{"damage_healed":0.0,"max_hp_gain":0.0,"max_hp_loss":0.0,"gold_gain":50.0,"event_name":"Nest","player_choice":"Stole From Cult","floor":29.0,"gold_loss":0.0,"damage_taken":0.0},{"damage_healed":0,"gold_gain":250,"player_choice":"Bet on Owner","damage_taken":0,"max_hp_gain":0,"max_hp_loss":0,"event_name":"The Joust","floor":30,"gold_loss":50}],"is_beta":false,"boss_relics":[{"not_picked":["Ectoplasm","SacredBark"],"picked":"Astrolabe"}],"items_purged_floors":[11,21],"is_endless":false,"potions_floor_spawned":[8,12,14,19,20,25],"killed_by":"Champ","ascension_level":20}}