{"host":"xp5rvh2jwe2ejyfm","time":1614435880,"event":{"mods":["2.2 Compatiblity","Aspiration","Bard","BaseMod","Beaked The Cultist","Better Altar","Better Match","Better Note","Better Sensory Stone","Better Skull","BetterRewards","Colored Powertips","Conspire","Downfall","GifTheSpireLib","Gremlin Mod","GungeonMod","Hermit","Hubris","Jorbs\u0027s Wanderer Trilogy","Mad Scientist","Minty Spire (QoL Compilation)","Potionbrewer","Quick Restart","Replay The Spire","Robot Space Explorer","Shade Mod","Somnambulant","StSLib","The Bug Knight","The Clintock","The Construct","The Cursed","The Disciple","The Forsaken","The Hierophant","The Marked","The Mystic","The Necromancer","The Runesmith","The Servant 0.9.4","The Valiant","The Witch","TheFirefly","TheVacant","thorton"],"gold_per_floor":[117,117,117,136,155,180,180,197,197,213,233,67,100,27,27,127,127,137,25,25,41,41,41,41,59,59,59,59],"floor_reached":27,"language":"ENG","playtime":767,"items_purged":[],"score":223,"play_id":"4a722dd1-93e2-4145-913e-0fd58339fc3c","local_time":"20210227092440","is_ascension_mode":false,"campfire_choices":[{"data":"Bone_Armory","floor":7,"key":"SMITH"},{"floor":15,"key":"REST"},{"floor":23,"key":"RECALL"}],"circlet_count":0,"master_deck":["Negative_Energy_Arrows","Bone_Wall","Scare","Blood_Curse","Regret","Negative_Energy_Burst","Negative_Energy_Burst","Bone_Armory+1","Negative_Energy_Mist","Bone_Armor","Epidemic","Specialist","Summon_Lich","Negative_Energy_Sphere","Bone_Armory","Skeleton_Dragon","Stop_Heart","Bone_Shift","Slay_Living","Corrupt","Epidemic","Bone_Armory","Stop_Heart","Necromantic_Selection","Death_Coil","Summon_Undead_Army","Negative_Energy_Shield+1","Slay_Living","Bone_Armor"],"relics":["Vampire_Amulet","Vajra","GremlinMask","Runesmith:Nanobots","Centennial Puzzle","Pandora\u0027s Box","InkBottle"],"acts_visited":["Exordium","TheCity"],"potions_floor_usage":[6,13,13,16,18,27],"damage_taken":[{"damage":4,"enemies":"2 Louse","floor":1,"turns":3},{"damage":2,"enemies":"Cultist","floor":4,"turns":4},{"damage":5,"enemies":"Jaw Worm","floor":5,"turns":2},{"damage":19,"enemies":"3 Sentries","floor":6,"turns":4},{"damage":3,"enemies":"Lots of Slimes","floor":8,"turns":2},{"damage":11,"enemies":"Red Slaver","floor":10,"turns":3},{"damage":4,"enemies":"2 Fungi Beasts","floor":11,"turns":2},{"damage":27,"enemies":"Gremlin Nob","floor":13,"turns":4},{"damage":51,"enemies":"The Guardian","floor":16,"turns":16},{"damage":17,"enemies":"3 Byrds","floor":18,"turns":5},{"damage":21,"enemies":"Chosen","floor":21,"turns":7},{"damage":18,"enemies":"Snake Plant","floor":25,"turns":5},{"damage":34,"enemies":"Centurion and Healer","floor":27,"turns":5}],"seed_played":"-2275086684894103817","potions_obtained":[{"floor":4,"key":"PowerPotion"},{"floor":6,"key":"Fire Potion"},{"floor":10,"key":"DemoMod:LeadSkinPotion"},{"floor":11,"key":"FearPotion"},{"floor":16,"key":"Energy Potion"},{"floor":25,"key":"FearPotion"}],"is_trial":false,"path_per_floor":["M","?","?","M","M","E","R","M","T","M","M","$","E","$","R","B",null,"M","$","?","M","$","R","$","M","T","M"],"character_chosen":"NECROMANCER","items_purchased":["Specialist","Summon_Lich","Bone_Armory","Summon_Undead_Army","Negative_Energy_Shield+1"],"campfire_rested":1,"item_purchase_floors":[12,12,14,19,19],"current_hp_per_floor":[74,74,74,74,71,58,58,65,65,56,56,56,31,31,53,4,75,64,64,64,45,45,45,45,29,29,0,0],"gold":59,"neow_bonus":"THREE_CARDS","is_daily":false,"chose_seed":false,"campfire_upgraded":1,"win_rate":0.0,"timestamp":1614435880,"path_taken":["M","?","?","?","M","E","R","M","T","M","M","$","E","?","R","BOSS","M","$","?","?","?","R","$","M","T","M"],"items_purchased_type":["Card","Card","Card","Card","Card"],"build_version":"2020-12-22","purchased_purges":0,"victory":false,"max_hp_per_floor":[75,75,75,75,75,75,75,75,75,75,75,75,75,75,75,75,75,75,75,75,75,75,75,75,75,75,75,75],"card_choices":[{"not_picked":["Siphon_Strength","Bones_to_Steel"],"picked":"Scare","floor":0},{"not_picked":["Bones_to_Steel","Toxic_Smoke_Screen"],"picked":"Blood_Curse","floor":1},{"not_picked":["Blood_Is_Power","Blood_Curse"],"picked":"Negative_Energy_Burst","floor":4},{"not_picked":["Bone_Shift","Blood_Whip"],"picked":"Negative_Energy_Burst","floor":5},{"not_picked":["Toxic_Smoke_Screen","Violent_Necrosis"],"picked":"Bone_Armory","floor":6},{"not_picked":["Chill_Blood","Blood_Shield"],"picked":"Negative_Energy_Mist","floor":8},{"not_picked":["Deaths_Shadow","Blood_Whip"],"picked":"Bone_Armor","floor":10},{"not_picked":["Blood_Whip","Spectral_Armor"],"picked":"Epidemic","floor":11},{"not_picked":["Requiem","Blood_Is_Power"],"picked":"Negative_Energy_Sphere","floor":13},{"not_picked":["Summon_Death_Knight","Blood_Magic"],"picked":"Skeleton_Dragon","floor":16},{"not_picked":["Consume_Illness+1","Exploit"],"picked":"Death_Coil","floor":18},{"not_picked":["Bone_Armor","Stop_Heart"],"picked":"Slay_Living","floor":21},{"not_picked":["Blood_Curse","Life_Tap"],"picked":"Bone_Armor","floor":25}],"player_experience":585059,"relics_obtained":[{"floor":6,"key":"Runesmith:Nanobots"},{"floor":13,"key":"Centennial Puzzle"},{"floor":26,"key":"InkBottle"}],"event_choices":[{"damage_healed":0,"gold_gain":0,"player_choice":"Box","damage_taken":0,"relics_obtained":["Vajra"],"max_hp_gain":0,"max_hp_loss":0,"event_name":"Big Fish","floor":2,"gold_loss":0,"cards_obtained":["Regret"]},{"damage_healed":0,"gold_gain":0,"player_choice":"Trade","damage_taken":0,"relics_obtained":["GremlinMask"],"max_hp_gain":0,"max_hp_loss":0,"event_name":"FaceTrader","floor":3,"gold_loss":0},{"damage_healed":0,"gold_gain":0,"player_choice":"Ignored","damage_taken":0,"max_hp_gain":0,"max_hp_loss":0,"event_name":"betterNote:BetterNote","floor":20,"gold_loss":0,"cards_obtained":["Death_March_Dance"]}],"is_beta":false,"boss_relics":[{"not_picked":["Empty Cage","Runic Dome"],"picked":"Pandora\u0027s Box"}],"items_purged_floors":[],"is_endless":false,"potions_floor_spawned":[4,6,10,11,16,25],"killed_by":"Centurion and Healer","ascension_level":0}}