{"host":"7wwmf5ihvdzput8s","time":1614413991,"event":{"mods":["BaseMod","Minty Spire (QoL Compilation)","Quick Restart","Replay The Spire","StSLib","UnlockEverythingMod"],"gold_per_floor":[118,118,118,118,166,195,229,259,259,284,5,34,34,59,59,132,132,146,30,30,43,43,75,100,130,177,177,187,187,212,242,242,321,321,334,334,365,391,20,53,3,37,461,471,33,33,33,48,48,48,48],"floor_reached":52,"language":"ZHS","playtime":784,"items_purged":["Replay:BluntJabs","Quick Slash","Dagger Spray"],"score":3218,"play_id":"2e083952-0ac2-461a-92ef-be2e0b083744","local_time":"20210227161950","daily_mods":["SealedDeck","Vintage","Green Cards","Purple Cards","Heirloom","Time Dilation","Flight","DeadlyEvents","Elite Swarm","Lethality","Night Terrors"],"is_ascension_mode":true,"campfire_choices":[{"data":"Limit Break","floor":13.0,"key":"SMITH"},{"data":"1","floor":32,"key":"LIFT"},{"data":"2","floor":49,"key":"LIFT"}],"circlet_count":0,"master_deck":["AscendersBane","FollowUp","Flex","Slice","Dagger Spray","Dagger Spray","Quick Slash+1","Backstab+1","CutThroughFate","Limit Break+1","Adrenaline","Scrawl+1","Ragnarok+1","Clash+1","Blasphemy","Limit Break"],"relics":["Unceasing Top","Gambling Chip","Replay:PocketPolymizer","NeowsBlessing","ReplayTheSpireMod:Ring of Collecting","Iron Hammer","Centennial Puzzle","Ice Cream","Replay:Wax Seal","Torii","Chameleon Ring","Eternal Feather","Counterbalance","Gremlin Food","Black Star","ReplayTheSpireMod:Ninjato","Replay:Bottled Steam","Replay:Rubber Ducky","ReplayTheSpireMod:Lightbulb","Gremlin Horn","Darkstone Periapt","Calipers","StoneCalendar","Ring of Searing","Replay:Mystery Machine","Omamori","Girya","White Beast Statue","Oddly Smooth Stone","Whetstone","Molten Egg 2","Quantum Egg","Runic Cube","Mango","ReplayTheSpireMod:Spearhead","Smiling Mask","Shuriken","Replay:Multitool","Du-Vu Doll","Another Sword","Durian","Frozen Egg 2","Lantern","Ring of Greed","Ornamental Fan","Old Coin","The Courier","Red Skull","Membership Card","Nunchaku","King of Hearts","Happy Flower","Boot","CeramicFish","TungstenRod","Garlic","Strawberry","Ancient Tea Set"],"acts_visited":["Exordium","TheCity","TheBeyond"],"potions_floor_usage":[16,16,35,37,47,51],"damage_taken":[{"damage":0.0,"enemies":"2 Louse","floor":1.0,"turns":1.0},{"damage":0.0,"enemies":"Lagavulin","floor":6.0,"turns":1.0},{"damage":0.0,"enemies":"3 Sentries","floor":7.0,"turns":1.0},{"damage":0.0,"enemies":"Lagavulin","floor":8.0,"turns":1.0},{"damage":0.0,"enemies":"Gremlin Nob","floor":10.0,"turns":1.0},{"damage":0.0,"enemies":"Lagavulin","floor":12.0,"turns":1.0},{"damage":0.0,"enemies":"Gremlin Nob","floor":14.0,"turns":1.0},{"damage":0,"enemies":"The Guardian","floor":16,"turns":1},{"damage":0,"enemies":"2 Thieves","floor":18,"turns":1},{"damage":0,"enemies":"Spheric Guardian","floor":21,"turns":1},{"damage":0,"enemies":"Book of Stabbing","floor":23,"turns":1},{"damage":0,"enemies":"Gremlin Leader","floor":24,"turns":1},{"damage":0,"enemies":"Book of Stabbing","floor":25,"turns":1},{"damage":0,"enemies":"Centurion and Healer","floor":28,"turns":1},{"damage":0,"enemies":"Gremlin Leader","floor":30,"turns":1},{"damage":0,"enemies":"Replay:Snechameleon","floor":31,"turns":1},{"damage":0,"enemies":"Pondfish","floor":33,"turns":1},{"damage":7,"enemies":"3 Shapes","floor":35,"turns":1},{"damage":0,"enemies":"R_Hoarder","floor":37,"turns":1},{"damage":0,"enemies":"Reptomancer","floor":38,"turns":1},{"damage":0,"enemies":"Nemesis","floor":40,"turns":1},{"damage":0,"enemies":"R_Hoarder","floor":42,"turns":1},{"damage":0,"enemies":"3 Darklings","floor":44,"turns":1},{"damage":0,"enemies":"2 Orb Walkers","floor":46,"turns":1},{"damage":0,"enemies":"Nemesis","floor":47,"turns":1},{"damage":6,"enemies":"4 Shapes","floor":48,"turns":1},{"damage":0,"enemies":"Time Eater","floor":50,"turns":1},{"damage":0,"enemies":"Replay:Hell Engine","floor":51,"turns":1}],"seed_played":"-8512191464961052532","potions_obtained":[{"floor":5.0,"key":"Dexterity Potion"},{"floor":7.0,"key":"Toxic Potion"},{"floor":8.0,"key":"ColorlessPotion"},{"floor":12.0,"key":"SkillPotion"},{"floor":23,"key":"Regen Potion"},{"floor":28,"key":"LiquidMemories"},{"floor":35,"key":"Swift Potion"},{"floor":37,"key":"FearPotion"},{"floor":40,"key":"FearPotion"},{"floor":47,"key":"Fruit Juice"},{"floor":48,"key":"LiquidMemories"}],"is_trial":true,"path_per_floor":["M","WH","?","?","?","E","E","E","T","E","$","E","R","E","R","B",null,"M","$","?","M","?","E","E","E","T","T","M","T","E","E","R","B",null,"M","?","E","E","$","E","$","E","T","M","$","?","E","M","R","B","B",null],"character_chosen":"IRONCLAD","items_purchased":["Eternal Feather","Clash+1","Du-Vu Doll","Membership Card","Nunchaku","King of Hearts","Happy Flower","Boot","CeramicFish"],"campfire_rested":0,"item_purchase_floors":[11,19,39,45,45,45,45,45,45],"current_hp_per_floor":[68,68,68,68,44,44,44,44,44,44,44,44,53,53,62,62,72,72,72,51,51,51,51,51,51,51,51,51,51,51,51,60,60,75,82,77,77,77,77,82,82,82,82,82,82,82,96,90,99,99,99],"gold":48,"neow_bonus":"THREE_ENEMY_KILL","is_daily":false,"chose_seed":false,"campfire_upgraded":1,"win_rate":0.0,"timestamp":1614413990,"path_taken":["M","WH","?","?","?","E","E","?","T","E","$","E","R","E","R","BOSS","M","$","?","?","?","E","E","?","T","?","?","?","?","E","R","BOSS","M","?","?","?","$","E","$","E","T","?","$","?","E","M","R","BOSS","BOSS"],"items_purchased_type":["Relic","Card","Relic","Relic","Relic","Relic","Relic","Relic","Relic"],"build_version":"2020-12-22","purchased_purges":3,"victory":true,"max_hp_per_floor":[75,75,75,75,75,75,75,75,75,75,75,75,75,75,75,75,75,75,75,80,80,80,80,80,80,80,80,80,80,80,80,80,80,80,94,94,94,94,94,99,99,99,99,99,99,99,113,113,113,113,113],"card_choices":[{"not_picked":["ReplayTheSpireMod:Strike From Hell","Wireheading"],"picked":"CutThroughFate","floor":5.0},{"not_picked":["Phantasmal Killer","Brutality","Unload"],"picked":"SKIP","floor":6.0},{"not_picked":["LessonLearned","Demon Form"],"picked":"Limit Break","floor":7.0},{"not_picked":["Wish","Brilliance"],"picked":"Adrenaline","floor":8.0},{"not_picked":["Atom Bomb","Devotion","A Thousand Cuts"],"picked":"SKIP","floor":10.0},{"not_picked":["Barricade","After Image"],"picked":"Scrawl","floor":12.0},{"not_picked":["Bludgeon","Double Tap","Envenom"],"picked":"SKIP","floor":14.0},{"not_picked":["Demon Form","Juggernaut"],"picked":"Ragnarok","floor":16},{"not_picked":["Feed","Vault","Bullet Time"],"picked":"SKIP","floor":23},{"not_picked":["Replay:Bag of Tricks","Wraith Form v2","Bullet Time"],"picked":"SKIP","floor":24},{"not_picked":["Bullet Time","Envenom","Malaise"],"picked":"SKIP","floor":25},{"not_picked":["Corruption","Burst"],"picked":"Blasphemy","floor":30},{"not_picked":["Hemogenesis+1","Replay:AllIn","Replay:Many Hands"],"picked":"SKIP","floor":31},{"not_picked":["Reaper+1","After Image","Storm of Steel"],"picked":"SKIP","floor":37},{"not_picked":["Brilliance+1","Hemogenesis+1","Die Die Die+1"],"picked":"SKIP","floor":38},{"not_picked":["Night Terror","Feed+1","Juggernaut"],"picked":"SKIP","floor":40},{"not_picked":["Night Terror","Feed+1","Juggernaut"],"picked":"SKIP","floor":40},{"not_picked":["Wraith Form v2+1","Vault"],"picked":"Limit Break","floor":42},{"not_picked":["Devotion+1","Alpha","DeusExMachina"],"picked":"SKIP","floor":47}],"player_experience":87498,"relics_obtained":[{"floor":1.0,"key":"Replay:PocketPolymizer"},{"floor":4.0,"key":"ReplayTheSpireMod:Ring of Collecting"},{"floor":5.0,"key":"Iron Hammer"},{"floor":6.0,"key":"Centennial Puzzle"},{"floor":7.0,"key":"Ice Cream"},{"floor":8.0,"key":"Replay:Wax Seal"},{"floor":9.0,"key":"Torii"},{"floor":10.0,"key":"Chameleon Ring"},{"floor":12.0,"key":"Counterbalance"},{"floor":14.0,"key":"Gremlin Food"},{"floor":18,"key":"ReplayTheSpireMod:Ninjato"},{"floor":21,"key":"Replay:Bottled Steam"},{"floor":23,"key":"Replay:Rubber Ducky"},{"floor":23,"key":"ReplayTheSpireMod:Lightbulb"},{"floor":24,"key":"Gremlin Horn"},{"floor":24,"key":"Darkstone Periapt"},{"floor":25,"key":"Calipers"},{"floor":25,"key":"StoneCalendar"},{"floor":26,"key":"Ring of Searing"},{"floor":26,"key":"Replay:Mystery Machine"},{"floor":27,"key":"Omamori"},{"floor":28,"key":"Girya"},{"floor":29,"key":"White Beast Statue"},{"floor":30,"key":"Oddly Smooth Stone"},{"floor":30,"key":"Whetstone"},{"floor":31,"key":"Molten Egg 2"},{"floor":31,"key":"Quantum Egg"},{"floor":35,"key":"Mango"},{"floor":37,"key":"ReplayTheSpireMod:Spearhead"},{"floor":37,"key":"Smiling Mask"},{"floor":38,"key":"Shuriken"},{"floor":38,"key":"Replay:Multitool"},{"floor":40,"key":"Another Sword"},{"floor":40,"key":"Durian"},{"floor":42,"key":"Frozen Egg 2"},{"floor":42,"key":"Lantern"},{"floor":43,"key":"Ring of Greed"},{"floor":43,"key":"Ornamental Fan"},{"floor":43,"key":"Old Coin"},{"floor":43,"key":"The Courier"},{"floor":44,"key":"Red Skull"},{"floor":46,"key":"TungstenRod"},{"floor":47,"key":"Garlic"},{"floor":47,"key":"Strawberry"},{"floor":48,"key":"Ancient Tea Set"}],"event_choices":[{"damage_healed":0,"gold_gain":0,"player_choice":"Shed Blood","damage_taken":26,"max_hp_gain":5,"max_hp_loss":0,"event_name":"Forgotten Altar","floor":20,"gold_loss":0},{"damage_healed":0,"gold_gain":0,"player_choice":"Forge","damage_taken":0,"max_hp_gain":0,"max_hp_loss":0,"event_name":"Accursed Blacksmith","floor":22,"gold_loss":0,"cards_upgraded":["Scrawl"]},{"damage_healed":0,"gold_gain":0,"player_choice":"Bought 0 Potions","damage_taken":0,"max_hp_gain":0,"max_hp_loss":0,"event_name":"The Woman in Blue","floor":36,"gold_loss":0},{"damage_healed":0,"gold_gain":0,"player_choice":"Fight","damage_taken":0,"max_hp_gain":0,"max_hp_loss":0,"event_name":"Mysterious Sphere","floor":46,"gold_loss":0}],"is_beta":false,"boss_relics":[{"not_picked":["ChewingGum","Honey Jar"],"picked":"Black Star"},{"not_picked":["Velvet Choker","Electric Blood"],"picked":"Runic Cube"}],"items_purged_floors":[19,39,41],"is_endless":false,"potions_floor_spawned":[7,8,12,23,28,30,31,33,35,37,38,40,42,44,46,47,48],"ascension_level":20}}