{"host":"lvs2wt6hnb8ekxok","time":1614399531,"event":{"mods":["Act Like it!","Ascension Reborn","Bartender","BaseMod","BetterRewards","Card Forge","Challenge The Spire","Custom Start","Downfall","Elementarium","Friendly Minions","Gensokyo","GifTheSpireLib","Halation","Hallownest","Hubris","Infinite Spire","Library of Ruina","Library of Ruina Extra","Menagerie","Minty Spire (QoL Compilation)","Relic Filter","Relic Stats","Replay The Spire","Reworked Bosses","Ruina","SOS???????","StSLib","Stuff the Spire","The Death Knight","Wandering Minibosses"],"gold_per_floor":[182,201,217,217,232,94,119,119,28,45,58,84,69,81,93,197,197,197,213,213,213,213,245,245,263,286,296,311,311,326,300,312,410,410,410,424,424,443,443,514,514,531,545,560,589,589,602,622,640,640,640],"floor_reached":52,"language":"ENG","playtime":3524,"items_purged":["Slimebound:Strike_Slimebound+1"],"score":1037,"play_id":"517dc90d-ea9f-4e04-80d3-39e73bec7a69","local_time":"20210226201851","is_ascension_mode":false,"campfire_choices":[{"floor":18,"key":"RECALL"},{"data":"Slimebound:SelfFormingGoo","floor":35,"key":"SMITH"}],"circlet_count":0,"master_deck":["Slimebound:Tackle+1","Slimebound:Defend_Slimebound+1","Slimebound:Defend_Slimebound+1","Slimebound:Defend_Slimebound+1","Slimebound:Defend_Slimebound+1","Slimebound:Split+1","Slimebound:CorrosiveSpit+1","Slimebound:GoopSpray+1","Slimebound:GoopTackle+1","Slimebound:Dissolve+1","Slimebound:Schlurp+1","Slimebound:Darklings+1","Slimebound:SplitSpecialist+1","Slimebound:Gluttony+1","Slimebound:Prepare+1","Slimebound:SplitBruiser+1","Slimebound:LivingWall+1","Slimebound:RejuvenatingLick+1","Slimebound:FlameTackle+1","Slimebound:Teamwork+1","downfall:Icky","hexamod:Sear+1","Slimebound:DouseInSlime+1","Good Instincts+1","hubris:Fate+1","Slimebound:SpikyOuterGoop+1","Gensokyo:AllTheWorldsEvil","infinitespire:Menacing+1","Slimebound:RejuvenatingLick+1","Slimebound:AcidTongue+1","Slimebound:SplitLeeching+1","Slimebound:Nibble+1","Slimebound:MinionMaster+1","Slimebound:LeechLife+1","Slimebound:FormOfPuddle+1","Slimebound:SelfFormingGoo+1","Slimebound:DivideAndConquer+1","Slimebound:Recycling+1","Slimebound:Recycling+1","Slimebound:Recycling+1","Slimebound:Recycling+1","infinitespire:SealOfDarkness+","Slimebound:SlimeSpikes+1","Slimebound:Recycling+1","Slimebound:Overexert+1","Slimebound:WasteNot+1","Slimebound:SamplingLick+1","Slimebound:OozeBath+1","Slimebound:LeadByExample+1","Slimebound:CheckThePlaybook+1"],"relics":["Slimebound:AbsorbEndCombat","Hammer of Thor","Seething Fire","Anvil of the Gods","StuffTheSpire:Gunfinga","FossilizedHelix","ReplayTheSpireMod:SealedPack","wanderingMiniBosses:CarrionFlame","Ring of Hypnosis","ReplayTheSpireMod:Ring of Collecting","Black Star","PageOfAspirationHeart","ReplayTheSpireMod:Lightbulb","hubris:DeckOfHolding","Ring of Panic","infinitespire:Satchel","ReplayTheSpireMod:Ring of Exchange","hubris:64BitClover","MutagenicStrength","Happy Flower","Sling","hubris:BlackHole","Replay:Multitool","PageOfJudgementBird","Ring of Fangs","Pear","PageOfFairyFestival","hubris:Potato"],"acts_visited":["Exordium","TheCity","TheBeyond"],"potions_floor_usage":[33,33],"damage_taken":[{"damage":0,"enemies":"Small Slimes","floor":2,"turns":3},{"damage":0,"enemies":"Jaw Worm","floor":3,"turns":2},{"damage":3,"enemies":"Cultist","floor":5,"turns":2},{"damage":6,"enemies":"downfall:FleeingMerchant","floor":6,"turns":4},{"damage":7,"enemies":"downfall:FleeingMerchant","floor":9,"turns":7},{"damage":3,"enemies":"2 Fungi Beasts","floor":10,"turns":3},{"damage":0,"enemies":"downfall:LooterAlt","floor":11,"turns":7},{"damage":0,"enemies":"Replay:BlueRogue","floor":12,"turns":5},{"damage":0,"enemies":"downfall:FleeingMerchant","floor":13,"turns":4},{"damage":4,"enemies":"Exordium Thugs","floor":14,"turns":4},{"damage":0,"enemies":"Large Slime","floor":15,"turns":6},{"damage":0,"enemies":"WA_ARCHETYPE_RETAIN","floor":16,"turns":6},{"damage":15,"enemies":"downfall:LooterAlt2","floor":19,"turns":5},{"damage":26,"enemies":"Nightmare","floor":23,"turns":6},{"damage":0,"enemies":"3 Byrds","floor":25,"turns":3},{"damage":0,"enemies":"Centurion and Healer","floor":27,"turns":5},{"damage":0,"enemies":"Sentry and Sphere","floor":28,"turns":2},{"damage":0,"enemies":"Snake Plant","floor":30,"turns":3},{"damage":0,"enemies":"downfall:FleeingMerchant","floor":31,"turns":4},{"damage":0,"enemies":"Centurion and Healer","floor":32,"turns":3},{"damage":34,"enemies":"DF_ARCHETYPE_CLAW","floor":33,"turns":6},{"damage":0,"enemies":"3 Shapes","floor":36,"turns":3},{"damage":0,"enemies":"3 Darklings","floor":38,"turns":5},{"damage":9,"enemies":"Jaw Worm Horde","floor":42,"turns":3},{"damage":0,"enemies":"Maw","floor":43,"turns":5},{"damage":8,"enemies":"4 Shapes","floor":44,"turns":4},{"damage":7,"enemies":"Reptomancer","floor":45,"turns":4},{"damage":0,"enemies":"Spire Growth","floor":47,"turns":2},{"damage":9,"enemies":"Jaw Worm Horde","floor":48,"turns":2},{"damage":0,"enemies":"Transient","floor":49,"turns":5},{"damage":0,"enemies":"SI_POISON_ARCHETYPE","floor":50,"turns":4}],"seed_played":"-8128598860306136524","potions_obtained":[{"floor":3,"key":"PowerPotion"},{"floor":5,"key":"Regen Potion"},{"floor":12,"key":"LiquidBronze"},{"floor":36,"key":"CultistPotion"},{"floor":42,"key":"Venom Potion"}],"is_trial":false,"path_per_floor":["R","M","M","?","M","$","T","?","$","M","M","E","$","M","M","B",null,"R","M","?","?","AVR","NM","T","M","T","M","M","?","M","$","M","B",null,"R","M","AVR","M","?","R","T","M","M","M","E","$","M","M","M","B",null,null],"character_chosen":"SLIMEBOUND","items_purchased":["Slimebound:Schlurp","Slimebound:Gluttony","Happy Flower","Slimebound:MinionMaster","Slimebound:LeechLife"],"campfire_rested":0,"item_purchase_floors":[6,9,31,31,31],"current_hp_per_floor":[71,71,71,59,58,58,58,58,59,60,68,71,71,69,71,71,71,71,60,60,60,70,50,50,54,54,60,64,64,66,72,81,81,81,81,81,81,81,81,81,91,90,91,91,86,86,88,91,91,91,91],"gold":640,"neow_bonus":"TEN_PERCENT_HP_BONUS","is_daily":false,"chose_seed":false,"campfire_upgraded":1,"win_rate":0.0,"timestamp":1614399531,"path_taken":["R","M","M","?","M","$","T","?","$","M","M","E","?","M","M","BOSS","R","M","?","?","AVR","NM","T","?","?","M","M","?","M","$","M","BOSS","R","M","AVR","M","?","R","T","M","M","M","E","$","M","?","M","BOSS"],"items_purchased_type":["Card","Card","Relic","Card","Card"],"build_version":"2020-12-22","purchased_purges":1,"victory":true,"max_hp_per_floor":[71,71,71,71,71,71,71,71,71,71,71,71,71,71,71,71,71,71,71,71,71,81,81,81,81,81,81,81,81,81,81,81,81,81,81,81,81,81,81,81,91,91,91,91,91,91,91,91,91,91,91],"relic_stats":{"Happy Flower":[15],"counters":[31,125],"Black Star":2,"obtain_stats":[{"ReplayTheSpireMod:Ring of Exchange":26,"Hammer of Thor":0,"Replay:Multitool":37,"Sling":34,"hubris:BlackHole":37,"StuffTheSpire:Gunfinga":4,"Ring of Fangs":41,"PageOfFairyFestival":45,"PageOfJudgementBird":38,"hubris:DeckOfHolding":23,"Ring of Panic":24,"Pear":41,"Ring of Hypnosis":20,"Happy Flower":31,"hubris:64BitClover":26,"ReplayTheSpireMod:SealedPack":17,"Seething Fire":0,"PageOfAspirationHeart":22,"wanderingMiniBosses:CarrionFlame":19,"Anvil of the Gods":0,"ReplayTheSpireMod:Ring of Collecting":20,"MutagenicStrength":29,"infinitespire:Satchel":24,"Slimebound:AbsorbEndCombat":0,"Black Star":22,"ReplayTheSpireMod:Lightbulb":23,"FossilizedHelix":12,"hubris:Potato":45},{"ReplayTheSpireMod:Ring of Exchange":15,"Hammer of Thor":0,"Replay:Multitool":22,"Sling":21,"hubris:BlackHole":22,"StuffTheSpire:Gunfinga":2,"Ring of Fangs":23,"PageOfFairyFestival":27,"PageOfJudgementBird":23,"hubris:DeckOfHolding":14,"Ring of Panic":14,"Pear":23,"Ring of Hypnosis":13,"Happy Flower":19,"hubris:64BitClover":15,"ReplayTheSpireMod:SealedPack":12,"Seething Fire":0,"PageOfAspirationHeart":13,"wanderingMiniBosses:CarrionFlame":13,"Anvil of the Gods":0,"ReplayTheSpireMod:Ring of Collecting":13,"MutagenicStrength":17,"infinitespire:Satchel":14,"Slimebound:AbsorbEndCombat":0,"Black Star":13,"ReplayTheSpireMod:Lightbulb":14,"FossilizedHelix":8,"hubris:Potato":27},{"ReplayTheSpireMod:Ring of Exchange":66,"Hammer of Thor":0,"Replay:Multitool":92,"Sling":89,"hubris:BlackHole":92,"StuffTheSpire:Gunfinga":5,"Ring of Fangs":97,"PageOfFairyFestival":112,"PageOfJudgementBird":97,"hubris:DeckOfHolding":63,"Ring of Panic":63,"Pear":97,"Ring of Hypnosis":57,"Happy Flower":80,"hubris:64BitClover":66,"ReplayTheSpireMod:SealedPack":52,"Seething Fire":0,"PageOfAspirationHeart":57,"wanderingMiniBosses:CarrionFlame":57,"Anvil of the Gods":0,"ReplayTheSpireMod:Ring of Collecting":57,"MutagenicStrength":73,"infinitespire:Satchel":63,"Slimebound:AbsorbEndCombat":0,"Black Star":57,"ReplayTheSpireMod:Lightbulb":63,"FossilizedHelix":33,"hubris:Potato":112}]},"card_choices":[{"not_picked":["Slimebound:SlimeSpikes","Slimebound:Chomp"],"picked":"Slimebound:GoopSpray","floor":2},{"not_picked":["Slimebound:DisruptingSlam","Slimebound:ComboTackle"],"picked":"Slimebound:LeechingTouch","floor":3},{"not_picked":["Slimebound:RollThrough","Slimebound:FlameTackle"],"picked":"Slimebound:GoopTackle","floor":5},{"not_picked":["Slimebound:LeechingTouch","Slimebound:LeechEnergy"],"picked":"Slimebound:Dissolve","floor":6},{"not_picked":["Slimebound:CheckThePlaybook","Slimebound:FinishingTackle"],"picked":"Slimebound:SplitSpecialist","floor":9},{"not_picked":["Slimebound:SlimeBrawl","Slimebound:LivingWall"],"picked":"Slimebound:Prepare","floor":10},{"not_picked":["Slimebound:SplitAcid","Slimebound:HauntingLick"],"picked":"Slimebound:SplitBruiser","floor":11},{"not_picked":["Slimebound:SplitBruiser","Slimebound:PrepareCrush"],"picked":"Slimebound:LivingWall","floor":12},{"not_picked":["Slimebound:FinishingTackle","Slimebound:SlimeSpikes"],"picked":"Slimebound:RejuvenatingLick","floor":13},{"not_picked":["Slimebound:SplitBruiser","Slimebound:LeechingTouch","Slimebound:Dissolve"],"picked":"SKIP","floor":14},{"not_picked":["Slimebound:BestDefense","Slimebound:GoopTackle"],"picked":"Slimebound:FlameTackle","floor":15},{"not_picked":["Slimebound:DuplicatedForm","Slimebound:Darklings"],"picked":"Slimebound:Teamwork","floor":16},{"not_picked":["Slimebound:CorrosiveSpit","DegradedLock"],"picked":"hexamod:Sear","floor":17},{"not_picked":["Slimebound:DuplicatedForm","Slimebound:WasteNot"],"picked":"Slimebound:DouseInSlime","floor":17},{"not_picked":["Replay:Bootleg Shield Generator","Jack Of All Trades"],"picked":"Good Instincts","floor":17},{"not_picked":["ReplayTheSpireMod:Echoes of Time","infinitespire:Execution"],"picked":"hubris:Fate","floor":17},{"not_picked":["Slimebound:FinishingTackle","Slimebound:SplitAcid+1"],"picked":"Slimebound:SpikyOuterGoop","floor":19},{"not_picked":["infinitespire:Gouge","ReplayTheSpireMod:Echoes of Time"],"picked":"infinitespire:Menacing","floor":23},{"not_picked":["Slimebound:LeechingTouch","Slimebound:LivingWall"],"picked":"Slimebound:RejuvenatingLick+1","floor":23},{"not_picked":["Slimebound:LeechEnergy","Slimebound:SlimeSpikes"],"picked":"Slimebound:AcidTongue","floor":25},{"not_picked":["Slimebound:SplitBruiser","Slimebound:Darklings"],"picked":"Slimebound:SplitLeeching","floor":27},{"not_picked":["Slimebound:SplitAcid","Slimebound:SplitBruiser"],"picked":"Slimebound:Nibble+1","floor":28},{"not_picked":["Slimebound:SplitLeeching","Slimebound:Gluttony","Slimebound:FinishingTackle+1"],"picked":"SKIP","floor":30},{"not_picked":["Slimebound:Schlurp","Slimebound:LeechingTouch","Slimebound:GoopTackle"],"picked":"SKIP","floor":31},{"not_picked":["Slimebound:GrowthPunch","Slimebound:SplitBruiser"],"picked":"Slimebound:FormOfPuddle","floor":32},{"not_picked":["Slimebound:MassRepurpose","Slimebound:MassFeed"],"picked":"Slimebound:SelfFormingGoo","floor":33},{"not_picked":["Slimebound:Repurpose+1","Slimebound:Grow+1"],"picked":"Slimebound:DivideAndConquer","floor":36},{"not_picked":["Slimebound:AcidTongue","Slimebound:Schlurp+1"],"picked":"Slimebound:SlimeSpikes+1","floor":38},{"not_picked":["Slimebound:ProtectTheBoss+1","Slimebound:GoopTackle+1","Slimebound:Prepare+1"],"picked":"SKIP","floor":42},{"not_picked":["Slimebound:Prepare","Slimebound:SplitLeeching"],"picked":"Slimebound:Overexert","floor":43},{"not_picked":["Slimebound:FinishingTackle+1","Slimebound:Nibble+1","Slimebound:Prepare"],"picked":"SKIP","floor":44},{"not_picked":["Slimebound:Dissolve+1","Slimebound:Schlurp"],"picked":"Slimebound:SamplingLick+1","floor":45},{"not_picked":["Slimebound:SplitBruiser","Slimebound:Repurpose+1"],"picked":"Slimebound:OozeBath","floor":47},{"not_picked":["Slimebound:SplitSpecialist","Slimebound:HauntingLick+1"],"picked":"Slimebound:LeadByExample","floor":48},{"not_picked":["Slimebound:SamplingLick","Slimebound:SlimeSpikes"],"picked":"Slimebound:CheckThePlaybook","floor":49}],"player_experience":82029,"relics_obtained":[{"floor":12,"key":"FossilizedHelix"},{"floor":19,"key":"wanderingMiniBosses:CarrionFlame"},{"floor":20,"key":"Ring of Hypnosis"},{"floor":20,"key":"ReplayTheSpireMod:Ring of Collecting"},{"floor":23,"key":"ReplayTheSpireMod:Lightbulb"},{"floor":23,"key":"hubris:DeckOfHolding"},{"floor":24,"key":"Ring of Panic"},{"floor":24,"key":"infinitespire:Satchel"},{"floor":26,"key":"ReplayTheSpireMod:Ring of Exchange"},{"floor":26,"key":"hubris:64BitClover"},{"floor":38,"key":"PageOfJudgementBird"},{"floor":41,"key":"Ring of Fangs"},{"floor":41,"key":"Pear"},{"floor":45,"key":"PageOfFairyFestival"},{"floor":45,"key":"hubris:Potato"}],"event_choices":[{"damage_healed":0,"gold_gain":0,"player_choice":"Success","damage_taken":12,"relics_obtained":["StuffTheSpire:Gunfinga"],"max_hp_gain":0,"max_hp_loss":0,"event_name":"Scrap Ooze","floor":4,"gold_loss":0},{"damage_healed":0,"gold_gain":0,"player_choice":"Inject Mutagens","damage_taken":0,"relics_obtained":["MutagenicStrength"],"max_hp_gain":0,"max_hp_loss":0,"event_name":"Drug Dealer","floor":29,"gold_loss":0}],"is_beta":false,"boss_relics":[{"not_picked":["Pandora\u0027s Box","Honey Jar"],"picked":"ReplayTheSpireMod:SealedPack"},{"not_picked":["StuffTheSpire:BottledEssence","StuffTheSpire:RunicHypercube"],"picked":"Sling"}],"items_purged_floors":[6],"is_endless":false,"potions_floor_spawned":[3,5,12,14,16,19,23,32,36,42,43,45,49],"ascension_level":0}}