{"host":"8bdvpd24pifchqy3","time":1614458095,"event":{"mods":["AchievementEnabler","Act Like it!","BaseMod","Curses Come First","Lobotomy","Minty Spire (QoL Compilation)","Reliquary","Replay The Spire","Ruina","StSLib","The Servant 0.9.4"],"gold_per_floor":[116,136,152,169,169,196,210,228,228,228,228,254,287,305,339,357,357,459,459,477,488,504,126,126,161,179,197,248,277,277,292,302,320,320,418,418,428,440,440,440,440,530,578,578,606,606,655,105,139,149,184,199,199,199,199],"floor_reached":54,"language":"ZHT","playtime":6529,"items_purged":["Strike_S"],"score":920,"play_id":"17bfdaa0-61e0-4948-a191-58f9ba6fe875","local_time":"20210228043455","is_ascension_mode":false,"campfire_choices":[{"data":"SilverBlades","floor":17.0,"key":"SMITH"},{"data":"Revamp","floor":30.0,"key":"SMITH"},{"data":"BestPractice","floor":34.0,"key":"SMITH"},{"data":"TheWorld","floor":44.0,"key":"SMITH"},{"data":"SilverBlades","floor":46.0,"key":"SMITH"},{"floor":53,"key":"RECALL"}],"circlet_count":0,"master_deck":["Strike_S","Strike_S","Defend_S","Defend_S+1","Defend_S+1","Defend_S","KidneyShot","Exchange","Woodsman","SilverBlades+1","ShyLook","DoubleEdge","Wellcheers","Snipe","Unruled","DoubleEdge","OldLady","Ricochet","Starlight","SpecialFormula","FanOfKnives","Revamp+1","Scorched","Solidify","Defy","RealityMarble","Potential","Defy","SurpressingFire","SilverBlades+1","RedShoes","ShiftingGears","StarChef+1","Spin","BestPractice+1","WasteNot+1","TheWorld+1","Luminosity+1","TimeWarp+1","Madness","Madness","Defy","SurpressingFire+1","FanOfKnives+1","Advance","Initiator","WasteNot","SingingMachine","InstantArmor","Defy+1","Rearm","Replace+1"],"relics":["Uniform","CogitoBucket","Vajra","TreeSap","Nunchaku","War Paint","Incense Burner","BackwardClock","Philosopher\u0027s Stone","Mirror","Divine Protection","ResearcherNote","AtMidnight","reliquary:Boomerang","Toy Ornithopter","Replay:Bronze Core","StoneCalendar","Juzu Bracelet","Replay:Rubber Ducky","BargainBundle","FossilizedHelix","reliquary:ExpiredCoupon","Replay:Baseball"],"acts_visited":["Exordium","TheCity","TheBeyond"],"potions_floor_usage":[54],"damage_taken":[{"damage":0.0,"enemies":"Jaw Worm","floor":1.0,"turns":5.0},{"damage":4.0,"enemies":"Cultist","floor":2.0,"turns":4.0},{"damage":11.0,"enemies":"Small Slimes","floor":3.0,"turns":5.0},{"damage":18.0,"enemies":"Exordium Thugs","floor":4.0,"turns":7.0},{"damage":13.0,"enemies":"Gremlin Nob","floor":6.0,"turns":4.0},{"damage":26.0,"enemies":"Exordium Wildlife","floor":7.0,"turns":5.0},{"damage":13.0,"enemies":"Blue Slaver","floor":8.0,"turns":2.0},{"damage":21.0,"enemies":"Lagavulin","floor":13.0,"turns":6.0},{"damage":11.0,"enemies":"Lots of Slimes","floor":14.0,"turns":3.0},{"damage":12.0,"enemies":"Replay:BlueRogue","floor":15.0,"turns":4.0},{"damage":30.0,"enemies":"Gremlin Gang","floor":16.0,"turns":7.0},{"damage":40.0,"enemies":"Hexaghost","floor":18.0,"turns":9.0},{"damage":2.0,"enemies":"Shell Parasite","floor":20.0,"turns":2.0},{"damage":24.0,"enemies":"3 Byrds","floor":21.0,"turns":4.0},{"damage":16.0,"enemies":"Snecko","floor":22.0,"turns":3.0},{"damage":16.0,"enemies":"Gremlin Leader","floor":25.0,"turns":5.0},{"damage":159.0,"enemies":"Shelled Parasite and Fungi","floor":26.0,"turns":33.0},{"damage":3.0,"enemies":"Snake Plant","floor":27.0,"turns":4.0},{"damage":12.0,"enemies":"Replay:Snechameleon","floor":29.0,"turns":6.0},{"damage":0.0,"enemies":"Cultist and Chosen","floor":31.0,"turns":5.0},{"damage":25.0,"enemies":"3 Cultists","floor":32.0,"turns":5.0},{"damage":14.0,"enemies":"Snake Plant","floor":33.0,"turns":3.0},{"damage":23.0,"enemies":"Pondfish","floor":35.0,"turns":10.0},{"damage":21.0,"enemies":"Orb Walker","floor":37.0,"turns":4.0},{"damage":11.0,"enemies":"3 Shapes","floor":38.0,"turns":3.0},{"damage":31.0,"enemies":"2 Orb Walkers","floor":43.0,"turns":5.0},{"damage":36.0,"enemies":"Nemesis","floor":45.0,"turns":7.0},{"damage":0.0,"enemies":"Reptomancer","floor":49.0,"turns":5.0},{"damage":0.0,"enemies":"Spire Growth","floor":50.0,"turns":2.0},{"damage":0,"enemies":"Giant Head","floor":51,"turns":7},{"damage":0,"enemies":"Sphere and 2 Shapes","floor":52,"turns":4},{"damage":52,"enemies":"Time Eater","floor":54,"turns":7}],"seed_played":"-6983467152692263980","potions_obtained":[{"floor":2.0,"key":"BlessingOfTheForge"},{"floor":3.0,"key":"Swift Potion"},{"floor":6.0,"key":"Swift Potion"},{"floor":7.0,"key":"Weak Potion"},{"floor":15.0,"key":"LiquidMemories"},{"floor":18.0,"key":"GamblersBrew"},{"floor":21.0,"key":"SpeedPotion"},{"floor":25.0,"key":"Energy Potion"},{"floor":31.0,"key":"AttackPotion"},{"floor":32.0,"key":"Energy Potion"},{"floor":33.0,"key":"Strength Potion"},{"floor":45.0,"key":"Swift Potion"},{"floor":49.0,"key":"Venom Potion"},{"floor":51,"key":"DistilledChaos"},{"floor":52,"key":"Elixir"}],"is_trial":false,"path_per_floor":["M","M","M","M","?","E","M","M","PTL","PTL","T","T","E","M","E","M","R","B",null,"M","M","M","$","?","E","M","M","T","E","R","M","M","M","R","B",null,"M","M","PTL","PTL","?","?","?","R","E","R","T","$","E","M","E","M","R","B"],"character_chosen":"THE_SERVANT","items_purchased":["Mirror","Defy","SurpressingFire","BargainBundle","FossilizedHelix","Initiator","WasteNot","DuplicationPotion"],"campfire_rested":0,"item_purchase_floors":[23,23,23,48,48,48,48,48],"current_hp_per_floor":[65,65,60,54,54,47,42,38,38,38,38,38,26,53,52,51,51,28,65,65,59,49,49,49,56,40,46,46,40,40,60,56,51,51,41,65,56,65,65,65,57,41,36,36,28,28,28,28,65,65,65,65,65,18,18],"gold":199,"neow_bonus":"","is_daily":false,"chose_seed":false,"campfire_upgraded":5,"win_rate":0.0,"timestamp":1614458095,"path_taken":["M","M","M","M","?","E","?","M","PTL","PTL","T","?","E","M","E","M","R","BOSS","M","M","M","$","?","E","M","M","T","E","R","M","M","?","R","BOSS","M","?","PTL","PTL","?","?","?","R","E","R","T","$","E","M","E","M","R","BOSS"],"items_purchased_type":["Relic","Card","Card","Relic","Relic","Card","Card","Potion"],"build_version":"2020-12-22","purchased_purges":1,"victory":false,"max_hp_per_floor":[65,65,65,65,65,65,65,65,65,65,65,65,65,65,65,65,65,65,65,65,65,65,65,65,65,65,65,65,65,65,65,65,65,65,65,65,65,65,65,65,65,65,65,65,65,65,65,65,65,65,65,65,65,65,65],"card_choices":[{"not_picked":["HeroicMonk","CrumblingArmor"],"picked":"Woodsman","floor":1.0},{"not_picked":["MoonPhase","Alleviate"],"picked":"SilverBlades","floor":1.0},{"not_picked":["Murderer","Laetitia"],"picked":"ShyLook","floor":2.0},{"not_picked":["WasteNot","Alleviate"],"picked":"DoubleEdge","floor":2.0},{"not_picked":["MHz","OldLady"],"picked":"Wellcheers","floor":3.0},{"not_picked":["SilverBlades","SoulSculpture"],"picked":"Snipe","floor":3.0},{"not_picked":["Revamp","BottledTime"],"picked":"Unruled","floor":4.0},{"not_picked":["Desolation","BottledTime"],"picked":"DoubleEdge","floor":6.0},{"not_picked":["DespairKnight","Bloodbath"],"picked":"OldLady","floor":7.0},{"not_picked":["Advance","Defy"],"picked":"Ricochet","floor":7.0},{"not_picked":["Alleviate","BottledTime"],"picked":"Starlight","floor":8.0},{"not_picked":["DoubleEdge","Starlight"],"picked":"SpecialFormula","floor":13.0},{"not_picked":["Desolation","Alleviate"],"picked":"FanOfKnives","floor":14.0},{"not_picked":["Rewind","Contraction"],"picked":"Revamp","floor":15.0},{"not_picked":["Gouge","Ricochet","Revamp"],"picked":"SKIP","floor":16.0},{"not_picked":["OSAHOGD","LaLuna"],"picked":"Scorched","floor":18.0},{"not_picked":["KillingDoll","SoulSculpture"],"picked":"Solidify","floor":18.0},{"not_picked":["Replace","DoubleEdge"],"picked":"Defy","floor":20.0},{"not_picked":["ShatteredReality","Ricochet"],"picked":"RealityMarble","floor":21.0},{"not_picked":["Dilation","Unruled"],"picked":"Potential","floor":22.0},{"not_picked":["BottledTime","Rearm"],"picked":"SilverBlades","floor":25.0},{"not_picked":["MHz","LittlePrince"],"picked":"RedShoes","floor":26.0},{"not_picked":["GearUp+1","WasteNot"],"picked":"ShiftingGears","floor":26.0},{"not_picked":["Rearm","SpecialFormula"],"picked":"StarChef+1","floor":27.0},{"not_picked":["SilverBlades+1","Potential+1"],"picked":"Spin","floor":29.0},{"not_picked":["SpecialFormula","Shuttle","FastForward+1"],"picked":"SKIP","floor":31.0},{"not_picked":["Barrier","Ricochet"],"picked":"BestPractice","floor":32.0},{"not_picked":["Barrier","FastForward"],"picked":"WasteNot+1","floor":33.0},{"not_picked":["LongBird","BigBadWolf"],"picked":"Yin","floor":35.0},{"not_picked":["Deny","Solidify"],"picked":"TheWorld","floor":35.0},{"not_picked":["Gouge","TimeWarp"],"picked":"Luminosity+1","floor":37.0},{"not_picked":["Unruled","Rewind+1"],"picked":"TimeWarp+1","floor":38.0},{"not_picked":["Potential+1","DoubleEdge+1"],"picked":"Defy","floor":42.0},{"not_picked":["InstantArmor+1","Rewind"],"picked":"SurpressingFire+1","floor":42.0},{"not_picked":["Rewind","BestPractice"],"picked":"FanOfKnives+1","floor":43.0},{"not_picked":["Defy","Sabotage+1"],"picked":"Advance","floor":45.0},{"not_picked":["Scarecrow","GreedKing"],"picked":"SingingMachine","floor":49.0},{"not_picked":["Rewind","Sabotage+1"],"picked":"InstantArmor","floor":49.0},{"not_picked":["TimeWarp+1","BottledTime"],"picked":"Defy+1","floor":50.0},{"not_picked":["Unruled+1","Rewind+1"],"picked":"Rearm","floor":51},{"not_picked":["Starlight","GearUp"],"picked":"Replace+1","floor":52}],"player_experience":94306,"relics_obtained":[{"floor":6.0,"key":"Vajra"},{"floor":12.0,"key":"Nunchaku"},{"floor":13.0,"key":"War Paint"},{"floor":15.0,"key":"Incense Burner"},{"floor":25.0,"key":"Divine Protection"},{"floor":26.0,"key":"AtMidnight"},{"floor":28.0,"key":"reliquary:Boomerang"},{"floor":29.0,"key":"Toy Ornithopter"},{"floor":43.0,"key":"StoneCalendar"},{"floor":45.0,"key":"Juzu Bracelet"},{"floor":47.0,"key":"Replay:Rubber Ducky"},{"floor":49.0,"key":"reliquary:ExpiredCoupon"},{"floor":51,"key":"Replay:Baseball"}],"event_choices":[{"cards_removed":["Strike_S"],"damage_healed":0.0,"max_hp_gain":0.0,"max_hp_loss":0.0,"gold_gain":0.0,"event_name":"Purifier","player_choice":"Purged","floor":5.0,"gold_loss":0.0,"damage_taken":0.0},{"damage_healed":0.0,"max_hp_gain":0.0,"max_hp_loss":0.0,"gold_gain":0.0,"event_name":"Ghosts","player_choice":"Ignored","floor":24.0,"gold_loss":0.0,"damage_taken":0.0},{"damage_healed":0.0,"max_hp_gain":0.0,"max_hp_loss":0.0,"gold_gain":0.0,"event_name":"Winding Halls","player_choice":"Embrace Madness","floor":41.0,"gold_loss":0.0,"damage_taken":8.0,"cards_obtained":["Madness","Madness"]},{"damage_healed":0.0,"max_hp_gain":0.0,"max_hp_loss":0.0,"gold_gain":0.0,"event_name":"Mysterious Sphere","player_choice":"Fight","floor":43.0,"gold_loss":0.0,"damage_taken":0.0}],"is_beta":false,"boss_relics":[{"not_picked":["reliquary:ThirdArm","reliquary:RedPaperclip"],"picked":"Philosopher\u0027s Stone"},{"not_picked":["Ring of Chaos","Sozu"],"picked":"Replay:Bronze Core"}],"items_purged_floors":[48],"is_endless":false,"potions_floor_spawned":[2,3,6,7,8,15,18,21,25,31,32,33,45,49,51,52],"killed_by":"Time Eater","ascension_level":0}}