{"host":"4ftwfwncs88tvnc0","time":1614406226,"event":{"mods":["AchievementEnabler","Aspiration","BaseMod","Beaked The Cultist","Bestiary","Better Altar","Better Match","Better Note","Better Sensory Stone","Better Skull","Better Third Choice","Colored Map","Conspire","Downfall","GifTheSpireLib","Halation","Hubris","Infinite Spire","Mad Scientist","Mimic Mod","Minty Spire (QoL Compilation)","Replay The Spire","Shade Mod","Shop Mod","Spicy Shops","StSLib","Stuff the Spire","The Construct","The Cursed","The Disciple","The Necromancer","The Servant 0.9.4"],"gold_per_floor":[113,125,137,137,137,170,17,17,49,82,114,126,126],"floor_reached":12,"language":"ENG","playtime":507,"items_purged":[],"score":88,"play_id":"743d1150-b07e-4cd7-95c5-29e8c6624d62","local_time":"20210227061026","is_ascension_mode":false,"campfire_choices":[{"data":"Summon_Lich","floor":8,"key":"SMITH"}],"circlet_count":0,"master_deck":["Strike_W","Strike_W","Strike_W","Strike_W","Defend_W","Defend_W","Defend_W","Defend_W","Negative_Energy_Arrows","Bone_Wall","Spectral_Armor","Summon_Lich+1","Siphon_Strength","Death_March_Dance"],"relics":["Vampire_Amulet","hubris:OldNail","halation:Sosunser","Replay:Mystery Machine","MawBank"],"acts_visited":["Exordium"],"potions_floor_usage":[6],"damage_taken":[{"damage":1,"enemies":"Cultist","floor":1,"turns":4},{"damage":0,"enemies":"2 Louse","floor":2,"turns":3},{"damage":0,"enemies":"Small Slimes","floor":3,"turns":3},{"damage":32,"enemies":"Lagavulin","floor":6,"turns":9},{"damage":4,"enemies":"3 Louse","floor":9,"turns":8},{"damage":7,"enemies":"3 Sentries","floor":10,"turns":6},{"damage":6,"enemies":"3 Louse","floor":11,"turns":3},{"damage":51,"enemies":"Gremlin Nob","floor":12,"turns":6}],"seed_played":"3012720776293871041","potions_obtained":[{"floor":1,"key":"construct:ShiftPotion"},{"floor":3,"key":"Reflective Coating"},{"floor":11,"key":"Toxic Potion"}],"is_trial":false,"path_per_floor":["M","M","M","$","?","E","$","R","MIM","E","M","E"],"character_chosen":"NECROMANCER","items_purchased":["halation:Sosunser","Summon_Lich"],"campfire_rested":0,"item_purchase_floors":[7,7],"current_hp_per_floor":[82,82,82,82,82,52,52,52,50,49,49,0,0],"gold":126,"neow_bonus":"TEN_PERCENT_HP_BONUS","is_daily":false,"chose_seed":false,"campfire_upgraded":1,"win_rate":0.0,"timestamp":1614406226,"path_taken":["M","?","M","$","?","E","$","R","MIM","E","M","E"],"items_purchased_type":["Relic","Card"],"build_version":"2020-12-22","purchased_purges":0,"victory":false,"max_hp_per_floor":[82,82,82,82,82,82,82,82,82,82,82,82,82],"card_choices":[{"not_picked":["Scare","Bone_Shift","Uncharnel"],"picked":"SKIP","floor":1},{"not_picked":["Bones_to_Steel","Acid_Javelin"],"picked":"Spectral_Armor","floor":2},{"not_picked":["Negative_Energy_Mist","Toxic_Smoke_Screen","Bone_Armor"],"picked":"SKIP","floor":3},{"not_picked":["Scare","Acid_Javelin","Shackles_Of_Pain"],"picked":"SKIP","floor":6},{"not_picked":["Negative_Energy_Javelin","Spectral_Walk"],"picked":"Siphon_Strength","floor":10},{"not_picked":["Scare","Bone_Bullets"],"picked":"Death_March_Dance","floor":11}],"player_experience":134392,"relics_obtained":[{"floor":6,"key":"hubris:OldNail"},{"floor":9,"key":"Replay:Mystery Machine"},{"floor":10,"key":"MawBank"}],"event_choices":[{"damage_healed":0,"gold_gain":0,"player_choice":"Leave","damage_taken":0,"max_hp_gain":0,"max_hp_loss":0,"event_name":"conspire:Investor","floor":5,"gold_loss":0}],"is_beta":false,"boss_relics":[],"items_purged_floors":[],"is_endless":false,"potions_floor_spawned":[1,3,11],"killed_by":"Gremlin Nob","ascension_level":0}}