{"host":"j0tja808rg8hkg8v","time":1614398182,"event":{"mods":["Aspiration","BaseMod","Colored Powertips","Downfall","Energized Spire","Hermit","Infinite Spire","Ironclad Rager","Magitek Elite","Minty Spire (QoL Compilation)","Relic Stats","Replay The Spire","StSLib","The Bladedancer","The Cursed","The Disciple","The Runesmith"],"gold_per_floor":[116,134,150,166,182,182,195,195,218,235,249,189,203,218,218,394,394,429,296,324,324,28,28,56,123,123,23,23,69,94,144,144,144,144],"floor_reached":33,"language":"ENG","playtime":2583,"items_purged":["hermit:Strike_Hermit","hermit:Defend_Hermit"],"score":267,"play_id":"24ad801c-0a91-4c6a-8f88-bec40fd8e367","local_time":"20210227035622","is_ascension_mode":false,"campfire_choices":[{"floor":6,"key":"REST"},{"data":"hermit:Snipe","floor":15,"key":"SMITH"},{"data":"hermit:DeadOrAlive","floor":23,"key":"SMITH"},{"floor":32,"key":"REST"}],"circlet_count":0,"master_deck":["hermit:Strike_Hermit","hermit:Strike_Hermit","hermit:Strike_Hermit","hermit:Defend_Hermit","hermit:Defend_Hermit","hermit:Defend_Hermit","hermit:Snapshot+1","hermit:Covet","hermit:Glare","hermit:TrackingShot","hermit:FatalDesire","hermit:Manifest","hermit:Quickdraw","hermit:Snipe+1","hermit:TakeAim","hermit:Enervate+1","hermit:DeadOrAlive","hermit:DeadOrAlive+1","hermit:Grudge","hermit:CursedWeapon+1","hermit:Gestalt","hermit:HighCaliber+1","Decay","hermit:Quickdraw+1","hermit:Quickdraw"],"relics":["hermit:Momento","Centennial Puzzle","bronze:MakeshiftBattery","infinitespire:FocusingShard","Dream Catcher","infinitespire:Eraser"],"acts_visited":["Exordium","TheCity"],"potions_floor_usage":[18,31,33,33],"damage_taken":[{"damage":6,"enemies":"Cultist","floor":1,"turns":4},{"damage":0,"enemies":"Small Slimes","floor":2,"turns":3},{"damage":3,"enemies":"Jaw Worm","floor":3,"turns":3},{"damage":23,"enemies":"Gremlin Gang","floor":4,"turns":5},{"damage":0,"enemies":"Large Slime","floor":5,"turns":5},{"damage":5,"enemies":"3 Louse","floor":7,"turns":2},{"damage":3,"enemies":"Exordium Thugs","floor":10,"turns":3},{"damage":3,"enemies":"Red Slaver","floor":11,"turns":3},{"damage":0,"enemies":"Blue Slaver","floor":13,"turns":3},{"damage":0,"enemies":"3 Louse","floor":14,"turns":3},{"damage":45,"enemies":"The Guardian","floor":16,"turns":12},{"damage":10,"enemies":"Shell Parasite","floor":18,"turns":5},{"damage":7,"enemies":"2 Thieves","floor":20,"turns":3},{"damage":14,"enemies":"Chosen and Byrds","floor":24,"turns":5},{"damage":17,"enemies":"Book of Stabbing","floor":25,"turns":4},{"damage":13,"enemies":"3 Cultists","floor":29,"turns":4},{"damage":5,"enemies":"Cultist and Chosen","floor":30,"turns":5},{"damage":7,"enemies":"Chosen and Byrds","floor":31,"turns":5},{"damage":25,"enemies":"Collector","floor":33,"turns":3}],"seed_played":"-3152976910591380480","potions_obtained":[{"floor":3,"key":"Death Potion"},{"floor":4,"key":"Strength Potion"},{"floor":7,"key":"ColorlessPotion"},{"floor":13,"key":"FearPotion"},{"floor":24,"key":"PowerPotion"},{"floor":30,"key":"SkillPotion"}],"is_trial":false,"path_per_floor":["M","M","M","M","M","R","M","?","T","M","M","$","M","M","R","B",null,"M","$","M","?","$","R","M","E","T","$","?","M","M","M","R","B"],"character_chosen":"HERMIT","items_purchased":["hermit:Enervate+1","hermit:CursedWeapon+1","hermit:HighCaliber+1","infinitespire:FocusingShard"],"campfire_rested":2,"item_purchase_floors":[12,19,22,22],"current_hp_per_floor":[69,69,66,43,43,65,60,60,60,57,54,54,54,54,54,9,75,65,65,58,58,58,58,44,27,27,27,27,14,9,2,24,0,0],"gold":144,"neow_bonus":"UPGRADE_CARD","is_daily":false,"chose_seed":false,"campfire_upgraded":2,"win_rate":0.0,"timestamp":1614398182,"path_taken":["M","M","M","M","M","R","M","?","T","?","M","$","M","M","R","BOSS","M","$","M","?","?","R","?","E","T","?","?","M","M","M","R","BOSS"],"items_purchased_type":["Card","Card","Card","Relic"],"build_version":"2020-12-22","purchased_purges":2,"victory":false,"max_hp_per_floor":[75,75,75,75,75,75,75,75,75,75,75,75,75,75,75,75,75,75,75,75,75,75,75,75,75,75,75,75,75,75,75,75,75,75],"relic_stats":{"Centennial Puzzle":[33],"Dream Catcher":1,"counters":[19,80],"obtain_stats":[{"Centennial Puzzle":9,"Dream Catcher":25,"infinitespire:FocusingShard":22,"infinitespire:Eraser":26,"hermit:Momento":0,"bronze:MakeshiftBattery":17},{"Centennial Puzzle":6,"Dream Catcher":15,"infinitespire:FocusingShard":13,"infinitespire:Eraser":15,"hermit:Momento":0,"bronze:MakeshiftBattery":11},{"Centennial Puzzle":22,"Dream Catcher":63,"infinitespire:FocusingShard":54,"infinitespire:Eraser":63,"hermit:Momento":0,"bronze:MakeshiftBattery":46}]},"card_choices":[{"not_picked":["hermit:Determination","hermit:Scavenge"],"picked":"hermit:Glare","floor":1},{"not_picked":["hermit:Desperado","hermit:HighCaliber"],"picked":"hermit:TrackingShot","floor":2},{"not_picked":["hermit:Headshot","hermit:BigShot"],"picked":"hermit:FatalDesire","floor":3},{"not_picked":["hermit:WideOpen","hermit:GoldenBullet"],"picked":"hermit:Manifest","floor":4},{"not_picked":["hermit:TrackingShot","hermit:Desperado"],"picked":"hermit:Quickdraw","floor":5},{"not_picked":["hermit:Vantage","hermit:SprayPray","hermit:ItchyTrigger"],"picked":"SKIP","floor":7},{"not_picked":["hermit:TrackingShot","hermit:Desperado"],"picked":"hermit:Snipe","floor":10},{"not_picked":["hermit:SprayPray","hermit:TakeAim","hermit:HighCaliber"],"picked":"SKIP","floor":11},{"not_picked":["hermit:SprayPray","hermit:HighCaliber"],"picked":"hermit:TakeAim","floor":11},{"not_picked":["hermit:FullyLoaded","hermit:BodyArmor","hermit:Headshot"],"picked":"SKIP","floor":13},{"not_picked":["hermit:NoHoldsBarred","hermit:SprayPray"],"picked":"hermit:DeadOrAlive","floor":14},{"not_picked":["hermit:OverwhelmingPower","hermit:Roughhouse"],"picked":"hermit:DeadOrAlive","floor":16},{"not_picked":["hermit:SprayPray","hermit:LowProfile"],"picked":"hermit:Grudge","floor":18},{"not_picked":["hermit:BodyArmor","hermit:Glare","hermit:LowProfile"],"picked":"SKIP","floor":20},{"not_picked":["hermit:Midnight","hermit:LoneWolf","hermit:BigShot"],"picked":"SKIP","floor":24},{"not_picked":["hermit:DeadOrAlive","hermit:Ricochet","hermit:LowProfile"],"picked":"SKIP","floor":25},{"not_picked":["hermit:Purgatory","hermit:BigShot","hermit:CursedWeapon"],"picked":"SKIP","floor":29},{"not_picked":["hermit:Desperado","hermit:FullyLoaded","hermit:Shortfuse"],"picked":"SKIP","floor":30},{"not_picked":["hermit:LuckOfTheDraw","hermit:Feint+1"],"picked":"hermit:Quickdraw+1","floor":31},{"not_picked":["hermit:Midnight","hermit:Vantage+1"],"picked":"hermit:Quickdraw","floor":32}],"player_experience":88579,"relics_obtained":[{"floor":9,"key":"Centennial Puzzle"},{"floor":25,"key":"Dream Catcher"},{"floor":26,"key":"infinitespire:Eraser"}],"event_choices":[{"damage_healed":0,"gold_gain":0,"player_choice":"Ignored","damage_taken":0,"max_hp_gain":0,"max_hp_loss":0,"event_name":"NoteForYourself","floor":8,"gold_loss":0},{"damage_healed":0,"gold_gain":0,"player_choice":"1 cards matched","damage_taken":0,"max_hp_gain":0,"max_hp_loss":0,"event_name":"Match and Keep!","floor":21,"gold_loss":0,"cards_obtained":["hermit:Gestalt"]},{"damage_healed":0,"gold_gain":0,"player_choice":"Smashed Altar","damage_taken":0,"max_hp_gain":0,"max_hp_loss":0,"event_name":"Forgotten Altar","floor":28,"gold_loss":0,"cards_obtained":["Decay"]}],"is_beta":false,"boss_relics":[{"not_picked":["ReplayTheSpireMod:DimensionalGlitch","Coffee Dripper"],"picked":"bronze:MakeshiftBattery"}],"items_purged_floors":[19,27],"is_endless":false,"potions_floor_spawned":[3,4,7,10,13,16,24,29,30],"killed_by":"Collector","ascension_level":0}}