{"host":"99tfb11iqiu41jyj","time":1614408092,"event":{"mods":["2.2 Compatiblity","AchievementEnabler","BaseMod","Colored Powertips","Downfall","Infinite Spire","Minty Spire (QoL Compilation)","Morshu Shopkeeper - ENHANCED","Poor People Problems","Quick Restart","Reliquary","Replay The Spire","Spicy Shops","Spire Arcade","StSLib"],"gold_per_floor":[99,115,126,126,151,151,151,56,56,56,76,76,94,105,125,222,222,222,236,255,255,268,287,287,287,287,287,287,287],"floor_reached":27,"language":"ENG","playtime":2215,"items_purged":[],"score":205,"play_id":"1851935c-b599-4a02-9876-1b033511e9fe","local_time":"20210227064132","is_ascension_mode":false,"campfire_choices":[{"floor":1,"key":"DIG"},{"floor":6,"key":"RECALL"},{"data":"sneckomod:UnendingSupply","floor":9,"key":"SMITH"},{"data":"sneckomod:DiceBoulder","floor":18,"key":"SMITH"}],"circlet_count":0,"master_deck":["sneckomod:Strike","sneckomod:Strike","sneckomod:Strike","sneckomod:Defend","sneckomod:Defend","sneckomod:Defend","sneckomod:TailWhip","sneckomod:SnekBite","sneckomod:Unknown","sneckomod:MasterEye","sneckomod:SoulRoll","sneckomod:ImprovisedGuard","sneckomod:UnendingSupply+1","sneckomod:DiceBoulder+1","sneckomod:UnknownCommonSkill","sneckomod:UnknownColorless","sneckomod:UnknownCommonSkill","sneckomod:UnknownRareAttack","sneckomod:QuickMove","sneckomod:UnknownClassRED+1","sneckomod:UnknownUncommonAttack+1","sneckomod:MasterEye"],"relics":["sneckomod:SneckoSoul","reliquary:Boomerang","infinitespire:CheckeredPen","reliquary:ThirdArm","reliquary:IridiumChain","MutagenicStrength"],"acts_visited":["Exordium","TheCity"],"potions_floor_usage":[22,22,27],"damage_taken":[{"damage":9,"enemies":"Small Slimes","floor":2,"turns":3},{"damage":6,"enemies":"Jaw Worm","floor":3,"turns":2},{"damage":5,"enemies":"downfall:FleeingMerchant","floor":8,"turns":4},{"damage":1,"enemies":"2 Louse","floor":11,"turns":2},{"damage":11,"enemies":"Red Slaver","floor":13,"turns":3},{"damage":14,"enemies":"Blue Slaver","floor":14,"turns":3},{"damage":4,"enemies":"Exordium Wildlife","floor":15,"turns":4},{"damage":34,"enemies":"DF_ARCHETYPE_STREAMLINE","floor":16,"turns":6},{"damage":31,"enemies":"3 Byrds","floor":19,"turns":6},{"damage":10,"enemies":"Shell Parasite","floor":20,"turns":7},{"damage":35,"enemies":"Snecko","floor":22,"turns":6},{"damage":16,"enemies":"Centurion and Healer","floor":23,"turns":9},{"damage":21,"enemies":"Cultist and Chosen","floor":27,"turns":4}],"seed_played":"-1813658891376546944","potions_obtained":[{"floor":3,"key":"Elixir"},{"floor":11,"key":"sneckomod:MuddlingPotion"},{"floor":14,"key":"sneckomod:MuddlingPotion"},{"floor":19,"key":"hexamod:SoulburnPotion"},{"floor":25,"key":"CultistPotion"}],"is_trial":false,"path_per_floor":["R","M","M","?","T","R","T","$","R","?","M","?","M","M","M","B",null,"R","M","M","?","M","M","T","?","?","M"],"character_chosen":"THE_SNECKO","items_purchased":["sneckomod:UnendingSupply"],"campfire_rested":0,"item_purchase_floors":[8],"current_hp_per_floor":[99,90,84,84,84,84,84,79,79,79,78,78,67,53,49,15,99,99,68,58,58,23,17,17,17,17,0,0,0],"gold":287,"neow_bonus":"TEN_PERCENT_HP_BONUS","is_daily":false,"chose_seed":false,"campfire_upgraded":2,"win_rate":0.0,"timestamp":1614408092,"path_taken":["R","M","M","?","?","R","T","$","R","?","?","?","M","M","M","BOSS","R","M","M","?","M","?","T","?","?","M"],"items_purchased_type":["Card"],"build_version":"2020-12-22","purchased_purges":0,"victory":false,"max_hp_per_floor":[99,99,99,99,99,99,99,99,99,99,99,99,99,99,99,99,99,99,99,99,99,99,99,99,99,99,99,99,99],"card_choices":[{"not_picked":["sneckomod:Unknown0Cost","sneckomod:UnendingSupply"],"picked":"sneckomod:MasterEye","floor":2},{"not_picked":["sneckomod:Nope","sneckomod:UnknownX"],"picked":"sneckomod:SoulRoll","floor":3},{"not_picked":["sneckomod:UnknownClassRED","sneckomod:UnknownUncommonSkill"],"picked":"sneckomod:ImprovisedGuard","floor":8},{"not_picked":["sneckomod:TrashToTreasure","sneckomod:SoulRoll"],"picked":"sneckomod:DiceBoulder","floor":11},{"not_picked":["sneckomod:Rotation","sneckomod:UnknownUncommonPower"],"picked":"sneckomod:UnknownCommonSkill","floor":13},{"not_picked":["sneckomod:UnknownCommonSkill","sneckomod:SnakeSap"],"picked":"sneckomod:UnknownColorless","floor":14},{"not_picked":["sneckomod:SoulRoll","sneckomod:UnendingSupply"],"picked":"sneckomod:UnknownCommonSkill","floor":15},{"not_picked":["sneckomod:DangerNoodle","sneckomod:SoulExchange"],"picked":"sneckomod:UnknownRareAttack","floor":16},{"not_picked":["sneckomod:UnknownClassGREEN","sneckomod:SoulDraw"],"picked":"sneckomod:QuickMove","floor":19},{"not_picked":["sneckomod:UnknownClassPURPLE","sneckomod:UnknownClassINFINITE_BLACK"],"picked":"sneckomod:UnknownClassRED+1","floor":20},{"not_picked":["sneckomod:UnknownClassPURPLE","sneckomod:UnknownClassGREEN+1"],"picked":"sneckomod:UnknownUncommonAttack+1","floor":22},{"not_picked":["sneckomod:UnknownCommonAttack","sneckomod:DiceCrush"],"picked":"sneckomod:MasterEye","floor":23}],"player_experience":62563,"relics_obtained":[{"floor":1,"key":"reliquary:Boomerang"},{"floor":7,"key":"infinitespire:CheckeredPen"},{"floor":24,"key":"reliquary:IridiumChain"}],"event_choices":[{"cards_removed":["sneckomod:Unknown"],"damage_healed":0,"gold_gain":0,"player_choice":"Offered Basic","damage_taken":0,"max_hp_gain":0,"max_hp_loss":0,"event_name":"Bonfire Elementals","floor":10,"gold_loss":0},{"damage_healed":0,"gold_gain":0,"player_choice":"Inject Mutagens","damage_taken":0,"relics_obtained":["MutagenicStrength"],"max_hp_gain":0,"max_hp_loss":0,"event_name":"Drug Dealer","floor":26,"gold_loss":0}],"is_beta":false,"boss_relics":[{"not_picked":["reliquary:WritOfMandamus","Velvet Choker"],"picked":"reliquary:ThirdArm"}],"items_purged_floors":[],"is_endless":false,"potions_floor_spawned":[3,11,14,16,19],"killed_by":"Cultist and Chosen","ascension_level":0}}