{"host":"1buigr2wepn3ivn6","time":1614438311,"event":{"mods":["100% Spire Juice","BaseMod","Better Altar","BetterRewards","CapriCore","GifTheSpireLib","Minty Spire (QoL Compilation)","MostiFishMod","Reliquary","Replay The Spire","Spicy Shops","StSLib","TestMod","Transform Curses","【功能Mod】聪明的最终Boss","【遗物卡牌】REMEMod"],"gold_per_floor":[117,135,135,535,66,94,109,139,139,149,177,211,211,231,231,331,331,346,346,366,264,142,142,175,195,195,225,257,272,353,399,399,537,537,570,570,606,606,630,671,671,713,737,777,632,679,692,721,721,742],"floor_reached":51,"language":"ZHS","playtime":2115,"items_purged":[],"score":1204,"play_id":"d00ee803-e9b5-4a65-a4e9-66a390efeeb4","local_time":"20210227230511","daily_mods":["SealedDeck","Vintage","Heirloom","DeadlyEvents","Elite Swarm"],"is_ascension_mode":false,"campfire_choices":[{"floor":15,"key":"DIG"},{"data":"Moonworks:IndiscriminateFireSupport","floor":23,"key":"SMITH"},{"data":"Moonworks:Encore","floor":32,"key":"SMITH"},{"data":"Moonworks:MetallicMonocoque","floor":41,"key":"SMITH"},{"data":"Moonworks:CrystalBarrier","floor":49,"key":"SMITH"}],"circlet_count":0,"master_deck":["Moonworks:MiracleRedBeanIceCream","Moonworks:ScrambledEve","Moonworks:EvilSpyWorkPreparation+1","Moonworks:CloudOfSeagulls","Moonworks:CloudOfSeagulls","Moonworks:SweetBattle","Moonworks:IndiscriminateFireSupport+1","Moonworks:CloudOfSeagulls","Moonworks:LuckyCharm+1","testmod-AssimilatedRune","Moonworks:AnotherUltimateWeapon","Moonworks:WeAreWaruda","Moonworks:EvilMastermind","Moonworks:Wanted","Moonworks:PlushieMaster","Moonworks:MeltingMemories","Moonworks:StarBlastingFuse","Moonworks:Encore+1","Moonworks:RocketCannon","Moonworks:HolyNight","Moonworks:MetallicMonocoque+1","Moonworks:SinkOrSwim","Moonworks:CrystalBarrier+1","Moonworks:WeAreWaruda"],"relics":["Moonworks:SBBomb","Moonworks:Homemark","testmod-TestBox","REME_ComplimentaryCards","testmod-CasingShield","RhineCircuit","testmod-Alchemist","ReplayTheSpireMod:Lightbulb","SynthV:TestCard","reliquary:Vitrine","Mercury Hourglass","Omamori","Durian","Replay:Accelerometer","testmod-ArcanaOfDestiny","Strawberry","reliquary:PurpleTingedLeaf","reliquary:Firecrackers","Akabeko","Orichalcum","testmod-Maize","RhineFirstAidKit","Ancient Tea Set","Necronomicon","reliquary:RosewoodLute","testmod-RainbowHikingShoes","testmod-Hope","Snack Pack","Blue Candle","reliquary:Knoch","Sundial","Oddly Smooth Stone","REME_ArchaeologicalTools","reliquary:PartyBalloon","Garlic","Darkstone Periapt","reliquary:QuartzCube","ReplayTheSpireMod:Ring of Collecting","Ring of Fury","Quantum Egg","reliquary:OuijaBoard","testmod-TurbochargingSystem","PreservedInsect","Boot","REME_PuzzleBoxRelic","testmod-CyclicPeriapt","ReplayTheSpireMod:TigerMarble"],"acts_visited":["Exordium","TheCity","TheBeyond"],"potions_floor_usage":[11,18,25,27,28,30,33,35,39,40,44,48],"damage_taken":[{"damage":0,"enemies":"2 Louse","floor":1,"turns":1},{"damage":15,"enemies":"Jaw Worm","floor":2,"turns":2},{"damage":6,"enemies":"Cultist","floor":5,"turns":2},{"damage":11,"enemies":"3 Sentries","floor":6,"turns":2},{"damage":2,"enemies":"Exordium Thugs","floor":7,"turns":1},{"damage":0,"enemies":"Gremlin Nob","floor":8,"turns":3},{"damage":0,"enemies":"2 Fungi Beasts","floor":10,"turns":2},{"damage":20,"enemies":"Lagavulin","floor":11,"turns":4},{"damage":4,"enemies":"Replay:BlueRogue","floor":12,"turns":3},{"damage":14,"enemies":"Looter","floor":14,"turns":3},{"damage":0,"enemies":"Slime Boss","floor":16,"turns":2},{"damage":2,"enemies":"Spheric Guardian","floor":18,"turns":2},{"damage":0,"enemies":"Shell Parasite","floor":20,"turns":1},{"damage":2,"enemies":"Cultist and Chosen","floor":21,"turns":5},{"damage":2,"enemies":"REME_1_Revenger","floor":24,"turns":2},{"damage":0,"enemies":"Snecko","floor":25,"turns":4},{"damage":6,"enemies":"Replay:Snechameleon","floor":27,"turns":3},{"damage":1,"enemies":"Slavers","floor":28,"turns":4},{"damage":6,"enemies":"Shelled Parasite and Fungi","floor":29,"turns":3},{"damage":0,"enemies":"Gremlin Leader","floor":30,"turns":1},{"damage":0,"enemies":"Chosen and Byrds","floor":31,"turns":2},{"damage":4,"enemies":"Automaton","floor":33,"turns":3},{"damage":0,"enemies":"3 Darklings","floor":35,"turns":2},{"damage":6,"enemies":"Orb Walker","floor":37,"turns":2},{"damage":4,"enemies":"3 Darklings","floor":39,"turns":3},{"damage":0,"enemies":"Nemesis","floor":40,"turns":3},{"damage":0,"enemies":"R_Hoarder","floor":42,"turns":2},{"damage":2,"enemies":"Giant Head","floor":44,"turns":2},{"damage":0,"enemies":"R_Hoarder","floor":46,"turns":3},{"damage":0,"enemies":"Spire Growth","floor":47,"turns":1},{"damage":0,"enemies":"Jaw Worm Horde","floor":48,"turns":3},{"damage":31,"enemies":"Awakened One","floor":50,"turns":5}],"seed_played":"3044994798193749572","potions_obtained":[{"floor":6,"key":"FearPotion"},{"floor":7,"key":"Fruit Juice"},{"floor":10,"key":"Regen Potion"},{"floor":16,"key":"Dexterity Potion"},{"floor":20,"key":"testmod-SpacePotion"},{"floor":24,"key":"LiquidBronze"},{"floor":25,"key":"testmod-SpacePotion"},{"floor":27,"key":"Regen Potion"},{"floor":29,"key":"Dexterity Potion"},{"floor":30,"key":"PowerPotion"},{"floor":37,"key":"Dexterity Potion"},{"floor":39,"key":"LiquidMemories"},{"floor":42,"key":"LiquidBronze"},{"floor":47,"key":"SpeedPotion"}],"is_trial":true,"path_per_floor":["M","M","?","?","M","E","M","E","T","M","E","E","T","M","R","B",null,"M","?","M","M","$","R","E","M","T","E","E","M","E","M","R","B",null,"M","?","M","?","M","E","R","E","T","E","$","E","M","M","R","B",null],"character_chosen":"THE_STARBREAKER","items_purchased":["testmod-Hope","REME_PuzzleBoxRelic"],"campfire_rested":0,"item_purchase_floors":[22,45],"current_hp_per_floor":[60,45,33,33,32,26,29,39,39,53,55,62,62,59,59,64,102,105,89,94,98,98,98,102,108,108,115,122,127,132,132,132,137,137,142,142,147,147,148,157,157,162,162,167,167,172,172,177,177,168],"gold":742,"neow_bonus":"","is_daily":false,"chose_seed":false,"campfire_upgraded":4,"win_rate":0.0,"timestamp":1614438311,"path_taken":["M","M","?","?","M","E","M","E","T","?","?","E","?","M","R","BOSS","M","?","?","M","$","R","E","M","T","?","E","?","E","M","R","BOSS","M","?","M","?","M","E","R","E","T","E","?","E","?","M","R","BOSS"],"items_purchased_type":["Relic","Relic"],"build_version":"2020-12-22","purchased_purges":0,"victory":true,"max_hp_per_floor":[60,60,60,60,60,60,65,70,70,82,87,92,92,97,97,102,102,107,107,112,112,112,112,112,112,112,117,122,127,132,132,132,137,137,142,142,147,147,152,157,157,162,162,167,167,172,172,177,177,182],"card_choices":[{"not_picked":["Moonworks:GoAway","Moonworks:EvilMastermind","Moonworks:HolyNight","Moonworks:SinkOrSwim"],"picked":"Moonworks:AnotherUltimateWeapon","floor":6},{"not_picked":["Moonworks:PlushieMaster","Moonworks:GoAway","Moonworks:RocketCannon","Moonworks:OutOfAmmo"],"picked":"Moonworks:WeAreWaruda","floor":8},{"not_picked":["Moonworks:ReflectiveShell","Moonworks:MeltingMemories","Moonworks:Blazing","Moonworks:RocketCannon"],"picked":"Moonworks:EvilMastermind","floor":11},{"not_picked":["Moonworks:OutOfAmmo","Moonworks:AnotherUltimateWeapon","Moonworks:MetallicMonocoque","Moonworks:ReflectiveShell"],"picked":"Moonworks:Wanted","floor":12},{"not_picked":["Moonworks:GoAway","Moonworks:ReflectiveShell","Moonworks:AnotherUltimateWeapon","Moonworks:HolyNight"],"picked":"Moonworks:PlushieMaster","floor":16},{"not_picked":["Moonworks:ReflectiveShell","Moonworks:EvilMastermind","Moonworks:GoAway","Moonworks:Blazing"],"picked":"Moonworks:MeltingMemories","floor":24},{"not_picked":["Moonworks:Blazing","Moonworks:Gamble","Moonworks:Wanted","Moonworks:RocketCannon"],"picked":"Moonworks:StarBlastingFuse","floor":27},{"not_picked":["Moonworks:Wanted","Moonworks:MeltingMemories","Moonworks:OutOfAmmo","Moonworks:FinalBattle"],"picked":"Moonworks:Encore","floor":28},{"not_picked":["Moonworks:Gamble","Moonworks:HolyNight","Moonworks:Accelerator","Moonworks:OutOfAmmo"],"picked":"Moonworks:RocketCannon","floor":30},{"not_picked":["Moonworks:RocketCannon","Moonworks:ReflectiveShell","Moonworks:MeltingMemories","Moonworks:AccelHyper"],"picked":"Moonworks:HolyNight","floor":33},{"not_picked":["Moonworks:EvilMastermind","Moonworks:Blazing","Moonworks:SubspaceTunnel","Moonworks:AccelHyper"],"picked":"Moonworks:MetallicMonocoque","floor":40},{"not_picked":["Moonworks:GoAway","Moonworks:MeltingMemories","Moonworks:AccelHyper","Moonworks:Gamble"],"picked":"Moonworks:SinkOrSwim","floor":42},{"not_picked":["Moonworks:RocketCannon","Moonworks:MetallicMonocoque","Moonworks:MeltingMemories","Moonworks:AccelHyper"],"picked":"Moonworks:CrystalBarrier","floor":44},{"not_picked":["Moonworks:AnotherUltimateWeapon","Moonworks:PlushieMaster","Moonworks:Wanted","Moonworks:Gamble"],"picked":"Moonworks:WeAreWaruda","floor":46}],"player_experience":190737,"relics_obtained":[{"floor":1,"key":"ReplayTheSpireMod:Lightbulb"},{"floor":1,"key":"SynthV:TestCard"},{"floor":2,"key":"reliquary:Vitrine"},{"floor":5,"key":"Mercury Hourglass"},{"floor":6,"key":"Omamori"},{"floor":7,"key":"Durian"},{"floor":8,"key":"Replay:Accelerometer"},{"floor":9,"key":"testmod-ArcanaOfDestiny"},{"floor":10,"key":"Strawberry"},{"floor":11,"key":"reliquary:PurpleTingedLeaf"},{"floor":12,"key":"reliquary:Firecrackers"},{"floor":13,"key":"Akabeko"},{"floor":14,"key":"Orichalcum"},{"floor":15,"key":"testmod-Maize"},{"floor":18,"key":"Ancient Tea Set"},{"floor":19,"key":"Necronomicon"},{"floor":20,"key":"reliquary:RosewoodLute"},{"floor":21,"key":"testmod-RainbowHikingShoes"},{"floor":24,"key":"Snack Pack"},{"floor":25,"key":"Blue Candle"},{"floor":26,"key":"reliquary:Knoch"},{"floor":27,"key":"Sundial"},{"floor":28,"key":"Oddly Smooth Stone"},{"floor":29,"key":"REME_ArchaeologicalTools"},{"floor":30,"key":"reliquary:PartyBalloon"},{"floor":31,"key":"Garlic"},{"floor":35,"key":"Darkstone Periapt"},{"floor":37,"key":"reliquary:QuartzCube"},{"floor":38,"key":"ReplayTheSpireMod:Ring of Collecting"},{"floor":38,"key":"Ring of Fury"},{"floor":39,"key":"Quantum Egg"},{"floor":40,"key":"reliquary:OuijaBoard"},{"floor":42,"key":"testmod-TurbochargingSystem"},{"floor":43,"key":"PreservedInsect"},{"floor":44,"key":"Boot"},{"floor":46,"key":"testmod-CyclicPeriapt"},{"floor":47,"key":"ReplayTheSpireMod:TigerMarble"}],"event_choices":[{"damage_healed":0,"gold_gain":0,"player_choice":"Entered Light","damage_taken":12,"max_hp_gain":0,"max_hp_loss":0,"event_name":"Shining Light","floor":3,"gold_loss":0,"cards_upgraded":["Moonworks:EvilSpyWorkPreparation","Moonworks:LuckyCharm"]},{"damage_healed":0,"gold_gain":400,"player_choice":"Sell","damage_taken":0,"max_hp_gain":0,"max_hp_loss":0,"event_name":"恩洛斯的盘子","floor":4,"relics_lost":["DaveBox"],"gold_loss":0},{"damage_healed":0,"gold_gain":0,"player_choice":"Obtained Book","damage_taken":16,"max_hp_gain":0,"max_hp_loss":0,"event_name":"Cursed Tome","floor":19,"gold_loss":0},{"damage_healed":0,"gold_gain":0,"player_choice":"Ignored","damage_taken":0,"max_hp_gain":0,"max_hp_loss":0,"event_name":"Tomb of Lord Red Mask","floor":36,"gold_loss":0}],"is_beta":false,"boss_relics":[{"not_picked":["GreenFoldingFan","ReplayTheSpireMod:DimensionalGlitch"],"picked":"RhineFirstAidKit"},{"not_picked":["Velvet Choker","SacredBark"],"picked":"Moonworks:SBBomb"}],"items_purged_floors":[],"is_endless":false,"potions_floor_spawned":[6,7,10,16,20,24,25,27,29,30,37,39,42,47],"ascension_level":0}}