{"host":"649x15fmap4sa1sx","time":1614453402,"event":{"mods":["2.2 Compatiblity","AchievementEnabler","BaseMod","BetterRewards","Colored Map","Conspire","Downfall","Hubris","Infinite Spire","Minty Spire (QoL Compilation)","Permanent Neow","Reliquary","Replay The Spire","Shop Mod","StSLib","The IronCluck"],"gold_per_floor":[116,116,291,305,255,255,268,287,287,317,328,66,80,95,95,190,190,200,200,200,280,280,307,307,307,307,307,6,19,19,33,33,133,133,153,153,153,153],"floor_reached":37,"language":"ENG","playtime":1719,"items_purged":["Strike_P","hubris:Gluttony","Strike_P"],"score":387,"play_id":"780c874d-a8a4-439a-b19b-523daed2bbd5","local_time":"20210227131642","is_ascension_mode":false,"campfire_choices":[{"data":"Eruption","floor":6,"key":"SMITH"},{"data":"Replay:ManipulateFuture","floor":15,"key":"SMITH"},{"floor":24,"key":"REST"},{"floor":27,"key":"REST"},{"data":"infinitespire:FutureSight","floor":32,"key":"SMITH"}],"circlet_count":0,"master_deck":["Strike_P","Strike_P","Defend_P","Defend_P","Defend_P","Eruption+1","Vigilance","FlurryOfBlows","CarveReality+1","Replay:BluntJabs","Replay:ManipulateFuture+1","Conclude","CutThroughFate","EmptyMind","LessonLearned","infinitespire:Starlight","hubris:Rewind","infinitespire:FutureSight+1","Adaptation","Crescendo","Crescendo","Sanctity","conspire:Banana+1","Pray","Establishment+1"],"relics":["PureWater","CaptainsWheel","Centennial Puzzle","Bag of Preparation","The Courier","reliquary:BallBearing","Black Star","conspire:BottledYoYo","White Beast Statue","MealTicket","TheAbacus","hubris:Backtick","Unceasing Top","reliquary:IvoryTrinket","Mercury Hourglass","reliquary:KinkedSpring"],"acts_visited":["Exordium","TheCity","TheBeyond"],"potions_floor_usage":[8,8,16,23,31,31,33,33,35],"damage_taken":[{"damage":3,"enemies":"Jaw Worm","floor":1,"turns":3},{"damage":1,"enemies":"2 Louse","floor":4,"turns":3},{"damage":0,"enemies":"Small Slimes","floor":7,"turns":2},{"damage":0,"enemies":"Exordium Wildlife","floor":8,"turns":1},{"damage":10,"enemies":"Gremlin Nob","floor":10,"turns":3},{"damage":2,"enemies":"Looter","floor":11,"turns":2},{"damage":7,"enemies":"Blue Slaver","floor":13,"turns":2},{"damage":0,"enemies":"3 Louse","floor":14,"turns":1},{"damage":37,"enemies":"Hexaghost","floor":16,"turns":5},{"damage":5,"enemies":"Shell Parasite","floor":18,"turns":4},{"damage":23,"enemies":"conspire:SneckoGhost","floor":23,"turns":6},{"damage":0,"enemies":"Spheric Guardian","floor":29,"turns":1},{"damage":0,"enemies":"Snecko","floor":31,"turns":2},{"damage":64,"enemies":"conspire:MysteriousRune","floor":33,"turns":6},{"damage":15,"enemies":"Orb Walker","floor":35,"turns":2},{"damage":0,"enemies":"3 Shapes","floor":37,"turns":1}],"seed_played":"-6340954863597552216","potions_obtained":[{"floor":1,"key":"FearPotion"},{"floor":7,"key":"SteroidPotion"},{"floor":13,"key":"CultistPotion"},{"floor":14,"key":"Explosive Potion"},{"floor":21,"key":"DuplicationPotion"},{"floor":21,"key":"StancePotion"},{"floor":29,"key":"LiquidBronze"},{"floor":31,"key":"LiquidMemories"},{"floor":33,"key":"Adrenaline Potion"},{"floor":35,"key":"ColorlessPotion"}],"is_trial":false,"path_per_floor":["M","?","?","M","?","R","M","M","T","E","M","$","M","M","R","B",null,"M","?","?","?","?","E","R","AVR","T","R","$","M","T","M","R","B",null,"M","?","M"],"character_chosen":"WATCHER","items_purchased":["reliquary:BallBearing","Adaptation","Crescendo","Sanctity","conspire:Banana"],"campfire_rested":2,"item_purchase_floors":[12,28,28,28,28],"current_hp_per_floor":[62,62,62,61,61,61,61,61,61,51,49,49,42,42,42,5,65,60,60,49,49,49,26,47,47,47,68,70,70,70,71,71,18,72,57,57,57,57],"gold":153,"neow_bonus":"ONE_RARE_RELIC","is_daily":false,"chose_seed":false,"campfire_upgraded":3,"win_rate":0.0,"timestamp":1614453402,"path_taken":["M","?","?","M","?","R","?","M","T","E","M","$","M","M","R","BOSS","M","?","?","?","?","E","R","AVR","T","R","$","M","?","M","R","BOSS","M","?","M"],"items_purchased_type":["Relic","Card","Card","Card","Card"],"build_version":"2020-12-22","purchased_purges":3,"victory":false,"max_hp_per_floor":[65,65,65,65,65,65,65,65,65,65,65,65,65,65,65,65,65,65,65,70,70,70,70,70,70,70,70,70,70,70,71,71,72,72,72,72,72,72],"card_choices":[{"not_picked":["ForeignInfluence","Study"],"picked":"FlurryOfBlows","floor":1},{"not_picked":["Replay:BluntJabs","Replay:AtTheReady"],"picked":"CarveReality","floor":4},{"not_picked":["Weave","Adaptation"],"picked":"Replay:BluntJabs","floor":7},{"not_picked":["JustLucky","Halt"],"picked":"Replay:ManipulateFuture","floor":8},{"not_picked":["Consecrate","DevaForm"],"picked":"Conclude","floor":10},{"not_picked":["FearNoEvil","Evaluate","Replay:ManipulateFuture"],"picked":"SKIP","floor":11},{"not_picked":["ThirdEye","Nirvana"],"picked":"CutThroughFate","floor":13},{"not_picked":["Crescendo","Prostrate"],"picked":"EmptyMind","floor":14},{"not_picked":["Scrawl","Wish"],"picked":"LessonLearned","floor":16},{"not_picked":["Wireheading","WindmillStrike","Consecrate"],"picked":"SKIP","floor":18},{"not_picked":["CrushJoints","FlurryOfBlows","Replay:AtTheReady+1"],"picked":"SKIP","floor":23},{"not_picked":["SashWhip+1","Prostrate"],"picked":"Pray","floor":29},{"not_picked":["Nirvana","ClearTheMind","Crescendo"],"picked":"SKIP","floor":31},{"not_picked":["Wish","MasterReality"],"picked":"Establishment","floor":33},{"not_picked":["InnerPeace","Tantrum","WaveOfTheHand+1"],"picked":"SKIP","floor":35}],"player_experience":235198,"relics_obtained":[{"floor":2,"key":"Centennial Puzzle"},{"floor":9,"key":"Bag of Preparation"},{"floor":10,"key":"The Courier"},{"floor":23,"key":"White Beast Statue"},{"floor":23,"key":"MealTicket"},{"floor":26,"key":"reliquary:IvoryTrinket"},{"floor":30,"key":"Mercury Hourglass"}],"event_choices":[{"damage_healed":0,"gold_gain":175,"player_choice":"AGREE","damage_taken":0,"max_hp_gain":0,"max_hp_loss":0,"event_name":"Liars Game","floor":3,"gold_loss":0,"cards_obtained":["Doubt"]},{"cards_removed":["Doubt"],"damage_healed":0,"gold_gain":0,"player_choice":"Card Removal","damage_taken":0,"max_hp_gain":0,"max_hp_loss":0,"event_name":"The Cleric","floor":5,"gold_loss":50},{"damage_healed":0,"gold_gain":0,"player_choice":"Shed Blood","damage_taken":16,"max_hp_gain":5,"max_hp_loss":0,"event_name":"Forgotten Altar","floor":20,"gold_loss":0},{"cards_removed":["Defend_P"],"damage_healed":0,"gold_gain":0,"player_choice":"Offered Basic","damage_taken":0,"max_hp_gain":0,"max_hp_loss":0,"event_name":"Bonfire Elementals","floor":36,"gold_loss":0}],"is_beta":false,"boss_relics":[{"not_picked":["Calling Bell","Velvet Choker"],"picked":"Black Star"},{"not_picked":["hubris:HollowSoul","reliquary:Ember"],"picked":"reliquary:KinkedSpring"}],"items_purged_floors":[12,25,28],"is_endless":false,"potions_floor_spawned":[1,7,13,14,29,31,33,35],"killed_by":"3 Shapes","ascension_level":0}}