{"host":"g40mznrtwxqyj1ow","time":1614392101,"event":{"mods":["BaseMod","BetterRewards","Colored Map","Conspire","Hermit","Highlight Path","Hubris","Marisa????????","Minty Spire (QoL Compilation)","Replay The Spire","Robot Space Explorer","Shop Mod","StSLib","The Bug Knight","The Construct","The Cursed","The Jungle","The Marked","The Mystic","The Necromancer","The Servant 0.9.4","[IsaacMod]????"],"gold_per_floor":[110,40,90,90,116,144,186,186,186,237,272,272,117,139,139,255,255,303,338,488,532,578,578,635,667,667,727,782,794,883,933,945,1089,1101,1171,1183,1195,1249,1287,1299,1401,1459,1471,1530,1611,1623,1696,1786,1798,1862,1874,1886,949,1041,1093],"floor_reached":56,"language":"ENG","playtime":3154,"items_purged":["Strike_G","Strike_G"],"score":1554,"play_id":"855b7b5a-35ec-47d7-baa7-6ac00a1f535d","local_time":"20210227031501","is_ascension_mode":false,"campfire_choices":[{"data":"Glass Knife","floor":12,"key":"SMITH"},{"data":"ReplayTheSpireMod:Trickstab","floor":15,"key":"SMITH"},{"data":"Cloak And Dagger","floor":23,"key":"SMITH"},{"data":"conspire:PoisonWeapons","floor":32,"key":"SMITH"},{"floor":40,"key":"RECALL"},{"data":"Footwork","floor":52,"key":"SMITH"}],"circlet_count":0,"master_deck":["Strike_G","Strike_G","Strike_G","Defend_G","Defend_G","Defend_G","Defend_G","Defend_G","Survivor","Neutralize","EpicFetus+1","conspire:PoisonWeapons+1","Dash","ReplayTheSpireMod:Trickstab+1","Footwork","Footwork+1","Glass Knife+1","Well Laid Plans","Blade Dance","Corpse Explosion","conspire:DoublingDagger+1","Cloak And Dagger+1","Blade Dance","Bane+1","Blade Dance+1","Cloak And Dagger+1","Backstab","Backflip","Escape Plan+1","Catalyst","Backstab","Venomology"],"relics":["Ring of the Snake","HushsDoor","Leech","Replay:Bandana","BookofShadows","TheBible","Chaos","FossilizedHelix","Shuriken","conspire:BottledYoYo","DeathBook","Singing Bowl","GnawedLeaf","MawBank","Membership Card","MagicMushroom","Painkiller Herb","Toolbox","Bottled Tornado","NineVolt","Magic Flower","construct:FoamFinger","Ring of Chaos","ReplayTheSpireMod:Lightbulb"],"acts_visited":["Exordium","Exordium","TheBeyond","TheEnding"],"potions_floor_usage":[10,16,21,50,50,54,55,55,55,55,55],"damage_taken":[{"damage":6,"enemies":"Cultist","floor":1,"turns":4},{"damage":24,"enemies":"Hiden Room Battle","floor":3,"turns":5},{"damage":1,"enemies":"2 Louse","floor":5,"turns":3},{"damage":0,"enemies":"Jaw Worm","floor":6,"turns":3},{"damage":0,"enemies":"Lagavulin","floor":7,"turns":5},{"damage":0,"enemies":"Gremlin Nob","floor":10,"turns":2},{"damage":9,"enemies":"Gremlin Gang","floor":11,"turns":5},{"damage":0,"enemies":"Looter","floor":14,"turns":3},{"damage":0,"enemies":"Slime Boss","floor":16,"turns":5},{"damage":20,"enemies":"theJungle:Flameango_and_Byrd","floor":18,"turns":4},{"damage":0,"enemies":"theJungle:GiantWrat","floor":19,"turns":4},{"damage":4,"enemies":"theJungle:2_Flameangoes","floor":21,"turns":2},{"damage":0,"enemies":"theJungle:SlimyTreeVines","floor":22,"turns":3},{"damage":0,"enemies":"theJungle:Cassacara","floor":24,"turns":4},{"damage":18,"enemies":"theJungle:JungleHuntersEncounter","floor":25,"turns":4},{"damage":6,"enemies":"theJungle:2_Phrogs","floor":27,"turns":4},{"damage":0,"enemies":"theJungle:Snecko_Cultist_And_Trap","floor":28,"turns":6},{"damage":0,"enemies":"theJungle:MamaSnecko","floor":30,"turns":4},{"damage":0,"enemies":"theJungle:2_Snecko_Cultists","floor":31,"turns":3},{"damage":7,"enemies":"theJungle:TotemBoss","floor":33,"turns":5},{"damage":0,"enemies":"3 Darklings","floor":35,"turns":2},{"damage":0,"enemies":"Orb Walker","floor":38,"turns":1},{"damage":0,"enemies":"Mind Bloom Boss Battle","floor":41,"turns":3},{"damage":0,"enemies":"Jaw Worm Horde","floor":42,"turns":2},{"damage":0,"enemies":"4 Shapes","floor":44,"turns":1},{"damage":0,"enemies":"Reptomancer","floor":45,"turns":2},{"damage":21,"enemies":"Nemesis","floor":47,"turns":3},{"damage":0,"enemies":"Maw","floor":48,"turns":3},{"damage":0,"enemies":"Donu and Deca","floor":50,"turns":4},{"damage":0,"enemies":"Shield and Spear","floor":54,"turns":3},{"damage":11,"enemies":"The Heart","floor":55,"turns":5}],"seed_played":"-4294090380203013622","potions_obtained":[{"floor":1,"key":"Elixir"},{"floor":5,"key":"CunningPotion"},{"floor":10,"key":"Energy Potion"},{"floor":11,"key":"BlessingOfTheForge"},{"floor":19,"key":"Ancient Potion"},{"floor":21,"key":"SpeedPotion"},{"floor":27,"key":"Adrenaline Potion"},{"floor":33,"key":"Adrenaline Potion"}],"is_trial":false,"path_per_floor":["M","$","?","?","M","M","E","?","T","E","M","R","$","M","R","B",null,"M","M","?","M","M","R","E","M","T","E","M","$","E","M","R","B",null,"M","?","?","M","T","T","?","?","T","?","E","T","E","?","R_BF","B",null,"T","T","E","B",null],"character_chosen":"THE_SILENT","items_purchased":["conspire:PoisonWeapons","Well Laid Plans","conspire:BottledYoYo","DeathBook","Magic Flower","construct:FoamFinger","Ring of Chaos","Catalyst","Adrenaline Potion","Swift Potion","Backstab"],"campfire_rested":0,"item_purchase_floors":[2,13,17,17,53,53,53,53,53,53,53],"current_hp_per_floor":[73,73,54,54,56,59,63,63,63,65,61,61,61,63,63,68,59,41,45,45,42,47,47,53,38,38,36,44,44,47,51,51,50,74,76,76,76,76,76,76,76,76,76,78,80,80,60,65,82,82,82,82,82,82,73],"gold":1093,"neow_bonus":"TEN_PERCENT_HP_BONUS","is_daily":false,"chose_seed":false,"campfire_upgraded":5,"win_rate":0.0,"timestamp":1614392101,"path_taken":["M","$","?","?","M","?","E","?","T","E","M","R","$","M","R","BOSS","M","M","?","?","M","R","E","M","T","E","M","?","E","M","R","BOSS","M","?","?","M","?","T","?","?","T","?","E","?","E","?","R_BF","BOSS","T","T","E","BOSS"],"items_purchased_type":["Card","Card","Relic","Relic","Relic","Relic","Relic","Card","Potion","Potion","Card"],"build_version":"2020-12-22","purchased_purges":2,"victory":true,"max_hp_per_floor":[77,77,77,77,77,77,77,77,77,77,77,77,77,77,77,77,59,59,59,59,59,59,59,61,61,61,61,63,63,63,65,65,67,74,76,76,76,76,76,76,76,76,76,78,80,80,80,82,82,82,82,82,82,82,82],"card_choices":[{"not_picked":[],"picked":"EpicFetus","floor":0},{"not_picked":["Slice","Acrobatics","conspire:DoublingDagger"],"picked":"SKIP","floor":1},{"not_picked":["Atom Bomb","Prepared"],"picked":"Dash","floor":3},{"not_picked":["Slice","Dodge and Roll","Prepared"],"picked":"SKIP","floor":5},{"not_picked":["Deadly Poison","Heel Hook"],"picked":"Footwork","floor":6},{"not_picked":["Poisoned Stab","Crippling Poison"],"picked":"Footwork","floor":7},{"not_picked":["hubris:SlightOfHand","Accuracy"],"picked":"Glass Knife","floor":10},{"not_picked":["conspire:DoublingDagger","Riddle With Holes","Acrobatics"],"picked":"SKIP","floor":11},{"not_picked":["Quick Slash","Deflect"],"picked":"Blade Dance","floor":14},{"not_picked":["Atom Bomb","Die Die Die"],"picked":"Corpse Explosion","floor":16},{"not_picked":["Sucker Punch","conspire:DoublingDagger","Riddle With Holes"],"picked":"SKIP","floor":18},{"not_picked":["Expertise","Deflect","Sucker Punch"],"picked":"SKIP","floor":19},{"not_picked":["hubris:SlightOfHand","Finisher"],"picked":"conspire:DoublingDagger+1","floor":21},{"not_picked":["Wraith Form v2","Sucker Punch"],"picked":"Cloak And Dagger","floor":22},{"not_picked":["Dagger Spray","Acrobatics","hubris:TrickCloak+1"],"picked":"Singing Bowl","floor":24},{"not_picked":["Tactician","Fluid Movement"],"picked":"Blade Dance","floor":25},{"not_picked":["Slice","Glass Knife"],"picked":"Bane","floor":27},{"not_picked":["Dagger Throw","Sneak Up","Choke"],"picked":"Singing Bowl","floor":28},{"not_picked":["Poison Darts","Dagger Spray"],"picked":"Blade Dance+1","floor":30},{"not_picked":["Hidden Blade","Dagger Spray+1","Sucker Punch"],"picked":"Singing Bowl","floor":31},{"not_picked":["Grand Finale","Glass Knife","Replay:Bag of Tricks"],"picked":"Singing Bowl","floor":33},{"not_picked":["PiercingWail+1","Quick Slash+1","ReplayTheSpireMod:Tripwire+1"],"picked":"Singing Bowl","floor":35},{"not_picked":["Quick Slash","Poisoned Stab+1"],"picked":"Cloak And Dagger+1","floor":38},{"not_picked":["Skewer","hubris:Sniper"],"picked":"Backstab","floor":41},{"not_picked":["Bane+1","Setup"],"picked":"Backflip","floor":42},{"not_picked":["Footwork","Poisoned Stab","Dagger Spray"],"picked":"Singing Bowl","floor":44},{"not_picked":["Wraith Form v2","Acrobatics","Tactician"],"picked":"Singing Bowl","floor":45},{"not_picked":["Outmaneuver+1","Choke+1"],"picked":"Escape Plan+1","floor":47},{"not_picked":["Draining Mist","Quick Slash","Poisoned Stab+1"],"picked":"Singing Bowl","floor":48},{"not_picked":["Distraction+1","PiercingWail+1"],"picked":"Venomology","floor":54}],"player_experience":552513,"relics_obtained":[{"floor":3,"key":"Replay:Bandana"},{"floor":3,"key":"BookofShadows"},{"floor":7,"key":"TheBible"},{"floor":9,"key":"Chaos"},{"floor":10,"key":"FossilizedHelix"},{"floor":24,"key":"Singing Bowl"},{"floor":26,"key":"GnawedLeaf"},{"floor":27,"key":"MawBank"},{"floor":30,"key":"Membership Card"},{"floor":39,"key":"Painkiller Herb"},{"floor":41,"key":"Toolbox"},{"floor":46,"key":"Bottled Tornado"},{"floor":47,"key":"NineVolt"},{"floor":54,"key":"ReplayTheSpireMod:Lightbulb"}],"event_choices":[{"damage_healed":0,"gold_gain":0,"player_choice":"Fight","damage_taken":0,"max_hp_gain":0,"max_hp_loss":0,"event_name":"HidenRoomEvent","floor":3,"gold_loss":0},{"damage_healed":0,"gold_gain":0,"player_choice":"1 cards matched","damage_taken":0,"max_hp_gain":0,"max_hp_loss":0,"event_name":"Match and Keep!","floor":4,"gold_loss":0,"cards_obtained":["ReplayTheSpireMod:Trickstab"]},{"damage_healed":0,"gold_gain":0,"player_choice":"Leave","damage_taken":0,"max_hp_gain":0,"max_hp_loss":0,"event_name":"conspire:Investor","floor":8,"gold_loss":0},{"damage_healed":0,"gold_gain":0,"player_choice":"Ignored","damage_taken":0,"max_hp_gain":0,"max_hp_loss":0,"event_name":"Tomb of Lord Red Mask","floor":36,"gold_loss":0},{"damage_healed":0,"gold_gain":0,"player_choice":"Fight","damage_taken":0,"max_hp_gain":0,"max_hp_loss":0,"event_name":"MindBloom","floor":41,"gold_loss":0}],"is_beta":false,"boss_relics":[{"not_picked":["Snecko Scales","hubris:Reverence"],"picked":"Shuriken"},{"not_picked":[]},{"not_picked":["Tingsha","Mirror"],"picked":"MagicMushroom"},{"not_picked":[]}],"items_purged_floors":[13,53],"is_endless":false,"potions_floor_spawned":[1,5,10,11,19,21,27,31,33,41,44,48],"ascension_level":0}}