{"host":"q35qhqzpa98fnu6z","time":1614395209,"event":{"mods":["AchievementEnabler","BaseMod","Bestiary","Minty Spire (QoL Compilation)","Quick Restart","Rare Cards Sparkle","Relic Stats"],"gold_per_floor":[109,59,72,98,117,117,159,159,159,182,182,207,243,34,34,143,143,164,164,187,2,29,29,29],"floor_reached":23,"language":"ENG","playtime":1003,"items_purged":["Strike_B"],"score":261,"play_id":"b44686d9-4879-4d33-9f01-d505a0755711","local_time":"20210226210649","is_ascension_mode":true,"campfire_choices":[{"data":"Hologram","floor":6,"key":"SMITH"},{"floor":8,"key":"REST"},{"data":"Dualcast","floor":11,"key":"SMITH"},{"floor":15,"key":"REST"}],"circlet_count":0,"master_deck":["Strike_B","Strike_B","Defend_B","Defend_B","Defend_B","Defend_B","Zap","Dualcast+1","Consume","Gash","Hologram+1","Go for the Eyes","Gash","FTL","Streamline","Auto Shields","Biased Cognition","Core Surge","Coolheaded+1","Barrage+1","Gash"],"relics":["Cracked Core","NeowsBlessing","Ancient Tea Set","CeramicFish","Pear","Akabeko","Inserter","Membership Card"],"acts_visited":["Exordium","TheCity"],"potions_floor_usage":[7,7,13,16,22],"damage_taken":[{"damage":0,"enemies":"Small Slimes","floor":1,"turns":1},{"damage":0,"enemies":"Jaw Worm","floor":3,"turns":1},{"damage":0,"enemies":"Cultist","floor":5,"turns":1},{"damage":40,"enemies":"3 Sentries","floor":7,"turns":7},{"damage":8,"enemies":"Blue Slaver","floor":10,"turns":3},{"damage":5,"enemies":"3 Louse","floor":12,"turns":3},{"damage":15,"enemies":"Lagavulin","floor":13,"turns":5},{"damage":23,"enemies":"The Guardian","floor":16,"turns":10},{"damage":7,"enemies":"Chosen","floor":18,"turns":4},{"damage":24,"enemies":"Spheric Guardian","floor":20,"turns":4},{"damage":5,"enemies":"Snecko","floor":22,"turns":5},{"damage":39,"enemies":"Gremlin Leader","floor":23,"turns":5}],"seed_played":"-8150151214042824766","potions_obtained":[{"floor":3,"key":"Swift Potion"},{"floor":5,"key":"DuplicationPotion"},{"floor":7,"key":"Fire Potion"},{"floor":12,"key":"Ancient Potion"},{"floor":20,"key":"LiquidMemories"}],"is_trial":false,"path_per_floor":["M","?","M","T","M","R","E","R","T","M","R","M","E","$","R","B",null,"M","?","M","$","M","E"],"character_chosen":"DEFECT","items_purchased":["Auto Shields","Biased Cognition","Membership Card"],"campfire_rested":2,"item_purchase_floors":[14,14,21],"current_hp_per_floor":[68,68,68,68,68,68,28,50,60,52,52,47,32,32,57,34,72,65,65,41,41,36,0,0],"gold":29,"neow_bonus":"THREE_ENEMY_KILL","is_daily":false,"chose_seed":false,"campfire_upgraded":2,"win_rate":0.0,"timestamp":1614395209,"path_taken":["M","?","M","?","M","R","E","R","T","?","R","M","E","$","R","BOSS","M","?","M","$","M","E"],"items_purchased_type":["Card","Card","Relic"],"build_version":"2020-12-22","purchased_purges":1,"victory":false,"max_hp_per_floor":[75,75,75,75,75,75,75,75,85,85,85,85,85,85,85,85,85,85,85,85,85,85,85,85],"relic_stats":{"Inserter":[9],"counters":[12,49],"CeramicFish":90,"obtain_stats":[{"Pear":9,"Inserter":17,"NeowsBlessing":0,"CeramicFish":7,"Membership Card":21,"Cracked Core":0,"Ancient Tea Set":4,"Akabeko":13},{"Pear":4,"Inserter":8,"NeowsBlessing":0,"CeramicFish":4,"Membership Card":10,"Cracked Core":0,"Ancient Tea Set":2,"Akabeko":7},{"Pear":10,"Inserter":31,"NeowsBlessing":0,"CeramicFish":10,"Membership Card":39,"Cracked Core":0,"Ancient Tea Set":2,"Akabeko":21}]},"card_choices":[{"not_picked":["Coolheaded","Hello World"],"picked":"Consume","floor":1},{"not_picked":["Barrage","Coolheaded"],"picked":"Gash","floor":3},{"not_picked":["Steam Power","Hello World"],"picked":"Hologram","floor":5},{"not_picked":["Hello World","Blizzard"],"picked":"Go for the Eyes","floor":7},{"not_picked":["Steam","Auto Shields"],"picked":"Gash","floor":10},{"not_picked":["Barrage","Stack"],"picked":"FTL","floor":12},{"not_picked":["Chill","Hologram"],"picked":"Streamline","floor":13},{"not_picked":["Rainbow","Echo Form"],"picked":"Core Surge","floor":16},{"not_picked":["Recycle","Beam Cell"],"picked":"Coolheaded+1","floor":18},{"not_picked":["Auto Shields","BootSequence"],"picked":"Barrage+1","floor":20},{"not_picked":["Beam Cell","Redo"],"picked":"Gash","floor":22}],"player_experience":232123,"relics_obtained":[{"floor":4,"key":"Ancient Tea Set"},{"floor":7,"key":"CeramicFish"},{"floor":9,"key":"Pear"},{"floor":13,"key":"Akabeko"}],"event_choices":[{"cards_removed":["Strike_B"],"damage_healed":0,"gold_gain":0,"player_choice":"Card Removal","damage_taken":0,"max_hp_gain":0,"max_hp_loss":0,"event_name":"The Cleric","floor":2,"gold_loss":50},{"damage_healed":0,"gold_gain":0,"player_choice":"Ignored","damage_taken":0,"max_hp_gain":0,"max_hp_loss":0,"event_name":"Ghosts","floor":19,"gold_loss":0}],"is_beta":false,"boss_relics":[{"not_picked":["Nuclear Battery","Snecko Eye"],"picked":"Inserter"}],"items_purged_floors":[21],"is_endless":false,"potions_floor_spawned":[3,5,7,12,20],"killed_by":"Gremlin Leader","ascension_level":6}}