{"host":"742iv5syyyu8a2dy","time":1614432990,"event":{"mods":["BaseMod","Bestiary","Block Reminder","Colored Powertips","Downfall","Minty Spire (QoL Compilation)","Practice Mode","Quick Restart","Relic Stats","StSLib"],"gold_per_floor":[114,389,195,270,220,247,247,247,247,282,301,313,313,343,343,343,343],"floor_reached":16,"language":"ENG","playtime":618,"items_purged":["Regret"],"score":183,"play_id":"cc5649ae-0f8e-40c1-8933-c109d1fbf64f","local_time":"20210227083630","is_ascension_mode":true,"campfire_choices":[{"data":"Nirvana","floor":8,"key":"SMITH"},{"floor":15,"key":"REST"}],"circlet_count":0,"master_deck":["Strike_P","Strike_P","Strike_P","Strike_P","Defend_P","Defend_P+1","Defend_P+1","Eruption","Vigilance","WindmillStrike","DeceiveReality","Nirvana+1","Study","Regret","EmptyMind","FlyingSleeves","SandsOfTime","SandsOfTime"],"relics":["PureWater","NeowsBlessing","Dead Branch","Tiny Chest","Pear","War Paint","Dream Catcher","Toy Ornithopter"],"acts_visited":["Exordium"],"potions_floor_usage":[14],"damage_taken":[{"damage":0.0,"enemies":"Small Slimes","floor":1.0,"turns":1.0},{"damage":0,"enemies":"3 Sentries","floor":6,"turns":1},{"damage":0,"enemies":"Gremlin Nob","floor":10,"turns":1},{"damage":9,"enemies":"Cultist","floor":11,"turns":3},{"damage":8,"enemies":"Jaw Worm","floor":12,"turns":3},{"damage":18,"enemies":"3 Sentries","floor":14,"turns":8},{"damage":61,"enemies":"Hexaghost","floor":16,"turns":10}],"seed_played":"-989680854171646525","potions_obtained":[{"floor":1.0,"key":"StancePotion"},{"floor":12,"key":"Fire Potion"}],"is_trial":false,"path_per_floor":["M","?","$","?","?","E","?","R","T","E","M","M","?","E","R","B"],"character_chosen":"WATCHER","items_purchased":["DeceiveReality","Nirvana"],"campfire_rested":1,"item_purchase_floors":[3,3],"current_hp_per_floor":[72,72,72,61,61,61,61,61,71,71,62,54,54,36,60,0,0],"gold":343,"neow_bonus":"THREE_ENEMY_KILL","is_daily":false,"chose_seed":false,"campfire_upgraded":1,"win_rate":0.0,"timestamp":1614432990,"path_taken":["M","?","?","?","?","E","?","R","T","E","M","M","?","E","R","BOSS"],"items_purchased_type":["Card","Card"],"build_version":"2020-12-22","purchased_purges":1,"victory":false,"max_hp_per_floor":[72,72,72,72,72,72,72,72,82,82,82,82,82,82,82,82,82],"relic_stats":{"Dream Catcher":1,"counters":[7,27],"Dead Branch":[23],"Tiny Chest":0,"War Paint":["Defend_P","Defend_P"],"obtain_stats":[{"Dream Catcher":13,"Pear":9,"NeowsBlessing":0,"Dead Branch":6,"Tiny Chest":7,"PureWater":0,"War Paint":10,"Toy Ornithopter":14},{"Dream Catcher":5,"Pear":2,"NeowsBlessing":0,"Dead Branch":2,"Tiny Chest":2,"PureWater":0,"War Paint":3,"Toy Ornithopter":6},{"Dream Catcher":9,"Pear":2,"NeowsBlessing":0,"Dead Branch":2,"Tiny Chest":2,"PureWater":0,"War Paint":3,"Toy Ornithopter":17}],"Toy Ornithopter":0},"card_choices":[{"not_picked":["ForeignInfluence","Study"],"picked":"WindmillStrike","floor":1.0},{"not_picked":["SashWhip","WindmillStrike"],"picked":"Study","floor":6},{"not_picked":["ClearTheMind","BowlingBash","FlurryOfBlows"],"picked":"SKIP","floor":10},{"not_picked":["EmptyBody","Halt"],"picked":"EmptyMind","floor":11},{"not_picked":["Wallop","InnerPeace"],"picked":"FlyingSleeves","floor":12},{"not_picked":["SashWhip","ClearTheMind"],"picked":"SandsOfTime","floor":14},{"not_picked":["FlurryOfBlows","WindmillStrike"],"picked":"SandsOfTime","floor":15}],"player_experience":269462,"relics_obtained":[{"floor":6,"key":"Dead Branch"},{"floor":9,"key":"Pear"},{"floor":10,"key":"War Paint"},{"floor":14,"key":"Toy Ornithopter"}],"event_choices":[{"damage_healed":0.0,"max_hp_gain":0.0,"max_hp_loss":0.0,"gold_gain":275.0,"event_name":"Golden Shrine","player_choice":"Desecrate","floor":2.0,"gold_loss":0.0,"damage_taken":0.0,"cards_obtained":["Regret"]},{"damage_healed":0,"gold_gain":75,"player_choice":"Gather Gold","damage_taken":11,"max_hp_gain":0,"max_hp_loss":0,"event_name":"World of Goop","floor":4,"gold_loss":0},{"cards_removed":["Defend_P"],"damage_healed":0,"gold_gain":0,"player_choice":"Card Removal","damage_taken":0,"max_hp_gain":0,"max_hp_loss":0,"event_name":"The Cleric","floor":5,"gold_loss":50},{"damage_healed":0,"gold_gain":0,"player_choice":"Box","damage_taken":0,"relics_obtained":["Tiny Chest"],"max_hp_gain":0,"max_hp_loss":0,"event_name":"Big Fish","floor":7,"gold_loss":0,"cards_obtained":["Regret"]},{"damage_healed":0,"gold_gain":0,"player_choice":"Gave Potion","damage_taken":0,"relics_obtained":["Dream Catcher"],"max_hp_gain":0,"max_hp_loss":0,"event_name":"WeMeetAgain","floor":13,"gold_loss":0}],"is_beta":false,"boss_relics":[],"items_purged_floors":[3],"is_endless":false,"potions_floor_spawned":[1,12],"killed_by":"Hexaghost","ascension_level":2}}