{"host":"d52brwsy6af8zvaq","time":1614394007,"event":{"mods":["AchievementEnabler","BaseMod","Bestiary","Highlight Path","Minty Spire (QoL Compilation)","Quick Restart","Relic Stats","ojb\u0027s Better Paths Mod"],"gold_per_floor":[114,114,88,106,86,86,116,116,140,150,115,125,125,156,156,228,228,242,157,167,56,56,56,56],"floor_reached":23,"language":"ENG","playtime":1012,"items_purged":[],"score":619,"play_id":"e0a95888-9205-4bc8-b0a7-7c4a7e31f3c0","local_time":"20210226194647","is_ascension_mode":true,"campfire_choices":[{"data":"Sweeping Beam","floor":6,"key":"SMITH"},{"floor":8,"key":"REST"},{"floor":15,"key":"REST"}],"circlet_count":0,"master_deck":["AscendersBane","Strike_B","Defend_B","Defend_B","Defend_B","Defend_B","Zap+1","Dualcast","Reboot","Sweeping Beam+1","Gash","Gash","Cold Snap","Genetic Algorithm","Cold Snap","Gash","Electrodynamics","Gash","Gash+1","Defragment","Hologram","Chill"],"relics":["Cracked Core","MealTicket","Centennial Puzzle","Singing Bowl","Empty Cage","Strawberry"],"acts_visited":["Exordium","TheCity"],"potions_floor_usage":[7,23],"damage_taken":[{"damage":4,"enemies":"Small Slimes","floor":1,"turns":3},{"damage":2,"enemies":"Jaw Worm","floor":4,"turns":3},{"damage":42,"enemies":"Gremlin Nob","floor":7,"turns":5},{"damage":0,"enemies":"Cultist","floor":10,"turns":2},{"damage":7,"enemies":"Blue Slaver","floor":12,"turns":2},{"damage":20,"enemies":"3 Sentries","floor":14,"turns":8},{"damage":28,"enemies":"The Guardian","floor":16,"turns":13},{"damage":30,"enemies":"Shell Parasite","floor":18,"turns":7},{"damage":22,"enemies":"3 Byrds","floor":20,"turns":3},{"damage":33,"enemies":"Book of Stabbing","floor":23,"turns":4}],"seed_played":"-8684347293656222225","potions_obtained":[{"floor":1,"key":"CultistPotion"},{"floor":4,"key":"FearPotion"},{"floor":5,"key":"ColorlessPotion"},{"floor":12,"key":"SteroidPotion"}],"is_trial":false,"path_per_floor":["M","?","$","M","?","R","E","R","T","M","?","M","?","E","R","B",null,"M","?","M","$","?","E"],"character_chosen":"DEFECT","items_purchased":["Gash","Defragment","Hologram"],"campfire_rested":2,"item_purchase_floors":[3,21,21],"current_hp_per_floor":[60,60,60,58,58,58,16,37,37,37,54,47,47,27,48,20,58,28,35,13,28,28,0,0],"gold":56,"neow_bonus":"ONE_RANDOM_RARE_CARD","is_daily":false,"chose_seed":false,"campfire_upgraded":1,"win_rate":0.0,"timestamp":1614394007,"path_taken":["M","?","$","M","?","R","E","R","T","?","?","M","?","E","R","BOSS","M","?","M","$","?","E"],"items_purchased_type":["Card","Card","Card"],"build_version":"2020-12-22","purchased_purges":0,"victory":false,"max_hp_per_floor":[71,71,71,71,71,71,71,71,71,71,71,71,71,71,71,71,71,71,78,78,78,78,78,78],"relic_stats":{"Centennial Puzzle":[18],"Singing Bowl":0,"counters":[10,50],"MealTicket":15,"obtain_stats":[{"Centennial Puzzle":9,"Singing Bowl":14,"Strawberry":19,"MealTicket":7,"Cracked Core":0,"Empty Cage":17},{"Centennial Puzzle":3,"Singing Bowl":6,"Strawberry":8,"MealTicket":3,"Cracked Core":0,"Empty Cage":7},{"Centennial Puzzle":11,"Singing Bowl":23,"Strawberry":43,"MealTicket":11,"Cracked Core":0,"Empty Cage":36}]},"card_choices":[{"not_picked":["Loop","Rebound"],"picked":"Sweeping Beam","floor":1},{"not_picked":["Leap","Auto Shields"],"picked":"Gash","floor":4},{"not_picked":["Barrage","Double Energy"],"picked":"Cold Snap","floor":7},{"not_picked":["Barrage","BootSequence"],"picked":"Genetic Algorithm","floor":10},{"not_picked":["Double Energy","Genetic Algorithm"],"picked":"Cold Snap","floor":12},{"not_picked":["Genetic Algorithm","Compile Driver"],"picked":"Gash","floor":14},{"not_picked":["Reboot","Meteor Strike"],"picked":"Electrodynamics","floor":16},{"not_picked":["Conserve Battery","Auto Shields"],"picked":"Gash","floor":18},{"not_picked":["Glacier","Storm+1"],"picked":"Gash+1","floor":20}],"player_experience":2392966,"relics_obtained":[{"floor":7,"key":"MealTicket"},{"floor":9,"key":"Centennial Puzzle"},{"floor":14,"key":"Singing Bowl"}],"event_choices":[{"damage_healed":0,"gold_gain":0,"player_choice":"Grow","damage_taken":0,"max_hp_gain":0,"max_hp_loss":0,"event_name":"Living Wall","floor":2,"gold_loss":0,"cards_upgraded":["Zap"]},{"damage_healed":0,"gold_gain":0,"player_choice":"Bought 1 Potion","damage_taken":0,"max_hp_gain":0,"max_hp_loss":0,"event_name":"The Woman in Blue","floor":5,"gold_loss":0},{"damage_healed":17,"gold_gain":0,"player_choice":"Healed","damage_taken":0,"max_hp_gain":0,"max_hp_loss":0,"event_name":"The Cleric","floor":11,"gold_loss":35},{"damage_healed":0,"gold_gain":0,"player_choice":"Ignored","damage_taken":0,"max_hp_gain":0,"max_hp_loss":0,"event_name":"Liars Game","floor":13,"gold_loss":0},{"damage_healed":0,"gold_gain":0,"player_choice":"Obtained Relic","damage_taken":0,"relics_obtained":["Strawberry"],"max_hp_gain":0,"max_hp_loss":0,"event_name":"Addict","floor":19,"gold_loss":85},{"damage_healed":0,"gold_gain":0,"cards_transformed":["Strike_B"],"player_choice":"Transformed","damage_taken":0,"max_hp_gain":0,"max_hp_loss":0,"event_name":"Transmorgrifier","floor":22,"gold_loss":0,"cards_obtained":["Chill"]}],"is_beta":false,"boss_relics":[{"not_picked":["SacredBark","Ectoplasm"],"picked":"Empty Cage"}],"items_purged_floors":[],"is_endless":false,"potions_floor_spawned":[1,4,12],"killed_by":"Book of Stabbing","ascension_level":20}}