{"host":"sav7uxregyirlf69","time":1614445863,"event":{"mods":["AchievementEnabler","BaseMod","Colored Map","DeckTracker","Keyboard Shortcuts","Minty Spire (QoL Compilation)","READ ME - Guardian Mod","StSLib","SuperFastMode"],"gold_per_floor":[115,115,115,57,57,91,91,135,135,171,190,190,209,252,252,346,409,432,448,448,111,129,129,154,195,275,318,60,83,119,139,139,139,139],"floor_reached":33,"language":"KOR","playtime":593,"items_purged":["Strike_G","Strike_G"],"score":816,"play_id":"b8d6f460-23d7-4cc6-ba72-2843c5fcd8bf","local_time":"20210228021103","is_ascension_mode":true,"campfire_choices":[{"data":"Blade Dance","floor":7.0,"key":"SMITH"},{"data":"Finisher","floor":12.0,"key":"SMITH"},{"data":"Terror","floor":15.0,"key":"SMITH"},{"data":"Well Laid Plans","floor":23.0,"key":"SMITH"},{"floor":32,"key":"REST"}],"circlet_count":0,"master_deck":["AscendersBane","Strike_G+1","Strike_G","Strike_G","Defend_G","Defend_G","Defend_G","Defend_G+1","Defend_G","Survivor","Neutralize+1","Poisoned Stab+1","Blade Dance+1","Finisher+1","Blade Dance","Terror+1","Adrenaline","Blur","Flash of Steel","Well Laid Plans+1","Cloak And Dagger+1","Burst+1","Night Terror+1"],"relics":["Ring of the Snake","NeowsBlessing","Golden Idol","Pen Nib","MealTicket","Ninja Scroll","Dream Catcher","Pear","Tiny House","Medical Kit","Toxic Egg 2","Whetstone","InkBottle"],"acts_visited":["TheCity"],"potions_floor_usage":[25,27,30,33],"damage_taken":[{"damage":0.0,"enemies":"Cultist","floor":1.0,"turns":1.0},{"damage":0.0,"enemies":"Gremlin Nob","floor":6.0,"turns":1.0},{"damage":0.0,"enemies":"3 Sentries","floor":8.0,"turns":1.0},{"damage":17.0,"enemies":"Lagavulin","floor":10.0,"turns":5.0},{"damage":0.0,"enemies":"2 Louse","floor":11.0,"turns":2.0},{"damage":0.0,"enemies":"Small Slimes","floor":13.0,"turns":1.0},{"damage":0.0,"enemies":"Gremlin Nob","floor":14.0,"turns":1.0},{"damage":49.0,"enemies":"Hexaghost","floor":16.0,"turns":8.0},{"damage":0.0,"enemies":"Shell Parasite","floor":18.0,"turns":1.0},{"damage":5.0,"enemies":"Chosen","floor":19.0,"turns":4.0},{"damage":0.0,"enemies":"Centurion and Healer","floor":22.0,"turns":4.0},{"damage":0.0,"enemies":"Cultist and Chosen","floor":24.0,"turns":2.0},{"damage":2,"enemies":"Book of Stabbing","floor":25,"turns":3},{"damage":45,"enemies":"Slavers","floor":27,"turns":6},{"damage":13,"enemies":"Chosen and Byrds","floor":29,"turns":4},{"damage":25,"enemies":"Book of Stabbing","floor":30,"turns":4},{"damage":0,"enemies":"Centurion and Healer","floor":31,"turns":4},{"damage":48,"enemies":"Collector","floor":33,"turns":3}],"seed_played":"6618283301643838127","potions_obtained":[{"floor":8.0,"key":"Explosive Potion"},{"floor":11.0,"key":"Poison Potion"},{"floor":16.0,"key":"Poison Potion"},{"floor":17.0,"key":"CultistPotion"},{"floor":18.0,"key":"PowerPotion"},{"floor":25,"key":"ColorlessPotion"},{"floor":30,"key":"AttackPotion"}],"is_trial":false,"path_per_floor":["M","$","?","$","?","E","R","E","T","E","M","R","M","E","R","B",null,"M","M","?","$","M","R","M","E","T","E","$","M","E","M","R","B"],"character_chosen":"THE_SILENT","items_purchased":["Blade Dance","Flash of Steel","Medical Kit","Burst+1"],"campfire_rested":1,"item_purchase_floors":[4,21,21,28],"current_hp_per_floor":[59,59,59,59,64,64,64,64,64,47,47,47,47,57,57,8,63,63,58,58,73,73,73,73,71,71,26,41,28,3,3,27,0,0],"gold":139,"neow_bonus":"THREE_ENEMY_KILL","is_daily":false,"chose_seed":false,"campfire_upgraded":4,"win_rate":0.0,"timestamp":1614445863,"path_taken":["M","$","?","$","?","E","R","E","T","E","M","R","M","E","R","BOSS","M","M","?","$","M","R","M","E","T","E","$","M","E","M","R","BOSS"],"items_purchased_type":["Card","Card","Relic","Card"],"build_version":"2020-12-22","purchased_purges":2,"victory":false,"max_hp_per_floor":[66,66,60,60,65,65,65,65,65,65,65,65,65,75,75,75,80,80,80,80,80,80,80,80,80,80,80,80,80,80,80,80,80,80],"card_choices":[{"not_picked":["Endless Agony","Deadly Poison"],"picked":"Poisoned Stab","floor":1.0},{"not_picked":["Predator","Blade Dance"],"picked":"Finisher","floor":6.0},{"not_picked":["Crippling Poison","Calculated Gamble","Eviscerate"],"picked":"SKIP","floor":8.0},{"not_picked":["Dagger Throw","Dagger Spray"],"picked":"Blade Dance","floor":10.0},{"not_picked":["Finisher","Deflect","Cloak And Dagger"],"picked":"SKIP","floor":11.0},{"not_picked":["Underhanded Strike","Slice"],"picked":"Terror","floor":13.0},{"not_picked":["Backstab","Slice","Die Die Die"],"picked":"SKIP","floor":14.0},{"not_picked":["Bullet Time","Tools of the Trade"],"picked":"Adrenaline","floor":16.0},{"not_picked":["Flying Knee","Bane"],"picked":"Blur","floor":17.0},{"not_picked":["Catalyst","Predator+1","Sucker Punch"],"picked":"SKIP","floor":18.0},{"not_picked":["All Out Attack","Distraction","Dagger Throw"],"picked":"SKIP","floor":19.0},{"not_picked":["Tactician","All Out Attack+1"],"picked":"Well Laid Plans","floor":22.0},{"not_picked":["Caltrops","Expertise","Blade Dance"],"picked":"SKIP","floor":24.0},{"not_picked":["Quick Slash","Slice","Eviscerate"],"picked":"SKIP","floor":25},{"not_picked":["Blur+1","Slice"],"picked":"Cloak And Dagger+1","floor":27},{"not_picked":["Distraction+1","Endless Agony","Quick Slash"],"picked":"SKIP","floor":29},{"not_picked":["Endless Agony","Leg Sweep+1"],"picked":"Night Terror+1","floor":30},{"not_picked":["Cloak And Dagger+1","Dagger Spray","Prepared+1"],"picked":"SKIP","floor":31}],"player_experience":1723290,"relics_obtained":[{"floor":6.0,"key":"Pen Nib"},{"floor":8.0,"key":"MealTicket"},{"floor":9.0,"key":"Ninja Scroll"},{"floor":10.0,"key":"Dream Catcher"},{"floor":14.0,"key":"Pear"},{"floor":25,"key":"Toxic Egg 2"},{"floor":27,"key":"Whetstone"},{"floor":30,"key":"InkBottle"}],"event_choices":[{"damage_healed":0.0,"max_hp_gain":0.0,"max_hp_loss":6.0,"gold_gain":0.0,"event_name":"Golden Idol","player_choice":"Lose Max HP","floor":3.0,"gold_loss":0.0,"damage_taken":0.0,"relics_obtained":["Golden Idol"]},{"damage_healed":0.0,"max_hp_gain":5.0,"max_hp_loss":0.0,"gold_gain":0.0,"event_name":"Big Fish","player_choice":"Donut","floor":5.0,"gold_loss":0.0,"damage_taken":0.0},{"damage_healed":0.0,"max_hp_gain":0.0,"max_hp_loss":0.0,"gold_gain":0.0,"event_name":"Upgrade Shrine","player_choice":"Upgraded","floor":20.0,"gold_loss":0.0,"damage_taken":0.0,"cards_upgraded":["Neutralize"]}],"is_beta":false,"boss_relics":[{"not_picked":["Ectoplasm","Philosopher\u0027s Stone"],"picked":"Tiny House"}],"items_purged_floors":[21,28],"is_endless":false,"potions_floor_spawned":[8,11,16,18,22,25,30],"killed_by":"Collector","ascension_level":20}}