{"host":"fbf4ff5zs5coz2xl","time":1614415220,"event":{"mods":["BaseMod","Downfall","Minty Spire (QoL Compilation)","Permanent Neow","StSLib"],"gold_per_floor":[99,111,131,131,146,171,171,183,194,209,109,126,137,165,181,280,280,80,99,9,9,109,125,125,159,18,18,49,69,83,111,130,229,229,229,246,259,259,359,209,209,209,220,105,134,134,149,476,488,488,488,488],"floor_reached":50,"language":"ENG","playtime":5370,"items_purged":["Guardian:Strike_Guardian","Guardian:Strike_Guardian"],"score":835,"play_id":"fb22168d-076a-4ed7-a880-2748f10c0d01","local_time":"20210227014020","is_ascension_mode":true,"campfire_choices":[{"floor":1,"key":"RECALL"},{"data":"Guardian:RefractedBeam","floor":11,"key":"SMITH"},{"data":"Guardian:RefractedBeam+1","floor":18,"key":"SMITH"},{"data":"Guardian:RefractedBeam+2","floor":27,"key":"SMITH"},{"data":"Guardian:RefractedBeam+3","floor":35,"key":"SMITH"},{"data":"Guardian:RefractedBeam+4","floor":42,"key":"SMITH"},{"data":"Guardian:RefractedBeam+5","floor":46,"key":"SMITH"}],"circlet_count":0,"master_deck":["Guardian:Strike_Guardian","Guardian:Strike_Guardian","Guardian:Defend_Guardian","Guardian:Defend_Guardian","Guardian:Defend_Guardian","Guardian:Defend_Guardian","Guardian:CurlUp","Guardian:TwinSlam","Guardian:RefractedBeam+6","Guardian:EvasiveProtocol","Guardian:PolyBeam","Guardian:FloatingOrbs","Guardian:EvasiveProtocol","Guardian:BronzeOrb","Guardian:Clone","Guardian:PolyBeam","Guardian:DonusPower","Guardian:PrismaticBeam","Guardian:StasisField","Guardian:PrismaticBarrier+1","Guardian:FloatingOrbs","Guardian:SentryBeam","Guardian:PrimingBeam","Guardian:PolyBeam","Guardian:PrismaticBarrier","Guardian:SpikerProtocol","Guardian:Gem_Lightblue","Guardian:ShieldSpikes","Guardian:GemFire","Guardian:Suspension+1","Guardian:CrystalBeam+1","Guardian:ArmoredProtocol"],"relics":["Guardian:ModeShifter","Boot","Prayer Wheel","downfall:HeartBlessingRed","Ornamental Fan","Coffee Dripper","downfall:HeartBlessingGreen","downfall:HeartBlessingBlue","Letter Opener","StrikeDummy","Pocketwatch","Guardian:SackOfGems","Blue Candle","Guardian:StasisCodex","Juzu Bracelet","SlaversCollar","Bronze Scales","Bottled Flame","Old Coin"],"acts_visited":["Exordium","TheCity","TheBeyond"],"potions_floor_usage":[14,14,16,25,33,33,47,50,50],"damage_taken":[{"damage":1,"enemies":"Cultist","floor":2,"turns":4},{"damage":2,"enemies":"2 Louse","floor":3,"turns":3},{"damage":7,"enemies":"Small Slimes","floor":5,"turns":3},{"damage":15,"enemies":"Gremlin Nob","floor":6,"turns":5},{"damage":3,"enemies":"Blue Slaver","floor":8,"turns":2},{"damage":11,"enemies":"downfall:LooterAlt","floor":9,"turns":3},{"damage":2,"enemies":"2 Fungi Beasts","floor":10,"turns":3},{"damage":0,"enemies":"Exordium Thugs","floor":12,"turns":3},{"damage":4,"enemies":"Red Slaver","floor":13,"turns":4},{"damage":0,"enemies":"Lagavulin","floor":14,"turns":5},{"damage":1,"enemies":"downfall:LooterAlt","floor":15,"turns":2},{"damage":13,"enemies":"IC_STATUS_ARCHETYPE","floor":16,"turns":6},{"damage":3,"enemies":"3 Byrds","floor":19,"turns":3},{"damage":0,"enemies":"downfall:FleeingMerchant","floor":20,"turns":4},{"damage":6,"enemies":"DF_ARCHETYPE_STREAMLINE","floor":22,"turns":7},{"damage":1,"enemies":"downfall:LooterAlt2","floor":23,"turns":3},{"damage":6,"enemies":"Gremlin Leader","floor":25,"turns":5},{"damage":1,"enemies":"downfall:FleeingMerchant","floor":26,"turns":4},{"damage":2,"enemies":"Book of Stabbing","floor":28,"turns":5},{"damage":4,"enemies":"Snake Plant","floor":29,"turns":4},{"damage":8,"enemies":"Centurion and Healer","floor":30,"turns":3},{"damage":4,"enemies":"Gremlin Leader","floor":31,"turns":5},{"damage":18,"enemies":"Snecko","floor":32,"turns":4},{"damage":11,"enemies":"SI_MIRROR_ARCHETYPE","floor":33,"turns":8},{"damage":0,"enemies":"Orb Walker","floor":36,"turns":4},{"damage":0,"enemies":"3 Darklings","floor":37,"turns":1},{"damage":15,"enemies":"Maw","floor":43,"turns":4},{"damage":0,"enemies":"downfall:FleeingMerchant","floor":44,"turns":4},{"damage":0,"enemies":"Nemesis","floor":45,"turns":3},{"damage":37,"enemies":"Transient","floor":47,"turns":5},{"damage":20,"enemies":"Reptomancer","floor":48,"turns":3},{"damage":0,"enemies":"4 Shapes","floor":49,"turns":3},{"damage":112,"enemies":"WA_ARCHETYPE_DIVINITY","floor":50,"turns":7}],"seed_played":"-3100395121367556505","potions_obtained":[{"floor":2,"key":"Swift Potion"},{"floor":9,"key":"GamblersBrew"},{"floor":10,"key":"DuplicationPotion"},{"floor":12,"key":"Energy Potion"},{"floor":15,"key":"Strength Potion"},{"floor":19,"key":"SteroidPotion"},{"floor":22,"key":"SpeedPotion"},{"floor":28,"key":"FairyPotion"},{"floor":32,"key":"Fruit Juice"},{"floor":45,"key":"Fire Potion"},{"floor":47,"key":"champ:CounterPotion"},{"floor":48,"key":"LiquidMemories"}],"is_trial":false,"path_per_floor":["R","M","M","?","M","E","T","M","M","M","R","M","M","E","M","B",null,"R","M","$","?","?","M","T","E","$","R","E","M","M","E","M","B",null,"R","M","M","?","?","?","T","R","M","$","E","R","M","E","M","B"],"character_chosen":"GUARDIAN","items_purchased":["Guardian:PolyBeam","Strength Potion"],"campfire_rested":0,"item_purchase_floors":[26,26],"current_hp_per_floor":[80,79,77,77,70,55,55,52,41,39,39,39,35,35,34,21,65,75,72,72,72,66,65,65,59,58,58,56,52,44,40,22,16,75,75,75,75,75,75,105,105,105,90,90,90,90,53,33,33,0,0,0],"gold":488,"neow_bonus":"RANDOM_COMMON_RELIC","is_daily":false,"chose_seed":false,"campfire_upgraded":6,"win_rate":0.0,"timestamp":1614415220,"path_taken":["R","M","?","?","M","E","T","M","M","M","R","?","M","E","M","BOSS","R","M","$","?","?","M","T","E","$","R","E","M","M","E","M","BOSS","R","M","M","?","?","?","T","R","M","$","E","R","M","E","M","BOSS"],"items_purchased_type":["Card","Potion"],"build_version":"2020-12-22","purchased_purges":2,"victory":false,"max_hp_per_floor":[80,80,80,80,80,80,80,80,80,80,80,80,80,80,80,80,80,90,90,90,90,90,90,90,90,90,90,90,90,90,90,90,95,95,95,95,95,95,95,105,105,105,105,105,105,105,105,105,105,105,105,105],"card_choices":[{"not_picked":["Guardian:FloatingOrbs","Guardian:TemporalShield"],"picked":"Guardian:RefractedBeam","floor":2},{"not_picked":["Guardian:VentSteam","Guardian:ShieldCharger"],"picked":"Guardian:EvasiveProtocol","floor":3},{"not_picked":["Guardian:PrismaticBarrier","Guardian:Gem_Green"],"picked":"Guardian:PolyBeam","floor":5},{"not_picked":["Guardian:ShieldSpikes","Guardian:Harden"],"picked":"Guardian:FloatingOrbs","floor":6},{"not_picked":["Guardian:Suspension","Guardian:Recover"],"picked":"Guardian:Gem_Cyan","floor":8},{"not_picked":["Guardian:WalkerClaw","Guardian:CrystalBeam","Guardian:Gem_Yellow"],"picked":"SKIP","floor":8},{"not_picked":["Guardian:Reroute","Guardian:HyperBeam_Guardian"],"picked":"Guardian:EvasiveProtocol","floor":9},{"not_picked":["Guardian:TimeBomb","Guardian:Preprogram","Guardian:Suspension"],"picked":"SKIP","floor":9},{"not_picked":["Guardian:MultiBeam","Guardian:PiercingHide"],"picked":"Guardian:BronzeOrb","floor":10},{"not_picked":["Guardian:Gem_Yellow","Guardian:FuturePlans"],"picked":"Guardian:Clone","floor":10},{"not_picked":["Guardian:Suspension","Guardian:RollAttack"],"picked":"Guardian:PolyBeam","floor":12},{"not_picked":["Guardian:Suspension","Guardian:Incinerate","Guardian:PiercingHide"],"picked":"SKIP","floor":12},{"not_picked":["Guardian:ChargeCore","Guardian:TemporalStrike"],"picked":"Guardian:Gem_Blue","floor":13},{"not_picked":["Guardian:Recover","Guardian:Gem_Crimson"],"picked":"Guardian:Gem_White","floor":13},{"not_picked":["Guardian:GemFinder","Guardian:TemporalStrike","Guardian:Planning"],"picked":"SKIP","floor":14},{"not_picked":["Guardian:Suspension","Guardian:PiercingHide"],"picked":"Guardian:DonusPower","floor":15},{"not_picked":["Guardian:PrimingBeam","Guardian:SpikerProtocol"],"picked":"Guardian:PrismaticBeam","floor":15},{"not_picked":["Guardian:GemFire","Guardian:FastForward"],"picked":"Guardian:StasisField","floor":16},{"not_picked":["Guardian:VentSteam","Guardian:BronzeOrb"],"picked":"Guardian:Gem_White","floor":19},{"not_picked":["Guardian:Incinerate","Guardian:Emergency"],"picked":"Guardian:PrismaticBarrier+1","floor":19},{"not_picked":["Guardian:Reroute","Guardian:Harden"],"picked":"Guardian:Gem_Synthetic","floor":20},{"not_picked":["Guardian:MultiBeam","Guardian:Gem_Purple"],"picked":"Guardian:Gem_Green","floor":22},{"not_picked":["Guardian:Gem_Lightblue","Guardian:RefractedBeam"],"picked":"Guardian:FloatingOrbs","floor":23},{"not_picked":["Guardian:TemporalStrike+1","Guardian:GemFire","Guardian:ChargeCore"],"picked":"SKIP","floor":23},{"not_picked":["Guardian:Gem_Lightblue","Guardian:WalkerClaw"],"picked":"Guardian:SentryBeam","floor":25},{"not_picked":["Guardian:Gem_Synthetic","Guardian:Suspension"],"picked":"Guardian:PrimingBeam","floor":26},{"not_picked":["Guardian:RollAttack","Guardian:Emergency","Guardian:Gem_Purple"],"picked":"SKIP","floor":28},{"not_picked":["Guardian:MultiBeam","Guardian:Gem_Yellow"],"picked":"Guardian:PrismaticBarrier","floor":29},{"not_picked":["Guardian:TemporalShield","Guardian:BodySlam","Guardian:EvasiveProtocol"],"picked":"SKIP","floor":29},{"not_picked":["Guardian:VentSteam","Guardian:Orbwalk+1"],"picked":"Guardian:Gem_Green","floor":30},{"not_picked":["Guardian:VentSteam+1","Guardian:Planning+1","Guardian:Reroute+1"],"picked":"SKIP","floor":30},{"not_picked":["Guardian:WalkerClaw","Guardian:ShieldCharger+1"],"picked":"Guardian:SpikerProtocol","floor":31},{"not_picked":["Guardian:VentSteam","Guardian:Gem_Yellow"],"picked":"Guardian:Gem_Lightblue","floor":32},{"not_picked":["Guardian:Orbwalk","Guardian:TemporalStrike"],"picked":"Guardian:ShieldSpikes","floor":32},{"not_picked":["Guardian:StasisStrike","Guardian:AncientConstruct"],"picked":"Guardian:GemFire","floor":33},{"not_picked":["Guardian:Gem_Cyan","Guardian:Incinerate"],"picked":"Guardian:Suspension+1","floor":36},{"not_picked":["Guardian:FuturePlans+1","Guardian:Incinerate+1","Guardian:Reroute+1"],"picked":"SKIP","floor":36},{"not_picked":["Guardian:PrimingBeam+1","Guardian:PrismaticBarrier","Guardian:RollAttack"],"picked":"SKIP","floor":37},{"not_picked":["Guardian:FierceBash","Guardian:RollAttack+1","Guardian:Planning+1"],"picked":"SKIP","floor":37},{"not_picked":["Guardian:Gem_Cyan","Guardian:TemporalStrike","Guardian:FuturePlans+1"],"picked":"SKIP","floor":43},{"not_picked":["Guardian:BodySlam","Guardian:Orbwalk+1","Guardian:Incinerate+1"],"picked":"SKIP","floor":43},{"not_picked":["Guardian:ChargeCore+1","Guardian:WalkerClaw","Guardian:GemFinder"],"picked":"SKIP","floor":44},{"not_picked":["Guardian:Incinerate","Guardian:PrismaticBarrier","Guardian:Preprogram"],"picked":"SKIP","floor":45},{"not_picked":["Guardian:Reroute+1","Guardian:SentryBeam","Guardian:RollAttack+1"],"picked":"SKIP","floor":47},{"not_picked":["Guardian:Orbwalk","Guardian:Harden","Guardian:VentSteam"],"picked":"SKIP","floor":47},{"not_picked":["Guardian:PiercingHide+1","Guardian:CrystalBeam","Guardian:PrimingBeam+1"],"picked":"SKIP","floor":48},{"not_picked":["Guardian:BodySlam","Guardian:RollAttack"],"picked":"Guardian:CrystalBeam+1","floor":49},{"not_picked":["Guardian:RefractedBeam+1","Guardian:WalkerClaw+1"],"picked":"Guardian:ArmoredProtocol","floor":49}],"player_experience":589032,"relics_obtained":[{"floor":6,"key":"Prayer Wheel"},{"floor":14,"key":"Ornamental Fan"},{"floor":22,"key":"StrikeDummy"},{"floor":22,"key":"Pocketwatch"},{"floor":24,"key":"Guardian:SackOfGems"},{"floor":25,"key":"Blue Candle"},{"floor":28,"key":"Guardian:StasisCodex"},{"floor":31,"key":"Juzu Bracelet"},{"floor":41,"key":"Bronze Scales"},{"floor":45,"key":"Bottled Flame"},{"floor":48,"key":"Old Coin"}],"event_choices":[{"damage_healed":0,"gold_gain":0,"player_choice":"Ignored","damage_taken":0,"max_hp_gain":0,"max_hp_loss":0,"event_name":"NoteForYourself","floor":4,"gold_loss":0}],"is_beta":false,"boss_relics":[{"not_picked":["Tiny House","Fusion Hammer"],"picked":"Coffee Dripper"},{"not_picked":["Black Star","Guardian:ModeShifterPlus"],"picked":"SlaversCollar"}],"items_purged_floors":[20,44],"is_endless":false,"potions_floor_spawned":[2,9,10,12,15,19,22,28,29,30,32,45,47,48],"killed_by":"WA_ARCHETYPE_DIVINITY","ascension_level":5}}