{"host":"kh6fvhxn285ncg0o","time":1614428477,"event":{"mods":["Act Like it!","BaseMod","Colored Map","Friendly Minions","Keyboard Shortcuts","Minty Spire (QoL Compilation)","Quick Restart","Relic Stats","StSLib","SuperFastMode","UnlockEverythingMod"],"gold_per_floor":[115,115,115,115,49,85,108,108,108,108,164,176,204,229,241,348,360,392,404,434,459,471,483,420,466,478,509,521,571,607,663,675,781,793,824,857,893,579,629,673,1006,1039,1039,1049,1067,1096,1116,1134,1134,1134,1134,1134,1134,683,718,718],"floor_reached":57,"language":"KOR","playtime":2338,"items_purged":["Defend_R","Defend_R"],"score":3199,"play_id":"3dfb3b8e-8d92-4cae-94f6-40c1eed7184b","local_time":"20210227212117","is_ascension_mode":true,"campfire_choices":[{"floor":8,"key":"DIG"},{"floor":10,"key":"DIG"},{"floor":12,"key":"DIG"},{"floor":15,"key":"DIG"},{"floor":23,"key":"DIG"},{"floor":28,"key":"DIG"},{"floor":32,"key":"DIG"},{"floor":49,"key":"RECALL"},{"floor":53,"key":"DIG"}],"circlet_count":0,"master_deck":["AscendersBane","Defend_R","Uppercut","Battle Trance","Carnage+1","Berserk","Barricade","Shrug It Off+1","Combust+1","Impervious+1","True Grit+1","Body Slam+1","Power Through+1","Brutality","Feed+1","Armaments+1","Seeing Red+1","Warcry+1","Dark Embrace","Evolve","Normality","Intimidate+1","Fiend Fire+1","Sentinel+1","Deep Breath+1","Rage+1"],"relics":["Burning Blood","NeowsBlessing","Self Forming Clay","Red Skull","Shovel","Pantograph","Sundial","MawBank","Molten Egg 2","Toxic Egg 2","Mercury Hourglass","Astrolabe","Bag of Preparation","Bird Faced Urn","Blood Vial","Juzu Bracelet","Bottled Tornado","Akabeko","InkBottle","Cursed Key","Membership Card","Strawberry","PreservedInsect","StrikeDummy","Blue Candle","Toolbox","Vajra","Eternal Feather","Nunchaku"],"acts_visited":["Exordium","TheCity","TheBeyond","TheEnding"],"potions_floor_usage":[18,21,25,29,40,56],"damage_taken":[{"damage":0,"enemies":"Small Slimes","floor":1,"turns":1},{"damage":0,"enemies":"3 Sentries","floor":6,"turns":2},{"damage":0,"enemies":"Jaw Worm","floor":7,"turns":1},{"damage":29,"enemies":"Gremlin Nob","floor":11,"turns":4},{"damage":0,"enemies":"Cultist","floor":13,"turns":2},{"damage":7,"enemies":"Exordium Wildlife","floor":14,"turns":4},{"damage":41,"enemies":"Hexaghost","floor":16,"turns":8},{"damage":12,"enemies":"3 Byrds","floor":18,"turns":7},{"damage":15,"enemies":"Shell Parasite","floor":20,"turns":5},{"damage":37,"enemies":"Cultist and Chosen","floor":21,"turns":9},{"damage":20,"enemies":"Slavers","floor":25,"turns":4},{"damage":7,"enemies":"Centurion and Healer","floor":27,"turns":5},{"damage":12,"enemies":"Gremlin Leader","floor":29,"turns":6},{"damage":5,"enemies":"Snake Plant","floor":30,"turns":5},{"damage":28,"enemies":"Slavers","floor":31,"turns":5},{"damage":35,"enemies":"Collector","floor":33,"turns":6},{"damage":17,"enemies":"Orb Walker","floor":35,"turns":7},{"damage":3,"enemies":"3 Darklings","floor":36,"turns":8},{"damage":8,"enemies":"Spire Growth","floor":37,"turns":4},{"damage":24,"enemies":"Reptomancer","floor":40,"turns":5},{"damage":6,"enemies":"Nemesis","floor":42,"turns":5},{"damage":4,"enemies":"4 Shapes","floor":44,"turns":6},{"damage":7,"enemies":"Maw","floor":45,"turns":6},{"damage":12,"enemies":"Reptomancer","floor":46,"turns":6},{"damage":17,"enemies":"Spire Growth","floor":47,"turns":10},{"damage":2,"enemies":"3 Darklings","floor":48,"turns":4},{"damage":33,"enemies":"Time Eater","floor":50,"turns":8},{"damage":39,"enemies":"Awakened One","floor":51,"turns":13},{"damage":61,"enemies":"Shield and Spear","floor":55,"turns":5},{"damage":35,"enemies":"The Heart","floor":56,"turns":8}],"seed_played":"-6651886318537379917","potions_obtained":[{"floor":11,"key":"Regen Potion"},{"floor":14,"key":"BloodPotion"},{"floor":20,"key":"DuplicationPotion"},{"floor":21,"key":"Weak Potion"},{"floor":27,"key":"Weak Potion"},{"floor":33,"key":"Regen Potion"},{"floor":37,"key":"ColorlessPotion"},{"floor":42,"key":"Dexterity Potion"}],"is_trial":false,"path_per_floor":["M","?","?","T","?","E","M","R","T","R","E","R","M","M","R","B",null,"M","?","M","M","?","R","?","E","T","M","R","E","M","E","R","B",null,"M","M","M","$","?","E","?","E","T","M","M","E","M","M","R","B","B",null,"R","$","E","B",null],"character_chosen":"IRONCLAD","items_purchased":["Membership Card","Evolve","Strawberry","Toolbox","Deep Breath+1","Vajra","Ancient Potion","Eternal Feather"],"campfire_rested":0,"item_purchase_floors":[38,38,38,54,54,54,54,54],"current_hp_per_floor":[74,74,48,48,48,54,60,60,60,60,37,37,43,42,42,32,64,73,73,64,48,48,48,48,34,34,43,43,51,66,56,56,62,84,80,95,97,104,104,97,97,110,110,114,114,117,117,126,126,107,107,127,127,127,86,94],"gold":718,"neow_bonus":"THREE_ENEMY_KILL","is_daily":false,"chose_seed":false,"campfire_upgraded":0,"win_rate":0.0,"timestamp":1614428477,"path_taken":["M","?","?","?","?","E","M","R","T","R","E","R","?","M","R","BOSS","M","?","M","M","?","R","?","E","T","M","R","E","M","E","R","BOSS","M","M","M","$","?","E","?","E","T","M","M","E","M","M","R","BOSS","BOSS","R","$","E","BOSS"],"items_purchased_type":["Relic","Card","Relic","Relic","Card","Relic","Potion","Relic"],"build_version":"2020-12-22","purchased_purges":2,"victory":true,"max_hp_per_floor":[75,75,75,75,75,75,75,75,75,75,75,75,75,75,75,75,75,75,75,75,75,75,75,75,75,75,75,75,79,83,87,87,91,91,91,95,99,106,106,110,110,110,110,114,114,118,122,126,126,130,134,134,134,134,134,134],"relic_stats":{"counters":[30,167],"Self Forming Clay":[432],"Astrolabe":["Shrug It Off","Combust","Impervious"],"Blue Candle":[1],"Eternal Feather":0,"PreservedInsect":138,"Bag of Preparation":[40],"Juzu Bracelet":1,"MawBank":336,"Cursed Key":1,"Burning Blood":169,"Mercury Hourglass":[676],"Blood Vial":27,"Nunchaku":[2],"Shovel":8,"Sundial":[74],"Pantograph":96,"Bird Faced Urn":[113],"obtain_stats":[{"Vajra":54,"Bag of Preparation":23,"Juzu Bracelet":28,"Bottled Tornado":29,"Cursed Key":34,"Burning Blood":0,"Blood Vial":26,"Nunchaku":55,"Shovel":6,"Sundial":9,"Pantograph":8,"Strawberry":38,"Toolbox":54,"Toxic Egg 2":12,"Red Skull":5,"InkBottle":32,"NeowsBlessing":0,"Golden Idol":3,"Self Forming Clay":4,"Astrolabe":17,"Blue Candle":53,"Eternal Feather":54,"PreservedInsect":42,"MawBank":10,"Akabeko":31,"Mercury Hourglass":15,"Bird Faced Urn":25,"Molten Egg 2":11,"Membership Card":38,"StrikeDummy":46},{"Vajra":28,"Bag of Preparation":10,"Juzu Bracelet":12,"Bottled Tornado":13,"Cursed Key":16,"Burning Blood":0,"Blood Vial":11,"Nunchaku":29,"Shovel":2,"Sundial":3,"Pantograph":3,"Strawberry":19,"Toolbox":28,"Toxic Egg 2":4,"Red Skull":1,"InkBottle":15,"NeowsBlessing":0,"Golden Idol":1,"Self Forming Clay":1,"Astrolabe":7,"Blue Candle":28,"Eternal Feather":28,"PreservedInsect":21,"MawBank":3,"Akabeko":15,"Mercury Hourglass":6,"Bird Faced Urn":11,"Molten Egg 2":4,"Membership Card":19,"StrikeDummy":24},{"Vajra":154,"Bag of Preparation":43,"Juzu Bracelet":52,"Bottled Tornado":58,"Cursed Key":74,"Burning Blood":0,"Blood Vial":47,"Nunchaku":159,"Shovel":3,"Sundial":4,"Pantograph":4,"Strawberry":92,"Toolbox":154,"Toxic Egg 2":8,"Red Skull":1,"InkBottle":68,"NeowsBlessing":0,"Golden Idol":1,"Self Forming Clay":1,"Astrolabe":22,"Blue Candle":154,"Eternal Feather":154,"PreservedInsect":102,"MawBank":4,"Akabeko":68,"Mercury Hourglass":14,"Bird Faced Urn":47,"Molten Egg 2":8,"Membership Card":92,"StrikeDummy":119}],"InkBottle":[34]},"card_choices":[{"not_picked":["Shrug It Off","Havoc"],"picked":"Uppercut","floor":7},{"not_picked":["Bloodletting","Sword Boomerang+1"],"picked":"Battle Trance","floor":11},{"not_picked":["Infernal Blade+1","Clash+1"],"picked":"Carnage+1","floor":13},{"not_picked":["Armaments+1","Bloodletting+1"],"picked":"Berserk","floor":14},{"not_picked":["Corruption","Berserk"],"picked":"Barricade","floor":16},{"not_picked":["Havoc+1","Pummel+1"],"picked":"True Grit+1","floor":18},{"not_picked":["Sword Boomerang+1","Infernal Blade+1"],"picked":"Body Slam+1","floor":20},{"not_picked":["Thunderclap+1","Sword Boomerang+1"],"picked":"Power Through+1","floor":21},{"not_picked":["Flex+1","Combust+1","Sever Soul+1"],"picked":"SKIP","floor":25},{"not_picked":["Clothesline+1","Thunderclap+1"],"picked":"Feed+1","floor":27},{"not_picked":["Combust","Juggernaut"],"picked":"Armaments+1","floor":29},{"not_picked":["Anger+1","Body Slam+1","Armaments+1"],"picked":"SKIP","floor":30},{"not_picked":["Thunderclap+1","Power Through+1","Iron Wave+1"],"picked":"SKIP","floor":31},{"not_picked":["Warcry+1","Whirlwind+1"],"picked":"Seeing Red+1","floor":35},{"not_picked":["Anger+1","Body Slam+1"],"picked":"Warcry+1","floor":36},{"not_picked":["Iron Wave+1","Wild Strike+1"],"picked":"Dark Embrace","floor":37},{"not_picked":["Armaments+1","Clash+1","Headbutt+1"],"picked":"SKIP","floor":40},{"not_picked":["Havoc+1","Bloodletting+1","Body Slam+1"],"picked":"SKIP","floor":42},{"not_picked":["Heavy Blade+1","Iron Wave+1","Seeing Red+1"],"picked":"SKIP","floor":44},{"not_picked":["Cleave+1","Rupture","True Grit+1"],"picked":"SKIP","floor":45},{"not_picked":["Thunderclap+1","Headbutt+1"],"picked":"Intimidate+1","floor":46},{"not_picked":["Thunderclap+1","Shrug It Off+1"],"picked":"Fiend Fire+1","floor":47},{"not_picked":["Flex+1","Armaments+1"],"picked":"Sentinel+1","floor":48},{"not_picked":["Berserk","Warcry+1"],"picked":"Rage+1","floor":55}],"player_experience":1572300,"relics_obtained":[{"floor":4,"key":"Self Forming Clay"},{"floor":6,"key":"Shovel"},{"floor":8,"key":"Pantograph"},{"floor":9,"key":"Sundial"},{"floor":10,"key":"MawBank"},{"floor":11,"key":"Molten Egg 2"},{"floor":12,"key":"Toxic Egg 2"},{"floor":15,"key":"Mercury Hourglass"},{"floor":23,"key":"Bag of Preparation"},{"floor":25,"key":"Bird Faced Urn"},{"floor":26,"key":"Blood Vial"},{"floor":28,"key":"Juzu Bracelet"},{"floor":29,"key":"Bottled Tornado"},{"floor":31,"key":"Akabeko"},{"floor":32,"key":"InkBottle"},{"floor":42,"key":"PreservedInsect"},{"floor":46,"key":"StrikeDummy"},{"floor":53,"key":"Blue Candle"},{"floor":55,"key":"Nunchaku"}],"event_choices":[{"cards_removed":["Strike_R"],"damage_healed":0,"gold_gain":0,"player_choice":"Forget","damage_taken":0,"max_hp_gain":0,"max_hp_loss":0,"event_name":"Living Wall","floor":2,"gold_loss":0},{"damage_healed":0,"gold_gain":0,"player_choice":"Take Damage","damage_taken":26,"relics_obtained":["Golden Idol"],"max_hp_gain":0,"max_hp_loss":0,"event_name":"Golden Idol","floor":3,"gold_loss":0},{"damage_healed":0,"gold_gain":0,"player_choice":"Paid Gold","damage_taken":0,"relics_obtained":["Red Skull"],"max_hp_gain":0,"max_hp_loss":0,"event_name":"WeMeetAgain","floor":5,"gold_loss":66},{"cards_removed":["Strike_R"],"damage_healed":0,"gold_gain":0,"player_choice":"Elegance","damage_taken":0,"max_hp_gain":0,"max_hp_loss":0,"event_name":"Back to Basics","floor":19,"gold_loss":0},{"damage_healed":0,"gold_gain":0,"cards_transformed":["Bash","Defend_R"],"player_choice":"Became Test Subject","damage_taken":0,"max_hp_gain":0,"max_hp_loss":0,"event_name":"Drug Dealer","floor":22,"gold_loss":0,"cards_obtained":["Berserk","Brutality"]},{"cards_removed":["Berserk"],"damage_healed":0,"gold_gain":0,"player_choice":"Gave Gold","damage_taken":0,"max_hp_gain":0,"max_hp_loss":0,"event_name":"Beggar","floor":24,"gold_loss":75},{"damage_healed":0,"gold_gain":50,"player_choice":"Pray","damage_taken":0,"max_hp_gain":0,"max_hp_loss":0,"event_name":"Golden Shrine","floor":39,"gold_loss":0},{"damage_healed":0,"gold_gain":333,"player_choice":"Gave Idol","damage_taken":0,"max_hp_gain":0,"max_hp_loss":0,"event_name":"The Moai Head","floor":41,"relics_lost":["Golden Idol"],"gold_loss":0}],"is_beta":false,"boss_relics":[{"not_picked":["Mark of Pain","Busted Crown"],"picked":"Astrolabe"},{"not_picked":["SacredBark","Black Star"],"picked":"Cursed Key"}],"items_purged_floors":[38,54],"is_endless":false,"potions_floor_spawned":[11,14,20,21,27,33,36,37,42,45,46],"ascension_level":20}}