{"host":"3dgd3gfmqutz6web","time":1614424039,"event":{"mods":["Aspiration","BaseMod","BetterRewards","Dark Map","Downfall","Library of Ruina","Minty Spire (QoL Compilation)","Reliquary","Replay The Spire","Spikes Relics","StSLib"],"gold_per_floor":[110,110,285,303,303,303,62,78,78,95,95,20,39,70,70,70,70],"floor_reached":16,"language":"ENG","playtime":859,"items_purged":[],"score":155,"play_id":"61ce7906-cb88-489e-9320-840738538385","local_time":"20210227030719","is_ascension_mode":true,"campfire_choices":[{"data":"ReplayTheSpireMod:Strike From Hell","floor":6,"key":"SMITH"},{"data":"Massacre","floor":11,"key":"SMITH"},{"floor":15,"key":"REST"}],"circlet_count":0,"master_deck":["AscendersBane","Strike_R","Strike_R","Strike_R","Strike_R","Strike_R","Defend_R","Defend_R","Defend_R","Defend_R","Bash","Intolerance","ReplayTheSpireMod:Strike From Hell+1","Doubt","Dark Embrace+1","Massacre+1","Massacre","Dark Embrace","ReplayTheSpireMod:Strike From Hell","Warcry"],"relics":["Burning Blood","PageOfFreischutz","Ring of Panic","ReplayTheSpireMod:Ring of Challenge","PageOfNothingThere","reliquary:Stiletto","reliquary:Firecrackers"],"acts_visited":["Exordium"],"potions_floor_usage":[14,16],"damage_taken":[{"damage":5,"enemies":"Cultist","floor":1,"turns":4},{"damage":9,"enemies":"2 Louse","floor":4,"turns":4},{"damage":8,"enemies":"Small Slimes","floor":8,"turns":2},{"damage":8,"enemies":"Blue Slaver","floor":10,"turns":2},{"damage":15,"enemies":"Gremlin Gang","floor":13,"turns":3},{"damage":42,"enemies":"3 Sentries","floor":14,"turns":6},{"damage":45,"enemies":"The Guardian","floor":16,"turns":8}],"seed_played":"-1686925526305840251","potions_obtained":[{"floor":8,"key":"Death Potion"},{"floor":14,"key":"Strength Potion"}],"is_trial":false,"path_per_floor":["M","?","?","M","?","R","$","M","T","M","R","$","M","E","R","B"],"character_chosen":"IRONCLAD","items_purchased":["PageOfNothingThere","Dark Embrace"],"campfire_rested":1,"item_purchase_floors":[7,12],"current_hp_per_floor":[73,73,73,70,70,70,70,68,68,66,66,66,57,21,45,0,0],"gold":70,"neow_bonus":"ONE_RARE_RELIC","is_daily":false,"chose_seed":false,"campfire_upgraded":2,"win_rate":0.0,"timestamp":1614424039,"path_taken":["M","?","?","M","?","R","?","?","T","M","R","$","M","E","R","BOSS"],"items_purchased_type":["Relic","Card"],"build_version":"2020-12-22","purchased_purges":0,"victory":false,"max_hp_per_floor":[80,80,80,80,80,80,80,80,80,80,80,80,80,80,80,80,80],"card_choices":[{"not_picked":["Intimidate","Body Slam"],"picked":"ReplayTheSpireMod:Strike From Hell","floor":1},{"not_picked":["Cleave","Run Through"],"picked":"Dark Embrace","floor":4},{"not_picked":["Clothesline","Shrug It Off"],"picked":"Massacre","floor":8},{"not_picked":["Twin Strike","Pommel Strike"],"picked":"Massacre","floor":10},{"not_picked":["Armaments","Perfected Strike"],"picked":"ReplayTheSpireMod:Strike From Hell","floor":13},{"not_picked":["Replay:Many Hands","Flex"],"picked":"Warcry","floor":14}],"player_experience":261878,"relics_obtained":[{"floor":2,"key":"Ring of Panic"},{"floor":2,"key":"ReplayTheSpireMod:Ring of Challenge"},{"floor":9,"key":"reliquary:Stiletto"},{"floor":14,"key":"reliquary:Firecrackers"}],"event_choices":[{"damage_healed":0,"gold_gain":175,"player_choice":"AGREE","damage_taken":0,"max_hp_gain":0,"max_hp_loss":0,"event_name":"Liars Game","floor":3,"gold_loss":0,"cards_obtained":["Doubt"]},{"damage_healed":0,"gold_gain":0,"player_choice":"Grow","damage_taken":0,"max_hp_gain":0,"max_hp_loss":0,"event_name":"Living Wall","floor":5,"gold_loss":0,"cards_upgraded":["Dark Embrace"]}],"is_beta":false,"boss_relics":[],"items_purged_floors":[],"is_endless":false,"potions_floor_spawned":[8,14],"killed_by":"The Guardian","ascension_level":11}}